1861 3052
209 109 264 138 279

693 112 734 139 DE
754 111 833 139 V'ITA
850 111 895 138 ET
915 110 1069 139 SCHIP'US
1087 110 1116 138 S.
1138 109 1326 138 HIPPOLYTI.

1767 108 1825 136 380

210 169 415 197 Transtiberina
438 170 548 202 dicitur,
572 177 602 198 se
616 171 777 204 extenderit,
800 177 881 206 atque
904 171 990 206 ipsam
1005 174 1027 202 Α
1043 170 1126 197 lotam
1137 170 1261 205 notisque
1276 170 1436 197 illustratam
1450 168 1618 204 immigrasse
1631 168 1820 204 cognovimus.

206 215 362 244 Tiberinam
377 216 492 243 insulam
512 216 651 250 complexa
673 216 764 244 fuerit.
794 226 808 243 ει
823 216 882 245 Duo
898 222 988 245 autem

204 263 283 290 nobis
307 267 368 297 post
391 262 543 297 complures
557 262 726 290 eruditorum
746 264 893 291 sententias
906 264 939 292 de
955 264 988 290 ti-

204 308 260 334 tulo
268 307 413 342 Hippolyti,
422 314 476 341 quo
488 307 587 334 dicitur
599 308 748 340 ἐπίσκοπος
765 308 883 344 Ῥώμης,
892 317 987 343 quem-

203 354 348 381 admodum
375 361 445 388 sazpe
468 361 483 380 a
507 353 619 387 Graecis,
639 354 814 383 verisimilius
835 355 888 382 dici
905 363 988 390 posse

201 399 258 426 visa
275 403 348 432 sunt,
363 399 434 433 quod
451 399 519 434 ipse,
541 407 602 427 cum
619 404 692 427 esset
706 401 824 435 gentium
843 401 987 436 episcopus

201 443 294 471 Romae
317 444 468 477 ordinatus,
497 444 578 471 fuerit
602 445 627 471 in
645 445 708 471 urbe
723 445 806 472 Roma
831 446 985 486 episcopus,

199 490 271 517 unde
284 491 439 524 percrebuit
451 491 586 525 episcopus
599 490 700 522 Romte,
716 491 787 526 quod
800 496 841 519 est
853 492 983 519 alienum.

198 535 272 562 Vixit
297 535 432 571 Hippolyti
449 543 506 563 ωνο
526 537 608 563 Cuius
626 537 768 571 presbyter,
787 537 911 572 idemque
932 538 986 565 R0-

198 588 247 607 ma:
261 582 375 615 gentium
387 582 535 616 episcopus,
559 582 788 616 quemadmodum
805 583 920 610 inferius
936 591 984 618 ap-

198 626 315 660 parebit,
343 627 483 661 repudiata
506 626 551 654 ιο.
566 627 626 654 Alb.
640 627 757 656 Fabricii
781 629 983 662 emendatione,

197 672 245 706 qui
267 672 431 698 Athenarum
452 673 513 700 loco
535 674 651 708 gentium
674 674 794 708 reposuit
814 675 889 702 nullo
909 675 983 710 jure,

195 717 358 745 necessitate
386 718 477 751 nulla;
505 718 624 753 itemque
647 718 706 747 Jac.
731 719 857 755 Basnagii
879 721 925 756 qui
950 721 984 748 de

195 761 340 798 Hippolyto
355 763 470 798 loquens
487 772 494 791 :
512 763 541 791 Is
555 764 624 798 enim
638 765 716 797 ritus,
728 765 817 800 inquit
829 766 896 802 (45),
906 766 984 801 plane

194 815 286 840 nouus,
302 816 348 835 nec
360 808 454 837 saltem
466 809 616 843 pristinam,
632 810 664 837 de
675 818 727 845 qua
737 811 851 846 agimus,
863 812 982 849 antiqui-

1042 217 1081 244 Ac
1096 217 1174 251 plura
1186 216 1306 251 quidem,
1324 223 1384 250 quae
1398 214 1518 250 proferre
1531 214 1724 249 potuissemus,
1736 221 1822 249 expo—

1041 263 1093 290 sita
1107 262 1205 289 ibidem
1221 262 1394 294 oﬂ‘endimus,
1408 265 1438 288 ut
1448 261 1538 295 aliqua
1553 264 1654 288 tantum
1671 261 1820 295 supersim.

1041 317 1102 344 qutc
1114 308 1321 342 disputationem
1333 308 1366 335 de
1376 307 1499 342 pluribus
1507 306 1656 341 Hippolytis
1663 306 1820 341 expediant.

1041 353 1101 380 Duo
1116 353 1234 381 maxime
1251 353 1370 388 insignes
1385 353 1459 380 cultu
1472 352 1656 380 anniversario
1668 351 1761 379 Romae
1777 352 1806 379 [ιι
1819 367 1821 371 ν

1040 404 1119 427 erunt
1142 398 1276 434 Hippolyti
1297 404 1430 434 martyres
1454 407 1461 425 :
1485 399 1589 433 primus
1615 398 1710 429 miles,
1738 397 1820 432 cujus

1039 446 1198 480 prmclarom
1221 446 1271 472 luit
1291 449 1495 472 monumentum
1518 444 1691 478 coniunctum
1716 443 1820 477 templo

1040 491 1069 518 S.
1085 491 1222 518 Laurentii
1240 491 1267 518 in
1290 498 1356 525 agro
1379 490 1495 517 Verano.
1526 489 1612 524 Hujus
1633 497 1730 516 nomen
1753 488 1820 516 fasti

1039 537 1166 564 Ecclesia
1178 537 1307 564 exhibent
1323 535 1412 563 idibus
1428 535 1550 570 Augusti.
1580 535 1694 562 Exhibet
1708 542 1821 570 quoque

1038 582 1201 611 Prudentius
1215 583 1272 618 (49)
1285 591 1290 610 ;
1302 581 1331 609 Si
1344 582 1405 609 bene
1418 581 1592 613 commemini,
1608 581 1669 608 colit
1682 580 1750 608 hunc
1757 580 1822 614 pul-

1038 628 1167 654 cherrima
1181 627 1264 654 Roma
1278 627 1368 654 Idibus
1384 627 1496 662 Augusti
1510 627 1615 654 mensis.
1634 626 1737 653 Caetera
1756 633 1821 661 qua:

1037 672 1200 700 Prudentius
1214 673 1270 709 ipse
1285 673 1323 699 ait
1335 680 1365 700 se
1379 679 1477 699 canere
1494 672 1527 698 ad
1542 672 1651 706 picturae
1666 671 1758 703 ﬁdem,
1775 671 1820 698 hi-

1037 719 1136 747 storice
1149 720 1182 747 de
1199 727 1254 748 uno
1269 724 1372 746 tantum
1389 717 1533 754 Hippolyto
1549 725 1604 745 non
1627 725 1706 753 posse
1729 718 1820 752 accipi

1036 765 1200 799 venerabilis
1212 764 1345 797 Baronius
1355 764 1499 792 cardinalis
1511 764 1661 796 admonuit.
1673 768 1703 790 ut
1715 763 1820 790 mirum

1036 811 1072 838 sit
1088 811 1160 839 viros
1174 811 1275 839 critica;
1288 810 1425 839 studiosos
1443 810 1540 838 deinde
1554 809 1665 845 pictoris
1675 809 1818 837 licentiam

196 857 278 880 tatem
310 853 432 887 redolet;
468 854 596 882 nimirum
625 855 698 890 quod
729 856 849 891 episcopi
878 857 983 892 aliquot
997 851 1018 880 Β
1033 864 1081 892 pro
1097 856 1209 885 veritate
1221 856 1358 889 habuisse,
1384 860 1432 884 aut
1444 863 1563 883 errorem
1579 859 1662 889 certe,
1683 855 1731 891 qui
1747 862 1818 882 exo-

194 898 370 929 sublevandls
401 899 585 933 Romanorum
621 900 780 935 pontiﬁcum
811 902 885 929 curis
912 910 984 938 prae-

194 949 237 973 sto
269 949 370 976 essent.
406 944 526 981 Longius
561 950 650 974 tamen
692 947 828 975 aberravit
861 947 982 977 Cltristo~

192 991 296 1026 phorus
306 991 374 1026 Aug.
387 990 624 1027 Heumannus(46)
634 993 679 1028 qui
694 994 799 1021 civilem
813 1000 917 1023 tantum
924 997 983 1031 epi-,

192 1043 320 1070 scopum,
355 1037 399 1064 vel
424 1045 478 1064 ora:
505 1040 648 1066 maritimte
674 1045 822 1067 curatorem
850 1042 979 1077 inspecto-

191 1090 298 1117 remque
312 1083 422 1117 agnovit
437 1082 619 1119 Hippolytum,
648 1091 676 1112 ut
693 1087 804 1122 martyri
829 1087 979 1116 fortissimo

193 1135 300 1162 semper
315 1129 388 1161 vivo,
401 1133 565 1164 mortuoque
578 1124 716 1166 negotium
734 1131 815 1161 fuerit
826 1140 888 1160 eum
903 1142 978 1163 erra-

192 1182 222 1201 re
242 1175 404 1203 volentihus.
435 1175 475 1203 Eo
498 1176 589 1212 itaque
613 1183 732 1212 tempore
757 1179 885 1213 quoniam
909 1180 977 1209 Urbs

192 1220 383 1248 innumerabili
413 1221 564 1256 frequentia
592 1224 683 1258 populi
710 1224 833 1258 ﬂorebat,
860 1226 977 1262 indeque

191 1265 410 1294 Christianorum
424 1275 555 1295 numerus
572 1270 721 1303 augebatur
737 1270 764 1297 in
784 1271 852 1304 dies,
869 1273 976 1306 pontiﬁ—

192 1319 236 1338 ces
252 1311 366 1339 Romani
385 1313 458 1340 viros
480 1314 644 1342 lectissimos
655 1335 663 1347 ,
689 1315 916 1353 doctissimosque
929 1327 975 1346 ve-

190 1357 239 1384 luti
258 1357 395 1392 adjutores
410 1359 602 1393 adhibuerunt,
622 1362 722 1395 quibus
734 1363 761 1390 in
778 1363 907 1392 Ecclesite
924 1365 973 1392 ad-

189 1402 390 1431 ministratione
420 1409 569 1439 uterentur,
597 1415 699 1442 eosque
728 1409 754 1436 in
783 1410 973 1444 episcoporum

189 1447 273 1482 gradu
289 1456 348 1476 esse
361 1447 514 1478 voluerunt.
542 1450 668 1480 Succedit
688 1452 817 1481 Ecclesiae
838 1453 972 1483 Portuen-

189 1492 227 1521 sis
240 1501 305 1521 cura
316 1493 460 1531 Hippolyto
475 1497 631 1531 commissa,
647 1498 680 1526 de
692 1506 745 1533 qua
760 1498 879 1527 Ecclesia
893 1508 973 1528 nemo

187 1536 297 1567 Eusebii
323 1540 508 1575 Ctesariensis,
532 1550 565 1571 ac
590 1543 619 1571 S.
645 1543 801 1580 Hieronymi
830 1546 968 1574 silentium

187 1583 230 1610 vel
246 1584 443 1619 ignorationem
465 1594 592 1622 opponat,
610 1595 641 1616 ut
662 1589 817 1617 cathedram
833 1589 968 1627 Hippolyti

187 1632 290 1656 statuat
305 1630 338 1657 ad
353 1629 464 1658 Portum
478 1632 505 1658 in
520 1632 630 1660 Arabia.
662 1633 779 1663 Facilius
800 1635 873 1662 enim
888 1636 969 1664 ambo

188 1674 336 1707 scriptores
349 1674 382 1701 de
396 1675 481 1702 Portu
498 1676 613 1704 Romano
627 1678 705 1713 longe
717 1679 813 1706 dissito
828 1679 906 1707 silere
920 1688 969 1715 po-

187 1722 309 1752 tuerunt,
334 1727 415 1754 quam
435 1722 468 1748 de
481 1721 567 1756 Portu
578 1724 694 1756 Arabiw,
717 1732 798 1759 quem
814 1727 967 1760 propiorem

187 1764 334 1794 habebant.
363 1766 452 1803 thue
476 1769 528 1796 alia
541 1769 709 1804 omittamus,
725 1770 858 1807 Hippolyti
877 1778 967 1802 statua

187 1810 335 1845 singularis
361 1814 438 1842 testis
454 1819 512 1847 est,
536 1823 590 1843 non
604 1816 710 1844 Arabia:
725 1818 879 1853 episcopum
893 1839 900 1851 ,
919 1820 968 1854 sed

186 1856 268 1891 hujus
283 1858 390 1887 viciniae
406 1867 422 1886 a
436 1868 465 1888 se
477 1860 674 1895 demonstrari;
693 1871 755 1897 nam
771 1863 844 1898 Cyclt'
857 1865 968 1899 past/ta-

187 1901 220 1928 lis
244 1909 327 1930 causa
352 1911 407 1930 non
420 1908 509 1933 statua
528 1913 595 1940 opus
614 1898 682 1941 erat,
702 1907 746 1934 cui
760 1898 912 1935 marmorea
927 1913 968 1937 ta-

186 1947 250 1975 bula
266 1949 427 1978 suﬂ‘ecisset.
459 1950 543 1979 Multo
560 1957 649 1980 autem
666 1953 723 1987 ipse
740 1953 838 1989 Cyclas
849 1955 967 1983 ostendit

185 1993 375 2028 manifestius,
404 2000 542 2023 auctorem
567 2005 621 2025 non
645 1998 672 2025 in
694 1997 817 2031 Oriente,
838 2004 866 2026 at
880 2000 906 2026 in
923 2000 966 2027 his

186 2037 254 2072 ipsis
277 2039 379 2067 vixisse
399 2042 500 2069 nostris
528 2043 694 2078 regionibus.
723 2043 807 2072 Totus
828 2045 900 2072 enim
924 2050 966 2073 est

185 2083 343 2111 Latinorum
358 2086 420 2115 usui
434 2088 668 2122 accommodatus;
687 2089 720 2116 ab
733 2088 910 2117 Orientalium
920 2098 966 2116 ve-

183 2137 217 2157 ro
230 2132 425 2159 consuetudine
438 2137 491 2160 tam
507 2133 621 2166 alienus,
645 2139 674 2161 ut
689 2142 705 2161 a
724 2135 791 2162 viris
812 2135 965 2163 eruditissi-

985 1520 1008 1550 C

1033 903 1081 929 riri
1100 902 1188 938 potuit
1210 902 1255 929 illa
1276 902 1408 937 inspecta,
1431 901 1552 929 noluisse
1569 908 1725 936 agnoscere,
1744 905 1775 928 ut
1787 901 1818 928 in

1032 956 1118 977 unum
1135 953 1189 976 tres
1207 947 1341 984 Hippolyti
1358 948 1548 975 coalescerent.
1578 947 1697 975 Alterius
1712 946 1819 982 Hippo-

1030 993 1090 1029 lyti,
1115 993 1163 1029 qui
1176 993 1333 1021 Portuensis
1353 998 1406 1026 est,
1427 993 1502 1020 varie
1517 993 1575 1021 dies
1587 992 1672 1020 festus
1685 1000 1815 1020 recense-

1030 1044 1085 1072 tur,
1105 1048 1132 1066 x1
1156 1039 1215 1067 Kal.
1231 1039 1304 1074 Sept.
1333 1039 1374 1067 vel
1389 1039 1530 1074 postridie,
1546 1039 1588 1066 vel
1604 1038 1673 1066 Non.
1691 1038 1778 1074 Sept.,
1797 1046 1817 1066 ι

1029 1085 1130 1114 Graecis
1149 1093 1175 1119 tv
1193 1085 1234 1117 vel
1249 1093 1278 1112 nt
1299 1085 1358 1112 Kal.
1381 1084 1459 1112 Febr.
1488 1084 1513 1111 ls
1535 1084 1680 1119 aliquando
1695 1083 1814 1110 Nonnus

1028 1132 1111 1158 veteri
1131 1139 1206 1158 more
1222 1131 1334 1158 ilOllOl‘is
1348 1139 1444 1158 caussa
1460 1131 1550 1158 dictus
1565 1130 1711 1163 invenitur,
1740 1131 1816 1158 unde

1028 1174 1117 1202 Nomii
1131 1175 1260 1211 Edesseni
1286 1175 1416 1211 Episcopi
1433 1180 1536 1210 gestum
1555 1175 1665 1210 aliquod
1690 1176 1815 1210 soquiori

1026 1228 1084 1248 aevo
1100 1220 1156 1256 (50)
1174 1222 1289 1257 relatum
1313 1226 1354 1249 est
1372 1221 1406 1248 ad
1427 1221 1598 1257 Hippolytum
1620 1221 1811 1250 Portuensem.

1026 1266 1054 1293 in
1068 1266 1150 1294 Portu
1166 1267 1289 1298 Romano
1313 1276 1412 1303 corpus
1433 1267 1569 1303 Hippolyti
1590 1273 1725 1296 servatum
1749 1277 1814 1296 esse

1025 1313 1057 1339 ad
1085 1321 1171 1347 usque
1195 1313 1300 1341 inititttn
1325 1322 1350 1340 ix
1391 1314 1481 1341 saeculi
1506 1314 1667 1341 Anastasius
1690 1315 1813 1349 prodidit

1025 1357 1092 1391 (5i).
1119 1357 1193 1384 Fecit
1210 1359 1278 1386 idem
1294 1358 1425 1394 ulmi/itus
1448 1359 1566 1394 pontifex
1582 1358 1649 1394 (Leo
1663 1358 1707 1395 ill)
1718 1360 1746 1386 in
1761 1360 1812 1387 ba—

1023 1401 1100 1428 silica
1123 1402 1199 1429 Beati
1227 1403 1363 1438 Hippolyti
1393 1404 1520 1438 martyris
1545 1405 1571 1431 in
1591 1405 1695 1432 ciuitate
1708 1405 1812 1433 Portit-

1022 1447 1078 1473 οηδί
1094 1452 1174 1474 vestes
1185 1448 1217 1474 de
1228 1449 1346 1474 διατιναιὶ
1360 1448 1439 1478 duas,
1453 1457 1531 1475 unam
1542 1457 1619 1484 super
1633 1457 1726 1483 corpus
1738 1451 1810 1485 ejus,

1022 1495 1047 1518 et
1059 1491 1141 1518 aliam
1157 1493 1184 1519 in
1198 1493 1279 1519 altari
1293 1493 1398 1527 majori.
1426 1493 1526 1521 Eodem
1547 1502 1609 1522 vero
1626 1501 1742 1523 exeunte
1754 1504 1810 1523 sae-

1024 1538 1087 1565 culo
1110 1546 1126 1565 a
1142 1537 1274 1567 Formoso
1289 1540 1408 1566 nondum
1429 1539 1554 1574 pontiﬁce
1568 1548 1683 1572 summo,
1706 1545 1735 1567 at
1750 1541 1810 1576 epi-

1021 1591 1104 1619 scopo
1125 1584 1279 1618 Portuensi,
1300 1592 1399 1619 corpus
1414 1584 1550 1622 Hippolyti
1562 1593 1624 1613 cum
1637 1586 1698 1614 aliis
1713 1586 1740 1613 in
1757 1586 1809 1614 Ti-

1021 1630 1142 1657 berinam
1166 1630 1284 1657 insulam
1302 1630 1463 1658 translatum
1477 1635 1528 1665 est,
1542 1631 1613 1667 quod
1627 1639 1715 1659 coit-va
1727 1632 1810 1660 docet

1020 1676 1165 1712 epigraphe
1188 1675 1243 1710 (52)
1261 1684 1267 1702 :
1558 1671 1560 1674 ’

1042 1713 1045 1716 '
1126 1729 1180 1748 HIC.
1195 1728 1386 1753 REQUIESCHNT.
1401 1728 1521 1760 0081⁷0κρ

1123 1767 1199 1798 εεόιι.
1218 1767 1355 1799 κΑιιτῑιιῧ.
1369 1780 1501 1800 ῐΡΡοιιτι.

1125 1825 1245 1844 τΑνιυΝι.
1261 1825 1419 1845 HEBCVLANI.
1451 1826 1512 1851 ATQ.

1124 1869 1239 1891 IOANNIS.
1257 1871 1390 1892 CALIBI'I'IS

1126 1922 1272 1942 rouuosvs.
1299 1910 1347 1943 siis

1226 1967 1365 1988 CONDIMT.

1020 2003 1154 2036 Quoniam
1180 2005 1273 2039 itaque
1297 2014 1351 2033 non
1373 2006 1530 2034 dubitamus
1553 2007 1618 2041 quin
1641 2006 1804 2044 Hippolytus

1018 2048 1101 2083 fuerit
1122 2050 1220 2078 Portus
1242 2051 1354 2079 Romani
1375 2053 1529 2088 episcopus,
1544 2053 1609 2080 illud
1627 2052 1736 2081 facilius
1749 2055 1803 2081 im-

1017 2097 1384 2132 petrabimus,Portuensem
1404 2100 1560 2134 episcopum
1587 2100 1745 2134 aliquandiu
1772 2102 1801 2129 in

1017 2149 1066 2169 sua
1080 2142 1190 2170 dioecesi
1205 2151 1364 2172 numerasse
1376 2145 1512 2180 regionem
1530 2146 1605 2173 urbis
1616 2145 1803 2179 Transtiberio

183 2175 247 2229 Illis.
277 2177 328 2229 qui
353 2185 486 2213 suppares
512 2178 622 2211 fuerunt
650 2179 804 2216 Hippolyta,
832 2185 914 2216 atque
936 2181 964 2209 in
980 2197 1002 2229 ι)
1017 2194 1091 2219 nam,
1115 2187 1256 2222 ipsamque
1277 2175 1431 2216 Tiberinain
1452 2189 1580 2221 insulam,
1603 2189 1659 2216 sive
1679 2190 1745 2224 quia

183 2221 294 2250 Oriente
311 2223 471 2257 ﬂoruerunt,
486 2226 588 2261 percipi
602 2234 656 2254 non
669 2228 796 2262 potuerit.
820 2227 848 2255 S.
863 2228 965 2256 Anato-

181 2267 235 2295 lius
257 2269 314 2303 ipse
331 2269 500 2299 Laodicenus
522 2272 574 2299 hoc
594 2273 689 2300 eodem
713 2274 803 2301 studio
817 2274 964 2302 celeberri-

179 2321 244 2341 mus
260 2324 266 2341 :
285 2315 457 2351 Hippolytus.
481 2317 569 2352 inquit
586 2318 653 2352 (47),
678 2319 711 2346 16
730 2327 858 2346 annorum
877 2320 964 2346 circu-

181 2359 236 2387 lum
251 2361 408 2395 quibusdam
421 2363 517 2397 ignotis
531 2363 601 2392 Iunce
618 2365 737 2391 cursibus
752 2366 906 2399 composuit.
929 2366 964 2393 At

181 2405 273 2433 sedem
286 2405 422 2443 Hippolyti
445 2409 610 2438 luculentius
626 2411 671 2437 alii
691 2411 873 2441 vindicarunt.
894 2419 964 2447 pra-

180 2451 313 2486 cipueque
339 2452 533 2481 Constantinus
557 2454 707 2490 Ruggerius
732 2455 764 2483 V.
784 2455 814 2483 C.
833 2455 901 2493 (48),
915 2465 964 2485 cu-

177 2497 223 2532 jus
235 2499 402 2533 inspeximus
423 2501 541 2535 pagellas
556 2501 590 2528 80
605 2501 658 2529 hoc
665 2506 825 2535 argumento
839 2505 962 2532 conscri-

180 2549 251 2579 ptas,
265 2553 366 2581 easque
385 2555 470 2582 nuper
482 2548 508 2574 in
526 2548 742 2576 dissertationem
762 2550 867 2578 erudite
882 2552 962 2579 abso-

215 2614 272 2654 (ᾴῦ)
281 2614 411 2654 gasnag.,_
418 2615 560 2654 Animady.
574 2617 608 2644 de
621 2615 650 2644 S.
663 2615 798 2654 Hippolyti
807 2618 874 2652 Vit.,
886 2618 958 2647 Lect.

179 2650 263 2683 outiq.
279 2649 423 2685 C_t_tnisii,l,
438 2659 498 2685 pag.
513 2651 556 2678 10.

215 2684 272 2722 (bii)
292 2683 445 2722 Hermian,
458 2685 565 2722 Erimit.
581 2686 700 2722 Gotting.
715 2695 775 2722 pag.
791 2687 852 2716 240.

215 2696 261 2718 μυ
292 2696 438 2718 neulllan.,
458 2696 565 2713 rrtmtt.
581 2696 700 2727 yottmg.
715 2696 746 2722 pa
769 2707 775 2714 .
791 2696 852 2716 240.

213 2696 272 2760 μή
286 2718 319 2759 β.
332 2720 572 2760 Anatol._,_ljr.'eiat.
585 2730 612 2749 in
625 2722 727 2751 Cotton.
740 2696 876 2757 [gon/ta!”
888 2724 958 2760 apud

177 2752 342 2798 Βυιεξιιεὲτξιω
356 2763 416 2798 Pas:
429 2756 494 2798 45?.-

212 2789 268 2830 ξιξ)
289 2789 415 2830 Ruggerii
429 2797 455 2821 et
471 2790 582 2821 Buschii
597 2793 710 2823 Dissert.
723 2793 756 2822 de
768 2793 842 2821 Port.
857 2793 884 2822 S.
898 2794 959 2830 Ilip-

178 2825 260 2867 polyti
273 2825 346 2855 sede.

1015 2240 1079 2269 pars
1094 2238 1171 2261 extra
1185 2233 1264 2262 Urbis
1276 2235 1396 2269 pomeria
1409 2235 1520 2262 ﬂumine
1534 2235 1642 2262 delinita
1663 2236 1800 2263 censeba-

1015 2282 1069 2311 tur,
1094 2279 1162 2311 sive,
1187 2284 1216 2307 ut
1230 2285 1334 2307 certum
1349 2285 1402 2312 est,
1428 2280 1613 2308 Romanorum
1635 2280 1799 2315 pontiﬁcum

1014 2325 1113 2361 insigni
1129 2325 1306 2357 humanitate,
1319 2334 1372 2361 qua
1387 2330 1483 2361 praeter
1497 2326 1622 2354 Ecclesia;
1634 2333 1799 2355 ornamenta

1013 2371 1093 2397 etiam
1117 2371 1247 2398 nonnulla
1268 2371 1393 2406 deinceps
1420 2373 1557 2400 consecuti
1580 2377 1654 2405 sunt,
1672 2381 1735 2408 quae
1762 2375 1798 2401 ad

1013 2416 1158 2452 imperium
1173 2417 1318 2451 pertinent,
1334 2418 1417 2445 veluti
1434 2418 1498 2445 illud
1511 2423 1552 2446 est
1563 2418 1686 2453 capiendi
1698 2426 1796 2447 eorum

1013 2460 1193 2494 hereditates,
1218 2462 1265 2496 qui
1291 2462 1419 2490 intestato
1434 2463 1604 2491 decederent.
1631 2462 1748 2491 Exstant
1763 2472 1797 2492 ea

1012 2506 1045 2533 de
1058 2515 1088 2534 re
1103 2507 1192 2534 adhuc
1205 2507 1350 2542 diplomata
1368 2507 1504 2536 Benedicti
1521 2508 1590 2540 Vlll,
1619 2517 1692 2536 anno
1703 2509 1773 2542 1019
1787 2519 1794 2542 ;

1011 2551 1124 2585 Joannis
1138 2553 1209 2586 XIX,
1224 2562 1297 2581 anno
1310 2554 1379 2582 1026
1392 2560 1419 2582 et
1433 2555 1533 2584 Leonis
1545 2555 1578 2582 1X
1595 2556 1665 2592 (55),
1683 2556 1732 2592 qui
1744 2555 1795 2584 Jo-

1046 2620 1102 2657 αξξ)
1122 2619 1250 2657 ξἠιάθῃι.
1265 2622 1333 2655 Περὶ
1349 2622 1516 2657 στεφάνων,
1529 2631 1567 2651 x1.

1120 2655 1192 2693 Petr.
1209 2656 1344 2693 Damjanq
1360 2659 1391 2684 de
1404 2655 1474 2686 'Abd.
1490 2659 1555 2693 epis.

1047 2690 1104 2729 (ﬁt)
1123 2691 1346 2729 énastas._l_3_il_il1,
1363 2693 1405 2720 ed.
1421 2690 1526 2729 Yignol.
1543 2693 1576 2725 ll,
1592 2701 1653 2729 pag.
1669 2695 1734 2722 266.

1047 2725 1230 2764 (52)_Gruter.
1250 2725 1349 2764 μίμῳ
1370 2732 1399 2764 et
1421 2725 1522 2764 Hottar.
1547 2725 1615 2757 delle
1628 2725 1722 2758 'Scult.
1744 2729 1791 2764 HI,

1009 2767 1070 2799 pag.
1085 2760 1129 2799 ξι.
1142 2760 1268 2799 Paciaud.
1284 2761 1406 2799 deBaln.
1421 2762 1568 2799 Christian.
1584 2772 1645 2799 pag.
1661 2766 1706 2793 41.
1720 2760 1791 2794 Pas;

1009 2795 1218 2832 sion_.>ln§_cript.
1235 2796 1344 2832 Ainticli,
1359 2804 1420 2832 pag.
1437 2798 1498 2826 12L

1045 2830 1100 2865 (55)
1121 2829 1226 2866 Ughell.
1243 2831 1323 2860 Tom.
1337 2831 1345 2859 Ι
1359 2829 1426 2861 Ίιᾶι.
1440 2833 1516 2861 Sacr.
1546 2842 1608 2875 pag.
1623 2834 1674 2865 HG
1685 2839 1712 2864 et
1724 2834 1788 2870 120,
