1861 3052
41 111 81 139 2M
520 110 563 138 DE
582 111 663 139 VITA
681 110 725 138 ΕΤ
746 109 900 138 SCRIPTIS
920 107 948 136 Β.
968 106 1159 136 HIPPOLYTL

1594 107 1650 136 289

45 170 96 197 anni
105 169 248 198 Pertuensi
265 171 386 199 antistiti
401 171 609 199 vetustissimam
625 170 751 199 Ecclesia:
762 179 817 198 sua:
831 171 855 199 Α
868 168 1033 203 superiorem
1042 187 1049 199 ,
1067 172 1096 195 ut
1110 167 1132 194 si
1146 167 1202 202 jam
1219 174 1235 193 a
1247 165 1347 195 Graecis
1361 166 1451 194 Romae
1463 166 1598 201 episcopus
1610 167 1652 194 di-

44 217 198 251 dignitatem,
219 224 253 244 ac
275 217 414 252 praecipue
436 218 563 252 templum
581 217 610 244 S.
626 217 762 244 Adalberti
789 216 815 243 in

44 261 154 289 Tiberina
171 261 276 294 insula,
295 271 358 298 quae
370 271 417 298 per
431 263 457 290 id
473 263 604 298 temporis
615 263 753 290 dicebatur
765 262 818 298 Ly-

41 308 135 338 caonia.
150 314 325 343 repugnante
341 309 495 336 Crescentio
510 310 636 344 episcopo
649 309 734 344 Sylva:
747 308 818 336 Can-

40 353 240 383 didte,asseruit
259 354 287 380 in
310 354 369 388 ipso
386 353 560 382 Lateranensi
580 355 696 382 concilio
710 362 740 386 ιι,
763 362 817 388 quo

37 405 123 426 exacto
136 401 276 427 sententia
290 401 428 435 pontificis
442 401 546 436 prolata
561 406 611 428 est.
636 400 750 434 Quando
769 409 818 428 au-

36 449 82 470 tem
111 444 299 472 suburbicarii
323 445 442 480 episcopi
473 453 668 480 nonnunquam
704 446 817 480 episcopi

37 489 106 517 L'rbis
128 491 265 518 nominati
291 496 370 523 sunt,
395 499 474 518 nemo
496 500 549 518 non
569 492 658 525 videt,
674 497 775 527 quanto
790 492 816 520 id

33 544 124 563 nomen
145 536 258 564 facilius
273 537 416 566 adlnescrit
430 538 563 572 episcopis
580 537 678 566 Portus
690 538 815 572 Romani,

32 582 71 615 qui
80 582 287 610 transTiberim
297 587 368 610 tanta
376 591 437 611 cum
444 588 576 618 potestate
585 583 742 612 obtinebant
749 584 815 620 (54).

34 626 211 659 Quamobrem
232 628 424 663 intelligimus,
439 628 510 656 unde
530 629 673 663 repetenda
695 629 730 657 sit
750 637 817 657 con—

31 672 151 705 suetudo,
173 681 230 707 qua
246 673 410 701 Portuenses
425 679 452 701 et
468 674 554 710 Sylva:
567 675 685 710 episcopi
700 680 816 710 quotan-

30 718 63 745 nis
84 718 206 746 donaria
229 720 353 755 quaedam
374 720 402 748 in
425 720 556 748 Vaticano
576 722 676 756 templo
699 722 818 757 excipie-

28 763 101 797 bant,
119 769 198 799 quod
216 773 251 792 ex
273 767 456 794 monumentis
475 767 593 795 basilica:
610 768 681 795 haud
701 768 739 796 ita
758 768 817 803 pri-

27 809 77 836 dem
107 810 251 844 evulgatis
272 812 388 847 quisque
411 813 559 848 agnoverit.
588 813 645 840 Hac
673 813 756 841 etiam
783 813 817 842 de

24 860 103 882 causa
126 854 235 883 factum
262 861 320 889 est,
341 862 370 885 ut
389 857 531 885 Formosus
553 859 642 886 adhuc
659 858 816 887 Portuensis

23 900 179 936 episcopus,
195 910 253 936 quo
264 906 384 938 tempore
395 904 485 931 omnia
500 905 608 931 barbari
622 905 815 940 depraedaban-

21 951 66 979 tur,
85 953 228 983 metuque
250 947 449 976 Saracenorum
471 950 568 977 incola:
584 949 695 978 Portum
716 950 816 978 Roma-

18 1002 76 1021 num
94 994 304 1028 deseruerunt,
317 996 465 1031 exportarit
480 1004 580 1032 corpus
600 996 737 1033 Hippolyti
754 1006 815 1026 cum

17 1039 73 1066 aliis
91 1046 108 1065 a
125 1038 217 1066 Portu
233 1039 375 1074 Romano,
389 1040 434 1068 ubi
455 1041 593 1068 conditum
609 1041 713 1075 fuerat,
730 1043 757 1069 in
774 1043 815 1070 lo-

16 1093 70 1111 rum
83 1105 92 1116 ,
111 1093 173 1120 quo
191 1086 251 1113 ﬁeri
264 1091 369 1121 poterat
380 1086 552 1115 remotiorem
568 1088 608 1115 sui
625 1089 796 1124 episcopatus
807 1110 815 1122 ,

15 1132 35 1158 in
56 1131 232 1158 Tiberinum
255 1140 351 1167 nempe
371 1133 505 1165 insulam,
518 1134 563 1161 ubi
577 1135 725 1169 episcopum
748 1135 816 1162 Por-

14 1182 134 1204 tuensem
155 1178 285 1205 habuisse
303 1179 467 1206 domicilium
483 1180 509 1206 in
529 1179 638 1206 ecclesia
657 1179 687 1207 S.
702 1179 815 1207 Joannis

12 1223 78 1248 inter
100 1222 175 1249 duos
194 1229 287 1258 pontes
303 1223 419 1259 legimus
432 1225 499 1260 (55).
514 1225 581 1253 lllud
594 1231 684 1253 autem
702 1226 729 1253 in
744 1226 815 1253 rcci-

12 1273 65 1295 tata
93 1268 270 1304 epigraphe,
290 1277 371 1304 quam
392 1269 537 1297 Formosus
559 1270 647 1298 loculo
674 1278 815 1298 sacrorum

12 1315 166 1348 pignorum
201 1315 359 1350 inscripsit.
383 1316 465 1343 etiam
493 1317 715 1351 deprehenditur,
742 1316 816 1351 quod

13 1360 129 1387 nomina
155 1359 314 1395 Hippolyti,
339 1361 465 1394 Taurini,
499 1362 669 1395 Herculiani,
688 1363 814 1404 exhibet,

14 1413 72 1440 quae
89 1405 154 1440 ipsa
176 1406 304 1441 leguntur
316 1406 344 1433 in
358 1407 503 1435 veterrimo
520 1407 664 1435 Liberiano
680 1407 814 1434 Kalenda-

14 1453 53 1478 rio
78 1454 137 1479 hac
159 1451 304 1480 formula:
324 1451 396 1479 Non.
415 1453 487 1488 Sept.
512 1454 606 1481 Aconti
624 1454 652 1480 in
678 1454 776 1486 Porto,
789 1458 814 1480 et

16 1496 128 1529 Νοηιιί,
165 1501 193 1523 et
228 1497 393 1530 Herculani,
424 1503 449 1526 et
485 1498 605 1526 Taurini.
640 1498 813 1535 Hippolytum

16 1543 118 1578 quippe
132 1543 251 1571 honoris
263 1552 347 1572 causa
360 1545 462 1573 dictum
476 1546 561 1572 fuisse
582 1545 706 1573 Nonnum
724 1550 815 1572 osten-

17 1590 120 1621 dimus,
131 1590 365 1625 quemadmodum
374 1595 470 1618 auctor
483 1599 533 1618 suo
541 1599 598 1618 aevo
610 1591 678 1619 satis
690 1591 814 1619 idoneus:

19 1635 130 1662 Nolanos
140 1644 277 1669 vocamus,
286 1636 385 1671 inquit,
396 1637 508 1671 majores
518 1637 548 1664 ob
559 1638 745 1669 reverentiam;
754 1645 815 1664 nam

19 1681 183 1716 intelligitur
202 1687 313 1716 paterna
340 1683 485 1709 reverentia
504 1682 571 1717 (56,.
595 1683 655 1709 Itali
681 1683 814 1716 retinent,

20 1734 77 1754 cum
100 1734 171 1754 avos
196 1728 347 1762 appellant,
361 1732 388 1756 et
403 1736 486 1764 prope
504 1728 589 1756 Graeci
611 1728 813 1767 signiﬁcarunt,

21 1780 80 1799 cum
101 1771 280 1808 Hippolytum
297 1772 410 1800 παλαιόν
427 1774 527 1802 dixere.
545 1774 698 1809 Aliquando
719 1773 815 1800 Nunus

20 1818 133 1845 cﬂertur
148 1826 206 1846 non
219 1826 299 1847 secus
312 1824 393 1855 atque
409 1820 436 1847 in
454 1820 539 1848 veteri
550 1827 686 1847 marmore
703 1819 757 1855 (57)
771 1829 778 1848 :

44 1872 156 1891 DONATA
176 1872 247 1892 ιωκο
267 1872 316 1892 SUO
337 1873 478 1892 TEBTULLO
496 1873 549 1892 CUI
567 1873 636 1892 FILIA
657 1873 684 1892 IN
702 1873 777 1892 I’ACE.

53 1919 62 1934 ε
75 1908 138 1937 Non
154 1914 262 1937 tantum
278 1910 369 1946 itaque
383 1910 450 1938 falsa
465 1915 506 1938 est
516 1912 550 1938 ab
563 1910 716 1947 Lemoynio
733 1918 815 1939 exco-

18 1955 100 1990 gitata
118 1955 275 1988 derivatio,
291 1957 337 1992 qui
354 1955 438 1991 ﬁlium
453 1956 571 1991 explicat
591 1956 717 1983 Nonnum
737 1957 815 1991 quasi

17 2010 48 2029 ex
57 2005 95 2043 ἴθι
107 2002 180 2038 (58),
189 2002 252 2029 dum
261 2003 317 2037 agit
327 2002 360 2030 de
368 2002 419 2030 hoc
427 2002 485 2037 ipso
496 2002 630 2038 Hippolyti
641 2003 812 2038 cognomine,

17 2048 62 2074 sed
80 2049 194 2076 veritati
214 2048 361 2076 contraria.
382 2048 509 2076 Salmasii
528 2057 560 2076 ex
582 2048 661 2084 μόνος
678 2048 814 2076 deducen-

16 2093 66 2126 tis,
97 2094 277 2128 aliorumque
305 2096 394 2129 etyma
426 2093 495 2120 nihil
527 2102 677 2127 moramur,
705 2093 814 2128 quando

15 2146 97 2166 usum
112 2139 300 2174 inquirimus,
317 2146 371 2166 non
385 2139 528 2174 originem.
548 2139 606 2168 Hoc
617 2140 698 2175 igitur
711 2147 812 2167 conce-

867 218 973 242 ceretur
992 213 1151 248 Hippolytus
1163 233 1171 245 ,
1187 213 1285 240 mirum
1305 220 1359 239 non
1374 216 1415 240 est
1429 212 1451 240 si
1463 212 1505 239 vir
1520 211 1651 247 peritissi-

867 267 945 291 mus,
962 267 1024 287 cum
1048 259 1150 294 optime
1174 263 1267 286 nosset
1289 257 1464 294 Hippolytum
1487 266 1541 286 non
1568 258 1652 286 fuisse

868 304 1020 332 Romanum
1037 305 1209 339 pontiﬁcem.
1223 305 1361 339 scripserit
1373 325 1379 335 ,
1402 304 1496 341 ἑτέρας
1516 312 1568 331 που
1591 304 1652 331 Ἐκ-

868 351 995 386 κλησίας,
1015 350 1124 377 alterius
1142 350 1285 384 cujusdam
1298 349 1423 377 Ecclesia?
1434 370 1442 383 ,
1455 358 1516 385 quae
1535 350 1651 378 manife-

867 396 936 424 stius
961 395 1141 430 Hieronymus
1159 400 1202 421 est
1220 394 1426 429 interpretatus:
1447 402 1540 422 nomen
1559 394 1652 430 quippe

867 443 941 469 urbis
957 443 1024 469 scire
1044 449 1095 469 non
1112 441 1196 476 potui.
1217 440 1294 473 Quod
1310 448 1373 468 vero
1390 440 1585 476 Hieronymus,
1604 440 1653 468 diu

869 489 963 516 Roma:
980 493 1165 516 commoratus
1177 507 1184 520 ,
1202 486 1335 522 Hippolyti
1351 486 1440 514 sedem
1454 487 1579 522 ignorare
1597 495 1657 514 non.

867 539 978 570 posset“
1000 542 1060 568 quae
1077 533 1211 569 ignoratio
1230 533 1309 560 nimis
1323 533 1471 565 extollitur,
1482 533 1538 568 jam
1551 541 1581 560 ea
1594 538 1653 560 utc-

867 587 940 612 mur,
952 583 1094 614 propterea
1112 578 1185 614 quod
1201 578 1382 614 Hieronymus
1392 579 1419 606 in
1430 578 1537 606 Oriente
1550 579 1659 614 diutius

866 631 1050 653 commoratus
1066 629 1127 658 est,
1143 633 1223 660 quam
1240 624 1342 652 Romae.
1361 635 1375 650 ι,

901 669 1038 699 Hactenus
1054 672 1090 699 cl.
1107 671 1150 698 vir
1163 670 1255 698 Simon
1271 671 1303 697 dc
1318 670 1463 704 Magistris.

1128 715 1328 744 ARTICULUS
1350 716 1393 744 ΙΙΙ.

1021 771 1055 791 ns
1075 771 1211 792 narrato
1229 771 1253 792 s.
1272 771 1429 797 utrrouri,
1449 757 1506 792 etc.»

902 807 940 836 De
953 808 1036 836 rebus
1049 807 1078 835 S.
1095 807 1229 844 Hippolyti
1243 809 1329 835 nostri
1346 808 1373 835 in
1398 808 1554 843 episcopatu
1569 808 1661 844 gestis.

867 858 1105 881 monumentorum
1118 853 1196 888 copia
1208 853 1330 881 destituti
1348 853 1415 880 nihil
1432 854 1544 880 omnino
1557 853 1652 889 singil-

865 899 940 927 latim
969 899 1076 927 edicere
1106 906 1264 934 possumus.
1287 898 1387 926 Verum
1420 899 1492 934 quod
1517 899 1660 934 reliquum

866 945 998 973 habemus
1016 952 1050 973 ex
1065 945 1125 980 ejus
1138 944 1266 980 operibus
1283 944 1362 972 nobis
1381 944 1479 972 suilicit
1491 944 1523 972 ad
1540 952 1653 980 persua-

866 991 983 1019 dendum
994 1011 1001 1024 ,
1015 991 1088 1026 quod
1100 991 1124 1018 is
1135 991 1162 1018 in
1181 991 1335 1026 episcopatu
1351 998 1432 1018 omne
1449 994 1556 1025 tempus
1570 991 1602 1017 ad
1615 991 1657 1019 in-.

866 1038 1011 1066 struendos
1026 1037 1118 1065 lideles
1132 1037 1381 1072 defendendamque
1393 1038 1523 1065 adversus
1536 1038 1652 1066 haereses

865 1091 1043 1122 quascunque
1059 1083 1198 1110 veritatem
1214 1083 1395 1110 orthodoxam
1415 1083 1584 1117 impenderit.

900 1131 1049 1166 Martyrum
1072 1130 1134 1157 albo
1153 1129 1326 1165 Hippolytum
1348 1130 1500 1157 inscribunt
1521 1128 1652 1165 Hierony-

865 1184 927 1205 mus
942 1176 1010 1212 (59),
1026 1176 1150 1204 Gelasius
1167 1175 1243 1211 (60),
1253 1175 1440 1203 Theodoretus
1453 1175 1510 1210 (6|)
1525 1175 1627 1210 aliique
1642 1184 1651 1203 :

865 1227 1029 1258 quapropter
1049 1222 1077 1249 in
1099 1221 1291 1257 Martyrologio
1313 1220 1437 1248 Romano
1462 1220 1518 1257 (62)
1542 1221 1651 1256 legitur,

865 1269 916 1296 sub
926 1268 1080 1295 Alexandro
1095 1268 1259 1302 imperatore
1268 1288 1276 1300 ,
1290 1267 1325 1294 ob
1339 1267 1496 1302 praeclaram
1509 1267 1570 1295 ﬁdei
1584 1276 1651 1295 con-

865 1313 1012 1342 fessionem
1025 1334 1032 1347 ,
1046 1314 1172 1343 manibus
1183 1313 1352 1348 pedibusque
1368 1313 1456 1348 ligatis
1473 1313 1499 1340 ir:
1515 1313 1597 1340 altam
1611 1313 1651 1341 fo-

865 1368 942 1387 veam
963 1360 1042 1394 aquis
1062 1359 1170 1393 plenam
1191 1359 1389 1394 praecipitatum
1415 1359 1592 1392 occubuisse,
1607 1359 1651 1387 cui

865 1410 892 1433 et
905 1406 973 1433 alios
989 1406 1015 1432 in
1030 1405 1162 1441 martyrio
1181 1405 1271 1433 socios
1284 1413 1317 1432 cx
1330 1405 1405 1432 Actis
1423 1404 1452 1432 S.
1467 1405 1562 1433 Aurea:
1578 1406 1650 1433 addit

865 1451 999 1479 Baronius
1009 1451 1076 1486 (65).
1087 1449 1160 1478 Inter
1170 1450 1325 1487 apocrypha
1336 1455 1425 1478 tamen
1437 1455 1493 1478 tum
1505 1450 1650 1487 Hippolyti,

866 1506 928 1526 cum
949 1497 978 1525 S.
990 1497 1086 1524 Aureae
1105 1497 1171 1524 Acta
1192 1497 1366 1529 'recensenda,
1382 1504 1443 1525 esse
1462 1497 1581 1525 dubitari
1606 1498 1650 1525 vix

866 1549 973 1579 potest,
991 1548 1085 1579 utpote
1097 1551 1173 1578 quae,
1186 1547 1216 1570 ut
1231 1543 1301 1570 idem
1316 1542 1547 1578 inquitBaronius
1558 1563 1565 1576 ,
1580 1552 1649 1570 men-

865 1591 907 1618 dis
927 1590 1003 1625 plena
1027 1591 1054 1618 in
1072 1590 1164 1620 multis
1187 1589 1348 1617 restituenda
1365 1589 1430 1626 (64).
1456 1589 1486 1617 In
1512 1589 1650 1618 Maximini

865 1644 930 1664 vero
948 1641 994 1664 aut
1012 1635 1083 1663 Decii
1096 1636 1284 1671 persecutione
1295 1644 1356 1664 eum
1376 1637 1499 1672 martyrii
1519 1644 1649 1664 coronam

865 1682 991 1717 adeptum
1003 1681 1088 1710 fuisse
1101 1682 1256 1712 verosimile
1271 1682 1334 1710 inde
1348 1683 1479 1716 redditur,
1493 1683 1564 1718 quod
1578 1691 1650 1711 anno

864 1727 1011 1755 Alexandri
1030 1729 1202 1763 imperatoris
1217 1730 1320 1765 primo,
1339 1735 1484 1765 temporum
1501 1729 1650 1763 Cononem,

864 1773 1070 1810 Pace/talemque
1089 1776 1188 1810 cyclum
1202 1776 1303 1809 edidit,
1319 1777 1363 1804 cui
1382 1777 1434 1804 alia
1453 1776 1584 1811 opuscula
1603 1777 1649 1804 ad-

865 1819 949 1852 didit,
964 1824 994 1847 ut
1006 1828 1039 1848 ex
1054 1820 1176 1855 ejusdem
1193 1830 1305 1857 operum
1323 1823 1447 1858 catalogo
1464 1823 1555 1850 videre
1568 1826 1620 1851 est.

900 1865 1033 1895 Caeterum
1045 1875 1105 1902 quae
1120 1869 1266 1903 scriptorcs
1279 1869 1312 1896 de
1327 1873 1447 1904 tempore
1460 1869 1581 1904 martyrii
1598 1869 1647 1897 Ιηι-

863 1911 909 1946 jus
923 1911 1048 1945 tradunt,
1065 1912 1172 1940 diversa
1187 1917 1267 1948 atque
1279 1913 1381 1942 incerta
1394 1918 1466 1941 sunt.
1479 1913 1532 1940 Alii
1546 1914 1570 1941 id
1583 1913 1644 1946 reie-

865 1961 929 1984 runt
943 1956 977 1984 ad
994 1965 1094 1985 annum
1107 1957 1210 1986 Christi
1229 1958 1291 1990 250.
1312 1958 1364 1986 Sed
1383 1958 1565 1986 severioribus
1580 1959 1649 1989 criti-

864 2003 904 2031 cis
919 2011 974 2031 non
988 2004 1085 2038 placet,
1102 2004 1175 2039 quod
1191 2004 1218 2031 in
1235 2004 1428 2040 Martyrologio
1443 2004 1567 2032 Romano
1578 2012 1647 2032 marv

865 2050 964 2085 tyrinm
981 2049 1010 2077 S.
1027 2048 1162 2085 Hippolyti
1179 2050 1328 2078 collocetur
1342 2051 1394 2078 sub
1405 2051 1519 2085 imperio
1530 2050 1648 2078 Alexans

863 2095 906 2123 dri
920 2095 1026 2127 Severi,
1041 2104 1102 2123 cum
1115 2100 1179 2124 tunc
1199 2096 1273 2124 nulla
1293 2097 1444 2131 persecutio
1457 2097 1553 2129 fuerit,
1568 2097 1642 2131 quin-

864 2141 920 2169 into
935 2142 992 2177 ipse
1006 2142 1151 2176 imperator
1165 2142 1326 2170 Christianis
1341 2142 1451 2170 faveret.
1470 2142 1544 2170 Unde
1562 2141 1646 2169 Ruin~

14 2185 115 2213 damus
133 2184 240 2213 Graecis
267 2185 464 2221 scriptoribus,
491 2190 522 2214 ut
546 2188 674 2222 quoniam
696 2187 812 2216 Romani
829 2181 851 2209 ι)
865 2188 950 2216 artius
973 2189 999 2215 in
1024 2187 1185 2216 Praelatione
1208 2189 1241 2216 ad
1268 2189 1336 2217 Acta
1361 2195 1507 2224 martyrum
1528 2189 1646 2222 sincera,

14 2231 162 2263 pontiﬁces
182 2229 359 2266 Hippolytum
374 2230 552 2259 Portuensem
571 2232 685 2267 ejusque
703 2241 812 2262 succes-

13 2283 90 2303 sores
103 2276 219 2304 eximiis
235 2276 398 2311 quibusdam
420 2277 588 2306 ornamentis
605 2278 748 2306 honestare
762 2286 811 2306 vo-

13 2320 143 2355 luerunt,
163 2321 202 2349 illi
227 2330 283 2354 non
301 2330 317 2349 a
335 2322 421 2350 Portu
438 2323 527 2350 sedem
542 2323 696 2359 Hippolyti,
714 2324 760 2352 sed
777 2325 812 2352 ab

18 2365 86 2394 Urbe
97 2368 161 2402 ipsa
177 2367 363 2400 nominarint,
378 2368 606 2403 quemadmodum
623 2376 717 2398 nostra
732 2371 809 2398 exhi—

21 2411 61 2439 bet
81 2414 232 2450 epigraphe
252 2414 452 2442 commentario
478 2415 628 2449 praemissa.
654 2415 747 2451 Neque
768 2424 808 2445 re-

22 2460 165 2488 centiorem
181 2468 245 2488 cum
267 2460 426 2495 Scaligero,
440 2460 487 2488 sed
503 2462 716 2490 vetustissimam
739 2463 810 2492 hanc

23 2512 75 2534 esse
88 2507 199 2543 opinari
214 2507 300 2540 licet,
322 2514 406 2542 atque
427 2506 537 2535 Eusebii
557 2507 731 2537 Caesariensis
751 2516 809 2537 aevo

54 2597 106 2637 (ἓξ)
127 2598 196 2637 ξυμ.
206 2597 280 2637 pas.
294 2597 421 2637 fatim},
438 2597 482 2637 2l_.

55 2631 105 2669 (55)
124 2634 191 2662 Cod.
204 2632 274 2669 Heg.
293 2632 387 2669 Snec_._
395 2631 453 2660 Vat.
468 2632 533 2669 5855,
549 2641 575 2668 p.
590 2633 635 2669 ἓξ.

28 2667 104 2729 “(’56)
122 2669 187 2706 Pag.
204 2667 339 2697 vocabul.
358 2667 489 2701 Nounos;
505 2667 590 2703 Calig.
601 2668 718 2695 Glossar.
737 2668 806 2696 .llcd.

118 2740 283 2771 Fleevood..
300 2745 368 2776 PEIB-
385 2736 447 2776 586-.

46 2772 96 2812 (58}
115 2777 253 2813 Stephan.
265 2772 430 2810 le‘Moyne,
443 2772 593 2809 Prolegom.
610 2774 643 2808 ad
664 2773 744 2802 Varia
757 2774 809 2802 Sa-

22 2818 60 2841 ιτα.
73 2821 141 2847 xm,
164 2812 191 2841 Ξ.

863 2241 924 2269 pag.
938 2241 1033 2267 XLVIII,
1050 2235 1175 2262 eumdem
1189 2235 1346 2269 scrupulum
1361 2235 1495 2270 proponit,
1512 2240 1539 2262 et
1555 2240 1636 2262 utcun

862 2287 916 2315 que
927 2280 1061 2307 discutere
1077 2285 1192 2308 conatur
1204 2281 1256 2308 hoc
1272 2281 1374 2308 modo":
1396 2280 1576 2308 Alexandrum
1590 2280 1646 2308 He-

862 2325 989 2360 liogabali
1006 2334 1179 2353 successorem
1194 2326 1352 2358 Christianis
1366 2326 1461 2361 fovisse
1477 2334 1549 2353 nemo
1563 2332 1646 2361 potest

861 2372 987 2406 inﬁciari,
1001 2372 1053 2399 nisi
1068 2380 1155 2400 omnes
1167 2373 1289 2407 antiquos
1302 2373 1442 2407 scriptores
1457 2373 1564 2407 rejicere
1575 2373 1645 2400 velit.

863 2417 936 2445 Unde
949 2418 1046 2444 mirum
1059 2422 1097 2444 est
1110 2422 1147 2444 tot
1160 2423 1287 2452 martyres
1302 2418 1348 2444 sub
1363 2419 1418 2452 ejus
1432 2419 1540 2453 imperio
1554 2428 1645 2452 passos

860 2473 877 2491 a
895 2464 1026 2491 nonnullis
1046 2464 1181 2491 recenseri.
1198 2464 1238 2490 An
1257 2464 1284 2490 id
1300 2465 1334 2491 ad
1350 2465 1485 2498 praefectos
1498 2485 1506 2497 ,
1517 2473 1580 2500 quos
1595 2465 1642 2491 sub

859 2510 915 2545 ejus
930 2511 1038 2545 imperio
1053 2509 1208 2537 sweissimos
1221 2509 1301 2544 fuisse
1316 2510 1400 2542 aiunt,
1410 2509 1572 2544 referendum
1586 2508 1644 2538 est!

895 2602 951 2638 (59)
972 2601 1141 2638 Hieronym.,
1157 2600 1237 2628 Prtel.
1254 2600 1463 2638 in__Matthreu_m.

905 2635 950 2671 60)
970 2637 1059 2664 Gelas.
1072 2635 1101 2663 ut
1116 2644 1175 2671 sup.
1191 2642 1256 2663 tom.
1272 2635 1306 2663 lV
1319 2636 1445 2663 Biblioth.
1461 2635 1519 2663 PP.

905 2672 950 2706 61)
969 2672 1129 2699 Theodoret.
1144 2672 1242 2707 dialog.
1259 2672 1275 2698 ὅ
1285 2692 1292 2701 .
1302 2671 1496 2707 Deiimpatibil.

894 2707 949 2742 (6‘2)
969 2706 1140 2742 Martyrolog.
1157 2707 1249 2737 Rom,
1264 2707 1308 2733 die
1321 2706 1357 2733 22
1368 2706 1484 2742 August.

893 2740 950 2775 (⁷65)
970 2740 1069 2768 Baron.
1083 2740 1194 2769 ad‘ann.
1211 2742 1272 2775 129,
1287 2749 1363 2768 num.
1379 2740 1403 2767 7.

894 2776 949 2813 (64)
969 2777 1142 2813 Martyrolog.
1162 2776 1289 2810 Romam,
1305 2777 1348 2805 die
1363 2776 1379 2805 5
1394 2780 1421 2805 et
1435 2776 1470 2804 22
1481 2776 1603 2812 Augusti.
