1861 3052
225 112 278 139 ΞΒΞ

711 110 771 139 .DE
792 110 872 138 VITA
889 111 932 138 ET
953 111 1105 140 SCIHPTIS
1126 112 1153 139 S.
1174 112 1361 139 lllPPOl.YTl.

1793 112 1842 140 εει

224 171 296 199 Hinc
318 171 441 198 nonnul-li
460 171 606 206 scriptores
623 175 731 206 propter
751 171 870 200 favorem
894 173 1011 200 Alexan-
1025 176 1047 203 Α
1061 178 1104 200 eet
1117 172 1189 200 haud
1204 173 1363 207 simpliciter
1381 171 1569 199 atllrmandum
1589 177 1649 198 esse
1667 174 1780 205 putem;
1795 171 1841 197 mi-

225 217 267 244 dri
280 217 449 252 imperatoris
460 225 522 252 erga
537 217 707 244 Christianos
722 218 834 246 mallent
848 219 1007 254 martyrium

226 262 257 290 S.
283 262 418 298 Hippolyti
444 263 576 290 collocare
600 264 651 290 sub
677 263 823 291 Alexandri
851 272 1007 292 successore

225 307 391 339 Maximino;
412 307 481 335 inter
496 308 546 335 hos
566 307 717 336 Dodwellus
738 309 771 336 ad
787 317 888 336 annum
905 309 957 337 255
973 310 1006 336 il-

224 353 278 381 lius
292 353 447 388 martyrium
465 353 545 380 refert
564 354 630 389 (65).
649 354 699 382 Sed
715 354 839 389 quamvis
860 355 910 383 sub
923 355 1006 389 impe-

223 403 311 426 ratore
326 398 471 426 Maximino
485 399 633 427 habeamus
646 400 861 435 persecutionem
876 401 1005 429 adversus

221 445 392 472 t‘rhristianos
413 446 593 473 truculentam
607 467 614 478 ,
632 454 692 481 qua:
711 447 846 481 prmeipue
867 448 1006 482 spectabat

220 491 254 518 ad
272 498 366 518 eorum
391 491 545 524 antistites,
565 492 654 526 qualis
673 492 753 520 etiam
774 497 884 531 sanctus
904 499 1005 530 martyr

219 540 311 563 noster
326 536 393 569 fuit,
409 541 596 563 asseveranter
609 542 698 564 tamen
720 537 878 573 martyrium
895 537 922 565 S.
941 538 1005 573 Ilip-

219 581 303 617 polyti
314 589 368 608 non
384 582 515 608 audemus
526 586 645 609 statuere
662 583 713 610 sub
728 583 842 617 imperio
856 582 1003 617 Maximini,

219 632 329 662 propter
351 627 491 662 epistolam
509 627 610 662 ipsius,
629 636 690 662 qute
712 628 745 654 ad
767 628 888 663 reginam
909 637 1004 663 quam-

218 673 281 699 dam
304 672 401 707 scripta
427 677 485 705 est,
508 678 536 700 et
555 681 587 700 ex
605 681 658 707 qua
678 673 863 700 Thcodoretus
879 674 933 708 (66)
950 674 1004 701 fra-

219 723 328 753 gmenta
342 719 443 753 aliquot
465 719 599 753 allegavit.
619 719 752 746 Baronius
769 719 824 754 (67)
838 725 914 754 putat
934 720 1003 748 hanc

219 765 339 800 reginam
364 765 448 792 fuisse
475 765 630 799 lllamzeam,
659 765 829 800 imperatoris
856 766 1001 793 Alexandri

218 816 331 838 matrem
344 832 350 844 ,
366 819 426 846 quae
436 811 599 839 Christianis
616 816 754 846 utcunque
767 811 882 839 favebat.
901 811 1000 840 Verum

218 865 291 884 anno
314 858 414 885 Christi
442 858 507 885 1551
532 858 559 884 in
590 865 654 893 agro
686 857 790 885 Verano
815 864 937 893 repertus
963 863 1005 886 est
1020 859 1041 886 Β

218 903 312 938 Cyclas
329 903 476 935 Paschalis,
494 904 520 931 in
536 903 613 938 cujus
628 905 710 931 latere
723 904 791 931 inter
806 905 873 932 alias
891 904 920 931 S.
937 904 1003 940 Hip-

216 948 300 983 polyti
321 947 521 976 lucubrationes
538 948 692 975 Exhortatio
708 949 742 975 ad
757 949 907 977 Severinam
920 955 1000 977 nota-

217 998 270 1020 tur.
292 993 367 1021 Unde
383 994 572 1022 Tillemontius
591 995 645 1030 (68)
668 996 831 1030 suspicatur,
851 996 902 1023 hac
920 996 1001 1024 Seve-

216 1038 276 1065 rina
296 1039 410 1066 iudicari
433 1039 576 1073 Severam,
602 1039 717 1075 Philippi
739 1041 910 1075 imperatoris
933 1050 1001 1069 uxo-

215 1092 291 1117 rem,
324 1093 384 1119 quae
418 1085 571 1113 Christiana
604 1085 688 1113 fuisse
716 1087 887 1120 perhibetur,
915 1092 941 1114 et
966 1087 999 1114 ad

214 1137 296 1164 quam
307 1130 481 1158 doctissimus
492 1131 622 1166 Origenes
641 1133 722 1159 etiam
743 1132 846 1160 litteras
866 1132 950 1160 dedit.
970 1132 998 1160 Si

216 1176 261 1203 illa
277 1175 441 1203 Tillemontii
459 1177 578 1212 suspicio
592 1185 655 1205 vera
675 1178 724 1211 sit,
741 1179 813 1205 haud
827 1179 909 1206 dubie
926 1187 999 1206 mar-

215 1223 314 1257 tyrium
334 1222 362 1249 S.
380 1222 515 1259 Hippolyti
534 1232 620 1259 usque
638 1225 671 1252 ad
696 1233 797 1252 annum
813 1225 914 1253 Christi
934 1226 996 1259 250,

213 1268 271 1296 sive
282 1268 314 1295 ad
327 1269 541 1303 persecutionem
555 1269 626 1297 Decii
638 1271 809 1305 imperatoris
820 1271 997 1299 dilferendum

212 1318 264 1341 est.
284 1313 325 1341 Ad
353 1314 423 1342 hanc
447 1315 628 1349 suspicionem
653 1317 867 1344 conlirmandam
893 1317 998 1345 accedit

212 1359 398 1387 testimonium
417 1360 445 1387 S.
463 1360 617 1395 Epiphanii,
642 1363 688 1396 qui
711 1362 806 1390 haeresi
825 1362 868 1395 57,
882 1363 938 1390 sive
952 1363 996 1395 57,

212 1409 305 1432 contra
325 1404 471 1433 Noetianos
489 1406 525 1433 ita
548 1407 641 1434 scribit
657 1417 663 1434 :
685 1407 749 1434 Post
767 1408 834 1434 hunc
853 1407 922 1434 alius
939 1409 998 1443 qui-

211 1451 275 1478 dam
287 1452 423 1480 hwreticus
433 1474 441 1486 ,
459 1453 558 1481 Noetns
573 1456 691 1486 nomine,
704 1455 821 1489 prodiit;
833 1463 914 1490 neque
929 1456 998 1481 mul-

212 1499 247 1525 tis
260 1497 353 1525 abhinc
367 1499 454 1532 annis,
467 1500 510 1526 sed
527 1505 587 1527 ante
600 1500 645 1527 hos
656 1505 757 1527 centum
771 1501 824 1535 fere
835 1509 865 1527 ac
878 1502 995 1536 triginta,

1064 227 1113 246 nus
1134 224 1222 245 tamen
1239 217 1361 248 diliiteor,
1376 225 1436 252 qua:
1453 217 1486 243 de
1502 216 1632 252 martyrio
1648 215 1708 250 ejus
1728 222 1840 242 narran-

1061 269 1115 297 tur,
1133 264 1260 299 plcraque
1271 271 1330 291 esse
1345 265 1447 290 incerta
1459 271 1490 289 ac
1505 262 1624 290 tenebris
1636 262 1765 289 involuta.

1097 329 1134 357 De
1155 329 1301 365 Hippolyto
1318 329 1427 364 quidem
1452 334 1569 364 martyre
1592 327 1721 355 nonnulla
1747 327 1840 356 cecinit

1060 374 1234 407 Prudentius,
1248 383 1324 409 quae,
1341 375 1363 401 si
1380 374 1520 409 Hippolyto
1536 374 1662 408 episcopo
1680 373 1766 408 aptari
1782 381 1839 407 pos-

1060 425 1131 450 scut.
1143 421 1257 447 certiora
1269 420 1343 448 Actis
1359 424 1459 447 essent.
1478 419 1603 446 Nostrum
1620 418 1802 453 Hippolytum,
1816 420 1839 446 id

1058 470 1116 497 est,
1136 466 1310 501 episcopum,
1334 466 1429 492 invenit
1454 465 1609 492 Ruinartius
1628 464 1684 499 (7i)
1703 465 1730 491 iu
1748 467 1839 499 hymno

1058 512 1198 538 Prudentii
1219 512 1287 547 (72},
1309 511 1347 538 ait
1369 512 1518 546 Basuagius
1535 511 1602 546 (75).
1627 510 1656 538 Si
1681 515 1783 539 attente
1802 517 1839 538 ta-

1058 566 1119 585 men
1136 557 1271 585 Ruinartii
1287 558 1420 585 monitum
1432 557 1611 593 ianrudentii
1630 558 1752 585 carmina
1765 558 1839 592 legis-

1058 607 1114 635 set,
1130 603 1295 631 contrarium
1309 603 1343 630 ab
1355 610 1387 630 eo
1403 602 1472 630 tradi
1489 603 1645 636 didicisset;
1661 611 1723 630 nam
1740 602 1837 638 Hippo-

1057 648 1141 683 lytum
1154 656 1169 675 a
1183 648 1330 675 Prudentio
1342 648 1506 675 celebratum
1523 648 1556 676 ab
1567 649 1661 679 altero,
1673 649 1706 676 de
1719 656 1775 683 quo
1788 649 1838 684 agi-

1057 703 1135 727 mus,
1159 695 1291 730 cujusque
1310 695 1441 730 opuscula
1459 694 1591 722 Eusebius
1610 700 1636 722 et
1661 694 1838 729 Hieronymus

1056 746 1220 774 memorant,
1233 741 1453 777 distinguendum
1465 750 1525 769 esse
1540 742 1636 769 ibidem
1649 742 1763 769 adnotat
1778 741 1838 768 Rui-

1055 787 1179 821 nartius;
1202 787 1324 822 quiuimo
1343 793 1397 815 trcs
1425 787 1545 822 ejusdem
1567 786 1687 814 nominis
1708 791 1837 821 martyres

1055 833 1248 861 discerncudos
1259 841 1329 867 esse,
1344 842 1413 868 quos
1434 842 1448 860 a
1472 833 1726 869 Martyrologiorum
1746 838 1837 860 aucto-

1055 879 1130 906 ribus
1144 879 1171 905 in
1188 887 1271 906 unum
1287 879 1417 907 confusos
1430 878 1513 906 fuisse
1529 879 1662 906 Baromus
1677 879 1779 913 aliique
1791 883 1837 905 tra-

1054 925 1192 952 diderunt.
1207 925 1240 953 Et
1256 933 1321 953 sane
1337 925 1496 961 Hippolytus
1510 934 1525 953 a
1539 925 1688 953 Prudentio
1701 926 1835 961 laudatus,

1053 970 1099 1006 qui
1120 971 1145 997 in
1164 970 1246 998 Portu
1270 970 1391 997 Romano
1407 971 1439 998 ad
1457 970 1532 999 Ostia
1552 970 1695 1003 Tiberina,
1712 976 1744 998 ut
1761 971 1836 1006 vulgo

1053 1017 1182 1050 creditur,
1196 1019 1357 1052 martyrium
1378 1017 1472 1050 subiit,
1487 1017 1611 1045 diversus
1629 1017 1744 1045 omnino
1759 1025 1774 1044 a
1795 1025 1837 1044 no-

1053 1068 1110 1090 stro
1132 1068 1183 1091 est.
1203 1064 1253 1090 Hic
1273 1064 1373 1098 quippe
1387 1064 1531 1099 episcopus
1548 1064 1658 1092 incerta:
1686 1065 1772 1096 sedis,
1797 1064 1835 1092 ille

1052 1117 1115 1137 vero
1131 1109 1259 1137 Romana:
1273 1109 1399 1137 Ecclesiae
1411 1110 1558 1145 presbyter,
1573 1118 1605 1137 ac
1622 1109 1718 1137 Novati
1734 1111 1834 1145 opinio-

1052 1156 1132 1183 nibus
1156 1156 1303 1191 aliquando
1323 1155 1456 1189 addictus,
1473 1161 1500 1184 et
1514 1157 1638 1192 martyrii
1661 1161 1768 1184 tantum
1792 1164 1834 1184 {o-

1051 1209 1119 1229 rona
1131 1202 1241 1235 clarus;
1260 1207 1351 1230 uoster
1364 1210 1429 1229 vero
1448 1210 1503 1229 non
1522 1203 1610 1230 solum
1627 1203 1775 1239 martyrio,
1792 1203 1833 1230 sed

1051 1252 1078 1274 et
1096 1248 1249 1276 eruditione
1260 1253 1287 1275 et
1306 1248 1415 1283 scriptis
1433 1246 1635 1276 celeberrimus:
1655 1249 1702 1276 Ille
1717 1249 1833 1281 demum,

1051 1293 1198 1321 I’rudentio
1212 1298 1279 1322 teste
1289 1314 1296 1327 ,
1311 1294 1462 1321 furentibus
1477 1294 1554 1329 equis
1574 1299 1696 1329 raptatus
1718 1294 1831 1327 interiit;

1052 1343 1143 1365 noster
1158 1347 1236 1371 vero,
1260 1339 1282 1367 si
1305 1340 1371 1366 lidcs
1387 1338 1601 1375 Martyrologiis,
1615 1339 1641 1366 in
1662 1339 1772 1367 foveam
1793 1340 1832 1366 de-

1051 1391 1157 1410 mersus
1176 1384 1312 1411 occubuit.

1086 1449 1272 1479 Tbeodoretus
1287 1451 1360 1479 hunc
1372 1457 1496 1479 sanctum
1507 1452 1646 1480 doctorem
1662 1452 1764 1479 lluentc
1780 1452 1829 1479 fou-

1051 1495 1085 1522 tis
1103 1501 1251 1531 comparat,
1267 1493 1330 1524 dum
1345 1497 1451 1533 dialogo
1468 1499 1495 1531 5,
1509 1499 1567 1526 sive
1581 1504 1653 1526 torno
1669 1498 1702 1525 ιν
1717 1498 1828 1534 Operum

211 1545 338 1573 nimirum
358 1546 518 1581 priusquam
541 1551 651 1574 sanctus
668 1546 718 1573 hoc
734 1554 802 1581 opus
823 1554 901 1573 suum
923 1555 997 1574 com-
1011 1543 1032 1573 C
1049 1549 1162 1569 suorum
1178 1543 1275 1578 pagina
1289 1543 1337 1571 154
1351 1548 1378 1571 et
1391 1548 1532 1578 sequente,
1546 1545 1735 1573 testimonium
1752 1545 1830 1580 ipsius

211 1594 331 1624 poneret.
352 1590 387 1617 At
408 1590 436 1617 S.
450 1590 617 1626 Epiphanius
638 1592 710 1618 circa
734 1599 835 1618 annum
857 1592 908 1619 575
931 1592 995 1619 illud

210 1642 278 1669 opus
293 1635 424 1663 adversus
440 1637 556 1663 haereses
572 1637 750 1671 conscripsit,
762 1637 883 1672 adeoque
895 1643 996 1666 retror-

211 1688 271 1707 sum
298 1681 466 1708 numerando
484 1681 594 1711 hzeresis
613 1681 743 1709 Noetiana
769 1683 820 1710 sub
835 1683 995 1717 imperatore

210 1726 335 1762 Philippo
356 1733 448 1755 exorta
469 1733 526 1761 est,
539 1733 568 1755 ut
585 1728 774 1756 Tillemontius
795 1728 909 1756 aﬂirmat
926 1730 992 1766 (69).

210 1774 279 1800 Cum
301 1773 392 1808 itaque
408 1774 436 1801 S.
453 1774 611 1810 Hippolytus
627 1775 697 1802 hanc
715 1774 791 1803 Noeti
811 1776 935 1804 haeresim
952 1784 995 1804 re-

211 1823 303 1846 center
313 1825 434 1847 exortam
448 1821 571 1849 videatur
585 1822 774 1856 impugnassc,
788 1826 816 1849 ut
831 1823 901 1857 apud
915 1831 994 1850 eum-

210 1865 270 1892 dem
293 1864 493 1893 Tillemontium
520 1867 537 1893 l.
558 1875 582 1893 c.
609 1868 770 1900 ostenditur,
788 1868 814 1894 in
835 1868 886 1895 ista
910 1869 994 1904 hypo—

211 1911 281 1938 thesi
303 1912 460 1947 martyrium
486 1913 571 1947 ipsius
596 1917 658 1940 ante
682 1914 897 1948 persecutionem
920 1914 992 1942 Decii

210 1958 381 1992 imperatoris
395 1959 519 1986 collocari
543 1967 596 1987 non
618 1964 714 1994 potest.
732 1959 794 1987 Haec
813 1965 900 1988 tamen
917 1961 994 1989 Tille-

209 2004 304 2031 montii
319 2010 476 2038 argumenta
492 2013 545 2032 non
558 2006 670 2033 omnino
684 2010 757 2033 certa
775 2011 855 2040 sunt,
870 2008 993 2042 quando-

209 2049 317 2085 quidem
333 2050 366 2077 ab
381 2050 442 2078 aliis
456 2056 597 2085 negantur.

243 2095 297 2123 Nec
310 2104 370 2131 quae
386 2097 419 2123 de
444 2098 503 2124 loco
526 2097 649 2133 martyrii
675 2097 821 2131 adduntur,
833 2107 865 2126 ea
888 2100 992 2127 muuita

208 2146 273 2169 sunt
294 2142 470 2175 auctoritate,
496 2149 525 2171 ut
544 2144 578 2171 iis
599 2145 664 2172 fides
690 2144 782 2172 haberi
806 2145 911 2173 debeat.
937 2146 993 2174 lmo

207 2187 336 2222 quoniam
354 2188 488 2216 Eusebius
502 2194 529 2216 et
547 2188 727 2225 Hieronymus
739 2190 773 2217 de
792 2191 923 2226 martyrio
940 2191 993 2220 hoc

208 2233 322 2266 sileant,
343 2234 555 2269 Christophorus
574 2234 750 2263 Heumannus
776 2236 832 2271 (70)
856 2238 995 2266 existimat

207 2278 381 2314 Hippolytum
403 2279 472 2307 falso
493 2279 527 2306 iis
549 2280 741 2313 annumerari,
763 2282 809 2315 qui
834 2283 993 2317 sanguinem

207 2333 287 2352 suum
307 2333 356 2359 pro
370 2333 453 2353 causa
471 2325 573 2353 Christi
594 2325 778 2361 profuderint,
792 2335 879 2361 eoque
895 2329 995 2356 verita-

207 2375 261 2398 tem
279 2371 418 2406 religionis
433 2371 594 2399 Christiana:
611 2372 806 2400 confirmarint.
827 2373 854 2401 ld
871 2375 943 2408 quod
959 2375 993 2402 li-

241 2437 446 2501 (65g_Dodwell,
459 2459 467 2472 ,
482 2438 622 2467 Dissertat.
639 2440 824 2476 Cyprianicar.
845 2449 887 2474 tu,
907 2442 921 2478 §
941 2442 991 2474 50,

243 2482 268 2501 ςι.
302 2482 328 2501 o.

226 2481 268 2501 aa.
283 2481 328 2501 δέ).

206 2481 480 2545 1iniliiiitjo'l'heodoret.
493 2531 500 2539 .
516 2510 615 2545 dialog.
637 2511 654 2538 2
680 2515 707 2538 et
727 2512 763 2543 5,
789 2512 846 2540 sive
870 2517 936 2540 tom.
958 2512 993 2540 IV

206 2543 286 2579 0pp..
303 2551 364 2579 pag.
378 2544 412 2571 88
422 2549 448 2571 et
463 2545 523 2572 155.

240 2579 297 2614 (67)
317 2578 415 2615 Daren.
429 2579 455 2606 in
466 2580 610 2609 Annal-.ad
625 2588 688 2608 ann.
706 2581 774 2615 259,
793 2590 869 2609 num.
886 2583 928 2610 10.

242 2615 298 2652 (δε)
318 2613 475 2652 :l'illemont,
493 2620 556 2642 tom.
571 2615 605 2642 111
632 2613 771 2648 Mémoin,
782 2625 842 2652 pag.
855 2617 916 2645 215.

242 2618 287 2648 (68
319 2618 525 2647 'I'Illemont,t01

241 2618 298 2682 (69;
318 2648 401 2682 ldem,
415 2650 525 2677 ibidem.

318 2683 485 2724 Heumaan
498 2686 598 2724 laudat.
616 2686 767 2724 Dissertat.,
786 2688 799 2724 ᾗ
816 2688 859 2724 12,
872 2697 931 2724 pag.
949 2690 989 2717 15.

319 2719 455 2758 ᾓυὶῃεη..
469 2721 527 2758 Act.
539 2722 603 2747 sint.
623 2722 704 2758 4151.,
722 2719 855 2758 pagfliﬂ.

241 2754 298 2791 (72)
318 2753 447 2791 Ρΐυόεηι.
459 2756 530 2790 Περὶ
544 2753 712 2791 στεφάνων,
722 2753 813 2785 ’ρθῙΊιι
829 2767 867 2785 xu.

317 2789 449 2831 ﬁasnage,
464 2789 575 2831 Annal”
590 2789 634 2831 an.
652 2792 714 2823 222.
732 2801 807 2831 nutu.
823 2793 850 2821 8.

242 2824 297 2860 (74)
317 2824 368 2852 Ubi
388 2824 482 2863 beatus
508 2826 552 2854 ille
573 2828 674 2863 chorus
693 2833 735 2855 est
756 2829 943 2863 episcoporum
965 2834 991 2857 et

206 2859 425 2896 doctorum,qui
439 2866 570 2898 tanquam
595 2862 738 2891 luminaria
766 2859 792 2891 i'n
821 2859 922 2892 mundo
948 2873 991 2892 rc-

1048 1593 1075 1614 et
1089 1588 1204 1615 aliorum
1218 1593 1375 1617 sanctorum
1390 1590 1501 1618 Patrum
1515 1596 1609 1618 contra
1629 1591 1773 1619 haereticos
1786 1591 1830 1618 ad-

1047 1634 1122 1661 ducit
1137 1635 1189 1662 hoc
1202 1635 1283 1662 modo
1298 1645 1305 1662 :
1323 1635 1379 1662 Fac
1392 1637 1474 1672 igitur
1493 1641 1600 1671 pateant
1613 1645 1689 1664 aure:
1701 1657 1710 1670 ,
1722 1642 1748 1664 et
1759 1637 1830 1672 spiri-

1049 1681 1162 1707 tualium
1172 1682 1285 1716 fontium
1296 1683 1396 1717 ﬂuenta
1410 1684 1509 1718 accipe,
1524 1684 1610 1710 sancti
1624 1684 1727 1718 lgnatii
1742 1685 1828 1710 Antio-

1047 1727 1122 1755 clteui
1133 1731 1157 1754 et
1169 1728 1293 1762 martyris
1304 1736 1336 1754 ea:
1348 1729 1459 1762 epistola
1472 1729 1506 1755 ad
1520 1727 1724 1763 Smyrnenscs...
1741 1728 1828 1756 Iremci

1048 1773 1230 1809 Lugdunensis
1246 1774 1360 1809 episcopi
1378 1782 1410 1801 ea:
1430 1775 1507 1801 tertio
1523 1775 1591 1801 libro
1608 1775 1735 1802 adversus
1754 1776 1828 1802 litare-

1047 1829 1122 1848 ses...
1140 1821 1225 1847 sancti
1243 1820 1380 1855 Hippolyti
1399 1821 1513 1855 episcopi
1532 1825 1557 1847 et
1582 1821 1709 1855 martyris
1730 1829 1763 1849 ea:
1781 1823 1828 1855 epi-

1046 1866 1115 1894 stola
1132 1866 1166 1893 ad
1184 1867 1327 1901 quamdam
1341 1867 1468 1901 reginam.
1494 1867 1523 1894 S.
1540 1866 1769 1902 Chrysostomus,
1786 1875 1826 1894 seu

1046 1913 1136 1947 potius
1148 1912 1217 1940 alius
1233 1912 1361 1946 antiquus
1375 1916 1469 1939 auctor
1483 1912 1534 1939 sub
1546 1911 1605 1945 ejus
1618 1912 1740 1945 nomine,
1759 1912 1826 1939 attri-

1046 1957 1106 1984 buit
1119 1956 1147 1984 S.
1163 1956 1306 1992 Hippolyto
1320 1957 1458 1991 ingenium
1472 1957 1618 1987 excellens.
1635 1957 1825 1991 eloquentiam-

1046 2010 1099 2038 que
1122 2003 1330 2034 suavissimam,
1355 2010 1405 2030 nec
1423 2002 1529 2030 dubitat
1552 2010 1613 2030 eum
1635 2002 1762 2031 conferre
1772 2012 1824 2031 cum

1047 2048 1076 2075 S.
1092 2048 1195 2084 lgnatio
1214 2048 1249 2075 M.
1261 2053 1288 2076 et
1303 2047 1332 2075 S.
1346 2048 1476 2084 Dionysio
1491 2049 1632 2077 Corinthio
1652 2050 1696 2078 vel
1718 2051 1824 2078 Alexan—

1046 2095 1126 2122 drino
1140 2095 1206 2130 (74).
1223 2094 1252 2122 S.
1265 2094 1426 2122 Anastasius
1446 2094 1537 2121 saeculi
1551 2103 1587 2122 vn
1602 2095 1745 2123 confessor
1755 2104 1823 2123 eum-

1046 2141 1107 2168 dem
1125 2141 1288 2175 condecorat
1303 2141 1380 2168 titulo
1396 2141 1486 2176 magui
1504 2145 1533 2168 et
1547 2142 1726 2169 sacratissimi
1741 2142 1824 2169 docto-

1046 2186 1094 2220 ris,
1111 2187 1188 2214 testis
1205 2187 1291 2215 tidelis
1306 2187 1428 2214 veritatis
1438 2207 1446 2219 ,
1457 2191 1537 2222 atque
1552 2187 1647 2222 organi
1664 2188 1752 2215 sancti
1771 2187 1824 2222 Spi-

1045 2233 1114 2261 ritus
1125 2227 1202 2268 ’(75).
1221 2232 1351 2260 Leontius
1369 2233 1535 2269 Byzantinus
1549 2238 1673 2261 sanctum
1693 2234 1822 2262 doctorem

1045 2284 1170 2307 nostrum
1184 2284 1306 2307 recenset
1328 2280 1399 2307 inter
1417 2279 1615 2307 illustrissitnos
1635 2280 1764 2309 Ecclesia:
1778 2280 1822 2307 Pa—

1044 2329 1111 2358 tres,
1129 2326 1176 2361 qui
1190 2334 1206 2353 a
1222 2332 1286 2353 nato
1304 2325 1443 2354 Salvatore
1457 2326 1490 2353 ad
1504 2326 1647 2361 imperium
1660 2334 1747 2362 usque
1757 2326 1808 2354 Con

1044 2371 1156 2399 stantini
1171 2370 1206 2398 Μ.
1218 2370 1334 2399 ﬂoruere
1348 2371 1414 2406 (76).

1044 2440 1238 2475 splenduerunt
1254 2440 1365 2467 verbum
1380 2440 1441 2468 vitte
1454 2441 1621 2469 continentes
1632 2442 1675 2469 ?...
1695 2441 1744 2469 Ubi
1764 2441 1820 2475 Hip-

1043 2476 1344 2511 polytusAsuavissimus
1362 2480 1388 2502 et
1404 2476 1700 2504 benevolentissimus?
1716 2476 1764 2504 Ubi
1776 2477 1819 2503 Ba-

1043 2509 1122 2538 silius
1135 2509 1258 2572 Magnus,
1271 2515 1323 2538 etc.
1335 2511 1522 2546 Chrysostom.
1535 2516 1601 2539 tom.
1616 2511 1646 2538 Vl
1662 2512 1743 2547 0pp.,
1756 2516 1816 2540 orat.

1044 2546 1089 2579 5i,
1104 2553 1165 2581 pag.
1183 2545 1240 2581 780.
1252 2557 1259 2564 -

1081 2567 1089 2579 ν
1106 2565 1165 2579 γωδ·
1178 2565 1240 2572 τνν·

1079 2580 1163 2616 (75)(
1183 2580 1252 2618 Ecce
1264 2588 1337 2618 nunc
1352 2585 1378 2608 et
1392 2581 1594 2618 sacratissimus
1605 2582 1649 2609 hic
1664 2587 1691 2611 et
1711 2589 1817 2618 magnus

1043 2617 1148 2650 doctor,
1163 2616 1340 2650 veritatisque
1356 2617 1434 2644 testis
1458 2617 1546 2644 fidelis
1569 2618 1741 2646 concorditer
1759 2616 1815 2645 cum

1043 2652 1105 2679 aliis
1119 2651 1247 2688 omnibus
1262 2652 1375 2688 sanctis;
1390 2652 1529 2679 catholica:
1550 2652 1594 2679 Dei
1616 2660 1647 2680 ac
1670 2653 1816 2688 apostolicze

1043 2687 1259 2714 institutionibus
1273 2686 1411 2718 Ecclesiae,
1427 2688 1496 2714 duas
1506 2687 1655 2715 secundum
1676 2686 1814 2716 u‘nitionem

1042 2722 1252 2758 iuconfusamret
1263 2722 1436 2758 impatibilem
1450 2723 1680 2758 quemadmodum
1701 2728 1813 2753 naturas,

1043 2760 1079 2784 ita
1100 2758 1182 2785 etiam
1207 2757 1478 2793 duasrvoluntates'.
1499 2779 1505 2785 .
1523 2778 1530 2785 .
1549 2778 1556 2785 .
1574 2759 1695 2786 conlitcri
1708 2759 1789 2793 jubet.
1804 2766 1811 2781 ι

1042 2794 1168 2820 Anastas.
1180 2793 1215 2828 in
1231 2792 1340 2819 Collect.
1355 2793 1556 2826 Sirmondiana,
1570 2798 1635 2820 tom.
1662 2792 1746 2828 lll,’p.
1758 2793 1812 2820 590.

1078 2828 1134 2863 (76)
1152 2838 1161 2854 ι
1178 2827 1357 2862 Temporibus
1381 2828 1434 2856 illis
1448 2837 1508 2863 qum
1520 2837 1536 2855 a
1556 2828 1655 2857 Christi
1681 2827 1813 2856 nativitate

1043 2872 1128 2900 usque
1140 2863 1172 2892 ad
1188 2863 1330 2898 imperium
1345 2864 1514 2893 Constantini
1532 2869 1720 2899 numerantur,
1736 2863 1826 2901 Μαυρ-
