1861 3052
56 103 100 131 285
546 111 590 138 DE
608 111 690 140 VITA
708 112 752 140 ET
772 113 925 142 SCRIPTIS
945 115 972 143 S.
992 115 1180 144 lﬂPl’OLYTl‘.

1617 120 1670 148 386

731 236 922 282 CAPUT
958 237 1026 281 Il.

446 401 497 431 DE
517 401 691 433 SCRIPTIS
719 402 902 436 GENUINIS
924 403 1064 435 SANCTI
1093 405 1317 437 HIPPOLYTI.

299 567 500 597 ARTlCULUS
519 569 528 596 l
549 570 614 606 (τι).

49 651 81 671 DE
92 639 250 673 ’ωτλιοῦο
265 654 408 675 ιιιικοκυκ
421 657 446 676 IN
457 657 597 677 HIPI‘OLY'I‘I
610 658 714 678 STATUA
725 659 849 678 SCULPTO.

86 721 157 749 Cum
170 722 323 760 Hippolyti
345 725 474 753 librorum
489 726 627 762 catalogus
639 748 646 761 ,
659 728 705 762 qui
721 728 747 755 in
764 734 852 757 statua

57 772 132 795 sexto
148 768 269 796 demum
287 771 389 799 seculo
402 772 489 806 posita
510 772 667 807 designatus
687 778 739 804 est.
754 783 852 810 quam-

61 814 130 846 dam,
145 815 263 842 etiamsi
278 824 333 843 non
346 815 481 852 magnam,
492 815 588 846 habeat
596 819 795 854 auctoritatem,
806 829 853 849 ne-

64 868 135 888 cesse
150 866 205 894 est,
222 866 256 889 ut
269 863 428 897 priusquam
441 864 473 891 de
486 865 571 891 nostri
583 866 690 899 scriptis
703 867 854 902 disquirere

66 907 241 942 incipiamus,
266 916 396 936 mancum
416 915 570 939 contextum
595 911 668 939 illius
681 913 796 948 catalogi
810 921 853 940 re-

66 952 212 980 stituamus
226 953 302 989 (78).

99 1020 129 1047 ln
142 1025 267 1055 quatuor
280 1022 417 1056 prioribus
434 1022 513 1050 lineis
530 1023 633 1052 litteras
648 1025 792 1053 nonnullas
808 1025 854 1053 de-

68 1066 144 1094 tritas
158 1075 222 1094 esse
240 1068 308 1094 satis
328 1073 448 1102 apparet.
464 1068 501 1096 Ita
525 1069 552 1096 in
567 1071 653 1104 prima
671 1071 741 1099 linea
756 1071 855 1106 legitur

69 1112 157 1139 ΙΟΥΣ.
177 1112 304 1148 Scaliger
319 1113 375 1148 (79)
390 1115 447 1141 vult
468 1115 517 1142 bas
531 1115 634 1144 litteras
647 1123 708 1144 esse
724 1117 855 1151 reliquias

68 1159 143 1186 verbi
157 1159 296 1194 ψαλμούς,
309 1160 381 1194 quod
404 1161 619 1196 conjungendum
632 1162 667 1189 sit
680 1170 742 1190 cum
758 1163 855 1190 litteris

69 1206 95 1232 in
112 1207 242 1242 sequenti
261 1207 333 1234 linea
356 1207 432 1235 lectis
446 1208 541 1241 NIAZ;
561 1209 639 1235 ΝΙΑΣ
653 1209 749 1237 litteris
764 1215 854 1237 autem

67 1253 248 1280 commutatis
270 1253 299 1279 in
321 1253 423 1279 ΝΟΙΑΣ
436 1258 511 1287 putat
530 1254 637 1282 ultimas
654 1255 703 1282 has
726 1262 786 1283 esse
802 1256 856 1291 syl-
871 1256 892 1283 Β

67 1297 146 1325 labas
160 1298 240 1325 verbi
257 1299 409 1333 μετανοίας,
426 1299 464 1326 ita
481 1303 511 1326 ut
533 1299 696 1335 intelligendi
716 1301 771 1328 sint
787 1301 857 1336 ψαλ-

69 1343 119 1378 μοὶ
134 1344 280 1386 permota;
298 1344 406 1379 (psalmi
429 1345 647 1380 ptenitentiales).
662 1347 748 1380 Quam
764 1348 856 1382 conje-

66 1395 193 1423 cturam,
205 1399 267 1426 quae
284 1392 452 1426 gravissimis
470 1393 560 1420 causis
580 1393 696 1420 refutata
709 1397 750 1420 est
763 1401 776 1420 a
795 1393 858 1420 Ste-

66 1436 164 1470 phano
190 1436 311 1472 Moynio,
338 1437 449 1465 omnino
463 1437 558 1465 falsam
585 1446 654 1471 esse,
671 1439 733 1466 inde
750 1447 858 1474 quoque

65 1483 172 1515 elucet,
189 1482 265 1517 quod
286 1487 313 1510 et
334 1483 361 1509 in
378 1484 501 1518 sequenti
523 1483 603 1511 tertia
619 1484 689 1511 linea
715 1485 858 1512 adnotatus

66 1533 113 1556 est
130 1528 219 1555 nostri
243 1528 271 1555 in
287 1528 407 1563 psalmos
429 1529 656 1562 commentarius,
673 1533 699 1556 et
718 1530 859 1565 μετανοίας

66 1574 200 1606 verbum,
216 1582 279 1601 cum
294 1582 389 1601 novem
403 1579 507 1602 tantum
522 1575 626 1603 litteras
640 1575 788 1608 contineat,
805 1583 859 1602 non

67 1623 160 1646 totam
179 1619 330 1653 explevisse
341 1619 439 1646 lineam
452 1619 566 1647 videtur.
578 1619 606 1647 lu
621 1627 729 1654 quaque
742 1620 812 1647 enim
832 1621 861 1647 li-

67 1672 123 1691 nea
135 1664 235 1692 litteris
247 1664 356 1699 impleta
370 1665 504 1692 sexdecim
514 1664 570 1692 fere
581 1665 757 1692 inveniuntur
766 1665 861 1692 Iitter:e

67 1709 141 1744 (80).
161 1709 319 1744 Stephanus
345 1711 402 1745 ipse
419 1711 550 1746 conjecit,
575 1711 714 1746 legendum
738 1718 797 1738 esse
822 1711 861 1742 εἰς

67 1755 305 1791 πρωτοπλάστους
319 1757 438 1794 καὶπερὶ
453 1757 629 1792 κοσμηγονὶας
644 1757 686 1783 vel
705 1757 859 1791 ζωογονίας.

67 1802 139 1835 Quae
146 1803 305 1837 conjectura
317 1811 370 1830 non
379 1803 454 1830 omni
461 1803 694 1831 verisimilitudine
701 1808 789 1835 caret;
799 1810 861 1829 nam

69 1853 185 1876 constat
200 1853 325 1876 nostrum
348 1849 490 1884 scripsisse
508 1849 535 1876 in
549 1849 735 1875 Hexaemeron
750 1853 776 1875 et
789 1849 814 1875 in
830 1855 861 1876 ea

70 1902 136 1929 quae
160 1900 223 1929 post
244 1894 450 1928 Hexaemeron;
475 1895 597 1922 omittam
622 1899 712 1922 autem
737 1898 861 1928 respectu

71 1939 170 1968 habito
188 1940 222 1968 ad
238 1940 388 1967 litterarum
407 1948 550 1968 numerum
567 1940 613 1967 καί
625 1940 797 1974 particulam.
811 1939 860 1966 Mi-

70 1992 136 2013 rum
157 1990 251 2013 tamen
274 1993 318 2013 me
339 1985 435 2017 habet,
449 1985 521 2020 quod
541 1994 594 2013 non
618 1985 676 2012 vice
693 1993 772 2013 versa
789 1985 858 2012 scri-

72 2037 151 2066 ptum
169 2031 206 2059 sit
219 2031 283 2068 περὶ
299 2030 488 2066 κοσμογονεας,
503 2032 542 2063 εἰς
556 2031 792 2067 πρωτοπλάστους.
807 2030 861 2058 Dif-

73 2076 145 2104 ﬁcile
164 2081 219 2109 est,
243 2084 304 2104 cum
326 2081 365 2104 tot
385 2080 493 2104 exstent
513 2076 647 2112 Hippolyti
664 2077 735 2109 libri,
750 2081 777 2104 et
788 2076 860 2104 scul-

75 2127 137 2156 ptor
160 2123 240 2150 libris
265 2122 396 2150 tribueret
418 2122 509 2150 titulos
527 2123 659 2150 obscuros
676 2128 757 2157 atque
775 2129 860 2149 novos

76 2169 112 2201 (e.
127 2176 153 2196 e.
169 2168 410 2204 ὲγγαστρίμυθον),
428 2169 493 2196 satis
506 2169 648 2204 perspicue
659 2169 857 2201 demonstrare,

75 2215 123 2249 qui
144 2215 208 2242 libri
221 2214 389 2249 intelligendi
411 2214 475 2242 sint.
493 2213 584 2250 Itaque
599 2223 655 2242 rem
678 2215 705 2241 in
727 2221 860 2248 suspenso

76 2261 217 2296 relinquo;
236 2261 289 2289 hoc
309 2269 394 2288 unum
422 2265 526 2291 tantum
550 2261 734 2294 contendens,
749 2261 802 2288 illis
818 2260 863 2287 lit~

78 2307 143 2335 teris
163 2307 332 2343 signiticatos
347 2307 642 2336 esse.commentarios
657 2307 775 2343 in,sacra
788 2307 862 2334 Scri-

83 2459 168 2483 ctores
180 2459 205 2482 et
217 2452 313 2480 Patres
324 2451 506 2479 exstiterunt:
524 2450 644 2485 lgnatius
655 2450 699 2477 ille
719 2449 864 2484 Theopbo-

84 2498 135 2521 rus,
149 2490 280 2521 lrenaaus,
297 2487 424 2515 Justinus
442 2486 619 2521 philosophus
629 2491 655 2512 et
668 2490 784 2521 martyrJ
799 2485 861 2511 Cle—

84 2519 156 2552 mens
168 2531 196 2552 et
211 2519 373 2558 Hippolytus
390 2519 510 2558 episcopi
525 2519 652 2554 Romani,
664 2529 674 2546 ι
693 2523 745 2548 etc.
766 2519 862 2547 Leont.

85 2559 190 2596 Byzant.
205 2556 324 2593 Πρᾶξεῐ,
341 2565 405 2592 pag.
419 2556 481 2583 450.

115 2615 170 2651 (77)
185 2615 339 2651 Articulum
361 2613 440 2651 hunc
453 2610 718 2651 .primumnaddimus
732 2617 764 2651 ex
788 2617 863 2651 com:

89 2645 244 2678 méntatione
268 2645 560 2686 historico-criticaﬂde
572 2645 605 2686 IS.
621 2645 865 2686 llippolvtinvita'et

90 2686 197 2719 scriptis.
213 2693 295 2720 quam
320 2691 398 2720 anno
420 2682 488 2720 1858
500 2681 640 2720 ‘Gottinggz
654 2680 738 2720 edidit
753 2680 868 2706 Carolus

92 2714 239 2749 Guiiielmu's
252 2719 372 2751 Haenel,
387 2717 592 2744 Luchoviensis.
603 2714 689 2742 Eutr.
704 2714 790 2742 Pun.

119 2767 170 2801 (78)
184 2767 353 2801 Catalogum
367 2760 726 2801 exscripserunt_(}_rutertis
739 2759 869 2801 (Thesau-

92 2794 127 2830 ηιὲ
147 2794 356 2838 ἰῇερήριίυἷηιηι
369 2819 378 2832 ,
394 2805 422 2832 p.
442 2794 518 2830 ΗΟ),
535 2796 676 2824 Fabricius
696 2794 773 2831 (Opp.
790 2794 868 2829 Hipp.

860 582 884 610 Α
899 578 943 609 pta
955 583 962 608 ;
977 582 1040 601 nam
1052 578 1173 609 apparet,
1185 575 1239 603 illis
1252 575 1383 604 absolutis
1403 576 1572 612 dogmaticos
1584 579 1676 614 apolo-

900 620 1054 656 geticosque
1066 621 1149 649 libros
1163 621 1271 650 demum
1284 622 1397 650 laudari.

937 689 1097 716 ΑΛΜΟΥΣ.
1120 688 1190 722 Quin
1211 690 1252 717 ha:
1277 690 1371 717 littera:
1392 691 1446 718 sint
1467 691 1585 726 reliquiae
1605 692 1678 719 vocis

901 733 1035 768 ψαλμούς,
1053 741 1107 760 non
1124 734 1235 767 dubito,
1255 734 1282 761 in
1302 743 1371 769 quos
1397 740 1519 762 nostrum
1537 736 1678 770 Scripsisse

901 784 1015 807 testatur
1027 779 1215 815 Hieronymus.
1230 780 1322 815 itaque
1335 781 1481 816 respiciens
1493 781 1524 808 ad
1535 781 1610 808 lineae
1618 790 1679 816 spa-

903 825 971 852 tium
987 826 1085 853 litteris
1098 826 1275 861 implendum,
1287 826 1427 862 legendum
1444 831 1509 862 puto
1522 826 1556 853 τὰ
1566 828 1605 859 εἰς
1617 828 1679 859 τοὺς

901 872 954 906 ψαλ
958 872 1023 907 μούς
1028 892 1034 899 .

937 939 1210 967 ΓΑΣΤΡΙΜΥΘΟΝ.
1227 939 1346 976 Scaliger
1365 941 1507 976 legendum
1525 948 1585 968 esse
1599 941 1681 975 ἐγγα-

904 986 1049 1021 στρίμυοον
1061 993 1132 1014 recte
1149 987 1215 1013 vidit
1231 986 1299 1022 (81).
1311 986 1379 1014 Cum
1396 986 1574 1022 Hieronymus
1589 988 1615 1013 in
1633 994 1680 1014 ca-

904 1031 994 1066 talogo
1017 1031 1102 1058 nostri
1126 1031 1258 1059 librorum
1284 1031 1374 1059 laudet
1389 1032 1487 1059 librum
1506 1033 1538 1059 de
1555 1032 1637 1059 Saulo
1655 1037 1682 1059 et

904 1075 1076 1111 Pythonissa,
1094 1075 1248 1111 Stephanus
1259 1076 1335 1112 justo
1357 1077 1417 1112 jure
1440 1077 1587 1110 contendit,
1602 1077 1680 1104 libel—

907 1122 961 1149 lttm
979 1122 1031 1149 hoc
1052 1122 1132 1149 titulo
1149 1122 1309 1157 inscriptum
1331 1128 1467 1158 spectasse
1484 1122 1518 1149 ad
1537 1121 1682 1158 Pythonis-

906 1176 964 1195 sam
978 1169 1062 1201 illam,
1077 1177 1138 1203 quze
1152 1169 1225 1196 Sauli
1241 1170 1311 1204 regis
1324 1169 1401 1204 jussu
1418 1169 1552 1197 Samuelis
1565 1169 1684 1196 animant

906 1222 938 1242 ex
954 1214 1023 1242 Orco
1037 1221 1165 1242 evocasse
1177 1219 1303 1242 narratur
1316 1214 1327 1240 1
1346 1214 1421 1242 Sam.
1436 1223 1496 1250 cap.
1509 1215 1553 1242 28.

941 1295 1018 1329 Πρὸς
1034 1295 1220 1329 Σεϐηρεῖναν.
1243 1293 1370 1329 Stephan.
1389 1295 1504 1329 conjecit
1527 1295 1683 1322 ΣΕΒΗΡΑΝ

908 1342 964 1375 ΑΥ,
979 1347 1059 1377 atque
1076 1347 1152 1377 putat
1164 1342 1270 1369 Sevem
1283 1341 1399 1376 Philippi
1412 1341 1508 1369 Arabis
1524 1342 1600 1369 uxori
1615 1342 1685 1369 hanc

907 1388 1050 1423 epistolam
1068 1388 1159 1414 datam
1170 1395 1239 1415 esse.

950 1455 1037 1482 Ὠιδαὶ
1054 1457 1098 1489 εἰς
1112 1456 1211 1489 πάσας
1225 1456 1349 1491 γραφάς.
1366 1456 1463 1483 Mirum
1477 1457 1593 1489 videtur,
1614 1457 1686 1491 quod

909 1505 1002 1528 uoster
1018 1501 1116 1528 dicitur
1135 1501 1168 1529 de
1186 1506 1242 1529 tota
1260 1510 1337 1529 sacra
1353 1502 1492 1537 Scriptura
1514 1503 1555 1531 vel
1570 1504 1603 1531 de
1615 1511 1686 1538 quo.-

910 1554 963 1581 que
979 1547 1039 1582 ejus
1060 1547 1130 1575 libro
1153 1548 1279 1575 homilias
1300 1548 1439 1577 habuisse.
1458 1549 1551 1584 Itaque
1572 1550 1688 1585 conjecit

912 1593 1064 1628 Stephanus
1080 1593 1136 1629 (82)
1154 1593 1220 1629 ᾠδαὶ
1241 1595 1282 1626 εἰς
1302 1594 1391 1626 πάσας
1413 1595 1540 1630 αἱρέσεις.
1555 1594 1632 1628 Quod
1647 1596 1687 1622 vi-

911 1645 1018 1676 tuperat
1031 1641 1102 1668 Cave
1117 1641 1172 1676 (85)
1186 1646 1285 1676 putans
1306 1642 1357 1670 ista
1378 1643 1483 1670 ratione
1498 1643 1629 1678 quadrata
1644 1651 1688 1670 ro-

911 1688 1002 1715 tundis
1015 1688 1161 1723 permutari
1177 1687 1302 1716 facillime
1314 1696 1403 1723 posse.
1416 1687 1513 1724 Negari
1528 1694 1618 1716 tamen
1633 1697 1688 1716 non

911 1739 1010 1769 potest,
1025 1735 1228 1762 similitudinem
1251 1743 1312 1762 esse
1334 1735 1404 1762 inter
1422 1735 1524 1762 litteras
1547 1735 1689 1770 utriusque

912 1781 985 1808 rerlii
1007 1785 1120 1814 tantam,
1136 1786 1165 1808 ut
1178 1781 1224 1814 qui
1239 1781 1343 1816 printus
1363 1781 1446 1808 edidit
1465 1781 1627 1815 catalogum,
1644 1782 1689 1808 lit-

914 1826 979 1853 teris
995 1826 1021 1853 in
1041 1830 1129 1854 statua
1145 1826 1260 1858 detritis.
1281 1834 1375 1854 errore
1395 1827 1523 1862 deceptus
1547 1827 1592 1854 illa
1609 1827 1689 1854 verba

913 1871 991 1900 facile
1006 1877 1174 1900 commutare
1192 1877 1292 1907 posset.
1311 1872 1364 1899 Pro
1383 1872 1455 1908 ᾠδὰς
1474 1874 1514 1904 εἰς
1529 1873 1617 1907 legere
1633 1873 1691 1900 vult

875 1917 985 1951 cidem
1011 1917 1163 1952 Stephanus
1187 1919 1265 1954 πρός,
1291 1918 1327 1945 ita
1352 1923 1382 1945 ut
1408 1922 1480 1946 totus
1500 1923 1578 1946 sonet
1597 1918 1690 1946 titulus

915 1962 981 1998 πρὸς
998 1963 1087 1994 πάσας
1103 1962 1153 1995 τὰς
1173 1963 1302 1999 αἱρέσεις.
1322 1963 1399 1997 Quod
1421 1964 1529 1998 quidem
1546 1963 1691 1999 sagacissi-

915 2016 1007 2042 mum;
1032 2008 1083 2042 ipsi
1106 2012 1195 2035 tamen
1213 2016 1268 2035 rem
1293 2009 1320 2036 in
1347 2016 1479 2043 suspenso
1500 2009 1690 2043 relinquimus,

913 2062 975 2081 cum
993 2054 1070 2081 nobis
1090 2062 1143 2081 non
1160 2054 1239 2082 liceat
1255 2059 1370 2082 statuam
1393 2054 1478 2089 ipsam
1495 2059 1522 2081 et
1539 2054 1690 2090 catalogum

913 2101 940 2127 in
955 2108 987 2128 ea
999 2100 1168 2135 designatum
1184 2100 1326 2135 inspicere.

952 2167 988 2196 Ut
999 2168 1078 2202 plane
1097 2175 1225 2195 mancum
1247 2172 1328 2202 atque
1343 2172 1501 2202 corruptum
1516 2173 1575 2194 esse
1590 2166 1692 2193 catalo-

916 2222 978 2250 gum
996 2214 1023 2241 in
1041 2218 1130 2241 statua
1153 2214 1323 2248 designatum
1341 2213 1536 2247 intelligamus,
1549 2219 1611 2239 eum
1625 2219 1692 2239 con-

915 2260 987 2287 ferre
1007 2260 1095 2295 placet
1119 2267 1182 2287 cum
1206 2260 1337 2294 catalogis
1356 2259 1440 2286 nostri
1456 2259 1596 2291 librorum,
1610 2264 1691 2292 quem

915 2305 1069 2335 invenimus
1081 2306 1152 2340 apud
1165 2305 1311 2333 Eusebium
1327 2309 1354 2333 et
1367 2304 1569 2340 Hieronymum.

918 2451 971 2478 vol.
990 2452 1010 2484 l,
1025 2452 1051 2478 in
1069 2451 1122 2478 tab.
1141 2458 1179 2487 tt,
1191 2458 1222 2487 a,
1240 2454 1302 2485 post
1327 2458 1353 2485 p.
1371 2451 1416 2486 '56)
1428 2474 1435 2484 ,
1451 2450 1586 2487 (Συ-0.(οε
1604 2452 1692 2487 script.

917 2487 992 2519 eccl.,
1011 2487 1062 2515 vol.
1076 2488 1097 2519 Ι,
1113 2486 1225 2521 p.104).

952 2532 1008 2603 (:99);
1026 2531 1055 2559 ln
1069 2539 1199 2560 canonem
1216 2532 1310 2566 pasch.
1327 2531 1405 2566 Hipp.
1417 2531 1497 2567 (apud
1508 2531 1661 2564 Fabr.,vol.
1674 2531 1694 2564 Ι,

916 2575 943 2603 p.
963 2575 1014 2603 tu).

953 2613 1009 2649 (80)
1016 2613 1095 2642 Conf.
1104 2617 1220 2641 statuam
1228 2613 1393 2648 designatam
1402 2612 1469 2647 apud
1479 2620 1529 2642 nos
1544 2612 1628 2641 infra.

955 2660 1011 2695 (81)
1030 2660 1106 2695 Apud
1123 2659 1229 2686 Fabric.
1246 2660 1300 2686 vol.
1312 2660 1333 2693 ἰν
1347 2668 1374 2694 p.
1390 2659 1434 2686 8i.

956 2705 1010 2740 (se)
1024 2704 1054 2732 L.
1074 2705 1104 2737 1.,
1122 2712 1148 2739 p.
1163 2704 1240 2732 1088.

958 2753 1013 2787 (85)
1031 2752 1060 2782 [ι-
1079 2753 1110 2785 l.,
1125 2757 1189 2780 tom.
1207 2752 1227 2786 l,
1242 2760 1267 2787 p.
1287 2752 1346 2779 103.
