1861 3052
225 109 278 138 287

775 167 896 203 Catalog.
909 171 980 203 apud
995 168 1091 196 Euseb.

616 203 706 229 ΙΟΥΣ

616 238 705 265 ΝΙΑΣ

775 202 803 229 lu
818 202 1010 231 Hexaemeron.

226 271 256 300 In
271 272 402 300 Psalmos.

227 307 265 343 De
280 308 450 343 Pytlionissa.

226 342 264 369 De
277 341 422 377 evangelio
439 341 591 370 secundum
606 341 738 370 Joannem

261 382 287 405 et
300 377 473 413 Apocalypsi.

223 412 262 449 De
276 410 491 449 Charismatiblts
507 412 575 449 (84).

223 447 378 481 Apostolica
393 448 512 475 traditio.

223 482 377 510 Chronicnn
390 482 456 516 (85).

223 517 323 544 Contra
338 516 444 545 Graecos
457 521 485 545 ct
498 517 526 545 in
540 517 680 546 Platonem
694 517 737 546 vel

257 553 338 579 etiam
353 552 387 580 de
399 553 482 580 omni.

222 585 431 615 EYIIOI‘MIOI‘iUS
444 588 475 614 ad
491 587 656 615 Severinam.

222 621 435 660 Demonstratio_
447 627 597 660 temporum
610 622 736 660 _Pasclue
769 621 926 660 DePascha
943 622 1003 658 (lib.
1020 622 1050 659 ιι)
1071 630 1158 651 canon
1170 623 1285 660 pascha.-

258 658 483 690 qucmadmodum
502 658 528 684 in
546 658 645 685 tabula.
808 657 851 684 lis.

221 689 286 720 oua:
305 692 331 719 in
353 700 447 730 omnes
467 692 620 727 Scripturas
632 693 738 730 (adver-
772 691 910 721 Adversus
924 699 1019 720 omnes
1034 691 1161 722 haereses.

259 734 306 762 sus
319 735 414 755 omnes
431 728 568 762 haereses).

221 761 261 789 De
276 761 329 789 Deo
341 767 368 789 et
377 762 467 790 carnis
477 762 683 792 resurrectione.

221 796 261 825 De
274 797 344 831 δοῃο
357 802 384 826 et
398 797 469 831 unde
478 798 590 832 malum.

771 832 801 860 In
816 831 958 860 Canticum
975 835 1046 860 cant.

708 109 753 137 DE
775 109 853 137 Vl'l'A
872 109 916 137 ET
934 109 1088 138 SCRIPTIS
1106 109 1138 138 S.
1155 108 1344 137 HlPPOLYTl.

775 237 803 264 In
818 246 849 265 ea
862 246 923 272 quae
937 243 999 273 post
1014 237 1196 266 Hexaemeron
1213 238 1284 272 (con-

811 277 852 302 tra
865 273 1052 309 Marcionem).

772 481 810 510 De
824 481 928 510 Pascha
943 481 1001 518 (lib.
1015 482 1045 518 ι).

1324 167 1400 202 Apud
1415 167 1565 202 llieronym.

1324 202 1352 229 In
1369 202 1563 230 Hexaemeron.

1324 237 1433 270 (Contra
1448 235 1632 271 Marcioncm).

1323 272 1360 298 De
1373 271 1497 299 Psalmis.

1323 306 1361 342 De
1375 306 1457 334 Saulo
1469 311 1496 334 et
1506 305 1676 342 Pythonissa.

1323 341 1362 369 De
1371 341 1542 378 Apocalypsi.

1323 481 1486 517 Temporum
1501 488 1629 514 canones.

1320 622 1358 650 De
1368 621 1484 656 Pascha,
1495 629 1582 650 canon
1593 619 1744 657 paschalis.

1319 692 1456 720 Adversus
1472 699 1569 721 omnes
1578 692 1708 720 hzereses.

1319 762 1359 791 De
1373 762 1581 791 resurrectione.

1319 831 1349 860 In
1363 831 1467 862 Cantic.
1479 833 1578 862 cantic.

771 867 799 897 In
827 872 930 904 partem
960 867 1106 904 quamdam
1135 866 1284 898 Ezechielis

804 903 951 938 prophetae.

477 1242 679 1272 lAB'FlCULUS
696 1243 728 1271 11.

219 1295 244 1316 ε.
263 1295 400 1316 IIIPPOLYTI
426 1297 502 1315 LIBER
528 1296 572 1317 Cljl
597 1298 712 1318 τιτιιιυε
732 1299 739 1317 ζ
763 1299 773 1315 ι
795 1295 1000 1317 DEIIONSTRA'IIO

378 1332 412 1351 DE
429 1333 543 1360 CHRISTO
561 1333 596 1352 ΕΤ
614 1333 800 1353 ANTICHHISTO.
824 1334 833 1351 ι

255 1379 374 1407 Plurima
403 1380 512 1415 scripsit
523 1380 702 1416 (Hippolytus,
723 1380 852 1412 Eusebio,
870 1379 1000 1415 Hierony-

218 1434 275 1458 mo,
289 1426 387 1454 Photio
402 1427 515 1462 aliisque
530 1432 688 1455 memorata.
706 1427 833 1461 Quaedam
852 1434 945 1454 corum
966 1425 1000 1453 ad

217 1480 268 1500 nos
293 1477 489 1508 pervenerunt;
513 1473 658 1509 plerisque
683 1477 773 1500 autem
799 1480 847 1508 per
871 1471 998 1506 iujuriam

217 1523 369 1554 temporum
387 1527 459 1546 nunc
479 1527 624 1553 caremus;
652 1524 700 1547 aut
722 1518 874 1554 fragmenta
893 1521 999 1546 tantum

215 1568 374 1599 supersunt,
387 1572 448 1600 quae
463 1572 525 1592 cum
548 1564 576 1592 in
595 1564 675 1592 editis
693 1564 780 1597 libris,
797 1568 855 1590 tum
879 1563 906 1590 iu
925 1562 1000 1591 codi-

215 1611 295 1638 cibus
329 1611 522 1645 manuscriptis
548 1611 691 1639 habentur.
717 1610 786 1638 Sunt
802 1618 911 1645 quoque
932 1617 999 1637 nou-

215 1655 303 1686 mrlla,
319 1663 380 1690 quae
393 1654 526 1691 Hippolyti
544 1655 654 1690 quidem
669 1662 767 1682 nomen
782 1662 837 1689 pne
848 1663 877 1682 se
893 1654 999 1688 ferunt;

215 1702 325 1730 illorum
341 1707 430 1729 autem
443 1710 475 1729 ca
490 1706 532 1728 est
547 1702 626 1734 ratio,
640 1706 670 1728 ut
692 1706 764 1729 recte
777 1701 876 1729 eruditi
893 1701 942 1728 viri
952 1702 997 1735 ju-

215 1747 376 1781 dicaverint,
389 1748 440 1775 ista
454 1749 545 1776 minus
556 1748 706 1783 composita
717 1755 778 1775 esse
791 1749 824 1775 ab
838 1747 979 1783 Hippolyto
989 1769 997 1781 ,

214 1794 264 1824 sed
281 1794 307 1820 in
324 1794 401 1821 libris
417 1794 508 1821 dubiis
523 1802 555 1821 ac
572 1794 720 1829 suppositis
735 1795 873 1821 numerari
889 1795 996 1822 debere.

251 1839 285 1867 Et
306 1840 423 1875 primum
440 1840 547 1875 quidem
569 1840 659 1868 locum
692 1840 763 1868 inter
783 1848 864 1875 opera
894 1840 997 1876 integra

216 1893 265 1914 seu
280 1886 411 1921 ampliora
427 1885 456 1913 S.
473 1885 610 1922 Hippolyti
632 1886 737 1913 obtinet
753 1885 948 1913 Demonstratio
966 1886 997 1913 de

216 1931 322 1960 Christo
348 1937 374 1959 et
396 1932 569 1964 Antichristo,
591 1932 669 1966 cujus
695 1932 843 1959 meminere
867 1931 998 1969 Hierony-

216 1986 288 2012 mus,
305 1978 426 2006 Andreas
449 1978 636 2011 Caesariensis,
657 1977 809 2007 Germanus
832 1978 896 2012 (ΣΕ,
914 1978 997 2006 Joan-

215 2032 266 2052 nes
285 2024 478 2057 Damasceuus,
494 2031 521 2052 et
536 2023 670 2058 Photius;
688 2032 838 2059 eorumque
855 2025 912 2052 loca
931 2025 999 2052 infe-

215 2071 274 2098 rius
295 2070 364 2098 inter
385 2075 505 2098 veterum
525 2071 682 2099 testimonia
703 2071 812 2106 scriptis
833 2070 997 2106 Hippolyteis

214 2116 346 2151 praemisit
357 2115 388 2143 C.
401 2115 433 2144 Υ.
450 2117 608 2145 Gallandius
621 2117 693 2152 (86);
712 2121 740 2145 ut
750 2122 890 2152 propterea
904 2117 996 2146 mirari

215 2162 313 2190 subeat
339 2161 465 2197 Basnagii
497 2163 709 2193 conﬁdentiam.
745 2163 791 2198 qui
821 2164 997 2198 antiquorum

215 2207 378 2242 scriptorum
407 2207 459 2236 ﬁde
487 2207 653 2242 posthabita,
679 2208 801 2235 omnium
828 2209 997 2236 eruditorum

214 2253 320 2280 calculo
338 2253 532 2288 comprobata,
557 2253 680 2288 ﬁctilium
708 2253 879 2289 Hippolytum
903 2256 997 2290 appel-

214 2297 253 2324 lat
275 2297 330 2333 (8‘1)
351 2298 433 2333 hujus
452 2297 690 2326 Demonstrationis
712 2305 860 2328 auctorem.
886 2301 995 2330 Utinam

213 2349 279 2370 vero
292 2343 402 2378 legisset
418 2343 473 2375 ille,
496 2344 738 2379 perpendissetque
760 2345 895 2372 sincerum
915 2347 996 2381 primi

214 2389 325 2416 cditoris
347 2389 492 2424 judicium,
514 2390 561 2424 qui
582 2398 647 2418 sane
674 2391 724 2418 sibi
748 2396 891 2426 suspectus
924 2393 996 2420 haud

212 2441 275 2463 esse
285 2433 346 2469 jure
360 2437 477 2468 poterat.
497 2433 543 2462 Sic
559 2434 640 2470 igitur
656 2434 760 2463 Gudius
772 2436 826 2471 (88)
842 2444 848 2462 :
874 2436 997 2465 «illustre

251 2523 307 2558 (ει)
322 2521 448 2550 Neander
469 2523 510 2550 vir
532 2523 707 2551 doctissimus
729 2525 849 2558 dubitat,
876 2533 940 2553 num
963 2526 996 2554 de

214 2559 425 2586 charismatihus
439 2562 465 2585 et
478 2559 511 2586 de
523 2559 669 2593 apostolica
687 2560 833 2588 traditione
855 2561 881 2587 in
897 2561 993 2588 eodem

1318 941 1346 969 In
1359 941 1491 969 Exodum.

1317 977 1345 1004 In
1360 977 1486 1004 Genesi".

1316 1011 1344 1038 In
1360 1012 1529 1039 Zachariam.

1316 1047 1344 1073 In
1358 1047 1463 1074 Isaiam.

1315 1081 1353 1109 De
1368 1082 1485 1109 Daniele.

1315 1116 1354 1144 De
1365 1116 1528 1144 Proverbiis.

1316 1150 1354 1179 De
1372 1151 1544 1179 Ecclesiaste.

1317 1186 1354 1214 De
1364 1187 1542 1214 Antichristo.

1013 1244 1038 1274 Δ
1054 1242 1140 1270 Photii
1157 1243 1340 1272 testimonium
1365 1246 1479 1273 libenter
1501 1243 1705 1280 adjungendum
1727 1243 1827 1271 curavi-

1050 1298 1112 1317 mus
1128 1289 1184 1324 (89)
1196 1298 1202 1321 ;
1215 1294 1245 1317 ut
1256 1290 1279 1317 si
1293 1291 1420 1319 lectorem
1435 1291 1582 1319 oil‘enderet
1596 1290 1623 1317 in
1637 1290 1690 1317 hoc
1704 1290 1827 1325 opusculo

1049 1335 1253 1370 cogitationum,
1275 1337 1413 1372 ipsiusque
1433 1337 1564 1365 orationis
1577 1336 1752 1371 simplicitas,
1768 1335 1827 1362 llihli

1049 1385 1190 1416 propterea
1207 1382 1343 1410 dubitaret
1359 1383 1422 1417 περὶ
1441 1383 1490 1418 τῆς
1510 1382 1697 1418 γνησιόιτητος.
1722 1381 1828 1409 Photius

1049 1427 1140 1454 libello
1156 1432 1249 1455 nostro
1265 1433 1393 1463 tanquam
1412 1429 1542 1464 insignem
1561 1433 1653 1456 notam
1681 1428 1791 1462 apponit
1804 1427 1827 1453 τὺ

1048 1473 1102 1500 τῶν
1117 1475 1258 1509 νοημάτων
1282 1475 1474 1510 ἁπλούστερον.
1492 1474 1525 1502 Ει
1546 1474 1678 1509 profecto,
1706 1474 1827 1509 quidquid

1049 1518 1192 1556 Hippolyto
1202 1521 1346 1554 tribuebat,
1361 1521 1474 1548 miriﬁce
1490 1521 1643 1556 respondet.
1663 1530 1674 1547 ι

1084 1565 1131 1594 His
1147 1571 1237 1594 autem
1255 1567 1290 1595 de
1316 1567 1406 1602 operis
1429 1567 1582 1603 integritate
1611 1565 1727 1599 habitis,
1750 1565 1828 1601 pergit

1048 1611 1162 1643 Gudius,
1175 1616 1256 1647 atque
1272 1612 1306 1640 de
1316 1613 1388 1640 illius
1403 1613 1481 1641 titulo
1495 1612 1568 1639 hisce
1580 1611 1668 1639 verbis
1686 1611 1808 1639 edisserit
1820 1618 1826 1636 :

1051 1667 1060 1683 ι
1073 1657 1124 1684 Sed
1138 1665 1190 1684 non
1203 1658 1350 1686 omittenda
1365 1662 1408 1686 est
1426 1658 1671 1693 inscriptio,quam
1689 1663 1824 1684 conserva-

1047 1702 1086 1730 vit
1098 1702 1167 1730 idem
1182 1702 1312 1731 Photius:
1326 1703 1396 1737 Περὶ
1414 1703 1542 1737 Χριστοῦ
1553 1703 1601 1730 καὶ
1621 1701 1825 1737 Ἀντιχριστοῦ.

1049 1748 1166 1784 Uterque
1177 1750 1260 1777 codex
1277 1749 1418 1778 Bernensis
1430 1755 1457 1777 et
1471 1749 1654 1781 Ebroiceusis,
1676 1750 1750 1776 unde
1765 1755 1824 1782 opus

1047 1797 1222 1831 descriptum,
1249 1797 1373 1825 similiter
1397 1806 1403 1824 :
1423 1796 1493 1830 Περὶ
1512 1796 1565 1823 τοῦ
1591 1795 1730 1830 Σωτῆρος
1750 1793 1824 1829 ἡμῶν

1055 1843 1149 1877 Ἰησοῦ
1163 1843 1301 1878 Χριστοῦ,
1317 1842 1367 1870 καὶ
1385 1843 1451 1877 περὶ
1466 1842 1520 1870 τοῦ
1547 1842 1759 1877 Ἀντιχριστοῦ.
1777 1840 1824 1874 Ego

1049 1896 1112 1915 vero
1127 1889 1240 1917 discessi
1255 1889 1360 1924 magnis
1381 1889 1542 1916 rationibus.
1566 1886 1626 1914 Non
1649 1887 1725 1914 enim
1754 1885 1824 1913 debe-

1050 1935 1111 1962 bam
1138 1935 1303 1963 conscientia
1325 1934 1483 1968 convictus,
1511 1934 1685 1962 librariorum
1713 1939 1823 1960 errorem

1050 1985 1131 2015 atque
1147 1980 1325 2016 ignorantiam
1339 1981 1527 2016 superstitiose
1548 1985 1711 2013 propagare.
1735 1976 1823 2011 Hippo-

1050 2024 1121 2060 lytus
1147 2032 1257 2052 causam
1281 2025 1353 2053 dicet
1375 2025 1536 2054 necessarize
1555 2023 1728 2054 mutationis,
1755 2022 1823 2055 cujus

1049 2070 1130 2097 verba
1143 2075 1222 2097 sunt:
1243 2070 1335 2097 Verum
1355 2072 1479 2106 quoniam
1505 2071 1564 2105 jam
1589 2074 1689 2104 tempus
1708 2073 1779 2104 urget
1793 2067 1822 2094 ad

1050 2125 1091 2148 ea,
1106 2125 1163 2151 qua;
1183 2117 1256 2144 nobis
1278 2123 1431 2152 argumento
1442 2117 1576 2152 proposita
1592 2120 1663 2149 sunt,
1678 2123 1739 2142 cum
1760 2114 1820 2148 sufﬁ-

1050 2161 1131 2193 ciant,
1147 2170 1206 2196 qua!
1219 2162 1247 2188 in
1263 2162 1372 2189 exordio
1393 2163 1427 2188 ad
1443 2162 1492 2188 Dei
1515 2161 1625 2196 gloriam
1640 2160 1822 2195 peroravimus.

1050 2215 1153 2242 wquum
1165 2213 1214 2240 est,
1226 2213 1255 2234 ut
1271 2208 1447 2243 aggredienles
1461 2208 1530 2242 ipsas
1546 2207 1649 2234 divinas
1669 2205 1822 2240 Scriptum.

1049 2252 1147 2280 exiliis
1159 2253 1302 2287 videamus,
1324 2254 1382 2289 quis
1399 2258 1424 2281 et
1447 2253 1533 2288 qualis
1554 2251 1713 2279 Antio/tristi
1735 2251 1822 2278 adreru—

1051 2304 1092 2326 tus
1105 2298 1170 2333 (90).
1185 2299 1255 2332 Quid
1275 2307 1348 2326 nunc
1359 2303 1401 2327 est
1413 2299 1542 2334 apertius,
1557 2306 1638 2333 quam
1658 2305 1715 2324 non
1736 2296 1768 2324 ad
1782 2303 1822 2322 ar-

1050 2349 1206 2379 gumentum
1225 2345 1369 2378 pertinere.
1383 2353 1443 2380 quze
1451 2345 1483 2372 de
1495 2344 1604 2372 Christo
1619 2343 1746 2370 dixerat?
1758 2340 1822 2368 Nihil

1049 2397 1078 2416 se
1095 2389 1212 2424 proﬁteri
1236 2390 1393 2424 planissime
1418 2394 1543 2422 testatur,
1559 2395 1740 2424 praeterquam
1753 2386 1821 2413 Anti-

1049 2435 1143 2462 ehristi
1155 2435 1427 2465 demonstrationem.
1442 2435 1590 2464 Credamus
1612 2435 1720 2462 auctori
1742 2434 1821 2469 potius

1066 2559 1072 2565 _
1084 2524 1140 2586 (852
1158 2524 1242 2551 Tituli
1255 2524 1283 2552 h.
1297 2524 1315 2551 l.
1332 2524 1423 2552 collati
1435 2524 1560 2553 eumdem
1574 2523 1674 2551 librum
1687 2523 1820 2557 designare

1066 2567 1084 2586 lt
1094 2567 1125 2585 Cll
1141 2567 1182 2586 lll‘.

1048 2567 1182 2587 νιιιεηιιιτ.

214 2593 284 2632 libro
297 2593 476 2632 disputaycrit
492 2591 597 2632 Hippo].
614 2595 644 2621 In
658 2595 764 2622 duobus
783 2603 844 2632 vero
869 2596 945 2623 libris
961 2604 992 2623 ea
1007 2595 1029 2625 C
1054 2594 1136 2632 “(86)
1153 2594 1293 2626 (Ξιιιιαιιᾱ.λ
1301 2593 1429 2623 Biblioth.
1453 2594 1524 2626 PP.,
1539 2599 1606 2621 tom.
1632 2593 1666 2627 ll,
1680 2600 1742 2628 pag.
1761 2591 1817 2621 Ml,

213 2629 247 2657 de
262 2636 292 2665 re
308 2628 382 2665 illum
398 2628 559 2665 disseruisse
575 2634 650 2663 puto,
662 2638 724 2656 cum
741 2638 794 2657 non
807 2631 911 2665 legatur
926 2632 995 2658 ἁπο-

214 2663 325 2700 ςτολικγὴ
341 2663 491 2700 παρᾴδρσιςν
500 2663 563 2700 περὶ
577 2665 763 2700 χαρισμάτων,
778 2667 824 2693 sed
833 2663 895 2693 Vico
907 2674 994 2694 versa.

214 2697 254 2736 De
266 2697 461 2736 quibusnlihris
485 2697 566 2736 latius
578 2697 671 2736 "atque
693 2700 783 2736 fusius
797 2701 918 2736 disputat
934 2701 995 2728 Stc-

213 2734 336 2768 phauus;
351 2734 466 2762 aliorum
482 2735 603 2761 virorum
619 2735 761 2762 doctorum
777 2735 828 2763 hac
841 2734 878 2763 de
892 2744 920 2763 re
934 2744 996 2764 sen-

214 2768 305 2806 t_enti_ae
317 2769 449 2806 leguntur
457 2770 542 2806 _apud
555 2769 740 2806 fabricium.
757 2775 821 2798 tom.
840 2770 861 2803 Ι,
877 2779 937 2806 pag.
950 2772 994 2798 85.

212 2803 432 2867 ξὲἕῖὶθξέὗΐὶείί
453 2803 525 2833 Bibl.
548 2803 632 2832 Gm’c.
655 2806 698 2833 ed.
720 2805 852 2840 llarless.,
867 2803 925 2834 (oi:
940 2806 994 2840 VII,

214 2846 276 2874 pag.
288 2846 348 2867 we.

1047 2630 1139 2700 ΜἶέῚ)
1153 2665 1280 2700 Basnag.,
1299 2663 1447 2694 Animadv._
1463 2664 1496 2692 ad
1518 2669 1584 2692 tom.
1598 2663 1609 2692 ι
1625 2662 1754 2690 Thesauri
1774 2660 1818 2688 Ca-

1055 2701 1308 2796 nlfééigutl.0apud
1322 2733 1427 2761 Fabric.
1443 2740 1509 2762 tom.
1523 2734 1532 2761 l
1545 2734 1615 2770 Opp.
1629 2733 1659 2762 S.
1679 2731 1818 2770 Hippolyti,

1055 2779 1109 2796 Dilﬂ.
1143 2790 1150 2796 .

1067 2780 1109 2805 ag.
1123 2780 1150 2797 Ζ.

1085 2804 1140 2839 (89)
1156 2804 1248 2838 i’hot.,
1265 2804 1389 2832 Bibliolh.
1405 2805 1465 2832 cod.
1482 2813 1544 2833 ccu.

1085 2840 1139 2876 (90)
1156 2840 1192 2867 De
1209 2841 1324 2868 Amic/ir.
1341 2848 1399 2875 cap.
1415 2847 1441 2867 τ.
