  <div class='ocr_page' id='page_1' title='image "/cluster/home/n/w/nwhite01/storage/ocr_20150623/10/njp.32101077772406/162.png"; bbox 0 0 1861 3052; ppageno 0'>
   <div class='ocr_carea' id='block_1_1' title="bbox 485 95 1122 134">
    <p class='ocr_par' dir='ltr' id='par_1_1' title="bbox 485 95 1122 134">
     <span class='ocr_line' id='line_1_1' title="bbox 485 95 1122 134; baseline -0.006 0"><span class='ocrx_word' id='word_1_1' title='bbox 485 105 528 134; x_wconf 87' lang='lat' dir='ltr'><strong>DE</strong></span> <span class='ocrx_word' id='word_1_2' title='bbox 546 105 626 134; x_wconf 77' lang='lat' dir='ltr'><strong>vm</strong></span> <span class='ocrx_word' id='word_1_3' title='bbox 645 104 690 133; x_wconf 80' lang='lat' dir='ltr'><strong>E&#39;l‘</strong></span> <span class='ocrx_word' id='word_1_4' title='bbox 712 99 868 134; x_wconf 80' lang='lat' dir='ltr'><strong>SCRIPTIS</strong></span> <span class='ocrx_word' id='word_1_5' title='bbox 885 104 913 131; x_wconf 92' lang='lat' dir='ltr'><strong>s.</strong></span> <span class='ocrx_word' id='word_1_6' title='bbox 931 95 1122 132; x_wconf 72' lang='lat' dir='ltr'><strong>HlPPOLYTl.</strong></span> 
     </span>
    </p>
   </div>
   <div class='ocr_carea' id='block_1_2' title="bbox 1563 101 1617 130">
    <p class='ocr_par' dir='ltr' id='par_1_2' title="bbox 1563 101 1617 130">
     <span class='ocr_line' id='line_1_2' title="bbox 1563 101 1617 130; baseline 0 0"><span class='ocrx_word' id='word_1_7' title='bbox 1563 101 1617 130; x_wconf 66' lang='lat'><strong>290</strong></span> 
     </span>
    </p>
   </div>
   <div class='ocr_carea' id='block_1_3' title="bbox 43 160 1616 202">
    <p class='ocr_par' dir='ltr' id='par_1_3' title="bbox 43 160 1616 202">
     <span class='ocr_line' id='line_1_3' title="bbox 43 160 1616 202; baseline -0.003 -10"><span class='ocrx_word' id='word_1_8' title='bbox 43 172 106 200; x_wconf 84' lang='lat' dir='ltr'><strong>quam</strong></span> <span class='ocrx_word' id='word_1_9' title='bbox 128 165 227 197; x_wconf 82' lang='lat' dir='ltr'><strong>Photio,</strong></span> <span class='ocrx_word' id='word_1_10' title='bbox 255 165 296 193; x_wconf 90' lang='lat' dir='ltr'><strong>cui</strong></span> <span class='ocrx_word' id='word_1_11' title='bbox 319 165 492 194; x_wconf 80' lang='lat' dir='ltr'><strong>librariorum</strong></span> <span class='ocrx_word' id='word_1_12' title='bbox 509 171 605 202; x_wconf 87' lang='lat' dir='ltr'><strong>stupor</strong></span> <span class='ocrx_word' id='word_1_13' title='bbox 620 166 708 194; x_wconf 79' lang='lat' dir='ltr'><strong>fraudi</strong></span> <span class='ocrx_word' id='word_1_14' title='bbox 723 165 785 194; x_wconf 89' lang='lat' dir='ltr'><strong>fuit.</strong></span> <span class='ocrx_word' id='word_1_15' title='bbox 800 173 824 201; x_wconf 68' lang='grc' dir='ltr'>Α</span> <span class='ocrx_word' id='word_1_16' title='bbox 838 165 885 200; x_wconf 86' lang='lat' dir='ltr'><strong>qui</strong></span> <span class='ocrx_word' id='word_1_17' title='bbox 901 172 962 200; x_wconf 72' lang='lat' dir='ltr'><strong>qua:</strong></span> <span class='ocrx_word' id='word_1_18' title='bbox 981 164 1116 199; x_wconf 87' lang='lat' dir='ltr'><strong>ignorant,</strong></span> <span class='ocrx_word' id='word_1_19' title='bbox 1128 163 1331 199; x_wconf 87' lang='lat' dir='ltr'><strong>blasphemant,</strong></span> <span class='ocrx_word' id='word_1_20' title='bbox 1357 161 1402 190; x_wconf 86' lang='lat' dir='ltr'><strong>sed</strong></span> <span class='ocrx_word' id='word_1_21' title='bbox 1415 169 1476 189; x_wconf 90' lang='lat' dir='ltr'><strong>cum</strong></span> <span class='ocrx_word' id='word_1_22' title='bbox 1490 160 1616 189; x_wconf 75' lang='lat' dir='ltr'><strong>ﬁdelibus</strong></span> 
     </span>
    </p>
   </div>
   <div class='ocr_carea' id='block_1_4' title="bbox 43 211 790 247">
    <p class='ocr_par' dir='ltr' id='par_1_4' title="bbox 43 211 790 247">
     <span class='ocr_line' id='line_1_4' title="bbox 43 211 790 247; baseline 0.003 -10"><span class='ocrx_word' id='word_1_23' title='bbox 43 211 107 238; x_wconf 79' lang='lat' dir='ltr'><strong>Error</strong></span> <span class='ocrx_word' id='word_1_24' title='bbox 117 211 140 237; x_wconf 92' lang='lat' dir='ltr'><strong>in</strong></span> <span class='ocrx_word' id='word_1_25' title='bbox 154 211 199 238; x_wconf 87' lang='lat' dir='ltr'><strong>hac</strong></span> <span class='ocrx_word' id='word_1_26' title='bbox 213 211 350 247; x_wconf 74' lang='grc' dir='ltr'><strong>ἐπιγραφῇ</strong></span> <span class='ocrx_word' id='word_1_27' title='bbox 367 212 502 247; x_wconf 82' lang='lat' dir='ltr'><strong>antiquior</strong></span> <span class='ocrx_word' id='word_1_28' title='bbox 518 217 560 240; x_wconf 89' lang='lat' dir='ltr'><strong>est</strong></span> <span class='ocrx_word' id='word_1_29' title='bbox 570 212 732 246; x_wconf 75' lang='lat' dir='ltr'><strong>octingentis</strong></span> <span class='ocrx_word' id='word_1_30' title='bbox 742 219 790 239; x_wconf 85' lang='lat' dir='ltr'><strong>an-</strong></span> 
     </span>
    </p>
   </div>
   <div class='ocr_carea' id='block_1_5' title="bbox 43 255 790 284">
    <p class='ocr_par' dir='ltr' id='par_1_5' title="bbox 43 255 790 284">
     <span class='ocr_line' id='line_1_5' title="bbox 43 255 790 284; baseline 0 -1"><span class='ocrx_word' id='word_1_31' title='bbox 43 256 82 283; x_wconf 86' lang='lat' dir='ltr'><strong>uis.</strong></span> <span class='ocrx_word' id='word_1_32' title='bbox 96 255 138 283; x_wconf 75' lang='lat' dir='ltr'><strong>Se&#39;l</strong></span> <span class='ocrx_word' id='word_1_33' title='bbox 149 255 245 283; x_wconf 84' lang='lat' dir='ltr'><strong>erroris</strong></span> <span class='ocrx_word' id='word_1_34' title='bbox 264 260 396 284; x_wconf 88' lang='lat' dir='ltr'><strong>vetustate</strong></span> <span class='ocrx_word' id='word_1_35' title='bbox 412 265 464 283; x_wconf 90' lang='lat' dir='ltr'><strong>non</strong></span> <span class='ocrx_word' id='word_1_36' title='bbox 478 265 628 284; x_wconf 90' lang='lat' dir='ltr'><strong>movemur.</strong></span> <span class='ocrx_word' id='word_1_37' title='bbox 636 256 704 283; x_wconf 87' lang='lat' dir='ltr'><strong>Nam</strong></span> <span class='ocrx_word' id='word_1_38' title='bbox 716 255 790 283; x_wconf 77' lang='lat' dir='ltr'><strong>Plio-</strong></span> 
     </span>
    </p>
   </div>
   <div class='ocr_carea' id='block_1_6' title="bbox 43 302 790 337">
    <p class='ocr_par' dir='ltr' id='par_1_6' title="bbox 43 302 790 337">
     <span class='ocr_line' id='line_1_6' title="bbox 43 302 790 337; baseline 0.001 -9"><span class='ocrx_word' id='word_1_39' title='bbox 43 303 71 329; x_wconf 80' lang='lat' dir='ltr'><strong>tio</strong></span> <span class='ocrx_word' id='word_1_40' title='bbox 82 307 162 329; x_wconf 78' lang='lat' dir='ltr'><strong>testem</strong></span> <span class='ocrx_word' id='word_1_41' title='bbox 178 302 227 328; x_wconf 86' lang='lat' dir='ltr'><strong>lide</strong></span> <span class='ocrx_word' id='word_1_42' title='bbox 242 306 322 336; x_wconf 85' lang='lat' dir='ltr'><strong>atque</strong></span> <span class='ocrx_word' id='word_1_43' title='bbox 333 307 412 329; x_wconf 67' lang='lat' dir='ltr'><strong>aetate</strong></span> <span class='ocrx_word' id='word_1_44' title='bbox 426 302 506 337; x_wconf 77' lang='lat' dir='ltr'><strong>longe</strong></span> <span class='ocrx_word' id='word_1_45' title='bbox 521 303 690 337; x_wconf 87' lang='lat' dir='ltr'><strong>superiorem</strong></span> <span class='ocrx_word' id='word_1_46' title='bbox 704 309 790 336; x_wconf 86' lang='lat' dir='ltr'><strong>oppo-</strong></span> 
     </span>
    </p>
   </div>
   <div class='ocr_carea' id='block_1_7' title="bbox 43 347 790 383">
    <p class='ocr_par' dir='ltr' id='par_1_7' title="bbox 43 347 790 383">
     <span class='ocr_line' id='line_1_7' title="bbox 43 347 790 383; baseline 0.001 -9"><span class='ocrx_word' id='word_1_47' title='bbox 43 348 113 374; x_wconf 87' lang='lat' dir='ltr'><strong>nimus</strong></span> <span class='ocrx_word' id='word_1_48' title='bbox 135 347 343 382; x_wconf 91' lang='lat' dir='ltr'><strong>Hieronymum,</strong></span> <span class='ocrx_word' id='word_1_49' title='bbox 376 348 455 382; x_wconf 87' lang='lat' dir='ltr'><strong>cujus</strong></span> <span class='ocrx_word' id='word_1_50' title='bbox 484 349 672 376; x_wconf 74' lang='lat' dir='ltr'><strong>auctoritatem</strong></span> <span class='ocrx_word' id='word_1_51' title='bbox 699 348 790 383; x_wconf 85' lang='lat' dir='ltr'><strong>magni</strong></span> 
     </span>
    </p>
   </div>
   <div class='ocr_carea' id='block_1_8' title="bbox 43 394 790 428">
    <p class='ocr_par' dir='ltr' id='par_1_8' title="bbox 43 394 790 428">
     <span class='ocr_line' id='line_1_8' title="bbox 43 394 790 428; baseline 0.003 -7"><span class='ocrx_word' id='word_1_52' title='bbox 43 402 125 428; x_wconf 82' lang='lat' dir='ltr'><strong>semper</strong></span> <span class='ocrx_word' id='word_1_53' title='bbox 139 394 214 421; x_wconf 81' lang='lat' dir='ltr'><strong>facio.</strong></span> <span class='ocrx_word' id='word_1_54' title='bbox 230 394 277 422; x_wconf 89' lang='lat' dir='ltr'><strong>llle</strong></span> <span class='ocrx_word' id='word_1_55' title='bbox 293 397 381 422; x_wconf 81' lang='lat' dir='ltr'><strong>autem</strong></span> <span class='ocrx_word' id='word_1_56' title='bbox 399 395 518 422; x_wconf 85' lang='lat' dir='ltr'><strong>laudavit</strong></span> <span class='ocrx_word' id='word_1_57' title='bbox 541 395 633 428; x_wconf 81' lang='grc' dir='ltr'>ἁπλῶς</span> <span class='ocrx_word' id='word_1_58' title='bbox 652 403 790 423; x_wconf 89' lang='lat' dir='ltr'><strong>commen-</strong></span> 
     </span>
    </p>
   </div>
   <div class='ocr_carea' id='block_1_9' title="bbox 43 440 789 478">
    <p class='ocr_par' dir='ltr' id='par_1_9' title="bbox 43 440 789 478">
     <span class='ocr_line' id='line_1_9' title="bbox 43 440 789 478; baseline 0.004 -11"><span class='ocrx_word' id='word_1_59' title='bbox 43 441 144 468; x_wconf 79' lang='lat' dir='ltr'><strong>tationem</strong></span> <span class='ocrx_word' id='word_1_60' title='bbox 159 440 191 467; x_wconf 92' lang='lat' dir='ltr'><strong>de</strong></span> <span class='ocrx_word' id='word_1_61' title='bbox 204 441 380 470; x_wconf 81' lang='lat' dir='ltr'><strong>Antichristo.</strong></span> <span class='ocrx_word' id='word_1_62' title='bbox 397 441 453 469; x_wconf 89' lang='lat' dir='ltr'><strong>Hoc</strong></span> <span class='ocrx_word' id='word_1_63' title='bbox 463 442 492 468; x_wconf 81' lang='grc' dir='ltr'><strong>ὲν</strong></span> <span class='ocrx_word' id='word_1_64' title='bbox 505 440 611 478; x_wconf 81' lang='grc' dir='ltr'>παρόδῳ</span> <span class='ocrx_word' id='word_1_65' title='bbox 627 442 789 470; x_wconf 86' lang='lat' dir='ltr'><strong>monendum</strong></span> 
     </span>
    </p>
   </div>
   <div class='ocr_carea' id='block_1_10' title="bbox 41 486 790 521">
    <p class='ocr_par' dir='ltr' id='par_1_10' title="bbox 41 486 790 521">
     <span class='ocr_line' id='line_1_10' title="bbox 41 486 790 521; baseline 0.003 -9"><span class='ocrx_word' id='word_1_66' title='bbox 41 486 85 518; x_wconf 82' lang='lat' dir='ltr'><strong>fuit,</strong></span> <span class='ocrx_word' id='word_1_67' title='bbox 99 493 129 513; x_wconf 88' lang='lat' dir='ltr'><strong>ne</strong></span> <span class='ocrx_word' id='word_1_68' title='bbox 141 486 198 521; x_wconf 88' lang='lat' dir='ltr'><strong>quis</strong></span> <span class='ocrx_word' id='word_1_69' title='bbox 217 494 267 514; x_wconf 92' lang='lat' dir='ltr'><strong>nos</strong></span> <span class='ocrx_word' id='word_1_70' title='bbox 279 486 391 521; x_wconf 84' lang='lat' dir='ltr'><strong>juvenili</strong></span> <span class='ocrx_word' id='word_1_71' title='bbox 406 488 557 515; x_wconf 81' lang='lat' dir='ltr'><strong>temeritate</strong></span> <span class='ocrx_word' id='word_1_72' title='bbox 569 489 595 515; x_wconf 92' lang='lat' dir='ltr'><strong>in</strong></span> <span class='ocrx_word' id='word_1_73' title='bbox 610 488 693 515; x_wconf 90' lang='lat' dir='ltr'><strong>libros</strong></span> <span class='ocrx_word' id='word_1_74' title='bbox 706 495 790 515; x_wconf 89' lang='lat' dir='ltr'><strong>manu</strong></span> 
     </span>
    </p>
   </div>
   <div class='ocr_carea' id='block_1_11' title="bbox 41 531 788 568">
    <p class='ocr_par' dir='ltr' id='par_1_11' title="bbox 41 531 788 568">
     <span class='ocr_line' id='line_1_11' title="bbox 41 531 788 568; baseline 0.003 -10"><span class='ocrx_word' id='word_1_75' title='bbox 41 535 141 559; x_wconf 79' lang='lat' dir='ltr'><strong>exaratos</strong></span> <span class='ocrx_word' id='word_1_76' title='bbox 155 531 271 566; x_wconf 84' lang='lat' dir='ltr'><strong>grassari</strong></span> <span class='ocrx_word' id='word_1_77' title='bbox 283 533 477 568; x_wconf 84' lang='lat' dir='ltr'><strong>suspicaretur.</strong></span> <span class='ocrx_word' id='word_1_78' title='bbox 495 543 505 560; x_wconf 83' lang='grc'><strong>›</strong></span> <span class='ocrx_word' id='word_1_79' title='bbox 519 533 656 561; x_wconf 85' lang='lat' dir='ltr'><strong>Hactenus</strong></span> <span class='ocrx_word' id='word_1_80' title='bbox 669 533 788 561; x_wconf 86' lang='lat' dir='ltr'><strong>Gudius:</strong></span> 
     </span>
    </p>
   </div>
   <div class='ocr_carea' id='block_1_12' title="bbox 39 578 791 615">
    <p class='ocr_par' dir='ltr' id='par_1_12' title="bbox 39 578 791 615">
     <span class='ocr_line' id='line_1_12' title="bbox 39 578 791 615; baseline 0.001 -10"><span class='ocrx_word' id='word_1_81' title='bbox 39 578 99 612; x_wconf 81' lang='lat' dir='ltr'><strong>cujus</strong></span> <span class='ocrx_word' id='word_1_82' title='bbox 113 583 194 606; x_wconf 86' lang='lat' dir='ltr'><strong>tamen</strong></span> <span class='ocrx_word' id='word_1_83' title='bbox 222 579 358 606; x_wconf 84' lang='lat' dir='ltr'><strong>sententia</strong></span> <span class='ocrx_word' id='word_1_84' title='bbox 380 580 471 608; x_wconf 89' lang='lat' dir='ltr'><strong>minus</strong></span> <span class='ocrx_word' id='word_1_85' title='bbox 499 579 628 615; x_wconf 80' lang='lat' dir='ltr'><strong>probatur</strong></span> <span class='ocrx_word' id='word_1_86' title='bbox 657 579 791 607; x_wconf 87' lang='lat' dir='ltr'><strong>Combeti-</strong></span> 
     </span>
    </p>
   </div>
   <div class='ocr_carea' id='block_1_13' title="bbox 40 623 791 660">
    <p class='ocr_par' dir='ltr' id='par_1_13' title="bbox 40 623 791 660">
     <span class='ocr_line' id='line_1_13' title="bbox 40 623 791 660; baseline 0.005 -11"><span class='ocrx_word' id='word_1_87' title='bbox 40 624 70 650; x_wconf 79' lang='lat' dir='ltr'><strong>sio</strong></span> <span class='ocrx_word' id='word_1_88' title='bbox 81 623 142 659; x_wconf 84' lang='lat'><strong>(9|);</strong></span> <span class='ocrx_word' id='word_1_89' title='bbox 156 631 272 659; x_wconf 82' lang='lat' dir='ltr'><strong>eumque</strong></span> <span class='ocrx_word' id='word_1_90' title='bbox 285 625 397 660; x_wconf 91' lang='lat' dir='ltr'><strong>proinde</strong></span> <span class='ocrx_word' id='word_1_91' title='bbox 410 633 472 653; x_wconf 91' lang='lat' dir='ltr'><strong>cum</strong></span> <span class='ocrx_word' id='word_1_92' title='bbox 486 625 611 654; x_wconf 83' lang='lat' dir='ltr'><strong>Fabricio</strong></span> <span class='ocrx_word' id='word_1_93' title='bbox 625 625 680 660; x_wconf 78' lang='lat'><strong>(9‘2)</strong></span> <span class='ocrx_word' id='word_1_94' title='bbox 692 630 718 653; x_wconf 91' lang='lat' dir='ltr'><strong>et</strong></span> <span class='ocrx_word' id='word_1_95' title='bbox 728 625 791 653; x_wconf 87' lang='lat' dir='ltr'><strong>Gal-</strong></span> 
     </span>
    </p>
   </div>
   <div class='ocr_carea' id='block_1_14' title="bbox 40 669 791 706">
    <p class='ocr_par' dir='ltr' id='par_1_14' title="bbox 40 669 791 706">
     <span class='ocr_line' id='line_1_14' title="bbox 40 669 791 706; baseline 0.004 -11"><span class='ocrx_word' id='word_1_96' title='bbox 40 669 111 696; x_wconf 80' lang='lat' dir='ltr'><strong>landio</strong></span> <span class='ocrx_word' id='word_1_97' title='bbox 125 669 176 704; x_wconf 82' lang='lat'><strong>(95)</strong></span> <span class='ocrx_word' id='word_1_98' title='bbox 192 677 241 697; x_wconf 93' lang='lat' dir='ltr'><strong>nos</strong></span> <span class='ocrx_word' id='word_1_99' title='bbox 254 678 364 706; x_wconf 87' lang='lat' dir='ltr'><strong>quoque</strong></span> <span class='ocrx_word' id='word_1_100' title='bbox 381 677 560 699; x_wconf 89' lang='lat' dir='ltr'><strong>assectamur.</strong></span> <span class='ocrx_word' id='word_1_101' title='bbox 580 671 694 699; x_wconf 83' lang='lat' dir='ltr'><strong>Notante</strong></span> <span class='ocrx_word' id='word_1_102' title='bbox 718 672 791 698; x_wconf 89' lang='lat' dir='ltr'><strong>enim</strong></span> 
     </span>
    </p>
   </div>
   <div class='ocr_carea' id='block_1_15' title="bbox 40 714 790 753">
    <p class='ocr_par' dir='ltr' id='par_1_15' title="bbox 40 714 790 753">
     <span class='ocr_line' id='line_1_15' title="bbox 40 714 790 753; baseline 0.007 -12"><span class='ocrx_word' id='word_1_103' title='bbox 40 714 184 748; x_wconf 86' lang='lat' dir='ltr'><strong>Combellsio,</strong></span> <span class='ocrx_word' id='word_1_104' title='bbox 195 724 258 744; x_wconf 88' lang='lat' dir='ltr'><strong>cum</strong></span> <span class='ocrx_word' id='word_1_105' title='bbox 271 725 301 744; x_wconf 82' lang='lat' dir='ltr'><strong>se</strong></span> <span class='ocrx_word' id='word_1_106' title='bbox 312 716 473 753; x_wconf 82' lang='lat' dir='ltr'><strong>Hippolytus</strong></span> <span class='ocrx_word' id='word_1_107' title='bbox 490 718 627 746; x_wconf 90' lang='lat' dir='ltr'><strong>dicturum</strong></span> <span class='ocrx_word' id='word_1_108' title='bbox 638 718 790 753; x_wconf 81' lang='lat' dir='ltr'><strong>pollicetur,</strong></span> 
     </span>
    </p>
   </div>
   <div class='ocr_carea' id='block_1_16' title="bbox 40 760 792 796">
    <p class='ocr_par' dir='ltr' id='par_1_16' title="bbox 40 760 792 796">
     <span class='ocr_line' id='line_1_16' title="bbox 40 760 792 796; baseline 0.005 -9"><span class='ocrx_word' id='word_1_109' title='bbox 40 761 65 788; x_wconf 80' lang='lat' dir='ltr'><strong>de</strong></span> <span class='ocrx_word' id='word_1_110' title='bbox 75 760 202 788; x_wconf 85' lang='lat' dir='ltr'><strong>revelando</strong></span> <span class='ocrx_word' id='word_1_111' title='bbox 216 761 318 790; x_wconf 86' lang='lat' dir='ltr'><strong>Christi</strong></span> <span class='ocrx_word' id='word_1_112' title='bbox 333 763 447 790; x_wconf 87' lang='lat' dir='ltr'><strong>adventu</strong></span> <span class='ocrx_word' id='word_1_113' title='bbox 457 783 465 794; x_wconf 86' lang='lat'><strong>,</strong></span> <span class='ocrx_word' id='word_1_114' title='bbox 483 763 517 791; x_wconf 90' lang='lat' dir='ltr'><strong>de</strong></span> <span class='ocrx_word' id='word_1_115' title='bbox 529 763 614 796; x_wconf 69' lang='lat' dir='ltr'><strong>creto,</strong></span> <span class='ocrx_word' id='word_1_116' title='bbox 639 763 673 791; x_wconf 89' lang='lat' dir='ltr'><strong>de</strong></span> <span class='ocrx_word' id='word_1_117' title='bbox 689 768 792 791; x_wconf 79' lang='lat' dir='ltr'><strong>sancto-</strong></span> 
     </span>
    </p>
   </div>
   <div class='ocr_carea' id='block_1_17' title="bbox 40 806 792 844">
    <p class='ocr_par' dir='ltr' id='par_1_17' title="bbox 40 806 792 844">
     <span class='ocr_line' id='line_1_17' title="bbox 40 806 792 844; baseline 0.007 -12"><span class='ocrx_word' id='word_1_118' title='bbox 40 814 87 832; x_wconf 82' lang='lat' dir='ltr'><strong>rum</strong></span> <span class='ocrx_word' id='word_1_119' title='bbox 99 814 152 833; x_wconf 90' lang='lat' dir='ltr'><strong>cum</strong></span> <span class='ocrx_word' id='word_1_120' title='bbox 169 806 279 835; x_wconf 85' lang='lat' dir='ltr'><strong>Christo</strong></span> <span class='ocrx_word' id='word_1_121' title='bbox 297 816 397 843; x_wconf 79' lang='lat' dir='ltr'><strong>regno,</strong></span> <span class='ocrx_word' id='word_1_122' title='bbox 416 816 534 844; x_wconf 88' lang='lat' dir='ltr'><strong>cumque</strong></span> <span class='ocrx_word' id='word_1_123' title='bbox 556 814 612 837; x_wconf 88' lang='lat' dir='ltr'><strong>tota</strong></span> <span class='ocrx_word' id='word_1_124' title='bbox 633 810 792 838; x_wconf 80' lang='lat' dir='ltr'><strong>tractatione</strong></span> 
     </span>
    </p>
   </div>
   <div class='ocr_carea' id='block_1_18' title="bbox 40 852 793 890">
    <p class='ocr_par' dir='ltr' id='par_1_18' title="bbox 40 852 793 890">
     <span class='ocr_line' id='line_1_18' title="bbox 40 852 793 890; baseline 0.007 -12"><span class='ocrx_word' id='word_1_125' title='bbox 40 852 208 880; x_wconf 81' lang='lat' dir='ltr'><strong>Antichristum</strong></span> <span class='ocrx_word' id='word_1_126' title='bbox 225 853 336 881; x_wconf 86' lang='lat' dir='ltr'><strong>Christo</strong></span> <span class='ocrx_word' id='word_1_127' title='bbox 355 859 494 890; x_wconf 89' lang='lat' dir='ltr'><strong>opponat;</strong></span> <span class='ocrx_word' id='word_1_128' title='bbox 510 862 565 882; x_wconf 92' lang='lat' dir='ltr'><strong>non</strong></span> <span class='ocrx_word' id='word_1_129' title='bbox 585 856 621 882; x_wconf 88' lang='lat' dir='ltr'><strong>ita</strong></span> <span class='ocrx_word' id='word_1_130' title='bbox 645 855 715 883; x_wconf 87' lang='lat' dir='ltr'><strong>male</strong></span> <span class='ocrx_word' id='word_1_131' title='bbox 736 856 793 884; x_wconf 83' lang='lat' dir='ltr'><strong>sive</strong></span> 
     </span>
    </p>
   </div>
   <div class='ocr_carea' id='block_1_19' title="bbox 42 898 794 938">
    <p class='ocr_par' dir='ltr' id='par_1_19' title="bbox 42 898 794 938">
     <span class='ocr_line' id='line_1_19' title="bbox 42 898 794 938; baseline 0.005 -14"><span class='ocrx_word' id='word_1_132' title='bbox 42 898 183 934; x_wconf 81' lang='lat' dir='ltr'><strong>Hippolytus,</strong></span> <span class='ocrx_word' id='word_1_133' title='bbox 197 899 253 927; x_wconf 88' lang='lat' dir='ltr'><strong>sive</strong></span> <span class='ocrx_word' id='word_1_134' title='bbox 266 899 357 935; x_wconf 88' lang='lat' dir='ltr'><strong>quivis</strong></span> <span class='ocrx_word' id='word_1_135' title='bbox 372 901 453 932; x_wconf 84' lang='lat' dir='ltr'><strong>alius,</strong></span> <span class='ocrx_word' id='word_1_136' title='bbox 466 901 634 936; x_wconf 69' lang='lat' dir='ltr'><strong>praenotavit,</strong></span> <span class='ocrx_word' id='word_1_137' title='bbox 646 901 714 937; x_wconf 79' lang='grc' dir='ltr'><strong>Περὶ</strong></span> <span class='ocrx_word' id='word_1_138' title='bbox 728 902 794 938; x_wconf 84' lang='grc' dir='ltr'><strong>Χρι-</strong></span> 
     </span>
    </p>
   </div>
   <div class='ocr_carea' id='block_1_20' title="bbox 42 943 795 980">
    <p class='ocr_par' dir='ltr' id='par_1_20' title="bbox 42 943 795 980">
     <span class='ocr_line' id='line_1_20' title="bbox 42 943 795 980; baseline 0.009 -12"><span class='ocrx_word' id='word_1_139' title='bbox 42 943 89 969; x_wconf 80' lang='grc' dir='ltr'>στοῦ</span> <span class='ocrx_word' id='word_1_140' title='bbox 100 944 140 970; x_wconf 72' lang='grc' dir='ltr'><strong>καὶ</strong></span> <span class='ocrx_word' id='word_1_141' title='bbox 160 943 355 980; x_wconf 79' lang='grc' dir='ltr'><strong>Ἀντιχριστοῦ.</strong></span> <span class='ocrx_word' id='word_1_142' title='bbox 369 945 446 979; x_wconf 85' lang='lat' dir='ltr'><strong>Quod</strong></span> <span class='ocrx_word' id='word_1_143' title='bbox 459 946 493 973; x_wconf 87' lang='lat' dir='ltr'><strong>ita</strong></span> <span class='ocrx_word' id='word_1_144' title='bbox 505 951 566 980; x_wconf 89' lang='lat' dir='ltr'><strong>post</strong></span> <span class='ocrx_word' id='word_1_145' title='bbox 577 946 739 975; x_wconf 84' lang='lat' dir='ltr'><strong>Photianum</strong></span> <span class='ocrx_word' id='word_1_146' title='bbox 751 956 795 975; x_wconf 91' lang='lat' dir='ltr'><strong>co-</strong></span> 
     </span>
    </p>
   </div>
   <div class='ocr_carea' id='block_1_21' title="bbox 43 988 794 1028">
    <p class='ocr_par' dir='ltr' id='par_1_21' title="bbox 43 988 794 1028">
     <span class='ocr_line' id='line_1_21' title="bbox 43 988 794 1028; baseline 0.008 -13"><span class='ocrx_word' id='word_1_147' title='bbox 43 988 111 1016; x_wconf 83' lang='lat' dir='ltr'><strong>dicem</strong></span> <span class='ocrx_word' id='word_1_148' title='bbox 129 989 205 1017; x_wconf 85' lang='lat' dir='ltr'><strong>etiam</strong></span> <span class='ocrx_word' id='word_1_149' title='bbox 231 990 250 1017; x_wconf 87' lang='lat' dir='ltr'><strong>ii</strong></span> <span class='ocrx_word' id='word_1_150' title='bbox 265 995 478 1025; x_wconf 69' lang='lat' dir='ltr'><strong>repraesentant,</strong></span> <span class='ocrx_word' id='word_1_151' title='bbox 494 999 527 1019; x_wconf 76' lang='lat' dir='ltr'><strong>ex</strong></span> <span class='ocrx_word' id='word_1_152' title='bbox 549 992 647 1027; x_wconf 86' lang='lat' dir='ltr'><strong>quibus</strong></span> <span class='ocrx_word' id='word_1_153' title='bbox 666 1001 794 1028; x_wconf 79' lang='lat' dir='ltr'><strong>expressa</strong></span> 
     </span>
    </p>
   </div>
   <div class='ocr_carea' id='block_1_22' title="bbox 44 1033 793 1074">
    <p class='ocr_par' dir='ltr' id='par_1_22' title="bbox 44 1033 793 1074">
     <span class='ocr_line' id='line_1_22' title="bbox 44 1033 793 1074; baseline 0.009 -14"><span class='ocrx_word' id='word_1_154' title='bbox 44 1033 104 1061; x_wconf 84' lang='lat' dir='ltr'><strong>Gmlii</strong></span> <span class='ocrx_word' id='word_1_155' title='bbox 116 1035 209 1062; x_wconf 87' lang='lat' dir='ltr'><strong>editio:</strong></span> <span class='ocrx_word' id='word_1_156' title='bbox 228 1036 330 1071; x_wconf 86' lang='lat' dir='ltr'><strong>quibus</strong></span> <span class='ocrx_word' id='word_1_157' title='bbox 347 1037 458 1071; x_wconf 91' lang='lat' dir='ltr'><strong>proinde</strong></span> <span class='ocrx_word' id='word_1_158' title='bbox 473 1038 556 1065; x_wconf 91' lang='lat' dir='ltr'><strong>malui</strong></span> <span class='ocrx_word' id='word_1_159' title='bbox 573 1038 703 1066; x_wconf 63' lang='lat' dir='ltr'><strong>inhaerere</strong></span> <span class='ocrx_word' id='word_1_160' title='bbox 713 1047 793 1074; x_wconf 90' lang='lat' dir='ltr'><strong>quam</strong></span> 
     </span>
    </p>
   </div>
   <div class='ocr_carea' id='block_1_23' title="bbox 43 1079 795 1118">
    <p class='ocr_par' dir='ltr' id='par_1_23' title="bbox 43 1079 795 1118">
     <span class='ocr_line' id='line_1_23' title="bbox 43 1079 795 1118; baseline 0.008 -13"><span class='ocrx_word' id='word_1_161' title='bbox 43 1079 90 1113; x_wconf 65' lang='lat' dir='ltr'><strong>ejus</strong></span> <span class='ocrx_word' id='word_1_162' title='bbox 99 1080 230 1107; x_wconf 80' lang='lat' dir='ltr'><strong>mutationi</strong></span> <span class='ocrx_word' id='word_1_163' title='bbox 247 1080 367 1108; x_wconf 87' lang='lat' dir='ltr'><strong>deferre.</strong></span> <span class='ocrx_word' id='word_1_164' title='bbox 384 1080 576 1117; x_wconf 81' lang='lat' dir='ltr'><strong>Hieronymum</strong></span> <span class='ocrx_word' id='word_1_165' title='bbox 592 1083 679 1118; x_wconf 87' lang='lat' dir='ltr'><strong>(cujus</strong></span> <span class='ocrx_word' id='word_1_166' title='bbox 691 1087 719 1110; x_wconf 90' lang='lat' dir='ltr'><strong>et</strong></span> <span class='ocrx_word' id='word_1_167' title='bbox 738 1083 795 1118; x_wconf 88' lang='lat' dir='ltr'><strong>ipse</strong></span> 
     </span>
    </p>
   </div>
   <div class='ocr_carea' id='block_1_24' title="bbox 44 1124 795 1161">
    <p class='ocr_par' dir='ltr' id='par_1_24' title="bbox 44 1124 795 1161">
     <span class='ocr_line' id='line_1_24' title="bbox 44 1124 795 1161; baseline 0.009 -12"><span class='ocrx_word' id='word_1_168' title='bbox 44 1124 114 1158; x_wconf 78' lang='lat' dir='ltr'><strong>magni</strong></span> <span class='ocrx_word' id='word_1_169' title='bbox 136 1125 323 1152; x_wconf 81' lang='lat' dir='ltr'><strong>auctoritatem</strong></span> <span class='ocrx_word' id='word_1_170' title='bbox 342 1125 427 1161; x_wconf 80' lang='lat' dir='ltr'><strong>facio)</strong></span> <span class='ocrx_word' id='word_1_171' title='bbox 456 1127 593 1154; x_wconf 80' lang='lat' dir='ltr'><strong>adversari</strong></span> <span class='ocrx_word' id='word_1_172' title='bbox 620 1127 717 1156; x_wconf 85' lang='lat' dir='ltr'><strong>Photio</strong></span> <span class='ocrx_word' id='word_1_173' title='bbox 740 1135 795 1156; x_wconf 88' lang='lat' dir='ltr'><strong>non</strong></span> 
     </span>
    </p>
   </div>
   <div class='ocr_carea' id='block_1_25' title="bbox 43 1167 796 1207">
    <p class='ocr_par' dir='ltr' id='par_1_25' title="bbox 43 1167 796 1207">
     <span class='ocr_line' id='line_1_25' title="bbox 43 1167 796 1207; baseline 0.008 -13"><span class='ocrx_word' id='word_1_174' title='bbox 43 1167 103 1196; x_wconf 77' lang='lat' dir='ltr'><strong>facile</strong></span> <span class='ocrx_word' id='word_1_175' title='bbox 114 1169 233 1203; x_wconf 80' lang='lat' dir='ltr'><strong>dixerim,</strong></span> <span class='ocrx_word' id='word_1_176' title='bbox 249 1171 325 1206; x_wconf 90' lang='lat' dir='ltr'><strong>quod</strong></span> <span class='ocrx_word' id='word_1_177' title='bbox 337 1170 472 1207; x_wconf 86' lang='lat' dir='ltr'><strong>Hippolyti</strong></span> <span class='ocrx_word' id='word_1_178' title='bbox 488 1171 564 1207; x_wconf 88' lang='lat' dir='ltr'><strong>plura</strong></span> <span class='ocrx_word' id='word_1_179' title='bbox 576 1173 744 1200; x_wconf 85' lang='lat' dir='ltr'><strong>recensendo</strong></span> <span class='ocrx_word' id='word_1_180' title='bbox 759 1173 796 1200; x_wconf 77' lang='lat' dir='ltr'><strong>De</strong></span> 
     </span>
    </p>
   </div>
   <div class='ocr_carea' id='block_1_26' title="bbox 43 1214 796 1252">
    <p class='ocr_par' dir='ltr' id='par_1_26' title="bbox 43 1214 796 1252">
     <span class='ocr_line' id='line_1_26' title="bbox 43 1214 796 1252; baseline 0.009 -13"><span class='ocrx_word' id='word_1_181' title='bbox 43 1214 175 1241; x_wconf 70' lang='lat' dir='ltr'><strong>Amic/tritta</strong></span> <span class='ocrx_word' id='word_1_182' title='bbox 187 1216 363 1244; x_wconf 88' lang='lat' dir='ltr'><strong>solummodo</strong></span> <span class='ocrx_word' id='word_1_183' title='bbox 378 1216 486 1244; x_wconf 79' lang='lat' dir='ltr'><strong>dixerit.</strong></span> <span class='ocrx_word' id='word_1_184' title='bbox 495 1216 606 1252; x_wconf 80' lang='lat' dir='ltr'><strong>Nempe,</strong></span> <span class='ocrx_word' id='word_1_185' title='bbox 619 1226 668 1245; x_wconf 87' lang='lat' dir='ltr'><strong>nec</strong></span> <span class='ocrx_word' id='word_1_186' title='bbox 675 1218 708 1246; x_wconf 88' lang='lat' dir='ltr'><strong>de</strong></span> <span class='ocrx_word' id='word_1_187' title='bbox 717 1218 796 1246; x_wconf 88' lang='lat' dir='ltr'><strong>Chri-</strong></span> 
     </span>
    </p>
   </div>
   <div class='ocr_carea' id='block_1_27' title="bbox 44 1260 797 1294">
    <p class='ocr_par' dir='ltr' id='par_1_27' title="bbox 44 1260 797 1294">
     <span class='ocr_line' id='line_1_27' title="bbox 44 1260 797 1294; baseline 0.008 -9"><span class='ocrx_word' id='word_1_188' title='bbox 44 1263 75 1285; x_wconf 87' lang='lat' dir='ltr'><strong>sto</strong></span> <span class='ocrx_word' id='word_1_189' title='bbox 89 1260 194 1294; x_wconf 76' lang='lat' dir='ltr'><strong>negavit,</strong></span> <span class='ocrx_word' id='word_1_190' title='bbox 208 1261 255 1288; x_wconf 89' lang='lat' dir='ltr'><strong>sed</strong></span> <span class='ocrx_word' id='word_1_191' title='bbox 275 1261 315 1288; x_wconf 89' lang='lat' dir='ltr'><strong>sic</strong></span> <span class='ocrx_word' id='word_1_192' title='bbox 330 1269 435 1288; x_wconf 84' lang='lat' dir='ltr'><strong>summa</strong></span> <span class='ocrx_word' id='word_1_193' title='bbox 446 1282 453 1294; x_wconf 90' lang='lat'><strong>,</strong></span> <span class='ocrx_word' id='word_1_194' title='bbox 477 1262 548 1289; x_wconf 87' lang='lat' dir='ltr'><strong>unde</strong></span> <span class='ocrx_word' id='word_1_195' title='bbox 571 1267 701 1291; x_wconf 85' lang='lat' dir='ltr'><strong>tractatus</strong></span> <span class='ocrx_word' id='word_1_196' title='bbox 725 1268 797 1291; x_wconf 81' lang='lat' dir='ltr'><strong>esset</strong></span> 
     </span>
    </p>
   </div>
   <div class='ocr_carea' id='block_1_28' title="bbox 43 1304 797 1343">
    <p class='ocr_par' dir='ltr' id='par_1_28' title="bbox 43 1304 797 1343">
     <span class='ocr_line' id='line_1_28' title="bbox 43 1304 797 1343; baseline 0.009 -14"><span class='ocrx_word' id='word_1_197' title='bbox 43 1304 126 1337; x_wconf 82' lang='lat' dir='ltr'><strong>notior,</strong></span> <span class='ocrx_word' id='word_1_198' title='bbox 141 1306 286 1340; x_wconf 82' lang='lat' dir='ltr'><strong>ascripsil;</strong></span> <span class='ocrx_word' id='word_1_199' title='bbox 303 1305 416 1335; x_wconf 84' lang='lat' dir='ltr'><strong>Photius</strong></span> <span class='ocrx_word' id='word_1_200' title='bbox 431 1315 464 1334; x_wconf 79' lang='lat' dir='ltr'><strong>ex</strong></span> <span class='ocrx_word' id='word_1_201' title='bbox 479 1308 573 1335; x_wconf 89' lang='lat' dir='ltr'><strong>codice</strong></span> <span class='ocrx_word' id='word_1_202' title='bbox 586 1308 718 1343; x_wconf 87' lang='lat' dir='ltr'><strong>integrum</strong></span> <span class='ocrx_word' id='word_1_203' title='bbox 732 1310 797 1336; x_wconf 89' lang='lat' dir='ltr'><strong>titu-</strong></span> 
     </span>
    </p>
   </div>
   <div class='ocr_carea' id='block_1_29' title="bbox 44 1348 798 1386">
    <p class='ocr_par' dir='ltr' id='par_1_29' title="bbox 44 1348 798 1386">
     <span class='ocr_line' id='line_1_29' title="bbox 44 1348 798 1386; baseline 0.011 -13"><span class='ocrx_word' id='word_1_204' title='bbox 44 1348 85 1374; x_wconf 91' lang='lat' dir='ltr'><strong>lum</strong></span> <span class='ocrx_word' id='word_1_205' title='bbox 98 1351 236 1377; x_wconf 69' lang='lat' dir='ltr'><strong>recensuit-</strong></span> <span class='ocrx_word' id='word_1_206' title='bbox 248 1351 353 1378; x_wconf 77' lang='lat' dir='ltr'><strong>Deinde</strong></span> <span class='ocrx_word' id='word_1_207' title='bbox 378 1359 410 1378; x_wconf 88' lang='lat' dir='ltr'><strong>eo</strong></span> <span class='ocrx_word' id='word_1_208' title='bbox 420 1356 523 1386; x_wconf 85' lang='lat' dir='ltr'><strong>spectat</strong></span> <span class='ocrx_word' id='word_1_209' title='bbox 535 1357 590 1380; x_wconf 86' lang='lat' dir='ltr'><strong>tota</strong></span> <span class='ocrx_word' id='word_1_210' title='bbox 609 1354 748 1385; x_wconf 84' lang='lat' dir='ltr'><strong>tractatio.</strong></span> <span class='ocrx_word' id='word_1_211' title='bbox 769 1358 798 1381; x_wconf 89' lang='lat' dir='ltr'><strong>ut</strong></span> 
     </span>
    </p>
   </div>
   <div class='ocr_carea' id='block_1_30' title="bbox 44 1394 798 1432">
    <p class='ocr_par' dir='ltr' id='par_1_30' title="bbox 44 1394 798 1432">
     <span class='ocr_line' id='line_1_30' title="bbox 44 1394 798 1432; baseline 0.008 -12"><span class='ocrx_word' id='word_1_212' title='bbox 44 1394 174 1423; x_wconf 81' lang='lat' dir='ltr'><strong>Antichristi</strong></span> <span class='ocrx_word' id='word_1_213' title='bbox 186 1404 218 1424; x_wconf 78' lang='lat' dir='ltr'><strong>ex</strong></span> <span class='ocrx_word' id='word_1_214' title='bbox 232 1396 386 1432; x_wconf 83' lang='lat' dir='ltr'><strong>Scripturis</strong></span> <span class='ocrx_word' id='word_1_215' title='bbox 399 1398 629 1426; x_wconf 91' lang='lat' dir='ltr'><strong>demonstratione</strong></span> <span class='ocrx_word' id='word_1_216' title='bbox 639 1399 674 1426; x_wconf 91' lang='lat' dir='ltr'><strong>ab</strong></span> <span class='ocrx_word' id='word_1_217' title='bbox 685 1407 717 1426; x_wconf 91' lang='lat' dir='ltr'><strong>eo</strong></span> <span class='ocrx_word' id='word_1_218' title='bbox 732 1400 798 1426; x_wconf 89' lang='lat' dir='ltr'><strong>lide-</strong></span> 
     </span>
    </p>
   </div>
   <div class='ocr_carea' id='block_1_31' title="bbox 44 1440 798 1479">
    <p class='ocr_par' dir='ltr' id='par_1_31' title="bbox 44 1440 798 1479">
     <span class='ocr_line' id='line_1_31' title="bbox 44 1440 798 1479; baseline 0.009 -13"><span class='ocrx_word' id='word_1_219' title='bbox 44 1440 97 1468; x_wconf 81' lang='lat' dir='ltr'><strong>libus</strong></span> <span class='ocrx_word' id='word_1_220' title='bbox 107 1447 205 1475; x_wconf 78' lang='lat' dir='ltr'><strong>caveat,</strong></span> <span class='ocrx_word' id='word_1_221' title='bbox 213 1447 240 1470; x_wconf 89' lang='lat' dir='ltr'><strong>et</strong></span> <span class='ocrx_word' id='word_1_222' title='bbox 251 1443 365 1470; x_wconf 80' lang='lat' dir='ltr'><strong>Christo</strong></span> <span class='ocrx_word' id='word_1_223' title='bbox 380 1444 517 1479; x_wconf 80' lang='lat' dir='ltr'><strong>adjungat,</strong></span> <span class='ocrx_word' id='word_1_224' title='bbox 533 1445 729 1479; x_wconf 87' lang='lat' dir='ltr'><strong>amborumque</strong></span> <span class='ocrx_word' id='word_1_225' title='bbox 741 1445 798 1473; x_wconf 89' lang='lat' dir='ltr'><strong>dis-</strong></span> 
     </span>
    </p>
   </div>
   <div class='ocr_carea' id='block_1_32' title="bbox 43 1486 797 1525">
    <p class='ocr_par' dir='ltr' id='par_1_32' title="bbox 43 1486 797 1525">
     <span class='ocr_line' id='line_1_32' title="bbox 43 1486 797 1525; baseline 0.009 -14"><span class='ocrx_word' id='word_1_226' title='bbox 43 1486 123 1513; x_wconf 88' lang='lat' dir='ltr'><strong>crimen</strong></span> <span class='ocrx_word' id='word_1_227' title='bbox 154 1496 213 1516; x_wconf 90' lang='lat' dir='ltr'><strong>eum</strong></span> <span class='ocrx_word' id='word_1_228' title='bbox 229 1489 260 1516; x_wconf 90' lang='lat' dir='ltr'><strong>in</strong></span> <span class='ocrx_word' id='word_1_229' title='bbox 275 1490 354 1516; x_wconf 90' lang='lat' dir='ltr'><strong>tinem</strong></span> <span class='ocrx_word' id='word_1_230' title='bbox 367 1490 484 1524; x_wconf 82' lang='lat' dir='ltr'><strong>aperiat;</strong></span> <span class='ocrx_word' id='word_1_231' title='bbox 499 1490 569 1525; x_wconf 88' lang='lat' dir='ltr'><strong>quod</strong></span> <span class='ocrx_word' id='word_1_232' title='bbox 589 1490 725 1518; x_wconf 88' lang='lat' dir='ltr'><strong>Christum</strong></span> <span class='ocrx_word' id='word_1_233' title='bbox 743 1499 797 1518; x_wconf 92' lang='lat' dir='ltr'><strong>non</strong></span> 
     </span>
    </p>
   </div>
   <div class='ocr_carea' id='block_1_33' title="bbox 42 1532 798 1570">
    <p class='ocr_par' dir='ltr' id='par_1_33' title="bbox 42 1532 798 1570">
     <span class='ocr_line' id='line_1_33' title="bbox 42 1532 798 1570; baseline 0.008 -13"><span class='ocrx_word' id='word_1_234' title='bbox 42 1532 148 1565; x_wconf 84' lang='lat' dir='ltr'><strong>excludit,</strong></span> <span class='ocrx_word' id='word_1_235' title='bbox 160 1541 192 1561; x_wconf 87' lang='lat' dir='ltr'><strong>ne</strong></span> <span class='ocrx_word' id='word_1_236' title='bbox 207 1534 271 1569; x_wconf 80' lang='lat' dir='ltr'><strong>ipse</strong></span> <span class='ocrx_word' id='word_1_237' title='bbox 283 1542 346 1569; x_wconf 88' lang='lat' dir='ltr'><strong>pars</strong></span> <span class='ocrx_word' id='word_1_238' title='bbox 367 1536 516 1570; x_wconf 83' lang='lat' dir='ltr'><strong>argumenti</strong></span> <span class='ocrx_word' id='word_1_239' title='bbox 532 1535 654 1563; x_wconf 83' lang='lat' dir='ltr'><strong>videatur</strong></span> <span class='ocrx_word' id='word_1_240' title='bbox 667 1556 674 1568; x_wconf 90' lang='lat'><strong>,</strong></span> <span class='ocrx_word' id='word_1_241' title='bbox 689 1540 716 1563; x_wconf 90' lang='lat' dir='ltr'><strong>et</strong></span> <span class='ocrx_word' id='word_1_242' title='bbox 737 1536 798 1564; x_wconf 85' lang='lat' dir='ltr'><strong>linis</strong></span> 
     </span>
    </p>
   </div>
   <div class='ocr_carea' id='block_1_34' title="bbox 44 1577 798 1615">
    <p class='ocr_par' dir='ltr' id='par_1_34' title="bbox 44 1577 798 1615">
     <span class='ocr_line' id='line_1_34' title="bbox 44 1577 798 1615; baseline 0.008 -13"><span class='ocrx_word' id='word_1_243' title='bbox 44 1577 152 1609; x_wconf 80' lang='lat' dir='ltr'><strong>genuinus</strong></span> <span class='ocrx_word' id='word_1_244' title='bbox 169 1582 250 1615; x_wconf 85' lang='lat' dir='ltr'><strong>atque</strong></span> <span class='ocrx_word' id='word_1_245' title='bbox 279 1580 404 1615; x_wconf 91' lang='lat' dir='ltr'><strong>proprius</strong></span> <span class='ocrx_word' id='word_1_246' title='bbox 425 1581 608 1614; x_wconf 76' lang='lat' dir='ltr'><strong>tractationis,</strong></span> <span class='ocrx_word' id='word_1_247' title='bbox 633 1589 687 1608; x_wconf 91' lang='lat' dir='ltr'><strong>non</strong></span> <span class='ocrx_word' id='word_1_248' title='bbox 711 1582 798 1609; x_wconf 90' lang='lat' dir='ltr'><strong>solum</strong></span> 
     </span>
    </p>
   </div>
   <div class='ocr_carea' id='block_1_35' title="bbox 44 1624 195 1653">
    <p class='ocr_par' dir='ltr' id='par_1_35' title="bbox 44 1624 195 1653">
     <span class='ocr_line' id='line_1_35' title="bbox 44 1624 195 1653; baseline -0.007 -5"><span class='ocrx_word' id='word_1_249' title='bbox 44 1624 195 1653; x_wconf 61' lang='lat' dir='ltr'><strong>extrinsecus,</strong></span> 
     </span>
    </p>
   </div>
   <div class='ocr_carea' id='block_1_36' title="bbox 69 1668 800 1707">
    <p class='ocr_par' dir='ltr' id='par_1_36' title="bbox 69 1668 800 1707">
     <span class='ocr_line' id='line_1_36' title="bbox 69 1668 800 1707; baseline 0.004 -11"><span class='ocrx_word' id='word_1_250' title='bbox 69 1668 129 1703; x_wconf 85' lang='lat' dir='ltr'><strong>Opus</strong></span> <span class='ocrx_word' id='word_1_251' title='bbox 143 1670 211 1702; x_wconf 83' lang='lat' dir='ltr'><strong>istud</strong></span> <span class='ocrx_word' id='word_1_252' title='bbox 224 1670 326 1698; x_wconf 86' lang='lat' dir='ltr'><strong>litteris</strong></span> <span class='ocrx_word' id='word_1_253' title='bbox 335 1672 503 1707; x_wconf 82' lang='lat' dir='ltr'><strong>consignavit</strong></span> <span class='ocrx_word' id='word_1_254' title='bbox 517 1677 627 1699; x_wconf 89' lang='lat' dir='ltr'><strong>sanctus</strong></span> <span class='ocrx_word' id='word_1_255' title='bbox 641 1671 733 1705; x_wconf 86' lang='lat' dir='ltr'><strong>Pater,</strong></span> <span class='ocrx_word' id='word_1_256' title='bbox 756 1680 800 1700; x_wconf 87' lang='lat' dir='ltr'><strong>ro-</strong></span> 
     </span>
    </p>
   </div>
   <div class='ocr_carea' id='block_1_37' title="bbox 44 1716 802 1752">
    <p class='ocr_par' dir='ltr' id='par_1_37' title="bbox 44 1716 802 1752">
     <span class='ocr_line' id='line_1_37' title="bbox 44 1716 802 1752; baseline 0.008 -12"><span class='ocrx_word' id='word_1_257' title='bbox 44 1718 125 1746; x_wconf 78' lang='lat' dir='ltr'><strong>gatusa</strong></span> <span class='ocrx_word' id='word_1_258' title='bbox 139 1717 256 1750; x_wconf 88' lang='lat' dir='ltr'><strong>quodam</strong></span> <span class='ocrx_word' id='word_1_259' title='bbox 283 1716 441 1751; x_wconf 80' lang='lat' dir='ltr'><strong>Theopliilo,</strong></span> <span class='ocrx_word' id='word_1_260' title='bbox 456 1726 573 1752; x_wconf 88' lang='lat' dir='ltr'><strong>quocum</strong></span> <span class='ocrx_word' id='word_1_261' title='bbox 591 1719 624 1746; x_wconf 87' lang='lat' dir='ltr'><strong>de</strong></span> <span class='ocrx_word' id='word_1_262' title='bbox 637 1720 730 1747; x_wconf 83' lang='lat' dir='ltr'><strong>eodem</strong></span> <span class='ocrx_word' id='word_1_263' title='bbox 756 1728 802 1746; x_wconf 90' lang='lat' dir='ltr'><strong>ar-</strong></span> 
     </span>
    </p>
   </div>
   <div class='ocr_carea' id='block_1_38' title="bbox 44 1759 798 1799">
    <p class='ocr_par' dir='ltr' id='par_1_38' title="bbox 44 1759 798 1799">
     <span class='ocr_line' id='line_1_38' title="bbox 44 1759 798 1799; baseline 0.009 -15"><span class='ocrx_word' id='word_1_264' title='bbox 44 1765 149 1791; x_wconf 76' lang='lat' dir='ltr'><strong>gumento</strong></span> <span class='ocrx_word' id='word_1_265' title='bbox 165 1759 255 1788; x_wconf 87' lang='lat' dir='ltr'><strong>fuerat</strong></span> <span class='ocrx_word' id='word_1_266' title='bbox 268 1766 330 1788; x_wconf 86' lang='lat' dir='ltr'><strong>ante</strong></span> <span class='ocrx_word' id='word_1_267' title='bbox 342 1762 508 1795; x_wconf 89' lang='lat' dir='ltr'><strong>collocutus;</strong></span> <span class='ocrx_word' id='word_1_268' title='bbox 527 1763 632 1798; x_wconf 90' lang='lat' dir='ltr'><strong>ipsique</strong></span> <span class='ocrx_word' id='word_1_269' title='bbox 648 1769 798 1799; x_wconf 89' lang='lat' dir='ltr'><strong>propterea,</strong></span> 
     </span>
    </p>
   </div>
   <div class='ocr_carea' id='block_1_39' title="bbox 44 1804 800 1842">
    <p class='ocr_par' dir='ltr' id='par_1_39' title="bbox 44 1804 800 1842">
     <span class='ocr_line' id='line_1_39' title="bbox 44 1804 800 1842; baseline 0.009 -12"><span class='ocrx_word' id='word_1_270' title='bbox 44 1810 107 1836; x_wconf 85' lang='lat' dir='ltr'><strong>quem</strong></span> <span class='ocrx_word' id='word_1_271' title='bbox 120 1804 312 1833; x_wconf 78' lang='lat' dir='ltr'><strong>charissimam</strong></span> <span class='ocrx_word' id='word_1_272' title='bbox 327 1805 435 1834; x_wconf 80' lang='lat' dir='ltr'><strong>fratrem</strong></span> <span class='ocrx_word' id='word_1_273' title='bbox 453 1808 584 1842; x_wconf 80' lang='lat' dir='ltr'><strong>appellat,</strong></span> <span class='ocrx_word' id='word_1_274' title='bbox 599 1808 698 1836; x_wconf 92' lang='lat' dir='ltr'><strong>librum</strong></span> <span class='ocrx_word' id='word_1_275' title='bbox 721 1817 800 1836; x_wconf 81' lang='lat' dir='ltr'><strong>suum</strong></span> 
     </span>
    </p>
   </div>
   <div class='ocr_carea' id='block_1_40' title="bbox 44 1851 801 1886">
    <p class='ocr_par' dir='ltr' id='par_1_40' title="bbox 44 1851 801 1886">
     <span class='ocr_line' id='line_1_40' title="bbox 44 1851 801 1886; baseline 0.012 -14"><span class='ocrx_word' id='word_1_276' title='bbox 44 1854 168 1883; x_wconf 79' lang='lat' dir='ltr'><strong>nuncupat.</strong></span> <span class='ocrx_word' id='word_1_277' title='bbox 180 1851 210 1876; x_wconf 90' lang='lat' dir='ltr'><strong>ln</strong></span> <span class='ocrx_word' id='word_1_278' title='bbox 222 1858 262 1878; x_wconf 84' lang='lat' dir='ltr'><strong>eo</strong></span> <span class='ocrx_word' id='word_1_279' title='bbox 273 1855 374 1880; x_wconf 89' lang='lat' dir='ltr'><strong>autem.</strong></span> <span class='ocrx_word' id='word_1_280' title='bbox 385 1851 476 1886; x_wconf 79' lang='lat' dir='ltr'><strong>judice</strong></span> <span class='ocrx_word' id='word_1_281' title='bbox 490 1851 596 1885; x_wconf 85' lang='lat' dir='ltr'><strong>Photio,</strong></span> <span class='ocrx_word' id='word_1_282' title='bbox 612 1857 641 1880; x_wconf 88' lang='lat' dir='ltr'><strong>ut</strong></span> <span class='ocrx_word' id='word_1_283' title='bbox 656 1854 735 1881; x_wconf 91' lang='lat' dir='ltr'><strong>modo</strong></span> <span class='ocrx_word' id='word_1_284' title='bbox 752 1862 801 1881; x_wconf 88' lang='lat' dir='ltr'><strong>au-</strong></span> 
     </span>
    </p>
   </div>
   <div class='ocr_carea' id='block_1_41' title="bbox 43 1892 800 1933">
    <p class='ocr_par' dir='ltr' id='par_1_41' title="bbox 43 1892 800 1933">
     <span class='ocr_line' id='line_1_41' title="bbox 43 1892 800 1933; baseline 0.011 -14"><span class='ocrx_word' id='word_1_285' title='bbox 43 1892 147 1927; x_wconf 71' lang='lat' dir='ltr'><strong>divimus,</strong></span> <span class='ocrx_word' id='word_1_286' title='bbox 168 1899 281 1923; x_wconf 74' lang='lat' dir='ltr'><strong>servata</strong></span> <span class='ocrx_word' id='word_1_287' title='bbox 298 1904 426 1924; x_wconf 87' lang='lat' dir='ltr'><strong>sensuum</strong></span> <span class='ocrx_word' id='word_1_288' title='bbox 442 1897 599 1933; x_wconf 90' lang='lat' dir='ltr'><strong>simplicitas</strong></span> <span class='ocrx_word' id='word_1_289' title='bbox 612 1906 644 1926; x_wconf 77' lang='lat' dir='ltr'><strong>ac</strong></span> <span class='ocrx_word' id='word_1_290' title='bbox 665 1901 800 1933; x_wconf 75' lang='lat' dir='ltr'><strong>vetustas;</strong></span> 
     </span>
    </p>
   </div>
   <div class='ocr_carea' id='block_1_42' title="bbox 43 1942 802 1980">
    <p class='ocr_par' dir='ltr' id='par_1_42' title="bbox 43 1942 802 1980">
     <span class='ocr_line' id='line_1_42' title="bbox 43 1942 802 1980; baseline 0.011 -15"><span class='ocrx_word' id='word_1_291' title='bbox 43 1945 110 1972; x_wconf 73' lang='lat' dir='ltr'><strong>genus</strong></span> <span class='ocrx_word' id='word_1_292' title='bbox 135 1948 197 1968; x_wconf 87' lang='lat' dir='ltr'><strong>vero</strong></span> <span class='ocrx_word' id='word_1_293' title='bbox 219 1942 329 1969; x_wconf 81' lang='lat' dir='ltr'><strong>dicendi</strong></span> <span class='ocrx_word' id='word_1_294' title='bbox 361 1943 463 1970; x_wconf 81' lang='lat' dir='ltr'><strong>clarum</strong></span> <span class='ocrx_word' id='word_1_295' title='bbox 490 1943 516 1971; x_wconf 94' lang='lat' dir='ltr'><strong>in</strong></span> <span class='ocrx_word' id='word_1_296' title='bbox 544 1945 638 1980; x_wconf 87' lang='lat' dir='ltr'><strong>primis</strong></span> <span class='ocrx_word' id='word_1_297' title='bbox 652 1953 684 1972; x_wconf 85' lang='lat' dir='ltr'><strong>ac</strong></span> <span class='ocrx_word' id='word_1_298' title='bbox 698 1945 802 1980; x_wconf 87' lang='lat' dir='ltr'><strong>perspi-</strong></span> 
     </span>
    </p>
   </div>
   <div class='ocr_carea' id='block_1_43' title="bbox 42 1988 800 2026">
    <p class='ocr_par' dir='ltr' id='par_1_43' title="bbox 42 1988 800 2026">
     <span class='ocr_line' id='line_1_43' title="bbox 42 1988 800 2026; baseline 0.011 -15"><span class='ocrx_word' id='word_1_299' title='bbox 42 1991 114 2019; x_wconf 88' lang='lat' dir='ltr'><strong>cuum,</strong></span> <span class='ocrx_word' id='word_1_300' title='bbox 127 1994 173 2014; x_wconf 90' lang='lat' dir='ltr'><strong>nec</strong></span> <span class='ocrx_word' id='word_1_301' title='bbox 186 1995 240 2014; x_wconf 90' lang='lat' dir='ltr'><strong>non</strong></span> <span class='ocrx_word' id='word_1_302' title='bbox 260 1988 475 2023; x_wconf 89' lang='lat' dir='ltr'><strong>interpretationi</strong></span> <span class='ocrx_word' id='word_1_303' title='bbox 493 1998 653 2026; x_wconf 82' lang='lat' dir='ltr'><strong>congruum.</strong></span> <span class='ocrx_word' id='word_1_304' title='bbox 668 1991 800 2019; x_wconf 71' lang='lat' dir='ltr'><strong>Cmterum</strong></span> 
     </span>
    </p>
   </div>
   <div class='ocr_carea' id='block_1_44' title="bbox 42 2032 800 2074">
    <p class='ocr_par' dir='ltr' id='par_1_44' title="bbox 42 2032 800 2074">
     <span class='ocr_line' id='line_1_44' title="bbox 42 2032 800 2074; baseline 0.012 -17"><span class='ocrx_word' id='word_1_305' title='bbox 42 2032 123 2064; x_wconf 80' lang='lat' dir='ltr'><strong>epocha</strong></span> <span class='ocrx_word' id='word_1_306' title='bbox 141 2033 221 2068; x_wconf 88' lang='lat' dir='ltr'><strong>hujus</strong></span> <span class='ocrx_word' id='word_1_307' title='bbox 243 2034 309 2061; x_wconf 78' lang='lat' dir='ltr'><strong>libri</strong></span> <span class='ocrx_word' id='word_1_308' title='bbox 324 2043 435 2069; x_wconf 89' lang='lat' dir='ltr'><strong>prorsus</strong></span> <span class='ocrx_word' id='word_1_309' title='bbox 459 2041 501 2064; x_wconf 86' lang='lat' dir='ltr'><strong>est</strong></span> <span class='ocrx_word' id='word_1_310' title='bbox 517 2038 618 2065; x_wconf 91' lang='lat' dir='ltr'><strong>incerta</strong></span> <span class='ocrx_word' id='word_1_311' title='bbox 632 2057 639 2069; x_wconf 88' lang='lat'><strong>,</strong></span> <span class='ocrx_word' id='word_1_312' title='bbox 666 2045 752 2074; x_wconf 87' lang='lat' dir='ltr'><strong>neque</strong></span> <span class='ocrx_word' id='word_1_313' title='bbox 768 2046 800 2066; x_wconf 78' lang='lat' dir='ltr'><strong>ex</strong></span> 
     </span>
    </p>
   </div>
   <div class='ocr_carea' id='block_1_45' title="bbox 43 2074 802 2117">
    <p class='ocr_par' dir='ltr' id='par_1_45' title="bbox 43 2074 802 2117">
     <span class='ocr_line' id='line_1_45' title="bbox 43 2074 802 2117; baseline 0.013 -16"><span class='ocrx_word' id='word_1_314' title='bbox 43 2074 157 2109; x_wconf 69' lang='lat' dir='ltr'><strong>adjunctis</strong></span> <span class='ocrx_word' id='word_1_315' title='bbox 169 2078 264 2114; x_wconf 80' lang='lat' dir='ltr'><strong>colligi</strong></span> <span class='ocrx_word' id='word_1_316' title='bbox 279 2083 367 2113; x_wconf 85' lang='lat' dir='ltr'><strong>potest</strong></span> <span class='ocrx_word' id='word_1_317' title='bbox 384 2088 440 2114; x_wconf 88' lang='lat' dir='ltr'><strong>quo</strong></span> <span class='ocrx_word' id='word_1_318' title='bbox 456 2085 575 2117; x_wconf 90' lang='lat' dir='ltr'><strong>tempore</strong></span> <span class='ocrx_word' id='word_1_319' title='bbox 590 2082 619 2109; x_wconf 83' lang='lat' dir='ltr'><strong>S.</strong></span> <span class='ocrx_word' id='word_1_320' title='bbox 639 2081 718 2110; x_wconf 84' lang='lat' dir='ltr'><strong>Pater</strong></span> <span class='ocrx_word' id='word_1_321' title='bbox 729 2083 802 2110; x_wconf 88' lang='lat' dir='ltr'><strong>hunc</strong></span> 
     </span>
    </p>
   </div>
   <div class='ocr_carea' id='block_1_46' title="bbox 43 2124 379 2160">
    <p class='ocr_par' dir='ltr' id='par_1_46' title="bbox 43 2124 379 2160">
     <span class='ocr_line' id='line_1_46' title="bbox 43 2124 379 2160; baseline 0.015 -12"><span class='ocrx_word' id='word_1_322' title='bbox 43 2124 163 2152; x_wconf 83' lang='lat' dir='ltr'><strong>tractatum</strong></span> <span class='ocrx_word' id='word_1_323' title='bbox 182 2127 379 2160; x_wconf 84' lang='lat' dir='ltr'><strong>composuerit.</strong></span> 
     </span>
    </p>
   </div>
   <div class='ocr_carea' id='block_1_47' title="bbox 210 2170 604 2206">
    <p class='ocr_par' dir='ltr' id='par_1_47' title="bbox 210 2170 604 2206">
     <span class='ocr_line' id='line_1_47' title="bbox 210 2170 604 2206; baseline 0.008 -10"><span class='ocrx_word' id='word_1_324' title='bbox 210 2170 340 2205; x_wconf 69' lang='lat' dir='ltr'><strong>Analysis</strong></span> <span class='ocrx_word' id='word_1_325' title='bbox 366 2171 443 2206; x_wconf 81' lang='lat' dir='ltr'><strong>hujus</strong></span> <span class='ocrx_word' id='word_1_326' title='bbox 466 2176 604 2200; x_wconf 80' lang='lat' dir='ltr'><strong>tractatus.</strong></span> 
     </span>
    </p>
   </div>
   <div class='ocr_carea' id='block_1_48' title="bbox 67 2210 800 2254">
    <p class='ocr_par' dir='ltr' id='par_1_48' title="bbox 67 2210 800 2254">
     <span class='ocr_line' id='line_1_48' title="bbox 67 2210 800 2254; baseline 0.007 -14"><span class='ocrx_word' id='word_1_327' title='bbox 67 2210 170 2242; x_wconf 77' lang='lat' dir='ltr'><strong>Sanctus</strong></span> <span class='ocrx_word' id='word_1_328' title='bbox 188 2214 354 2251; x_wconf 79' lang='lat' dir='ltr'><strong>Hippolytus</strong></span> <span class='ocrx_word' id='word_1_329' title='bbox 369 2216 468 2254; x_wconf 86' lang='lat' dir='ltr'><strong>librum</strong></span> <span class='ocrx_word' id='word_1_330' title='bbox 483 2217 522 2244; x_wconf 85' lang='lat' dir='ltr'><strong>De</strong></span> <span class='ocrx_word' id='word_1_331' title='bbox 541 2218 701 2244; x_wconf 81' lang='lat' dir='ltr'><strong>Antichristo</strong></span> <span class='ocrx_word' id='word_1_332' title='bbox 725 2225 800 2245; x_wconf 85' lang='lat' dir='ltr'><strong>com-</strong></span> 
     </span>
    </p>
   </div>
   <div class='ocr_carea' id='block_1_49' title="bbox 43 2259 800 2298">
    <p class='ocr_par' dir='ltr' id='par_1_49' title="bbox 43 2259 800 2298">
     <span class='ocr_line' id='line_1_49' title="bbox 43 2259 800 2298; baseline 0.007 -12"><span class='ocrx_word' id='word_1_333' title='bbox 43 2259 113 2290; x_wconf 78' lang='lat' dir='ltr'><strong>posuit</strong></span> <span class='ocrx_word' id='word_1_334' title='bbox 121 2262 267 2289; x_wconf 86' lang='lat' dir='ltr'><strong>occasione</strong></span> <span class='ocrx_word' id='word_1_335' title='bbox 280 2262 406 2297; x_wconf 86' lang='lat' dir='ltr'><strong>colloquii</strong></span> <span class='ocrx_word' id='word_1_336' title='bbox 418 2263 489 2297; x_wconf 90' lang='lat' dir='ltr'><strong>quod</strong></span> <span class='ocrx_word' id='word_1_337' title='bbox 503 2263 596 2290; x_wconf 90' lang='lat' dir='ltr'><strong>habuit</strong></span> <span class='ocrx_word' id='word_1_338' title='bbox 609 2271 669 2291; x_wconf 94' lang='lat' dir='ltr'><strong>cum</strong></span> <span class='ocrx_word' id='word_1_339' title='bbox 682 2264 800 2298; x_wconf 86' lang='lat' dir='ltr'><strong>quodam</strong></span> 
     </span>
    </p>
   </div>
   <div class='ocr_carea' id='block_1_50' title="bbox 43 2301 802 2344">
    <p class='ocr_par' dir='ltr' id='par_1_50' title="bbox 43 2301 802 2344">
     <span class='ocr_line' id='line_1_50' title="bbox 43 2301 802 2344; baseline 0.011 -16"><span class='ocrx_word' id='word_1_340' title='bbox 43 2301 171 2339; x_wconf 80' lang='lat' dir='ltr'><strong>Theophilo</strong></span> <span class='ocrx_word' id='word_1_341' title='bbox 186 2306 258 2341; x_wconf 72' lang='lat'><strong>(94),</strong></span> <span class='ocrx_word' id='word_1_342' title='bbox 277 2307 322 2334; x_wconf 91' lang='lat' dir='ltr'><strong>cui</strong></span> <span class='ocrx_word' id='word_1_343' title='bbox 336 2307 412 2334; x_wconf 91' lang='lat' dir='ltr'><strong>illum</strong></span> <span class='ocrx_word' id='word_1_344' title='bbox 428 2308 537 2341; x_wconf 82' lang='lat' dir='ltr'><strong>dicavit,</strong></span> <span class='ocrx_word' id='word_1_345' title='bbox 555 2317 689 2344; x_wconf 87' lang='lat' dir='ltr'><strong>quemque</strong></span> <span class='ocrx_word' id='word_1_346' title='bbox 700 2309 802 2336; x_wconf 86' lang='lat' dir='ltr'><strong>charis-</strong></span> 
     </span>
    </p>
   </div>
   <div class='ocr_carea' id='block_1_51' title="bbox 44 2347 802 2389">
    <p class='ocr_par' dir='ltr' id='par_1_51' title="bbox 44 2347 802 2389">
     <span class='ocr_line' id='line_1_51' title="bbox 44 2347 802 2389; baseline 0.008 -13"><span class='ocrx_word' id='word_1_347' title='bbox 44 2347 125 2376; x_wconf 76' lang='lat' dir='ltr'><strong>Simum</strong></span> <span class='ocrx_word' id='word_1_348' title='bbox 138 2359 216 2379; x_wconf 90' lang='lat' dir='ltr'><strong>suum</strong></span> <span class='ocrx_word' id='word_1_349' title='bbox 231 2352 345 2379; x_wconf 81' lang='lat' dir='ltr'><strong>fratrem</strong></span> <span class='ocrx_word' id='word_1_350' title='bbox 360 2354 485 2388; x_wconf 82' lang='lat' dir='ltr'><strong>appellat.</strong></span> <span class='ocrx_word' id='word_1_351' title='bbox 503 2353 592 2381; x_wconf 83' lang='lat' dir='ltr'><strong>Monet</strong></span> <span class='ocrx_word' id='word_1_352' title='bbox 611 2359 700 2382; x_wconf 89' lang='lat' dir='ltr'><strong>autem</strong></span> <span class='ocrx_word' id='word_1_353' title='bbox 718 2355 802 2389; x_wconf 85' lang='lat' dir='ltr'><strong>inpri-</strong></span> 
     </span>
    </p>
   </div>
   <div class='ocr_carea' id='block_1_52' title="bbox 45 2394 801 2434">
    <p class='ocr_par' dir='ltr' id='par_1_52' title="bbox 45 2394 801 2434">
     <span class='ocr_line' id='line_1_52' title="bbox 45 2394 801 2434; baseline 0.009 -13"><span class='ocrx_word' id='word_1_354' title='bbox 45 2394 85 2422; x_wconf 86' lang='lat' dir='ltr'><strong>mis</strong></span> <span class='ocrx_word' id='word_1_355' title='bbox 96 2395 270 2433; x_wconf 86' lang='lat' dir='ltr'><strong>Theophilum</strong></span> <span class='ocrx_word' id='word_1_356' title='bbox 284 2419 292 2433; x_wconf 93' lang='lat'><strong>,</strong></span> <span class='ocrx_word' id='word_1_357' title='bbox 315 2406 349 2426; x_wconf 90' lang='lat' dir='ltr'><strong>ne</strong></span> <span class='ocrx_word' id='word_1_358' title='bbox 364 2400 463 2434; x_wconf 89' lang='lat' dir='ltr'><strong>scripta</strong></span> <span class='ocrx_word' id='word_1_359' title='bbox 488 2407 536 2427; x_wconf 89' lang='lat' dir='ltr'><strong>sua</strong></span> <span class='ocrx_word' id='word_1_360' title='bbox 555 2407 617 2427; x_wconf 89' lang='lat' dir='ltr'><strong>cum</strong></span> <span class='ocrx_word' id='word_1_361' title='bbox 638 2400 801 2434; x_wconf 86' lang='lat' dir='ltr'><strong>intidelibus,</strong></span> 
     </span>
    </p>
   </div>
   <div class='ocr_carea' id='block_1_53' title="bbox 70 2474 800 2513">
    <p class='ocr_par' dir='ltr' id='par_1_53' title="bbox 70 2474 800 2513">
     <span class='ocr_line' id='line_1_53' title="bbox 70 2474 800 2513; baseline 0.007 -13"><span class='ocrx_word' id='word_1_362' title='bbox 70 2474 274 2513; x_wconf 80' lang='lat' dir='ltr'><strong>(9l)_Combelis.</strong></span> <span class='ocrx_word' id='word_1_363' title='bbox 290 2476 317 2504; x_wconf 91' lang='lat' dir='ltr'><strong>in</strong></span> <span class='ocrx_word' id='word_1_364' title='bbox 334 2477 405 2513; x_wconf 77' lang='lat' dir='ltr'><strong>notis</strong></span> <span class='ocrx_word' id='word_1_365' title='bbox 417 2477 450 2504; x_wconf 88' lang='lat' dir='ltr'><strong>ad</strong></span> <span class='ocrx_word' id='word_1_366' title='bbox 466 2485 526 2512; x_wconf 85' lang='lat' dir='ltr'><strong>cap.</strong></span> <span class='ocrx_word' id='word_1_367' title='bbox 542 2485 569 2511; x_wconf 84' lang='lat' dir='ltr'><strong>v,</strong></span> <span class='ocrx_word' id='word_1_368' title='bbox 583 2477 651 2505; x_wconf 87' lang='lat' dir='ltr'><strong>infra</strong></span> <span class='ocrx_word' id='word_1_369' title='bbox 663 2485 724 2513; x_wconf 80' lang='lat' dir='ltr'><strong>pag.</strong></span> <span class='ocrx_word' id='word_1_370' title='bbox 738 2478 800 2510; x_wconf 72' lang='grc'><strong>419,</strong></span> 
     </span>
    </p>
   </div>
   <div class='ocr_carea' id='block_1_54' title="bbox 44 2510 375 2543">
    <p class='ocr_par' dir='ltr' id='par_1_54' title="bbox 44 2510 375 2543">
     <span class='ocr_line' id='line_1_54' title="bbox 44 2510 375 2543; baseline -0.015 -1"><span class='ocrx_word' id='word_1_371' title='bbox 44 2510 100 2542; x_wconf 52' lang='lat' dir='ltr'><strong>apud</strong></span> <span class='ocrx_word' id='word_1_372' title='bbox 113 2510 246 2543; x_wconf 82' lang='lat' dir='ltr'><strong>Galland.,</strong></span> <span class='ocrx_word' id='word_1_373' title='bbox 262 2516 329 2539; x_wconf 90' lang='lat' dir='ltr'><strong>tom.</strong></span> <span class='ocrx_word' id='word_1_374' title='bbox 344 2511 375 2538; x_wconf 92' lang='lat' dir='ltr'><strong>ll.</strong></span> 
     </span>
    </p>
   </div>
   <div class='ocr_carea' id='block_1_55' title="bbox 70 2544 801 2582">
    <p class='ocr_par' dir='ltr' id='par_1_55' title="bbox 70 2544 801 2582">
     <span class='ocr_line' id='line_1_55' title="bbox 70 2544 801 2582; baseline 0.003 -10"><span class='ocrx_word' id='word_1_375' title='bbox 70 2544 118 2582; x_wconf 61' lang='grc'><strong>(92)</strong></span> <span class='ocrx_word' id='word_1_376' title='bbox 134 2545 240 2582; x_wconf 63' lang='lat' dir='ltr'><strong>Fabric.</strong></span> <span class='ocrx_word' id='word_1_377' title='bbox 256 2546 404 2581; x_wconf 85' lang='lat' dir='ltr'><strong>Hippolyt.,</strong></span> <span class='ocrx_word' id='word_1_378' title='bbox 418 2551 483 2574; x_wconf 90' lang='lat' dir='ltr'><strong>tom.</strong></span> <span class='ocrx_word' id='word_1_379' title='bbox 502 2546 513 2573; x_wconf 89' lang='lat' dir='ltr'><strong>l</strong></span> <span class='ocrx_word' id='word_1_380' title='bbox 527 2546 607 2582; x_wconf 91' lang='lat' dir='ltr'><strong>0pp.,</strong></span> <span class='ocrx_word' id='word_1_381' title='bbox 623 2555 649 2581; x_wconf 90' lang='lat' dir='ltr'><strong>p.</strong></span> <span class='ocrx_word' id='word_1_382' title='bbox 664 2547 692 2582; x_wconf 71' lang='lat'><strong>2,</strong></span> <span class='ocrx_word' id='word_1_383' title='bbox 706 2551 763 2574; x_wconf 90' lang='lat' dir='ltr'><strong>not.</strong></span> <span class='ocrx_word' id='word_1_384' title='bbox 780 2549 801 2575; x_wconf 86' lang='lat'><strong>&#39;.</strong></span> 
     </span>
    </p>
   </div>
   <div class='ocr_carea' id='block_1_56' title="bbox 70 2579 802 2618">
    <p class='ocr_par' dir='ltr' id='par_1_56' title="bbox 70 2579 802 2618">
     <span class='ocr_line' id='line_1_56' title="bbox 70 2579 802 2618; baseline 0.004 -12"><span class='ocrx_word' id='word_1_385' title='bbox 70 2579 118 2614; x_wconf 84' lang='grc'><strong>(93)</strong></span> <span class='ocrx_word' id='word_1_386' title='bbox 131 2581 267 2615; x_wconf 84' lang='lat' dir='ltr'><strong>Galland.,</strong></span> <span class='ocrx_word' id='word_1_387' title='bbox 283 2579 382 2609; x_wconf 45' lang='lat' dir='ltr'><strong>to&#39;tufll</strong></span> <span class='ocrx_word' id='word_1_388' title='bbox 393 2581 519 2609; x_wconf 87' lang='lat' dir='ltr'><strong>Biblioth.</strong></span> <span class='ocrx_word' id='word_1_389' title='bbox 541 2579 612 2615; x_wconf 63' lang='grc' dir='ltr'><strong>ΡΡζ,</strong></span> <span class='ocrx_word' id='word_1_390' title='bbox 623 2579 662 2609; x_wconf 65' lang='grc' dir='ltr'><strong>Ίιι</strong></span> <span class='ocrx_word' id='word_1_391' title='bbox 675 2581 802 2618; x_wconf 82' lang='lat' dir='ltr'><strong>Prolcgo-</strong></span> 
     </span>
    </p>
   </div>
   <div class='ocr_carea' id='block_1_57' title="bbox 45 2619 262 2649">
    <p class='ocr_par' dir='ltr' id='par_1_57' title="bbox 45 2619 262 2649">
     <span class='ocr_line' id='line_1_57' title="bbox 45 2619 262 2649; baseline 0.028 -10"><span class='ocrx_word' id='word_1_392' title='bbox 45 2619 113 2646; x_wconf 68' lang='lat' dir='ltr'><strong>mem,</strong></span> <span class='ocrx_word' id='word_1_393' title='bbox 128 2623 185 2649; x_wconf 75' lang='lat' dir='ltr'><strong>pag.</strong></span> <span class='ocrx_word' id='word_1_394' title='bbox 201 2625 262 2644; x_wconf 81' lang='lat' dir='ltr'><strong>xu.</strong></span> 
     </span>
    </p>
   </div>
   <div class='ocr_carea' id='block_1_58' title="bbox 72 2626 804 2686">
    <p class='ocr_par' dir='ltr' id='par_1_58' title="bbox 72 2626 804 2686">
     <span class='ocr_line' id='line_1_58' title="bbox 72 2626 804 2686; baseline 0.003 -10"><span class='ocrx_word' id='word_1_395' title='bbox 72 2626 310 2686; x_wconf 60' lang='lat' dir='ltr'><strong>vpost</strong></span> <span class='ocrx_word' id='word_1_396' title='bbox 335 2650 487 2679; x_wconf 85' lang='lat' dir='ltr'><strong>Fabricium</strong></span> <span class='ocrx_word' id='word_1_397' title='bbox 515 2651 664 2679; x_wconf 88' lang='lat' dir='ltr'><strong>Ceillierius</strong></span> <span class='ocrx_word' id='word_1_398' title='bbox 689 2655 757 2678; x_wconf 76' lang='lat' dir='ltr'><strong>tom.</strong></span> <span class='ocrx_word' id='word_1_399' title='bbox 782 2651 804 2679; x_wconf 91' lang='lat' dir='ltr'><strong>ll</strong></span> 
     </span>
    </p>
   </div>
   <div class='ocr_carea' id='block_1_59' title="bbox 47 2681 804 2721">
    <p class='ocr_par' dir='ltr' id='par_1_59' title="bbox 47 2681 804 2721">
     <span class='ocr_line' id='line_1_59' title="bbox 47 2681 804 2721; baseline 0.009 -14"><span class='ocrx_word' id='word_1_400' title='bbox 47 2681 204 2721; x_wconf 42' lang='lat' dir='ltr'><strong>uagam.</strong></span> <span class='ocrx_word' id='word_1_401' title='bbox 222 2681 267 2713; x_wconf 65' lang='lat' dir='ltr'><strong>des</strong></span> <span class='ocrx_word' id='word_1_402' title='bbox 280 2691 397 2719; x_wconf 80' lang='lat' dir='ltr'><strong>auteurs,</strong></span> <span class='ocrx_word' id='word_1_403' title='bbox 413 2694 472 2721; x_wconf 83' lang='lat' dir='ltr'><strong>pag.</strong></span> <span class='ocrx_word' id='word_1_404' title='bbox 489 2686 551 2719; x_wconf 69' lang='grc'><strong>554,</strong></span> <span class='ocrx_word' id='word_1_405' title='bbox 566 2692 621 2713; x_wconf 88' lang='lat' dir='ltr'><strong>not.</strong></span> <span class='ocrx_word' id='word_1_406' title='bbox 637 2687 668 2718; x_wconf 92' lang='lat' dir='ltr'><strong>d,</strong></span> <span class='ocrx_word' id='word_1_407' title='bbox 690 2686 804 2714; x_wconf 84' lang='lat' dir='ltr'><strong>fortasse</strong></span> 
     </span>
    </p>
   </div>
   <div class='ocr_carea' id='block_1_60' title="bbox 47 2716 804 2756">
    <p class='ocr_par' dir='ltr' id='par_1_60' title="bbox 47 2716 804 2756">
     <span class='ocr_line' id='line_1_60' title="bbox 47 2716 804 2756; baseline 0.008 -14"><span class='ocrx_word' id='word_1_408' title='bbox 47 2716 106 2756; x_wconf 55' lang='lat' dir='ltr'><strong>hunc</strong></span> <span class='ocrx_word' id='word_1_409' title='bbox 118 2716 292 2756; x_wconf 79' lang='lat' dir='ltr'><strong>Theophilum</strong></span> <span class='ocrx_word' id='word_1_410' title='bbox 306 2716 431 2749; x_wconf 73' lang='lat' dir='ltr'><strong>eumdem</strong></span> <span class='ocrx_word' id='word_1_411' title='bbox 447 2716 549 2755; x_wconf 59' lang='lat' dir='ltr'><strong>fuisse,</strong></span> <span class='ocrx_word' id='word_1_412' title='bbox 565 2729 644 2756; x_wconf 90' lang='lat' dir='ltr'><strong>quem</strong></span> <span class='ocrx_word' id='word_1_413' title='bbox 658 2716 804 2756; x_wconf 80' lang='lat' dir='ltr'><strong>alloquitur</strong></span> 
     </span>
    </p>
   </div>
   <div class='ocr_carea' id='block_1_61' title="bbox 46 2750 804 2792">
    <p class='ocr_par' dir='ltr' id='par_1_61' title="bbox 46 2750 804 2792">
     <span class='ocr_line' id='line_1_61' title="bbox 46 2750 804 2792; baseline 0.008 -14"><span class='ocrx_word' id='word_1_414' title='bbox 46 2750 349 2792; x_wconf 64' lang='lat' dir='ltr'><strong>llctliodius&#39;episcopus</strong></span> <span class='ocrx_word' id='word_1_415' title='bbox 370 2756 442 2791; x_wconf 83' lang='lat' dir='ltr'><strong>Tyri,</strong></span> <span class='ocrx_word' id='word_1_416' title='bbox 461 2750 582 2792; x_wconf 53' lang='lat' dir='ltr'><strong>aequalis</strong></span> <span class='ocrx_word' id='word_1_417' title='bbox 598 2750 749 2792; x_wconf 74' lang='lat' dir='ltr'><strong>Hippolyto,</strong></span> <span class='ocrx_word' id='word_1_418' title='bbox 776 2756 804 2784; x_wconf 91' lang='lat' dir='ltr'><strong>in</strong></span> 
     </span>
    </p>
   </div>
   <div class='ocr_carea' id='block_1_62' title="bbox 47 2791 805 2818">
    <p class='ocr_par' dir='ltr' id='par_1_62' title="bbox 47 2791 805 2818">
     <span class='ocr_line' id='line_1_62' title="bbox 47 2791 805 2818; baseline 0.004 -4"><span class='ocrx_word' id='word_1_419' title='bbox 47 2794 87 2814; x_wconf 74' lang='lat' dir='ltr'><strong>suo</strong></span> <span class='ocrx_word' id='word_1_420' title='bbox 100 2793 211 2818; x_wconf 85' lang='lat' dir='ltr'><strong>tractatu</strong></span> <span class='ocrx_word' id='word_1_421' title='bbox 230 2791 268 2818; x_wconf 81' lang='lat' dir='ltr'><strong>De</strong></span> <span class='ocrx_word' id='word_1_422' title='bbox 290 2794 478 2818; x_wconf 76' lang='lat' dir='ltr'><strong>resurrectione</strong></span> <span class='ocrx_word' id='word_1_423' title='bbox 491 2799 500 2817; x_wconf 95' lang='lat'><strong><em>:</em></strong></span> <span class='ocrx_word' id='word_1_424' title='bbox 510 2791 557 2818; x_wconf 81' lang='lat' dir='ltr'><strong>Vos</strong></span> <span class='ocrx_word' id='word_1_425' title='bbox 573 2793 639 2818; x_wconf 85' lang='lat' dir='ltr'><strong>enim</strong></span> <span class='ocrx_word' id='word_1_426' title='bbox 657 2791 805 2818; x_wconf 79' lang='lat' dir='ltr'><strong>sermonum</strong></span> 
     </span>
    </p>
   </div>
   <div class='ocr_carea' id='block_1_63' title="bbox 48 2825 802 2862">
    <p class='ocr_par' dir='ltr' id='par_1_63' title="bbox 48 2825 802 2862">
     <span class='ocr_line' id='line_1_63' title="bbox 48 2825 802 2862; baseline 0.008 -15"><span class='ocrx_word' id='word_1_427' title='bbox 48 2828 179 2860; x_wconf 61' lang='lat' dir='ltr'><strong>nostrorum</strong></span> <span class='ocrx_word' id='word_1_428' title='bbox 191 2825 306 2861; x_wconf 76' lang='lat' dir='ltr'><strong>judices,</strong></span> <span class='ocrx_word' id='word_1_429' title='bbox 321 2831 394 2860; x_wconf 77' lang='lat' dir='ltr'><strong>teque</strong></span> <span class='ocrx_word' id='word_1_430' title='bbox 407 2827 645 2862; x_wconf 78' lang='lat' dir='ltr'><strong>imprimis,optime</strong></span> <span class='ocrx_word' id='word_1_431' title='bbox 656 2826 802 2862; x_wconf 60' lang='lat' dir='ltr'><strong>Theophila.</strong></span> 
     </span>
    </p>
   </div>
   <div class='ocr_carea' id='block_1_64' title="bbox 841 207 1620 242">
    <p class='ocr_par' dir='ltr' id='par_1_64' title="bbox 841 207 1620 242">
     <span class='ocr_line' id='line_1_64' title="bbox 841 207 1620 242; baseline -0.004 -5"><span class='ocrx_word' id='word_1_432' title='bbox 841 210 870 237; x_wconf 90' lang='lat' dir='ltr'><strong>in</strong></span> <span class='ocrx_word' id='word_1_433' title='bbox 899 209 1053 242; x_wconf 78' lang='lat' dir='ltr'><strong>sanctitate,</strong></span> <span class='ocrx_word' id='word_1_434' title='bbox 1081 209 1185 242; x_wconf 78' lang='lat' dir='ltr'><strong>iustitia</strong></span> <span class='ocrx_word' id='word_1_435' title='bbox 1209 213 1236 235; x_wconf 91' lang='lat' dir='ltr'><strong>ct</strong></span> <span class='ocrx_word' id='word_1_436' title='bbox 1259 209 1357 236; x_wconf 89' lang='lat' dir='ltr'><strong>timore</strong></span> <span class='ocrx_word' id='word_1_437' title='bbox 1387 207 1434 234; x_wconf 85' lang='lat' dir='ltr'><strong>Dei</strong></span> <span class='ocrx_word' id='word_1_438' title='bbox 1455 207 1620 239; x_wconf 78' lang='lat' dir='ltr'><strong>viventibus,</strong></span> 
     </span>
    </p>
   </div>
   <div class='ocr_carea' id='block_1_65' title="bbox 840 251 1620 289">
    <p class='ocr_par' dir='ltr' id='par_1_65' title="bbox 840 251 1620 289">
     <span class='ocr_line' id='line_1_65' title="bbox 840 251 1620 289; baseline -0.003 -6"><span class='ocrx_word' id='word_1_439' title='bbox 840 254 1023 284; x_wconf 87' lang='lat' dir='ltr'><strong>communicet</strong></span> <span class='ocrx_word' id='word_1_440' title='bbox 1041 254 1107 289; x_wconf 83' lang='lat'><strong>(95).</strong></span> <span class='ocrx_word' id='word_1_441' title='bbox 1122 254 1273 288; x_wconf 81' lang='lat' dir='ltr'><strong>Antequam</strong></span> <span class='ocrx_word' id='word_1_442' title='bbox 1286 261 1349 280; x_wconf 88' lang='lat' dir='ltr'><strong>vero</strong></span> <span class='ocrx_word' id='word_1_443' title='bbox 1366 252 1399 280; x_wconf 87' lang='lat' dir='ltr'><strong>ad</strong></span> <span class='ocrx_word' id='word_1_444' title='bbox 1416 257 1562 280; x_wconf 90' lang='lat' dir='ltr'><strong>tractatum</strong></span> <span class='ocrx_word' id='word_1_445' title='bbox 1578 251 1620 281; x_wconf 70' lang='lat' dir='ltr'><strong>De</strong></span> 
     </span>
    </p>
   </div>
   <div class='ocr_carea' id='block_1_66' title="bbox 840 296 1622 333">
    <p class='ocr_par' dir='ltr' id='par_1_66' title="bbox 840 296 1622 333">
     <span class='ocr_line' id='line_1_66' title="bbox 840 296 1622 333; baseline -0.003 -8"><span class='ocrx_word' id='word_1_446' title='bbox 840 298 1002 326; x_wconf 79' lang='lat' dir='ltr'><strong>Antichristo</strong></span> <span class='ocrx_word' id='word_1_447' title='bbox 1018 302 1113 333; x_wconf 80' lang='lat' dir='ltr'><strong>pergat</strong></span> <span class='ocrx_word' id='word_1_448' title='bbox 1132 297 1161 325; x_wconf 92' lang='lat' dir='ltr'><strong>S.</strong></span> <span class='ocrx_word' id='word_1_449' title='bbox 1177 297 1352 333; x_wconf 78' lang='lat' dir='ltr'><strong>Hippolytus,</strong></span> <span class='ocrx_word' id='word_1_450' title='bbox 1364 297 1439 331; x_wconf 89' lang='lat' dir='ltr'><strong>prius</strong></span> <span class='ocrx_word' id='word_1_451' title='bbox 1461 297 1529 324; x_wconf 86' lang='lat' dir='ltr'><strong>duas</strong></span> <span class='ocrx_word' id='word_1_452' title='bbox 1552 296 1622 324; x_wconf 83' lang='lat' dir='ltr'><strong>alias</strong></span> 
     </span>
    </p>
   </div>
   <div class='ocr_carea' id='block_1_67' title="bbox 840 341 1621 378">
    <p class='ocr_par' dir='ltr' id='par_1_67' title="bbox 840 341 1621 378">
     <span class='ocr_line' id='line_1_67' title="bbox 840 341 1621 378; baseline -0.001 -8"><span class='ocrx_word' id='word_1_453' title='bbox 840 343 1003 378; x_wconf 62' lang='lat' dir='ltr'><strong>quaestiones</strong></span> <span class='ocrx_word' id='word_1_454' title='bbox 1031 342 1082 369; x_wconf 89' lang='lat' dir='ltr'><strong>sibi</strong></span> <span class='ocrx_word' id='word_1_455' title='bbox 1102 342 1245 370; x_wconf 87' lang='lat' dir='ltr'><strong>solvendas</strong></span> <span class='ocrx_word' id='word_1_456' title='bbox 1270 342 1409 376; x_wconf 89' lang='lat' dir='ltr'><strong>pr0ponit:</strong></span> <span class='ocrx_word' id='word_1_457' title='bbox 1425 341 1529 369; x_wconf 87' lang='lat' dir='ltr'><strong>scilicet</strong></span> <span class='ocrx_word' id='word_1_458' title='bbox 1551 350 1621 377; x_wconf 92' lang='lat' dir='ltr'><strong>quo-</strong></span> 
     </span>
    </p>
   </div>
   <div class='ocr_carea' id='block_1_68' title="bbox 840 387 1622 422">
    <p class='ocr_par' dir='ltr' id='par_1_68' title="bbox 840 387 1622 422">
     <span class='ocr_line' id='line_1_68' title="bbox 840 387 1622 422; baseline -0.004 -5"><span class='ocrx_word' id='word_1_459' title='bbox 840 389 921 417; x_wconf 83' lang='lat' dir='ltr'><strong>modo</strong></span> <span class='ocrx_word' id='word_1_460' title='bbox 937 388 984 416; x_wconf 88' lang='lat' dir='ltr'><strong>Dei</strong></span> <span class='ocrx_word' id='word_1_461' title='bbox 999 387 1117 415; x_wconf 81' lang='lat' dir='ltr'><strong>Verbum</strong></span> <span class='ocrx_word' id='word_1_462' title='bbox 1131 392 1195 415; x_wconf 88' lang='lat' dir='ltr'><strong>ante</strong></span> <span class='ocrx_word' id='word_1_463' title='bbox 1209 387 1421 415; x_wconf 84' lang='lat' dir='ltr'><strong>incarnationem</strong></span> <span class='ocrx_word' id='word_1_464' title='bbox 1437 394 1466 414; x_wconf 83' lang='lat' dir='ltr'><strong>se</strong></span> <span class='ocrx_word' id='word_1_465' title='bbox 1482 387 1622 422; x_wconf 85' lang='lat' dir='ltr'><strong>prophetis</strong></span> 
     </span>
    </p>
   </div>
   <div class='ocr_carea' id='block_1_69' title="bbox 840 433 1622 469">
    <p class='ocr_par' dir='ltr' id='par_1_69' title="bbox 840 433 1622 469">
     <span class='ocr_line' id='line_1_69' title="bbox 840 433 1622 469; baseline -0.004 -6"><span class='ocrx_word' id='word_1_466' title='bbox 840 435 1077 463; x_wconf 82' lang='lat' dir='ltr'><strong>manifestaverit?</strong></span> <span class='ocrx_word' id='word_1_467' title='bbox 1092 439 1119 462; x_wconf 88' lang='lat' dir='ltr'><strong>et</strong></span> <span class='ocrx_word' id='word_1_468' title='bbox 1134 434 1196 461; x_wconf 91' lang='lat' dir='ltr'><strong>dein</strong></span> <span class='ocrx_word' id='word_1_469' title='bbox 1210 434 1347 469; x_wconf 88' lang='lat' dir='ltr'><strong>quomodo</strong></span> <span class='ocrx_word' id='word_1_470' title='bbox 1360 434 1430 461; x_wconf 84' lang='lat' dir='ltr'><strong>idem</strong></span> <span class='ocrx_word' id='word_1_471' title='bbox 1442 433 1559 460; x_wconf 88' lang='lat' dir='ltr'><strong>Verbum</strong></span> <span class='ocrx_word' id='word_1_472' title='bbox 1574 433 1622 461; x_wconf 87' lang='lat' dir='ltr'><strong>Dei</strong></span> 
     </span>
    </p>
   </div>
   <div class='ocr_carea' id='block_1_70' title="bbox 839 477 1622 516">
    <p class='ocr_par' dir='ltr' id='par_1_70' title="bbox 839 477 1622 516">
     <span class='ocr_line' id='line_1_70' title="bbox 839 477 1622 516; baseline -0.003 -8"><span class='ocrx_word' id='word_1_473' title='bbox 839 489 888 516; x_wconf 89' lang='lat' dir='ltr'><strong>per</strong></span> <span class='ocrx_word' id='word_1_474' title='bbox 900 479 1113 508; x_wconf 84' lang='lat' dir='ltr'><strong>incarnationem</strong></span> <span class='ocrx_word' id='word_1_475' title='bbox 1130 478 1232 506; x_wconf 85' lang='lat' dir='ltr'><strong>factum</strong></span> <span class='ocrx_word' id='word_1_476' title='bbox 1253 479 1289 506; x_wconf 82' lang='lat' dir='ltr'><strong>sit</strong></span> <span class='ocrx_word' id='word_1_477' title='bbox 1305 486 1399 505; x_wconf 80' lang='lat' dir='ltr'><strong>servus</strong></span> <span class='ocrx_word' id='word_1_478' title='bbox 1417 478 1485 505; x_wconf 83' lang='lat' dir='ltr'><strong>Dei?</strong></span> <span class='ocrx_word' id='word_1_479' title='bbox 1501 477 1622 506; x_wconf 86' lang='lat' dir='ltr'><strong>Primam</strong></span> 
     </span>
    </p>
   </div>
   <div class='ocr_carea' id='block_1_71' title="bbox 841 524 1624 562">
    <p class='ocr_par' dir='ltr' id='par_1_71' title="bbox 841 524 1624 562">
     <span class='ocr_line' id='line_1_71' title="bbox 841 524 1624 562; baseline -0.003 -8"><span class='ocrx_word' id='word_1_480' title='bbox 841 527 1016 562; x_wconf 67' lang='lat' dir='ltr'><strong>quaestionem</strong></span> <span class='ocrx_word' id='word_1_481' title='bbox 1037 526 1117 554; x_wconf 88' lang='lat' dir='ltr'><strong>solvit</strong></span> <span class='ocrx_word' id='word_1_482' title='bbox 1139 525 1220 553; x_wconf 89' lang='lat' dir='ltr'><strong>ducta</strong></span> <span class='ocrx_word' id='word_1_483' title='bbox 1251 525 1454 560; x_wconf 83' lang='lat' dir='ltr'><strong>comparatione</strong></span> <span class='ocrx_word' id='word_1_484' title='bbox 1469 524 1504 551; x_wconf 91' lang='lat' dir='ltr'><strong>ab</strong></span> <span class='ocrx_word' id='word_1_485' title='bbox 1522 524 1624 552; x_wconf 87' lang='lat' dir='ltr'><strong>instru-</strong></span> 
     </span>
    </p>
   </div>
   <div class='ocr_carea' id='block_1_72' title="bbox 840 570 1624 606">
    <p class='ocr_par' dir='ltr' id='par_1_72' title="bbox 840 570 1624 606">
     <span class='ocr_line' id='line_1_72' title="bbox 840 570 1624 606; baseline -0.004 -5"><span class='ocrx_word' id='word_1_486' title='bbox 840 578 933 600; x_wconf 91' lang='lat' dir='ltr'><strong>mento</strong></span> <span class='ocrx_word' id='word_1_487' title='bbox 946 572 1062 605; x_wconf 88' lang='lat' dir='ltr'><strong>musico,</strong></span> <span class='ocrx_word' id='word_1_488' title='bbox 1077 572 1169 606; x_wconf 86' lang='lat' dir='ltr'><strong>aitque</strong></span> <span class='ocrx_word' id='word_1_489' title='bbox 1181 571 1325 606; x_wconf 82' lang='lat' dir='ltr'><strong>prophetas</strong></span> <span class='ocrx_word' id='word_1_490' title='bbox 1337 578 1397 598; x_wconf 88' lang='lat' dir='ltr'><strong>esse</strong></span> <span class='ocrx_word' id='word_1_491' title='bbox 1412 571 1498 597; x_wconf 84' lang='lat' dir='ltr'><strong>instar</strong></span> <span class='ocrx_word' id='word_1_492' title='bbox 1506 570 1624 598; x_wconf 52' lang='lat' dir='ltr'><strong>chordaé</strong></span> 
     </span>
    </p>
   </div>
   <div class='ocr_carea' id='block_1_73' title="bbox 841 616 1622 651">
    <p class='ocr_par' dir='ltr' id='par_1_73' title="bbox 841 616 1622 651">
     <span class='ocr_line' id='line_1_73' title="bbox 841 616 1622 651; baseline -0.003 -5"><span class='ocrx_word' id='word_1_493' title='bbox 841 627 913 651; x_wconf 89' lang='lat' dir='ltr'><strong>rum,</strong></span> <span class='ocrx_word' id='word_1_494' title='bbox 925 623 953 645; x_wconf 85' lang='lat' dir='ltr'><strong>et</strong></span> <span class='ocrx_word' id='word_1_495' title='bbox 968 617 1085 645; x_wconf 84' lang='lat' dir='ltr'><strong>Verbum</strong></span> <span class='ocrx_word' id='word_1_496' title='bbox 1101 617 1183 644; x_wconf 85' lang='lat' dir='ltr'><strong>veluti</strong></span> <span class='ocrx_word' id='word_1_497' title='bbox 1199 616 1342 651; x_wconf 88' lang='lat' dir='ltr'><strong>plectrum,</strong></span> <span class='ocrx_word' id='word_1_498' title='bbox 1357 616 1435 650; x_wconf 86' lang='lat' dir='ltr'><strong>cujus</strong></span> <span class='ocrx_word' id='word_1_499' title='bbox 1450 621 1524 644; x_wconf 92' lang='lat' dir='ltr'><strong>motu</strong></span> <span class='ocrx_word' id='word_1_500' title='bbox 1540 621 1622 651; x_wconf 86' lang='lat' dir='ltr'><strong>atque</strong></span> 
     </span>
    </p>
   </div>
   <div class='ocr_carea' id='block_1_74' title="bbox 841 661 1622 699">
    <p class='ocr_par' dir='ltr' id='par_1_74' title="bbox 841 661 1622 699">
     <span class='ocr_line' id='line_1_74' title="bbox 841 661 1622 699; baseline -0.004 -8"><span class='ocrx_word' id='word_1_501' title='bbox 841 664 957 699; x_wconf 90' lang='lat' dir='ltr'><strong>impulsu</strong></span> <span class='ocrx_word' id='word_1_502' title='bbox 972 663 1108 699; x_wconf 87' lang='lat' dir='ltr'><strong>incognita</strong></span> <span class='ocrx_word' id='word_1_503' title='bbox 1122 662 1258 698; x_wconf 62' lang='lat' dir='ltr'><strong>prophetae</strong></span> <span class='ocrx_word' id='word_1_504' title='bbox 1271 662 1332 689; x_wconf 86' lang='lat' dir='ltr'><strong>aliis</strong></span> <span class='ocrx_word' id='word_1_505' title='bbox 1346 661 1503 689; x_wconf 89' lang='lat' dir='ltr'><strong>hominibus</strong></span> <span class='ocrx_word' id='word_1_506' title='bbox 1514 670 1622 689; x_wconf 86' lang='lat' dir='ltr'><strong>annun-</strong></span> 
     </span>
    </p>
   </div>
   <div class='ocr_carea' id='block_1_75' title="bbox 840 708 1623 745">
    <p class='ocr_par' dir='ltr' id='par_1_75' title="bbox 840 708 1623 745">
     <span class='ocr_line' id='line_1_75' title="bbox 840 708 1623 745; baseline -0.003 -8"><span class='ocrx_word' id='word_1_507' title='bbox 840 710 939 738; x_wconf 87' lang='lat' dir='ltr'><strong>tiarent</strong></span> <span class='ocrx_word' id='word_1_508' title='bbox 953 709 1020 745; x_wconf 83' lang='lat'><strong>(96).</strong></span> <span class='ocrx_word' id='word_1_509' title='bbox 1034 710 1170 742; x_wconf 76' lang='lat' dir='ltr'><strong>Quantum</strong></span> <span class='ocrx_word' id='word_1_510' title='bbox 1191 708 1223 735; x_wconf 92' lang='lat' dir='ltr'><strong>ad</strong></span> <span class='ocrx_word' id='word_1_511' title='bbox 1238 709 1350 735; x_wconf 87' lang='lat' dir='ltr'><strong>alteram</strong></span> <span class='ocrx_word' id='word_1_512' title='bbox 1371 709 1560 743; x_wconf 61' lang='lat' dir='ltr'><strong>questionem,</strong></span> <span class='ocrx_word' id='word_1_513' title='bbox 1579 717 1623 736; x_wconf 86' lang='lat' dir='ltr'><strong>re-</strong></span> 
     </span>
    </p>
   </div>
   <div class='ocr_carea' id='block_1_76' title="bbox 841 753 1624 791">
    <p class='ocr_par' dir='ltr' id='par_1_76' title="bbox 841 753 1624 791">
     <span class='ocr_line' id='line_1_76' title="bbox 841 753 1624 791; baseline -0.003 -7"><span class='ocrx_word' id='word_1_514' title='bbox 841 756 955 791; x_wconf 91' lang='lat' dir='ltr'><strong>spondet</strong></span> <span class='ocrx_word' id='word_1_515' title='bbox 977 755 1126 790; x_wconf 85' lang='lat' dir='ltr'><strong>Theophilo</strong></span> <span class='ocrx_word' id='word_1_516' title='bbox 1142 754 1171 782; x_wconf 88' lang='lat' dir='ltr'><strong>S.</strong></span> <span class='ocrx_word' id='word_1_517' title='bbox 1199 753 1379 790; x_wconf 89' lang='lat' dir='ltr'><strong>Hippolytus:</strong></span> <span class='ocrx_word' id='word_1_518' title='bbox 1406 754 1476 787; x_wconf 84' lang='lat' dir='ltr'><strong>Quia</strong></span> <span class='ocrx_word' id='word_1_519' title='bbox 1511 754 1624 782; x_wconf 78' lang='lat' dir='ltr'><strong>Verbum</strong></span> 
     </span>
    </p>
   </div>
   <div class='ocr_carea' id='block_1_77' title="bbox 841 800 1625 834">
    <p class='ocr_par' dir='ltr' id='par_1_77' title="bbox 841 800 1625 834">
     <span class='ocr_line' id='line_1_77' title="bbox 841 800 1625 834; baseline -0.001 -6"><span class='ocrx_word' id='word_1_520' title='bbox 841 810 916 828; x_wconf 83' lang='lat' dir='ltr'><strong>suam</strong></span> <span class='ocrx_word' id='word_1_521' title='bbox 938 800 1146 828; x_wconf 74' lang='lat' dir='ltr'><strong>misericordium</strong></span> <span class='ocrx_word' id='word_1_522' title='bbox 1159 820 1166 832; x_wconf 91' lang='lat'><strong>,</strong></span> <span class='ocrx_word' id='word_1_523' title='bbox 1184 805 1208 827; x_wconf 86' lang='lat' dir='ltr'><strong>et</strong></span> <span class='ocrx_word' id='word_1_524' title='bbox 1223 800 1291 834; x_wconf 82' lang='lat' dir='ltr'><strong>quod</strong></span> <span class='ocrx_word' id='word_1_525' title='bbox 1312 801 1418 827; x_wconf 82' lang='lat' dir='ltr'><strong>minime</strong></span> <span class='ocrx_word' id='word_1_526' title='bbox 1444 807 1565 834; x_wconf 81' lang='lat' dir='ltr'><strong>acceptor</strong></span> <span class='ocrx_word' id='word_1_527' title='bbox 1584 804 1625 827; x_wconf 77' lang='lat' dir='ltr'><strong>est</strong></span> 
     </span>
    </p>
   </div>
   <div class='ocr_carea' id='block_1_78' title="bbox 808 843 1661 882">
    <p class='ocr_par' dir='ltr' id='par_1_78' title="bbox 808 843 1661 882">
     <span class='ocr_line' id='line_1_78' title="bbox 808 843 1661 882; baseline 0.002 -10"><span class='ocrx_word' id='word_1_528' title='bbox 808 843 828 872; x_wconf 85' lang='grc' dir='ltr'><strong>Β</strong></span> <span class='ocrx_word' id='word_1_529' title='bbox 842 855 1023 882; x_wconf 77' lang='lat' dir='ltr'><strong>personarum,</strong></span> <span class='ocrx_word' id='word_1_530' title='bbox 1048 855 1094 881; x_wconf 84' lang='lat' dir='ltr'><strong>per</strong></span> <span class='ocrx_word' id='word_1_531' title='bbox 1115 854 1203 875; x_wconf 80' lang='lat' dir='ltr'><strong>omnes</strong></span> <span class='ocrx_word' id='word_1_532' title='bbox 1213 851 1317 873; x_wconf 76' lang='lat' dir='ltr'><strong>sanctos</strong></span> <span class='ocrx_word' id='word_1_533' title='bbox 1333 846 1456 879; x_wconf 76' lang='lat' dir='ltr'><strong>ostendit,</strong></span> <span class='ocrx_word' id='word_1_534' title='bbox 1468 846 1624 874; x_wconf 63' lang='lat' dir='ltr'><strong>illuminant</strong></span> <span class='ocrx_word' id='word_1_535' title='bbox 1655 860 1661 865; x_wconf 91' lang='lat'><em>-</em></span> 
     </span>
    </p>
   </div>
   <div class='ocr_carea' id='block_1_79' title="bbox 842 892 1624 929">
    <p class='ocr_par' dir='ltr' id='par_1_79' title="bbox 842 892 1624 929">
     <span class='ocr_line' id='line_1_79' title="bbox 842 892 1624 929; baseline 0 -9"><span class='ocrx_word' id='word_1_536' title='bbox 842 894 903 920; x_wconf 85' lang='lat' dir='ltr'><strong>illos</strong></span> <span class='ocrx_word' id='word_1_537' title='bbox 928 898 1005 929; x_wconf 85' lang='lat' dir='ltr'><strong>atque</strong></span> <span class='ocrx_word' id='word_1_538' title='bbox 1035 900 1190 926; x_wconf 71' lang='lat' dir='ltr'><strong>componens</strong></span> <span class='ocrx_word' id='word_1_539' title='bbox 1213 892 1280 918; x_wconf 74' lang='lat' dir='ltr'><strong>velut</strong></span> <span class='ocrx_word' id='word_1_540' title='bbox 1295 893 1392 926; x_wconf 81' lang='lat' dir='ltr'><strong>peritus</strong></span> <span class='ocrx_word' id='word_1_541' title='bbox 1414 892 1528 919; x_wconf 80' lang='lat' dir='ltr'><strong>medicus</strong></span> <span class='ocrx_word' id='word_1_542' title='bbox 1548 893 1583 919; x_wconf 87' lang='lat' dir='ltr'><strong>ad</strong></span> <span class='ocrx_word' id='word_1_543' title='bbox 1593 901 1624 920; x_wconf 82' lang='lat' dir='ltr'><strong>ea</strong></span> 
     </span>
    </p>
   </div>
   <div class='ocr_carea' id='block_1_80' title="bbox 843 937 1625 975">
    <p class='ocr_par' dir='ltr' id='par_1_80' title="bbox 843 937 1625 975">
     <span class='ocr_line' id='line_1_80' title="bbox 843 937 1625 975; baseline 0 -9"><span class='ocrx_word' id='word_1_544' title='bbox 843 947 900 975; x_wconf 64' lang='lat' dir='ltr'><strong>qut:</strong></span> <span class='ocrx_word' id='word_1_545' title='bbox 916 939 950 966; x_wconf 84' lang='lat' dir='ltr'><strong>ad</strong></span> <span class='ocrx_word' id='word_1_546' title='bbox 963 943 1079 965; x_wconf 85' lang='lat' dir='ltr'><strong>nostram</strong></span> <span class='ocrx_word' id='word_1_547' title='bbox 1094 938 1240 965; x_wconf 85' lang='lat' dir='ltr'><strong>conducant</strong></span> <span class='ocrx_word' id='word_1_548' title='bbox 1253 937 1375 971; x_wconf 75' lang='lat' dir='ltr'><strong>salutem,</strong></span> <span class='ocrx_word' id='word_1_549' title='bbox 1390 939 1484 974; x_wconf 78' lang='lat' dir='ltr'><strong>quippe</strong></span> <span class='ocrx_word' id='word_1_550' title='bbox 1496 947 1554 965; x_wconf 86' lang='lat' dir='ltr'><strong>cum</strong></span> <span class='ocrx_word' id='word_1_551' title='bbox 1572 947 1625 966; x_wconf 83' lang='lat' dir='ltr'><strong>non</strong></span> 
     </span>
    </p>
   </div>
   <div class='ocr_carea' id='block_1_81' title="bbox 843 984 1626 1019">
    <p class='ocr_par' dir='ltr' id='par_1_81' title="bbox 843 984 1626 1019">
     <span class='ocr_line' id='line_1_81' title="bbox 843 984 1626 1019; baseline 0 -7"><span class='ocrx_word' id='word_1_552' title='bbox 843 986 942 1012; x_wconf 85' lang='lat' dir='ltr'><strong>nesciat</strong></span> <span class='ocrx_word' id='word_1_553' title='bbox 953 985 1095 1011; x_wconf 83' lang='lat' dir='ltr'><strong>humanam</strong></span> <span class='ocrx_word' id='word_1_554' title='bbox 1108 984 1301 1019; x_wconf 79' lang='lat' dir='ltr'><strong>infirmitatem.</strong></span> <span class='ocrx_word' id='word_1_555' title='bbox 1317 984 1353 1011; x_wconf 82' lang='lat' dir='ltr'><strong>Ac</strong></span> <span class='ocrx_word' id='word_1_556' title='bbox 1364 984 1467 1018; x_wconf 76' lang='lat' dir='ltr'><strong>quidem</strong></span> <span class='ocrx_word' id='word_1_557' title='bbox 1476 985 1626 1019; x_wconf 74' lang='lat' dir='ltr'><strong>ignorantes</strong></span> 
     </span>
    </p>
   </div>
   <div class='ocr_carea' id='block_1_82' title="bbox 843 1030 1624 1058">
    <p class='ocr_par' dir='ltr' id='par_1_82' title="bbox 843 1030 1624 1058">
     <span class='ocr_line' id='line_1_82' title="bbox 843 1030 1624 1058; baseline 0 -1"><span class='ocrx_word' id='word_1_558' title='bbox 843 1031 930 1057; x_wconf 81' lang='lat' dir='ltr'><strong>studet</strong></span> <span class='ocrx_word' id='word_1_559' title='bbox 948 1030 1070 1057; x_wconf 82' lang='lat' dir='ltr'><strong>edocere:</strong></span> <span class='ocrx_word' id='word_1_560' title='bbox 1098 1034 1214 1058; x_wconf 79' lang='lat' dir='ltr'><strong>errantes</strong></span> <span class='ocrx_word' id='word_1_561' title='bbox 1229 1039 1288 1058; x_wconf 74' lang='lat' dir='ltr'><strong>vero</strong></span> <span class='ocrx_word' id='word_1_562' title='bbox 1304 1031 1337 1057; x_wconf 84' lang='lat' dir='ltr'><strong>ad</strong></span> <span class='ocrx_word' id='word_1_563' title='bbox 1364 1039 1450 1058; x_wconf 82' lang='lat' dir='ltr'><strong>verum</strong></span> <span class='ocrx_word' id='word_1_564' title='bbox 1466 1039 1541 1058; x_wconf 76' lang='lat' dir='ltr'><strong>suam</strong></span> <span class='ocrx_word' id='word_1_565' title='bbox 1553 1031 1624 1058; x_wconf 81' lang='lat' dir='ltr'><strong>viam</strong></span> 
     </span>
    </p>
   </div>
   <div class='ocr_carea' id='block_1_83' title="bbox 844 1077 1624 1112">
    <p class='ocr_par' dir='ltr' id='par_1_83' title="bbox 844 1077 1624 1112">
     <span class='ocr_line' id='line_1_83' title="bbox 844 1077 1624 1112; baseline -0.001 -9"><span class='ocrx_word' id='word_1_566' title='bbox 844 1077 978 1104; x_wconf 82' lang='lat' dir='ltr'><strong>convertit.</strong></span> <span class='ocrx_word' id='word_1_567' title='bbox 989 1077 1073 1112; x_wconf 81' lang='lat' dir='ltr'><strong>Atque</strong></span> <span class='ocrx_word' id='word_1_568' title='bbox 1090 1077 1130 1104; x_wconf 82' lang='lat' dir='ltr'><strong>Itis</strong></span> <span class='ocrx_word' id='word_1_569' title='bbox 1147 1077 1261 1111; x_wconf 80' lang='lat' dir='ltr'><strong>quidem,</strong></span> <span class='ocrx_word' id='word_1_570' title='bbox 1281 1077 1326 1111; x_wconf 83' lang='lat' dir='ltr'><strong>qui</strong></span> <span class='ocrx_word' id='word_1_571' title='bbox 1341 1077 1394 1111; x_wconf 81' lang='lat' dir='ltr'><strong>[ide</strong></span> <span class='ocrx_word' id='word_1_572' title='bbox 1403 1081 1534 1111; x_wconf 80' lang='lat' dir='ltr'><strong>quazrunt,</strong></span> <span class='ocrx_word' id='word_1_573' title='bbox 1548 1077 1624 1110; x_wconf 80' lang='lat' dir='ltr'><strong>(ncile</strong></span> 
     </span>
    </p>
   </div>
   <div class='ocr_carea' id='block_1_84' title="bbox 844 1122 1629 1156">
    <p class='ocr_par' dir='ltr' id='par_1_84' title="bbox 844 1122 1629 1156">
     <span class='ocr_line' id='line_1_84' title="bbox 844 1122 1629 1156; baseline 0 -7"><span class='ocrx_word' id='word_1_574' title='bbox 844 1123 990 1154; x_wconf 85' lang='lat' dir='ltr'><strong>invenitur;</strong></span> <span class='ocrx_word' id='word_1_575' title='bbox 1002 1122 1042 1148; x_wconf 85' lang='lat' dir='ltr'><strong>his</strong></span> <span class='ocrx_word' id='word_1_576' title='bbox 1051 1126 1148 1153; x_wconf 80' lang='lat' dir='ltr'><strong>autem,</strong></span> <span class='ocrx_word' id='word_1_577' title='bbox 1160 1122 1204 1156; x_wconf 87' lang='lat' dir='ltr'><strong>qui</strong></span> <span class='ocrx_word' id='word_1_578' title='bbox 1220 1122 1323 1148; x_wconf 81' lang='lat' dir='ltr'><strong>mundis</strong></span> <span class='ocrx_word' id='word_1_579' title='bbox 1334 1122 1416 1148; x_wconf 82' lang='lat' dir='ltr'><strong>oculis</strong></span> <span class='ocrx_word' id='word_1_580' title='bbox 1430 1127 1454 1148; x_wconf 88' lang='lat' dir='ltr'><strong>et</strong></span> <span class='ocrx_word' id='word_1_581' title='bbox 1467 1127 1539 1148; x_wconf 84' lang='lat' dir='ltr'><strong>casto</strong></span> <span class='ocrx_word' id='word_1_582' title='bbox 1546 1122 1629 1149; x_wconf 78' lang='lat' dir='ltr'><strong>corde&#39;</strong></span> 
     </span>
    </p>
   </div>
   <div class='ocr_carea' id='block_1_85' title="bbox 845 1167 1626 1202">
    <p class='ocr_par' dir='ltr' id='par_1_85' title="bbox 845 1167 1626 1202">
     <span class='ocr_line' id='line_1_85' title="bbox 845 1167 1626 1202; baseline -0.001 -7"><span class='ocrx_word' id='word_1_583' title='bbox 845 1169 941 1195; x_wconf 80' lang='lat' dir='ltr'><strong>ostium</strong></span> <span class='ocrx_word' id='word_1_584' title='bbox 959 1167 1065 1202; x_wconf 84' lang='lat' dir='ltr'><strong>pulsare</strong></span> <span class='ocrx_word' id='word_1_585' title='bbox 1076 1167 1238 1199; x_wconf 79' lang='lat' dir='ltr'><strong>desiderant,</strong></span> <span class='ocrx_word' id='word_1_586' title='bbox 1250 1167 1386 1202; x_wconf 75' lang='lat' dir='ltr'><strong>confestim</strong></span> <span class='ocrx_word' id='word_1_587' title='bbox 1399 1168 1491 1201; x_wconf 83' lang='lat' dir='ltr'><strong>aperit.</strong></span> <span class='ocrx_word' id='word_1_588' title='bbox 1512 1167 1626 1194; x_wconf 83' lang='lat' dir='ltr'><strong>Nullum</strong></span> 
     </span>
    </p>
   </div>
   <div class='ocr_carea' id='block_1_86' title="bbox 844 1214 1626 1249">
    <p class='ocr_par' dir='ltr' id='par_1_86' title="bbox 844 1214 1626 1249">
     <span class='ocr_line' id='line_1_86' title="bbox 844 1214 1626 1249; baseline -0.001 -8"><span class='ocrx_word' id='word_1_589' title='bbox 844 1215 914 1242; x_wconf 83' lang='lat' dir='ltr'><strong>enim</strong></span> <span class='ocrx_word' id='word_1_590' title='bbox 925 1223 1032 1241; x_wconf 82' lang='lat' dir='ltr'><strong>suorum</strong></span> <span class='ocrx_word' id='word_1_591' title='bbox 1044 1223 1177 1242; x_wconf 79' lang='lat' dir='ltr'><strong>servorum</strong></span> <span class='ocrx_word' id='word_1_592' title='bbox 1195 1214 1280 1248; x_wconf 78' lang='lat' dir='ltr'><strong>rejici!</strong></span> <span class='ocrx_word' id='word_1_593' title='bbox 1290 1234 1298 1247; x_wconf 95' lang='lat'><strong>,</strong></span> <span class='ocrx_word' id='word_1_594' title='bbox 1314 1214 1390 1249; x_wconf 84' lang='lat' dir='ltr'><strong>quasi</strong></span> <span class='ocrx_word' id='word_1_595' title='bbox 1405 1214 1552 1242; x_wconf 82' lang='lat' dir='ltr'><strong>dirinorum</strong></span> <span class='ocrx_word' id='word_1_596' title='bbox 1568 1223 1626 1249; x_wconf 81' lang='lat' dir='ltr'><strong>my-</strong></span> 
     </span>
    </p>
   </div>
   <div class='ocr_carea' id='block_1_87' title="bbox 845 1259 1624 1296">
    <p class='ocr_par' dir='ltr' id='par_1_87' title="bbox 845 1259 1624 1296">
     <span class='ocr_line' id='line_1_87' title="bbox 845 1259 1624 1296; baseline 0.001 -9"><span class='ocrx_word' id='word_1_597' title='bbox 845 1261 984 1287; x_wconf 72' lang='lat' dir='ltr'><strong>steriorum</strong></span> <span class='ocrx_word' id='word_1_598' title='bbox 1000 1261 1145 1296; x_wconf 84' lang='lat' dir='ltr'><strong>indignum.</strong></span> <span class='ocrx_word' id='word_1_599' title='bbox 1165 1259 1227 1289; x_wconf 83' lang='lat' dir='ltr'><strong>Non</strong></span> <span class='ocrx_word' id='word_1_600' title='bbox 1237 1261 1342 1287; x_wconf 84' lang='lat' dir='ltr'><strong>divitem</strong></span> <span class='ocrx_word' id='word_1_601' title='bbox 1355 1269 1467 1295; x_wconf 82' lang='lat' dir='ltr'><strong>paupere</strong></span> <span class='ocrx_word' id='word_1_602' title='bbox 1477 1261 1561 1294; x_wconf 88' lang='lat' dir='ltr'><strong>pluris</strong></span> <span class='ocrx_word' id='word_1_603' title='bbox 1580 1261 1624 1296; x_wconf 84' lang='lat' dir='ltr'><strong>fa-</strong></span> 
     </span>
    </p>
   </div>
   <div class='ocr_carea' id='block_1_88' title="bbox 845 1305 1624 1341">
    <p class='ocr_par' dir='ltr' id='par_1_88' title="bbox 845 1305 1624 1341">
     <span class='ocr_line' id='line_1_88' title="bbox 845 1305 1624 1341; baseline 0 -9"><span class='ocrx_word' id='word_1_604' title='bbox 845 1306 892 1338; x_wconf 84' lang='lat' dir='ltr'><strong>cit,</strong></span> <span class='ocrx_word' id='word_1_605' title='bbox 905 1314 985 1340; x_wconf 78' lang='lat' dir='ltr'><strong>neque</strong></span> <span class='ocrx_word' id='word_1_606' title='bbox 997 1314 1137 1341; x_wconf 76' lang='lat' dir='ltr'><strong>pauperem</strong></span> <span class='ocrx_word' id='word_1_607' title='bbox 1148 1314 1196 1341; x_wconf 87' lang='lat' dir='ltr'><strong>pro</strong></span> <span class='ocrx_word' id='word_1_608' title='bbox 1211 1306 1267 1340; x_wconf 80' lang='lat' dir='ltr'><strong>ejus</strong></span> <span class='ocrx_word' id='word_1_609' title='bbox 1288 1306 1414 1333; x_wconf 83' lang='lat' dir='ltr'><strong>tenuitate</strong></span> <span class='ocrx_word' id='word_1_610' title='bbox 1432 1306 1540 1339; x_wconf 77' lang='lat' dir='ltr'><strong>spernit.</strong></span> <span class='ocrx_word' id='word_1_611' title='bbox 1563 1305 1624 1332; x_wconf 84' lang='lat' dir='ltr'><strong>Non</strong></span> 
     </span>
    </p>
   </div>
   <div class='ocr_carea' id='block_1_89' title="bbox 846 1352 1626 1387">
    <p class='ocr_par' dir='ltr' id='par_1_89' title="bbox 846 1352 1626 1387">
     <span class='ocr_line' id='line_1_89' title="bbox 846 1352 1626 1387; baseline 0 -9"><span class='ocrx_word' id='word_1_612' title='bbox 846 1352 957 1378; x_wconf 70' lang='lat' dir='ltr'><strong>barbara</strong></span> <span class='ocrx_word' id='word_1_613' title='bbox 973 1354 1131 1387; x_wconf 71' lang='lat' dir='ltr'><strong>exprobrat,</strong></span> <span class='ocrx_word' id='word_1_614' title='bbox 1153 1360 1198 1379; x_wconf 81' lang='lat' dir='ltr'><strong>nec</strong></span> <span class='ocrx_word' id='word_1_615' title='bbox 1212 1353 1370 1381; x_wconf 63' lang='lat' dir='ltr'><strong>eunuchum.</strong></span> <span class='ocrx_word' id='word_1_616' title='bbox 1382 1352 1457 1387; x_wconf 83' lang='lat' dir='ltr'><strong>quasi</strong></span> <span class='ocrx_word' id='word_1_617' title='bbox 1479 1360 1528 1378; x_wconf 86' lang='lat' dir='ltr'><strong>non</strong></span> <span class='ocrx_word' id='word_1_618' title='bbox 1542 1353 1626 1378; x_wconf 85' lang='lat' dir='ltr'><strong>virum</strong></span> 
     </span>
    </p>
   </div>
   <div class='ocr_carea' id='block_1_90' title="bbox 847 1398 1626 1434">
    <p class='ocr_par' dir='ltr' id='par_1_90' title="bbox 847 1398 1626 1434">
     <span class='ocr_line' id='line_1_90' title="bbox 847 1398 1626 1434; baseline -0.001 -9"><span class='ocrx_word' id='word_1_619' title='bbox 847 1399 960 1434; x_wconf 66' lang='lat' dir='ltr'><strong>ablegat.</strong></span> <span class='ocrx_word' id='word_1_620' title='bbox 979 1399 1040 1426; x_wconf 78' lang='lat' dir='ltr'><strong>Non</strong></span> <span class='ocrx_word' id='word_1_621' title='bbox 1060 1399 1116 1426; x_wconf 86' lang='lat' dir='ltr'><strong>odit</strong></span> <span class='ocrx_word' id='word_1_622' title='bbox 1127 1399 1252 1434; x_wconf 83' lang='lat' dir='ltr'><strong>feminam</strong></span> <span class='ocrx_word' id='word_1_623' title='bbox 1266 1399 1296 1425; x_wconf 88' lang='lat' dir='ltr'><strong>ob</strong></span> <span class='ocrx_word' id='word_1_624' title='bbox 1305 1398 1397 1433; x_wconf 78' lang='lat' dir='ltr'><strong>prima:</strong></span> <span class='ocrx_word' id='word_1_625' title='bbox 1415 1399 1524 1433; x_wconf 80' lang='lat' dir='ltr'><strong>originis</strong></span> <span class='ocrx_word' id='word_1_626' title='bbox 1537 1399 1626 1425; x_wconf 75' lang='lat' dir='ltr'><strong>inatte-</strong></span> 
     </span>
    </p>
   </div>
   <div class='ocr_carea' id='block_1_91' title="bbox 848 1445 1626 1480">
    <p class='ocr_par' dir='ltr' id='par_1_91' title="bbox 848 1445 1626 1480">
     <span class='ocr_line' id='line_1_91' title="bbox 848 1445 1626 1480; baseline -0.001 -9"><span class='ocrx_word' id='word_1_627' title='bbox 848 1445 986 1478; x_wconf 86' lang='lat' dir='ltr'><strong>dientiam,</strong></span> <span class='ocrx_word' id='word_1_628' title='bbox 1001 1454 1046 1472; x_wconf 77' lang='lat' dir='ltr'><strong>nec</strong></span> <span class='ocrx_word' id='word_1_629' title='bbox 1064 1446 1148 1473; x_wconf 78' lang='lat' dir='ltr'><strong>virum</strong></span> <span class='ocrx_word' id='word_1_630' title='bbox 1169 1445 1200 1471; x_wconf 87' lang='lat' dir='ltr'><strong>ob</strong></span> <span class='ocrx_word' id='word_1_631' title='bbox 1223 1445 1436 1480; x_wconf 82' lang='lat' dir='ltr'><strong>transgressionis</strong></span> <span class='ocrx_word' id='word_1_632' title='bbox 1461 1449 1561 1471; x_wconf 74' lang='lat' dir='ltr'><strong>reatum</strong></span> <span class='ocrx_word' id='word_1_633' title='bbox 1580 1445 1626 1470; x_wconf 78' lang='lat' dir='ltr'><strong>de-</strong></span> 
     </span>
    </p>
   </div>
   <div class='ocr_carea' id='block_1_92' title="bbox 849 1489 1624 1525">
    <p class='ocr_par' dir='ltr' id='par_1_92' title="bbox 849 1489 1624 1525">
     <span class='ocr_line' id='line_1_92' title="bbox 849 1489 1624 1525; baseline -0.001 -8"><span class='ocrx_word' id='word_1_634' title='bbox 849 1491 950 1522; x_wconf 86' lang='lat' dir='ltr'><strong>turbat;</strong></span> <span class='ocrx_word' id='word_1_635' title='bbox 966 1491 1010 1518; x_wconf 80' lang='lat' dir='ltr'><strong>sed</strong></span> <span class='ocrx_word' id='word_1_636' title='bbox 1025 1499 1112 1518; x_wconf 82' lang='lat' dir='ltr'><strong>omnes</strong></span> <span class='ocrx_word' id='word_1_637' title='bbox 1125 1489 1190 1523; x_wconf 83' lang='lat' dir='ltr'><strong>vult,</strong></span> <span class='ocrx_word' id='word_1_638' title='bbox 1206 1498 1342 1525; x_wconf 75' lang='lat' dir='ltr'><strong>omnesque</strong></span> <span class='ocrx_word' id='word_1_639' title='bbox 1361 1490 1463 1516; x_wconf 83' lang='lat' dir='ltr'><strong>satvare</strong></span> <span class='ocrx_word' id='word_1_640' title='bbox 1482 1490 1624 1517; x_wconf 81' lang='lat' dir='ltr'><strong>desiderat.</strong></span> 
     </span>
    </p>
   </div>
   <div class='ocr_carea' id='block_1_93' title="bbox 850 1535 1619 1572">
    <p class='ocr_par' dir='ltr' id='par_1_93' title="bbox 850 1535 1619 1572">
     <span class='ocr_line' id='line_1_93' title="bbox 850 1535 1619 1572; baseline -0.001 -9"><span class='ocrx_word' id='word_1_641' title='bbox 850 1535 944 1563; x_wconf 82' lang='lat' dir='ltr'><strong>Omnes</strong></span> <span class='ocrx_word' id='word_1_642' title='bbox 966 1537 1013 1564; x_wconf 85' lang='lat' dir='ltr'><strong>Dei</strong></span> <span class='ocrx_word' id='word_1_643' title='bbox 1028 1536 1097 1571; x_wconf 81' lang='lat' dir='ltr'><strong>ﬁlios</strong></span> <span class='ocrx_word' id='word_1_644' title='bbox 1116 1542 1240 1572; x_wconf 72' lang='lat' dir='ltr'><strong>prwsture</strong></span> <span class='ocrx_word' id='word_1_645' title='bbox 1262 1536 1328 1568; x_wconf 80' lang='lat' dir='ltr'><strong>vult,</strong></span> <span class='ocrx_word' id='word_1_646' title='bbox 1348 1540 1502 1570; x_wconf 82' lang='lat' dir='ltr'><strong>sanctosque</strong></span> <span class='ocrx_word' id='word_1_647' title='bbox 1532 1544 1619 1562; x_wconf 80' lang='lat' dir='ltr'><strong>omnes</strong></span> 
     </span>
    </p>
   </div>
   <div class='ocr_carea' id='block_1_94' title="bbox 848 1582 1625 1616">
    <p class='ocr_par' dir='ltr' id='par_1_94' title="bbox 848 1582 1625 1616">
     <span class='ocr_line' id='line_1_94' title="bbox 848 1582 1625 1616; baseline -0.001 -8"><span class='ocrx_word' id='word_1_648' title='bbox 848 1582 875 1608; x_wconf 85' lang='lat' dir='ltr'><strong>in</strong></span> <span class='ocrx_word' id='word_1_649' title='bbox 902 1590 982 1608; x_wconf 85' lang='lat' dir='ltr'><strong>unum</strong></span> <span class='ocrx_word' id='word_1_650' title='bbox 1000 1582 1129 1608; x_wconf 81' lang='lat' dir='ltr'><strong>hominem</strong></span> <span class='ocrx_word' id='word_1_651' title='bbox 1145 1582 1286 1616; x_wconf 77' lang='lat' dir='ltr'><strong>perfectum</strong></span> <span class='ocrx_word' id='word_1_652' title='bbox 1309 1587 1402 1613; x_wconf 78' lang='lat' dir='ltr'><strong>vocat;</strong></span> <span class='ocrx_word' id='word_1_653' title='bbox 1423 1589 1484 1607; x_wconf 85' lang='lat' dir='ltr'><strong>num</strong></span> <span class='ocrx_word' id='word_1_654' title='bbox 1506 1585 1531 1607; x_wconf 83' lang='lat' dir='ltr'><strong>et</strong></span> <span class='ocrx_word' id='word_1_655' title='bbox 1558 1589 1625 1607; x_wconf 82' lang='lat' dir='ltr'><strong>uitus</strong></span> 
     </span>
    </p>
   </div>
   <div class='ocr_carea' id='block_1_95' title="bbox 849 1625 1627 1661">
    <p class='ocr_par' dir='ltr' id='par_1_95' title="bbox 849 1625 1627 1661">
     <span class='ocr_line' id='line_1_95' title="bbox 849 1625 1627 1661; baseline -0.001 -9"><span class='ocrx_word' id='word_1_656' title='bbox 849 1626 897 1652; x_wconf 84' lang='lat' dir='ltr'><strong>Dei</strong></span> <span class='ocrx_word' id='word_1_657' title='bbox 915 1626 1001 1653; x_wconf 86' lang='lat' dir='ltr'><strong>Filius</strong></span> <span class='ocrx_word' id='word_1_658' title='bbox 1016 1631 1064 1658; x_wconf 84' lang='lat' dir='ltr'><strong>est,</strong></span> <span class='ocrx_word' id='word_1_659' title='bbox 1090 1626 1165 1661; x_wconf 86' lang='lat' dir='ltr'><strong>cujus</strong></span> <span class='ocrx_word' id='word_1_660' title='bbox 1186 1627 1266 1654; x_wconf 84' lang='lat' dir='ltr'><strong>etiam</strong></span> <span class='ocrx_word' id='word_1_661' title='bbox 1291 1635 1337 1653; x_wconf 84' lang='lat' dir='ltr'><strong>nos</strong></span> <span class='ocrx_word' id='word_1_662' title='bbox 1364 1634 1480 1653; x_wconf 84' lang='lat' dir='ltr'><strong>munere-</strong></span> <span class='ocrx_word' id='word_1_663' title='bbox 1496 1633 1542 1660; x_wconf 84' lang='lat' dir='ltr'><strong>per</strong></span> <span class='ocrx_word' id='word_1_664' title='bbox 1566 1625 1627 1660; x_wconf 86' lang='lat' dir='ltr'><strong>Spi-</strong></span> 
     </span>
    </p>
   </div>
   <div class='ocr_carea' id='block_1_96' title="bbox 849 1671 1626 1708">
    <p class='ocr_par' dir='ltr' id='par_1_96' title="bbox 849 1671 1626 1708">
     <span class='ocr_line' id='line_1_96' title="bbox 849 1671 1626 1708; baseline -0.001 -10"><span class='ocrx_word' id='word_1_665' title='bbox 849 1671 929 1698; x_wconf 86' lang='lat' dir='ltr'><strong>ritum</strong></span> <span class='ocrx_word' id='word_1_666' title='bbox 948 1671 976 1699; x_wconf 90' lang='lat' dir='ltr'><strong>S.</strong></span> <span class='ocrx_word' id='word_1_667' title='bbox 996 1673 1083 1707; x_wconf 83' lang='lat' dir='ltr'><strong>adepti</strong></span> <span class='ocrx_word' id='word_1_668' title='bbox 1100 1673 1328 1708; x_wconf 77' lang='lat' dir='ltr'><strong>regenerationem,</strong></span> <span class='ocrx_word' id='word_1_669' title='bbox 1340 1673 1367 1698; x_wconf 86' lang='lat' dir='ltr'><strong>in</strong></span> <span class='ocrx_word' id='word_1_670' title='bbox 1381 1680 1462 1698; x_wconf 87' lang='lat' dir='ltr'><strong>unum</strong></span> <span class='ocrx_word' id='word_1_671' title='bbox 1485 1672 1626 1707; x_wconf 78' lang='lat' dir='ltr'><strong>perfectum</strong></span> 
     </span>
    </p>
   </div>
   <div class='ocr_carea' id='block_1_97' title="bbox 849 1716 1627 1752">
    <p class='ocr_par' dir='ltr' id='par_1_97' title="bbox 849 1716 1627 1752">
     <span class='ocr_line' id='line_1_97' title="bbox 849 1716 1627 1752; baseline 0.003 -10"><span class='ocrx_word' id='word_1_672' title='bbox 849 1724 880 1742; x_wconf 74' lang='lat' dir='ltr'><strong>ac</strong></span> <span class='ocrx_word' id='word_1_673' title='bbox 896 1717 1021 1744; x_wconf 65' lang='lat' dir='ltr'><strong>caleatem</strong></span> <span class='ocrx_word' id='word_1_674' title='bbox 1033 1718 1163 1744; x_wconf 84' lang='lat' dir='ltr'><strong>hominem</strong></span> <span class='ocrx_word' id='word_1_675' title='bbox 1179 1725 1266 1744; x_wconf 85' lang='lat' dir='ltr'><strong>omnes</strong></span> <span class='ocrx_word' id='word_1_676' title='bbox 1278 1725 1412 1744; x_wconf 84' lang='lat' dir='ltr'><strong>occurrere</strong></span> <span class='ocrx_word' id='word_1_677' title='bbox 1425 1722 1544 1752; x_wconf 82' lang='lat' dir='ltr'><strong>optamus</strong></span> <span class='ocrx_word' id='word_1_678' title='bbox 1558 1716 1627 1751; x_wconf 81' lang='lat'><strong>(97).</strong></span> 
     </span>
    </p>
   </div>
   <div class='ocr_carea' id='block_1_98' title="bbox 849 1761 1631 1797">
    <p class='ocr_par' dir='ltr' id='par_1_98' title="bbox 849 1761 1631 1797">
     <span class='ocr_line' id='line_1_98' title="bbox 849 1761 1631 1797; baseline 0 -8"><span class='ocrx_word' id='word_1_679' title='bbox 849 1761 946 1789; x_wconf 86' lang='lat' dir='ltr'><strong>Postea</strong></span> <span class='ocrx_word' id='word_1_680' title='bbox 966 1763 1058 1797; x_wconf 89' lang='lat' dir='ltr'><strong>paucis</strong></span> <span class='ocrx_word' id='word_1_681' title='bbox 1081 1762 1192 1797; x_wconf 85' lang='lat' dir='ltr'><strong>exponit</strong></span> <span class='ocrx_word' id='word_1_682' title='bbox 1210 1763 1346 1797; x_wconf 92' lang='lat' dir='ltr'><strong>quomodo</strong></span> <span class='ocrx_word' id='word_1_683' title='bbox 1361 1762 1477 1789; x_wconf 88' lang='lat' dir='ltr'><strong>Verbum</strong></span> <span class='ocrx_word' id='word_1_684' title='bbox 1490 1762 1548 1794; x_wconf 89' lang='lat' dir='ltr'><strong>Dei,</strong></span> <span class='ocrx_word' id='word_1_685' title='bbox 1565 1762 1631 1789; x_wconf 81' lang='lat' dir='ltr'><strong>licet</strong></span> 
     </span>
    </p>
   </div>
   <div class='ocr_carea' id='block_1_99' title="bbox 849 1806 1627 1842">
    <p class='ocr_par' dir='ltr' id='par_1_99' title="bbox 849 1806 1627 1842">
     <span class='ocr_line' id='line_1_99' title="bbox 849 1806 1627 1842; baseline 0.001 -8"><span class='ocrx_word' id='word_1_686' title='bbox 849 1807 1012 1842; x_wconf 78' lang='lat' dir='ltr'><strong>purissimus</strong></span> <span class='ocrx_word' id='word_1_687' title='bbox 1025 1808 1147 1842; x_wconf 87' lang='lat' dir='ltr'><strong>spiritus,</strong></span> <span class='ocrx_word' id='word_1_688' title='bbox 1162 1807 1190 1834; x_wconf 91' lang='lat' dir='ltr'><strong>in</strong></span> <span class='ocrx_word' id='word_1_689' title='bbox 1211 1813 1288 1836; x_wconf 89' lang='lat' dir='ltr'><strong>utero</strong></span> <span class='ocrx_word' id='word_1_690' title='bbox 1305 1806 1423 1842; x_wconf 88' lang='lat' dir='ltr'><strong>Virginis</strong></span> <span class='ocrx_word' id='word_1_691' title='bbox 1443 1808 1478 1835; x_wconf 90' lang='lat' dir='ltr'><strong>sit</strong></span> <span class='ocrx_word' id='word_1_692' title='bbox 1499 1808 1627 1835; x_wconf 89' lang='lat' dir='ltr'><strong>incarna-</strong></span> 
     </span>
    </p>
   </div>
   <div class='ocr_carea' id='block_1_100' title="bbox 851 1851 1633 1889">
    <p class='ocr_par' dir='ltr' id='par_1_100' title="bbox 851 1851 1633 1889">
     <span class='ocr_line' id='line_1_100' title="bbox 851 1851 1633 1889; baseline 0.004 -9"><span class='ocrx_word' id='word_1_693' title='bbox 851 1858 924 1886; x_wconf 85' lang='lat' dir='ltr'><strong>tum;</strong></span> <span class='ocrx_word' id='word_1_694' title='bbox 940 1858 1020 1888; x_wconf 87' lang='lat' dir='ltr'><strong>atque</strong></span> <span class='ocrx_word' id='word_1_695' title='bbox 1034 1853 1183 1886; x_wconf 86' lang='lat' dir='ltr'><strong>concludit,</strong></span> <span class='ocrx_word' id='word_1_696' title='bbox 1201 1853 1274 1889; x_wconf 87' lang='lat' dir='ltr'><strong>quod</strong></span> <span class='ocrx_word' id='word_1_697' title='bbox 1292 1851 1412 1881; x_wconf 85' lang='lat' dir='ltr'><strong>Vérbum</strong></span> <span class='ocrx_word' id='word_1_698' title='bbox 1434 1854 1511 1881; x_wconf 91' lang='lat' dir='ltr'><strong>carni</strong></span> <span class='ocrx_word' id='word_1_699' title='bbox 1528 1859 1633 1883; x_wconf 71' lang='lat' dir='ltr'><strong>nostrae</strong></span> 
     </span>
    </p>
   </div>
   <div class='ocr_carea' id='block_1_101' title="bbox 849 1898 1629 1935">
    <p class='ocr_par' dir='ltr' id='par_1_101' title="bbox 849 1898 1629 1935">
     <span class='ocr_line' id='line_1_101' title="bbox 849 1898 1629 1935; baseline 0.005 -10"><span class='ocrx_word' id='word_1_700' title='bbox 849 1898 957 1926; x_wconf 82' lang='lat' dir='ltr'><strong>mortali</strong></span> <span class='ocrx_word' id='word_1_701' title='bbox 979 1899 1083 1926; x_wconf 88' lang='lat' dir='ltr'><strong>unitum</strong></span> <span class='ocrx_word' id='word_1_702' title='bbox 1108 1899 1200 1931; x_wconf 73' lang='lat' dir='ltr'><strong>fuerit,</strong></span> <span class='ocrx_word' id='word_1_703' title='bbox 1213 1904 1243 1926; x_wconf 92' lang='lat' dir='ltr'><strong>ut</strong></span> <span class='ocrx_word' id='word_1_704' title='bbox 1254 1903 1376 1927; x_wconf 76' lang='lat' dir='ltr'><strong>nostrum</strong></span> <span class='ocrx_word' id='word_1_705' title='bbox 1389 1907 1486 1935; x_wconf 89' lang='lat' dir='ltr'><strong>corpus</strong></span> <span class='ocrx_word' id='word_1_706' title='bbox 1504 1902 1629 1930; x_wconf 88' lang='lat' dir='ltr'><strong>redderet</strong></span> 
     </span>
    </p>
   </div>
   <div class='ocr_carea' id='block_1_102' title="bbox 850 1943 1631 1982">
    <p class='ocr_par' dir='ltr' id='par_1_102' title="bbox 850 1943 1631 1982">
     <span class='ocr_line' id='line_1_102' title="bbox 850 1943 1631 1982; baseline 0.005 -12"><span class='ocrx_word' id='word_1_707' title='bbox 850 1943 1064 1978; x_wconf 78' lang='lat' dir='ltr'><strong>incorruptibile,</strong></span> <span class='ocrx_word' id='word_1_708' title='bbox 1077 1944 1215 1972; x_wconf 89' lang='lat' dir='ltr'><strong>hominem</strong></span> <span class='ocrx_word' id='word_1_709' title='bbox 1229 1944 1362 1979; x_wconf 89' lang='lat' dir='ltr'><strong>perditum</strong></span> <span class='ocrx_word' id='word_1_710' title='bbox 1374 1945 1500 1973; x_wconf 87' lang='lat' dir='ltr'><strong>salvaret.</strong></span> <span class='ocrx_word' id='word_1_711' title='bbox 1524 1946 1631 1982; x_wconf 82' lang='lat' dir='ltr'><strong>Adjun-</strong></span> 
     </span>
    </p>
   </div>
   <div class='ocr_carea' id='block_1_103' title="bbox 851 1988 1628 2026">
    <p class='ocr_par' dir='ltr' id='par_1_103' title="bbox 851 1988 1628 2026">
     <span class='ocr_line' id='line_1_103' title="bbox 851 1988 1628 2026; baseline 0.008 -12"><span class='ocrx_word' id='word_1_712' title='bbox 851 1988 888 2024; x_wconf 80' lang='lat' dir='ltr'><strong>git</strong></span> <span class='ocrx_word' id='word_1_713' title='bbox 902 1989 1023 2022; x_wconf 65' lang='lat' dir='ltr'><strong>quaedam</strong></span> <span class='ocrx_word' id='word_1_714' title='bbox 1036 1989 1068 2016; x_wconf 91' lang='lat' dir='ltr'><strong>de</strong></span> <span class='ocrx_word' id='word_1_715' title='bbox 1085 1989 1212 2024; x_wconf 89' lang='lat' dir='ltr'><strong>passione</strong></span> <span class='ocrx_word' id='word_1_716' title='bbox 1225 1988 1329 2016; x_wconf 86' lang='lat' dir='ltr'><strong>Domini</strong></span> <span class='ocrx_word' id='word_1_717' title='bbox 1341 1990 1425 2017; x_wconf 87' lang='lat' dir='ltr'><strong>nostri</strong></span> <span class='ocrx_word' id='word_1_718' title='bbox 1441 1989 1505 2017; x_wconf 81' lang='lat' dir='ltr'><strong>Jesu</strong></span> <span class='ocrx_word' id='word_1_719' title='bbox 1516 1991 1628 2026; x_wconf 83' lang='lat' dir='ltr'><strong>Christi.</strong></span> 
     </span>
    </p>
   </div>
   <div class='ocr_carea' id='block_1_104' title="bbox 850 2034 1628 2069">
    <p class='ocr_par' dir='ltr' id='par_1_104' title="bbox 850 2034 1628 2069">
     <span class='ocr_line' id='line_1_104' title="bbox 850 2034 1628 2069; baseline 0.008 -9"><span class='ocrx_word' id='word_1_720' title='bbox 850 2039 977 2069; x_wconf 88' lang='lat' dir='ltr'><strong>putatque</strong></span> <span class='ocrx_word' id='word_1_721' title='bbox 993 2034 1112 2069; x_wconf 86' lang='lat' dir='ltr'><strong>aliquam</strong></span> <span class='ocrx_word' id='word_1_722' title='bbox 1132 2034 1205 2063; x_wconf 88' lang='lat' dir='ltr'><strong>illius</strong></span> <span class='ocrx_word' id='word_1_723' title='bbox 1223 2035 1343 2063; x_wconf 86' lang='lat' dir='ltr'><strong>invenire</strong></span> <span class='ocrx_word' id='word_1_724' title='bbox 1366 2036 1571 2065; x_wconf 88' lang='lat' dir='ltr'><strong>similitudinem</strong></span> <span class='ocrx_word' id='word_1_725' title='bbox 1599 2039 1628 2066; x_wconf 90' lang='lat' dir='ltr'><strong>in</strong></span> 
     </span>
    </p>
   </div>
   <div class='ocr_carea' id='block_1_105' title="bbox 851 2079 1119 2114">
    <p class='ocr_par' dir='ltr' id='par_1_105' title="bbox 851 2079 1119 2114">
     <span class='ocr_line' id='line_1_105' title="bbox 851 2079 1119 2114; baseline 0 -8"><span class='ocrx_word' id='word_1_726' title='bbox 851 2083 908 2106; x_wconf 84' lang='lat' dir='ltr'><strong>arte</strong></span> <span class='ocrx_word' id='word_1_727' title='bbox 922 2079 1036 2106; x_wconf 76' lang='lat' dir='ltr'><strong>textoris</strong></span> <span class='ocrx_word' id='word_1_728' title='bbox 1052 2079 1119 2114; x_wconf 83' lang='lat'><strong>(98).</strong></span> 
     </span>
    </p>
   </div>
   <div class='ocr_carea' id='block_1_106' title="bbox 886 2124 1627 2163">
    <p class='ocr_par' dir='ltr' id='par_1_106' title="bbox 886 2124 1627 2163">
     <span class='ocr_line' id='line_1_106' title="bbox 886 2124 1627 2163; baseline 0.004 -11"><span class='ocrx_word' id='word_1_729' title='bbox 886 2124 934 2152; x_wconf 73' lang='lat' dir='ltr'><strong>His</strong></span> <span class='ocrx_word' id='word_1_730' title='bbox 953 2125 1099 2160; x_wconf 82' lang='lat' dir='ltr'><strong>praemissis</strong></span> <span class='ocrx_word' id='word_1_731' title='bbox 1115 2130 1260 2153; x_wconf 85' lang='lat' dir='ltr'><strong>tractatum</strong></span> <span class='ocrx_word' id='word_1_732' title='bbox 1283 2125 1322 2153; x_wconf 79' lang='lat' dir='ltr'><strong>De</strong></span> <span class='ocrx_word' id='word_1_733' title='bbox 1342 2126 1505 2155; x_wconf 78' lang='lat' dir='ltr'><strong>Atttichristo</strong></span> <span class='ocrx_word' id='word_1_734' title='bbox 1524 2128 1627 2163; x_wconf 88' lang='lat' dir='ltr'><strong>incipit,</strong></span> 
     </span>
    </p>
   </div>
   <div class='ocr_carea' id='block_1_107' title="bbox 817 2169 1630 2207">
    <p class='ocr_par' dir='ltr' id='par_1_107' title="bbox 817 2169 1630 2207">
     <span class='ocr_line' id='line_1_107' title="bbox 817 2169 1630 2207; baseline 0.002 -10"><span class='ocrx_word' id='word_1_735' title='bbox 817 2179 840 2206; x_wconf 79' lang='grc' dir='ltr'><strong>ι)</strong></span> <span class='ocrx_word' id='word_1_736' title='bbox 853 2169 886 2197; x_wconf 89' lang='lat' dir='ltr'><strong>de</strong></span> <span class='ocrx_word' id='word_1_737' title='bbox 896 2178 949 2205; x_wconf 92' lang='lat' dir='ltr'><strong>quo</strong></span> <span class='ocrx_word' id='word_1_738' title='bbox 960 2178 995 2197; x_wconf 83' lang='lat' dir='ltr'><strong>ex</strong></span> <span class='ocrx_word' id='word_1_739' title='bbox 1009 2169 1156 2206; x_wconf 85' lang='lat' dir='ltr'><strong>Scripturis</strong></span> <span class='ocrx_word' id='word_1_740' title='bbox 1174 2171 1302 2204; x_wconf 87' lang='lat' dir='ltr'><strong>ostendit,</strong></span> <span class='ocrx_word' id='word_1_741' title='bbox 1316 2175 1396 2206; x_wconf 85' lang='lat' dir='ltr'><strong>atque</strong></span> <span class='ocrx_word' id='word_1_742' title='bbox 1407 2177 1548 2207; x_wconf 84' lang='lat' dir='ltr'><strong>sequentes</strong></span> <span class='ocrx_word' id='word_1_743' title='bbox 1560 2181 1630 2206; x_wconf 74' lang='lat' dir='ltr'><strong>qua:-</strong></span> 
     </span>
    </p>
   </div>
   <div class='ocr_carea' id='block_1_108' title="bbox 850 2216 1630 2252">
    <p class='ocr_par' dir='ltr' id='par_1_108' title="bbox 850 2216 1630 2252">
     <span class='ocr_line' id='line_1_108' title="bbox 850 2216 1630 2252; baseline 0 -8"><span class='ocrx_word' id='word_1_744' title='bbox 850 2216 953 2244; x_wconf 87' lang='lat' dir='ltr'><strong>stiones</strong></span> <span class='ocrx_word' id='word_1_745' title='bbox 965 2216 1068 2244; x_wconf 86' lang='lat' dir='ltr'><strong>solvere</strong></span> <span class='ocrx_word' id='word_1_746' title='bbox 1078 2223 1191 2244; x_wconf 89' lang='lat' dir='ltr'><strong>conatur</strong></span> <span class='ocrx_word' id='word_1_747' title='bbox 1202 2226 1208 2244; x_wconf 88' lang='lat'><strong>:</strong></span> <span class='ocrx_word' id='word_1_748' title='bbox 1223 2216 1356 2244; x_wconf 90' lang='lat' dir='ltr'><strong>Nimirum</strong></span> <span class='ocrx_word' id='word_1_749' title='bbox 1366 2217 1427 2251; x_wconf 92' lang='lat' dir='ltr'><strong>quis</strong></span> <span class='ocrx_word' id='word_1_750' title='bbox 1440 2222 1467 2244; x_wconf 92' lang='lat' dir='ltr'><strong>et</strong></span> <span class='ocrx_word' id='word_1_751' title='bbox 1475 2218 1562 2252; x_wconf 89' lang='lat' dir='ltr'><strong>qualis</strong></span> <span class='ocrx_word' id='word_1_752' title='bbox 1573 2218 1630 2244; x_wconf 85' lang='lat' dir='ltr'><strong>An-</strong></span> 
     </span>
    </p>
   </div>
   <div class='ocr_carea' id='block_1_109' title="bbox 851 2262 1630 2297">
    <p class='ocr_par' dir='ltr' id='par_1_109' title="bbox 851 2262 1630 2297">
     <span class='ocr_line' id='line_1_109' title="bbox 851 2262 1630 2297; baseline 0.003 -9"><span class='ocrx_word' id='word_1_753' title='bbox 851 2262 966 2289; x_wconf 74' lang='lat' dir='ltr'><strong>tichristi</strong></span> <span class='ocrx_word' id='word_1_754' title='bbox 981 2262 1122 2295; x_wconf 83' lang='lat' dir='ltr'><strong>adventus,</strong></span> <span class='ocrx_word' id='word_1_755' title='bbox 1134 2270 1188 2297; x_wconf 92' lang='lat' dir='ltr'><strong>qua</strong></span> <span class='ocrx_word' id='word_1_756' title='bbox 1199 2267 1277 2289; x_wconf 67' lang='lat' dir='ltr'><strong>actate</strong></span> <span class='ocrx_word' id='word_1_757' title='bbox 1290 2270 1321 2289; x_wconf 88' lang='lat' dir='ltr'><strong>ac</strong></span> <span class='ocrx_word' id='word_1_758' title='bbox 1335 2267 1455 2297; x_wconf 91' lang='lat' dir='ltr'><strong>tempore</strong></span> <span class='ocrx_word' id='word_1_759' title='bbox 1468 2263 1630 2290; x_wconf 87' lang='lat' dir='ltr'><strong>revelabitur</strong></span> 
     </span>
    </p>
   </div>
   <div class='ocr_carea' id='block_1_110' title="bbox 851 2307 1630 2344">
    <p class='ocr_par' dir='ltr' id='par_1_110' title="bbox 851 2307 1630 2344">
     <span class='ocr_line' id='line_1_110' title="bbox 851 2307 1630 2344; baseline 0.003 -11"><span class='ocrx_word' id='word_1_760' title='bbox 851 2307 960 2342; x_wconf 86' lang='lat' dir='ltr'><strong>iniquus</strong></span> <span class='ocrx_word' id='word_1_761' title='bbox 983 2308 1045 2341; x_wconf 85' lang='lat' dir='ltr'><strong>ille;</strong></span> <span class='ocrx_word' id='word_1_762' title='bbox 1070 2309 1214 2341; x_wconf 88' lang='lat' dir='ltr'><strong>undenam,</strong></span> <span class='ocrx_word' id='word_1_763' title='bbox 1237 2314 1265 2336; x_wconf 92' lang='lat' dir='ltr'><strong>et</strong></span> <span class='ocrx_word' id='word_1_764' title='bbox 1279 2317 1312 2336; x_wconf 79' lang='lat' dir='ltr'><strong>ex</strong></span> <span class='ocrx_word' id='word_1_765' title='bbox 1325 2317 1377 2344; x_wconf 91' lang='lat' dir='ltr'><strong>qua</strong></span> <span class='ocrx_word' id='word_1_766' title='bbox 1394 2309 1477 2341; x_wconf 83' lang='lat' dir='ltr'><strong>tribu,</strong></span> <span class='ocrx_word' id='word_1_767' title='bbox 1494 2309 1567 2344; x_wconf 93' lang='lat' dir='ltr'><strong>quod</strong></span> <span class='ocrx_word' id='word_1_768' title='bbox 1591 2310 1630 2336; x_wconf 89' lang='lat' dir='ltr'><strong>illi</strong></span> 
     </span>
    </p>
   </div>
   <div class='ocr_carea' id='block_1_111' title="bbox 852 2354 1630 2390">
    <p class='ocr_par' dir='ltr' id='par_1_111' title="bbox 852 2354 1630 2390">
     <span class='ocr_line' id='line_1_111' title="bbox 852 2354 1630 2390; baseline 0.003 -10"><span class='ocrx_word' id='word_1_769' title='bbox 852 2360 961 2386; x_wconf 89' lang='lat' dir='ltr'><strong>nomen,</strong></span> <span class='ocrx_word' id='word_1_770' title='bbox 969 2354 1105 2388; x_wconf 90' lang='lat' dir='ltr'><strong>quomodo</strong></span> <span class='ocrx_word' id='word_1_771' title='bbox 1113 2354 1241 2388; x_wconf 88' lang='lat' dir='ltr'><strong>populum</strong></span> <span class='ocrx_word' id='word_1_772' title='bbox 1252 2355 1278 2380; x_wconf 91' lang='lat' dir='ltr'><strong>in</strong></span> <span class='ocrx_word' id='word_1_773' title='bbox 1293 2362 1410 2381; x_wconf 87' lang='lat' dir='ltr'><strong>errorem</strong></span> <span class='ocrx_word' id='word_1_774' title='bbox 1421 2355 1538 2387; x_wconf 84' lang='lat' dir='ltr'><strong>inducet,</strong></span> <span class='ocrx_word' id='word_1_775' title='bbox 1548 2362 1630 2390; x_wconf 88' lang='lat' dir='ltr'><strong>quam</strong></span> 
     </span>
    </p>
   </div>
   <div class='ocr_carea' id='block_1_112' title="bbox 853 2399 1631 2436">
    <p class='ocr_par' dir='ltr' id='par_1_112' title="bbox 853 2399 1631 2436">
     <span class='ocr_line' id='line_1_112' title="bbox 853 2399 1631 2436; baseline 0.003 -11"><span class='ocrx_word' id='word_1_776' title='bbox 853 2399 916 2426; x_wconf 91' lang='lat' dir='ltr'><strong>item</strong></span> <span class='ocrx_word' id='word_1_777' title='bbox 931 2399 1032 2426; x_wconf 89' lang='lat' dir='ltr'><strong>sanctis</strong></span> <span class='ocrx_word' id='word_1_778' title='bbox 1048 2399 1248 2426; x_wconf 88' lang='lat' dir='ltr'><strong>tribulationem</strong></span> <span class='ocrx_word' id='word_1_779' title='bbox 1264 2399 1361 2426; x_wconf 86' lang='lat' dir='ltr'><strong>inferet</strong></span> <span class='ocrx_word' id='word_1_780' title='bbox 1376 2399 1442 2436; x_wconf 87' lang='lat'><strong>(99).</strong></span> <span class='ocrx_word' id='word_1_781' title='bbox 1464 2399 1529 2427; x_wconf 86' lang='lat' dir='ltr'><strong>Dein</strong></span> <span class='ocrx_word' id='word_1_782' title='bbox 1545 2401 1631 2435; x_wconf 77' lang='lat' dir='ltr'><strong>expli-</strong></span> 
     </span>
    </p>
   </div>
   <div class='ocr_carea' id='block_1_113' title="bbox 852 2475 1369 2510">
    <p class='ocr_par' dir='ltr' id='par_1_113' title="bbox 852 2475 1369 2510">
     <span class='ocr_line' id='line_1_113' title="bbox 852 2475 1369 2510; baseline 0 -8"><span class='ocrx_word' id='word_1_783' title='bbox 852 2475 929 2510; x_wconf 87' lang='lat' dir='ltr'><strong>Apud</strong></span> <span class='ocrx_word' id='word_1_784' title='bbox 947 2475 1081 2510; x_wconf 85' lang='lat' dir='ltr'><strong>Epiphan.</strong></span> <span class='ocrx_word' id='word_1_785' title='bbox 1095 2475 1190 2502; x_wconf 83' lang='lat' dir='ltr'><strong>lneres.</strong></span> <span class='ocrx_word' id='word_1_786' title='bbox 1205 2475 1250 2507; x_wconf 67' lang='lat'><strong>64,</strong></span> <span class='ocrx_word' id='word_1_787' title='bbox 1264 2483 1290 2510; x_wconf 90' lang='lat' dir='ltr'><strong>p.</strong></span> <span class='ocrx_word' id='word_1_788' title='bbox 1307 2475 1369 2502; x_wconf 61' lang='lat'><strong>540.</strong></span> 
     </span>
    </p>
   </div>
   <div class='ocr_carea' id='block_1_114' title="bbox 899 2510 1533 2545">
    <p class='ocr_par' dir='ltr' id='par_1_114' title="bbox 899 2510 1533 2545">
     <span class='ocr_line' id='line_1_114' title="bbox 899 2510 1533 2545; baseline 0 -7"><span class='ocrx_word' id='word_1_789' title='bbox 899 2510 944 2541; x_wconf 80' lang='grc'><strong>95)</strong></span> <span class='ocrx_word' id='word_1_790' title='bbox 957 2511 1090 2545; x_wconf 86' lang='lat' dir='ltr'><strong>Hippolyt.</strong></span> <span class='ocrx_word' id='word_1_791' title='bbox 1110 2510 1212 2545; x_wconf 21' lang='lat' dir='ltr'><strong>li,b.7l)e</strong></span> <span class='ocrx_word' id='word_1_792' title='bbox 1226 2511 1398 2542; x_wconf 75' lang='lat' dir='ltr'><strong>Antio/triste,</strong></span> <span class='ocrx_word' id='word_1_793' title='bbox 1414 2519 1488 2538; x_wconf 90' lang='lat' dir='ltr'><strong>num.</strong></span> <span class='ocrx_word' id='word_1_794' title='bbox 1507 2511 1533 2538; x_wconf 78' lang='grc' dir='ltr'><strong>Ι.</strong></span> 
     </span>
    </p>
   </div>
   <div class='ocr_carea' id='block_1_115' title="bbox 888 2512 1627 2581">
    <p class='ocr_par' dir='ltr' id='par_1_115' title="bbox 888 2512 1627 2581">
     <span class='ocr_line' id='line_1_115' title="bbox 899 2512 1533 2545; baseline 0 -7"><span class='ocrx_word' id='word_1_795' title='bbox 899 2512 944 2541; x_wconf 84' lang='grc'><strong>95)</strong></span> <span class='ocrx_word' id='word_1_796' title='bbox 957 2512 1090 2545; x_wconf 86' lang='lat' dir='ltr'><strong>Hippolyt.</strong></span> <span class='ocrx_word' id='word_1_797' title='bbox 1110 2512 1156 2542; x_wconf 86' lang='lat' dir='ltr'><strong>lib.</strong></span> <span class='ocrx_word' id='word_1_798' title='bbox 1175 2512 1212 2536; x_wconf 82' lang='lat' dir='ltr'><strong>De</strong></span> <span class='ocrx_word' id='word_1_799' title='bbox 1226 2512 1398 2542; x_wconf 80' lang='lat' dir='ltr'><strong>Antichristo,</strong></span> <span class='ocrx_word' id='word_1_800' title='bbox 1414 2519 1488 2538; x_wconf 90' lang='lat' dir='ltr'><strong>num.</strong></span> <span class='ocrx_word' id='word_1_801' title='bbox 1507 2512 1533 2538; x_wconf 81' lang='grc' dir='ltr'><strong>Ι.</strong></span> 
     </span>
     <span class='ocr_line' id='line_1_116' title="bbox 888 2512 1627 2581; baseline 0 -8"><span class='ocrx_word' id='word_1_802' title='bbox 888 2512 943 2581; x_wconf 45' lang='grc'><strong>(96)</strong></span> <span class='ocrx_word' id='word_1_803' title='bbox 963 2554 971 2571; x_wconf 82' lang='lat' dir='ltr'><strong>t</strong></span> <span class='ocrx_word' id='word_1_804' title='bbox 984 2545 1148 2581; x_wconf 17' lang='lat' dir='ltr'><strong>utinamque</strong></span> <span class='ocrx_word' id='word_1_805' title='bbox 1161 2544 1254 2581; x_wconf 80' lang='lat' dir='ltr'><strong>Patres</strong></span> <span class='ocrx_word' id='word_1_806' title='bbox 1266 2545 1366 2580; x_wconf 90' lang='lat' dir='ltr'><strong>Spiritu</strong></span> <span class='ocrx_word' id='word_1_807' title='bbox 1379 2546 1525 2580; x_wconf 84' lang='lat' dir='ltr'><strong>prophetiae</strong></span> <span class='ocrx_word' id='word_1_808' title='bbox 1534 2547 1627 2581; x_wconf 90' lang='lat' dir='ltr'><strong>aptati,</strong></span> 
     </span>
    </p>
   </div>
   <div class='ocr_carea' id='block_1_116' title="bbox 852 2579 1628 2616">
    <p class='ocr_par' dir='ltr' id='par_1_116' title="bbox 852 2579 1628 2616">
     <span class='ocr_line' id='line_1_117' title="bbox 852 2579 1628 2616; baseline 0.001 -9"><span class='ocrx_word' id='word_1_809' title='bbox 852 2579 985 2616; x_wconf 75' lang='lat' dir='ltr'><strong>digneque</strong></span> <span class='ocrx_word' id='word_1_810' title='bbox 1000 2580 1035 2616; x_wconf 82' lang='lat' dir='ltr'><strong>ab</strong></span> <span class='ocrx_word' id='word_1_811' title='bbox 1047 2580 1107 2616; x_wconf 84' lang='lat' dir='ltr'><strong>ipso</strong></span> <span class='ocrx_word' id='word_1_812' title='bbox 1124 2579 1211 2607; x_wconf 84' lang='lat' dir='ltr'><strong>Verbo</strong></span> <span class='ocrx_word' id='word_1_813' title='bbox 1226 2579 1362 2616; x_wconf 81' lang='lat' dir='ltr'><strong>honorati,</strong></span> <span class='ocrx_word' id='word_1_814' title='bbox 1374 2579 1569 2616; x_wconf 26' lang='lat' dir='ltr'><strong>quo’nimirum</strong></span> <span class='ocrx_word' id='word_1_815' title='bbox 1583 2579 1628 2609; x_wconf 50' lang='lat' dir='ltr'><strong>ve;</strong></span> 
     </span>
    </p>
   </div>
   <div class='ocr_carea' id='block_1_117' title="bbox 853 2615 1630 2650">
    <p class='ocr_par' dir='ltr' id='par_1_117' title="bbox 853 2615 1630 2650">
     <span class='ocr_line' id='line_1_118' title="bbox 853 2615 1630 2650; baseline 0.001 -8"><span class='ocrx_word' id='word_1_816' title='bbox 853 2615 894 2642; x_wconf 92' lang='lat' dir='ltr'><strong>lut</strong></span> <span class='ocrx_word' id='word_1_817' title='bbox 909 2623 1010 2649; x_wconf 86' lang='lat' dir='ltr'><strong>organa</strong></span> <span class='ocrx_word' id='word_1_818' title='bbox 1028 2615 1055 2641; x_wconf 93' lang='lat' dir='ltr'><strong>in</strong></span> <span class='ocrx_word' id='word_1_819' title='bbox 1071 2615 1166 2650; x_wconf 88' lang='lat' dir='ltr'><strong>scipsis</strong></span> <span class='ocrx_word' id='word_1_820' title='bbox 1188 2615 1291 2642; x_wconf 80' lang='lat' dir='ltr'><strong>unitum</strong></span> <span class='ocrx_word' id='word_1_821' title='bbox 1315 2623 1420 2650; x_wconf 88' lang='lat' dir='ltr'><strong>semper</strong></span> <span class='ocrx_word' id='word_1_822' title='bbox 1437 2615 1553 2643; x_wconf 89' lang='lat' dir='ltr'><strong>Verbum</strong></span> <span class='ocrx_word' id='word_1_823' title='bbox 1572 2621 1630 2643; x_wconf 88' lang='lat' dir='ltr'><strong>tan-</strong></span> 
     </span>
    </p>
   </div>
   <div class='ocr_carea' id='block_1_118' title="bbox 853 2650 1627 2685">
    <p class='ocr_par' dir='ltr' id='par_1_118' title="bbox 853 2650 1627 2685">
     <span class='ocr_line' id='line_1_119' title="bbox 853 2650 1627 2685; baseline 0.004 -9"><span class='ocrx_word' id='word_1_824' title='bbox 853 2658 933 2684; x_wconf 91' lang='lat' dir='ltr'><strong>quam</strong></span> <span class='ocrx_word' id='word_1_825' title='bbox 950 2651 1078 2685; x_wconf 86' lang='lat' dir='ltr'><strong>plectrum</strong></span> <span class='ocrx_word' id='word_1_826' title='bbox 1105 2650 1245 2680; x_wconf 82' lang='lat' dir='ltr'><strong>habereut.</strong></span> <span class='ocrx_word' id='word_1_827' title='bbox 1260 2650 1338 2685; x_wconf 88' lang='lat' dir='ltr'><strong>cujus</strong></span> <span class='ocrx_word' id='word_1_828' title='bbox 1358 2656 1425 2678; x_wconf 86' lang='lat' dir='ltr'><strong>nutu</strong></span> <span class='ocrx_word' id='word_1_829' title='bbox 1444 2655 1525 2685; x_wconf 89' lang='lat' dir='ltr'><strong>atque</strong></span> <span class='ocrx_word' id='word_1_830' title='bbox 1538 2651 1627 2679; x_wconf 85' lang='lat' dir='ltr'><strong>alllatu</strong></span> 
     </span>
    </p>
   </div>
   <div class='ocr_carea' id='block_1_119' title="bbox 853 2685 1626 2721">
    <p class='ocr_par' dir='ltr' id='par_1_119' title="bbox 853 2685 1626 2721">
     <span class='ocr_line' id='line_1_120' title="bbox 853 2685 1626 2721; baseline 0.003 -9"><span class='ocrx_word' id='word_1_831' title='bbox 853 2693 913 2721; x_wconf 78' lang='lat' dir='ltr'><strong>quae</strong></span> <span class='ocrx_word' id='word_1_832' title='bbox 930 2685 1113 2721; x_wconf 24' lang='lat' dir='ltr'><strong>Deuswvellet,</strong></span> <span class='ocrx_word' id='word_1_833' title='bbox 1141 2685 1199 2712; x_wconf 64' lang='lat' dir='ltr'><strong>haec</strong></span> <span class='ocrx_word' id='word_1_834' title='bbox 1225 2687 1362 2721; x_wconf 70' lang='lat' dir='ltr'><strong>propheta:</strong></span> <span class='ocrx_word' id='word_1_835' title='bbox 1391 2686 1598 2714; x_wconf 86' lang='lat' dir='ltr'><strong>aununtiabaut.</strong></span> <span class='ocrx_word' id='word_1_836' title='bbox 1616 2696 1626 2714; x_wconf 71' lang='grc' dir='ltr'>ι</span> 
     </span>
    </p>
   </div>
   <div class='ocr_carea' id='block_1_120' title="bbox 853 2720 1266 2755">
    <p class='ocr_par' dir='ltr' id='par_1_120' title="bbox 853 2720 1266 2755">
     <span class='ocr_line' id='line_1_121' title="bbox 853 2720 1266 2755; baseline 0.002 -9"><span class='ocrx_word' id='word_1_837' title='bbox 853 2720 999 2755; x_wconf 78' lang='lat' dir='ltr'><strong>llippolyt.,</strong></span> <span class='ocrx_word' id='word_1_838' title='bbox 1012 2720 1129 2755; x_wconf 58' lang='lat' dir='ltr'><strong>lib.cit.,</strong></span> <span class='ocrx_word' id='word_1_839' title='bbox 1144 2728 1219 2747; x_wconf 89' lang='lat' dir='ltr'><strong>num.</strong></span> <span class='ocrx_word' id='word_1_840' title='bbox 1241 2721 1266 2748; x_wconf 71' lang='grc'><strong>2.</strong></span> 
     </span>
    </p>
   </div>
   <div class='ocr_carea' id='block_1_121' title="bbox 889 2754 1266 2790">
    <p class='ocr_par' dir='ltr' id='par_1_121' title="bbox 889 2754 1266 2790">
     <span class='ocr_line' id='line_1_122' title="bbox 889 2754 1266 2790; baseline 0.003 -8"><span class='ocrx_word' id='word_1_841' title='bbox 889 2754 1047 2790; x_wconf 63' lang='grc' dir='ltr'><strong>(97)](Ιειη,</strong></span> <span class='ocrx_word' id='word_1_842' title='bbox 1059 2754 1077 2780; x_wconf 91' lang='lat' dir='ltr'><strong>l.</strong></span> <span class='ocrx_word' id='word_1_843' title='bbox 1090 2763 1127 2786; x_wconf 88' lang='lat' dir='ltr'><strong>c.,</strong></span> <span class='ocrx_word' id='word_1_844' title='bbox 1144 2763 1219 2782; x_wconf 88' lang='lat' dir='ltr'><strong>num.</strong></span> <span class='ocrx_word' id='word_1_845' title='bbox 1238 2756 1266 2783; x_wconf 78' lang='lat'><strong>5.</strong></span> 
     </span>
    </p>
   </div>
   <div class='ocr_carea' id='block_1_122' title="bbox 890 2790 1215 2826">
    <p class='ocr_par' dir='ltr' id='par_1_122' title="bbox 890 2790 1215 2826">
     <span class='ocr_line' id='line_1_123' title="bbox 890 2790 1215 2826; baseline -0.003 -9"><span class='ocrx_word' id='word_1_846' title='bbox 890 2790 944 2826; x_wconf 88' lang='lat'><strong>(98)</strong></span> <span class='ocrx_word' id='word_1_847' title='bbox 964 2790 1046 2826; x_wconf 70' lang='lat' dir='ltr'><strong>idem,</strong></span> <span class='ocrx_word' id='word_1_848' title='bbox 1064 2790 1081 2826; x_wconf 17' lang='lat' dir='ltr'><strong>l7.</strong></span> <span class='ocrx_word' id='word_1_849' title='bbox 1098 2797 1134 2822; x_wconf 90' lang='lat' dir='ltr'><strong>c.,</strong></span> <span class='ocrx_word' id='word_1_850' title='bbox 1147 2798 1175 2816; x_wconf 93' lang='lat' dir='ltr'><strong>n.</strong></span> <span class='ocrx_word' id='word_1_851' title='bbox 1189 2790 1215 2816; x_wconf 74' lang='grc'><strong>4.</strong></span> 
     </span>
    </p>
   </div>
   <div class='ocr_carea' id='block_1_123' title="bbox 891 2824 1356 2862">
    <p class='ocr_par' dir='ltr' id='par_1_123' title="bbox 891 2824 1356 2862">
     <span class='ocr_line' id='line_1_124' title="bbox 891 2824 1356 2862; baseline 0.006 -10"><span class='ocrx_word' id='word_1_852' title='bbox 891 2824 946 2862; x_wconf 84' lang='grc'><strong>(99)</strong></span> <span class='ocrx_word' id='word_1_853' title='bbox 967 2824 1049 2858; x_wconf 83' lang='lat' dir='ltr'><strong>Idem,</strong></span> <span class='ocrx_word' id='word_1_854' title='bbox 1069 2825 1084 2852; x_wconf 91' lang='grc' dir='ltr'>Ι.</span> <span class='ocrx_word' id='word_1_855' title='bbox 1104 2833 1140 2858; x_wconf 88' lang='lat' dir='ltr'><strong>c.,</strong></span> <span class='ocrx_word' id='word_1_856' title='bbox 1157 2832 1234 2852; x_wconf 75' lang='lat' dir='ltr'><strong>num.</strong></span> <span class='ocrx_word' id='word_1_857' title='bbox 1251 2826 1267 2854; x_wconf 85' lang='lat'><strong>5</strong></span> <span class='ocrx_word' id='word_1_858' title='bbox 1284 2842 1296 2850; x_wconf 67' lang='grc' dir='ltr'>η</span> <span class='ocrx_word' id='word_1_859' title='bbox 1312 2827 1356 2855; x_wconf 73' lang='grc'><strong>23.</strong></span> 
     </span>
    </p>
   </div>
  </div>
