1861 3052
221 114 266 142 19!

695 109 741 141 DE
756 110 839 142 VITA
856 113 899 142 ET
919 110 1072 142 SCRIPTIS
1091 113 1120 140 S.
1140 112 1335 142 IllPPOLYTl.

1769 116 1814 145 292

220 179 264 202 cat
295 172 415 202 visiones
441 172 715 202 Nabuchodonosoris
740 178 767 201 et
799 173 917 201 Danieiis
942 174 999 213 _hoc
1013 176 1110 205 Acem
1124 179 1237 206 cornua,
1251 179 1312 207 quae
1343 171 1434 200 futura
1463 177 1527 200 sunt
1549 180 1632 209 regna
1646 177 1673 201 et
1691 173 1813 209 imperia;

221 221 301 249 modo
316 221 354 256 (1)
366 230 373 248 :
388 230 397 246 ε
410 220 478 254 Quia
497 220 576 255 igitur
588 227 648 255 quae
662 219 702 247 sic
716 227 816 247 arcana
832 228 914 248 sensu
926 220 998 248 dicta

196 264 201 269 ’“
221 273 301 302 sunt,
328 268 465 296 nonnullis
487 267 614 294 videntur
638 271 717 301 captu
749 266 878 300 difﬁcilia,
904 274 998 294 eorum

221 315 288 343 nihil
304 314 501 342 abscondemus
513 333 520 346 ,
537 318 566 340 ut
587 313 755 348 intelligant,
769 313 816 347 qui
832 320 897 340 sana
909 317 999 340 mente

221 360 324 397 prrediti
350 364 421 387 sunt.
447 359 569 386 Lemnum
594 359 667 386 enim
690 358 804 386 dicendo
819 358 999 385 ascendentem

220 415 235 435 s
248 409 332 440 mari,
348 406 558 441 Babyloniorum
571 412 684 440 regnum
702 405 728 431 in
744 404 845 431 mundo
862 404 1000 439 signiﬁcar

219 453 275 486 vit,
290 452 361 487 quod
379 452 459 486 hujus
475 450 610 478 simulacri
625 455 684 477 erat
699 454 777 484 caput
790 457 910 476 aureum.
922 448 1000 482 Quod

220 503 309 526 autem
327 497 406 524 dicit:
430 496 488 523 Αιω
509 496 564 530 ejus
577 495 652 530 quasi
667 495 773 530 aquilce,
786 495 849 529 quia
866 495 1000 522 cxaltatus

219 549 261 572 est
281 552 328 572 rex
344 542 604 573 Nabuchodonosor,
620 545 647 569 et
661 541 792 569 adversus
806 540 890 568 Deum
901 541 999 568 elatus.

221 591 289 619 Dum
305 591 356 618 ait:
369 589 474 617 Evutste
489 593 549 616 sunt
563 588 614 615 ala:
629 588 694 622 ejus,
707 588 771 622 quia
787 587 846 622 ejus
862 587 951 614 ablata
959 591 1002 615 est

221 638 320 674 gloria;
338 635 388 663 fuit
399 636 471 663 enim
486 635 588 669 ejectus
604 641 619 661 e
635 641 718 668 regno
736 641 796 660 suo.
815 633 934 660 Dicenda
953 638 1002 660 au-

220 687 290 710 tem:
306 680 358 708 Cor
367 680 478 707 hominis
491 680 582 706 datum
592 682 629 705 est
642 679 697 704 eiet
709 686 786 712 super
798 678 873 712 pedes
889 677 1001 704 hominis

221 726 303 760 stetit,
321 726 384 761 quia
409 725 506 752 ductus
531 723 689 759 paenitentia
720 727 770 755 est,
799 723 856 757 ipse
883 723 1002 758 seipsum

222 779 382 808 agnoscens,
399 770 470 805 quod
484 771 565 797 homo
577 773 657 802 esset,
676 773 703 796 et
717 769 791 796 dedit
806 767 918 803 gloriam
936 768 1000 795 Deo.

221 816 287 845 Post
299 817 410 844 leaenam
427 823 491 851 ergo
505 815 653 842 secundum
675 814 775 842 animal
790 814 857 841 vidit
879 818 941 841 ursa
965 814 1003 841 si-

190 871 194 875 ·
223 863 294 895 mile,
319 862 391 898 quod
421 844 485 889 sunt
506 861 596 888 Persa:
612 880 619 887 .
638 879 645 886 .
662 879 669 886 .
687 859 806 887 Dicendo
832 864 923 887 autem
951 864 1001 887 tres
1018 844 1039 871 Β

223 915 300 937 costa:
315 909 382 945 (sive
397 908 516 942 ordines)
534 909 560 934 in
581 915 624 934 ore
644 907 711 942 ejus,
727 912 782 934 tres
796 911 889 941 gentes
903 906 1005 942 signiﬁ-

223 956 304 988 cavit,
319 955 427 986 Persas,
443 954 535 982 Medos
551 958 577 981 et
589 953 763 989 Babylonios,
784 952 865 987 idque
886 952 1005 979 ostendit

225 1005 367 1036 argentum
393 999 551 1035 adjunctum
578 1006 646 1026 auro
660 999 686 1025 in
702 997 859 1025 simulacro.
875 996 1005 1031 Sequitur

224 1047 304 1074 tertia
328 1046 412 1073 bestia
428 1045 538 1080 pardus,
567 1052 664 1079 nempe
689 1043 793 1076 Graeci;
821 1047 883 1077 post
907 1041 1005 1069 Persas

224 1093 296 1120 enim
311 1092 463 1119 Alexander
478 1090 589 1118 Macedo
605 1097 696 1117 rerum
720 1089 822 1124 potitus
847 1093 889 1115 est
911 1087 1004 1115 debel-

207 1135 279 1171 ,lato
292 1136 382 1168 Dario,
399 1137 445 1171 qui
463 1137 489 1163 in
516 1135 662 1163 simulacro
677 1136 738 1162 mis
762 1134 852 1169 specie
878 1138 1005 1161 ostensus

225 1187 276 1210 est.
290 1182 406 1210 Dicendo
421 1187 511 1209 autem
527 1186 641 1216 quatuor
664 1181 721 1207 alas
749 1179 873 1211 volucris,
890 1178 1005 1214 apertis-

225 1227 294 1254 sime
306 1227 399 1254 docuit
415 1226 552 1261 quomodo
568 1225 712 1253 Alexandri
727 1225 870 1260 imperium
887 1224 1004 1251 divisum

225 1272 292 1306 fuit;
309 1273 422 1300 dicendo
434 1272 505 1300 enim
521 1276 636 1307 quatuor
650 1272 737 1306 capita
749 1290 756 1304 ,
770 1275 897 1306 quatuor,
911 1269 1006 1305 qui-ex

226 1316 272 1342 illo
290 1321 465 1344 surrexerunt
477 1323 563 1351 rcges,
579 1316 756 1348 memoravit;
769 1314 922 1342 Alexander
933 1314 1006 1341 enim

225 1362 346 1388 moriens
356 1362 498 1396 imperium
513 1362 628 1389 solidum
657 1361 685 1388 in
704 1366 821 1396 quatuor
836 1365 926 1395 partes
939 1360 1007 1387 divi-

224 1407 270 1433 sit.
287 1406 387 1433 Deinde
399 1407 436 1433 ait
450 1416 456 1433 :
471 1406 562 1433 Bestia
575 1411 671 1442 quarta
683 1406 808 1434 terribilis
823 1405 1004 1440 acjtupenda,

226 1452 313 1479 dentes
328 1453 385 1486 ejus
401 1452 489 1487 ferrei,
519 1457 544 1479 et
573 1461 671 1487 ungues
694 1452 751 1487 ejus
786 1454 863 1480 wnes'.
890 1452 1007 1485 Quinam

227 1499 282 1530 isti,
301 1499 352 1525 nisi
382 1497 507 1531 Romani,
532 1499 603 1533 quod
629 1503 671 1526 est
700 1499 830 1531 ferreum,
846 1498 918 1533 quod
935 1504 1007 1524 nunc

226 1548 290 1578 stat,
307 1549 451 1579 manetque
466 1544 621 1579 imperium,
637 1551 717 1571 crura
735 1544 808 1571 enim
825 1543 884 1579 ejus
901 1543 1005 1576 ferrea;

225 1596 288 1624 post
299 1589 439 1616 luecenim
457 1589 522 1624 quid
539 1589 611 1617 aliud
625 1593 744 1624 superat,
761 1589 932 1622 charissime,
943 1597 1008 1624 prae-

226 1640 268 1662 ter
280 1634 392 1669 vestigia
407 1635 504 1669 pedum
536 1634 686 1668 simulacri,
715 1639 742 1662 et
766 1635 793 1662 in
823 1635 922 1670 quibus
942 1643 1007 1670 pars

226 1679 462 1714 quaedaniferrca,
492 1686 556 1714 pars
573 1686 638 1706 vero
666 1684 750 1707 testea
777 1684 829 1712 est,
856 1681 1008 1709 commistis

227 1726 298 1752 inter
313 1733 342 1752 se
356 1724 515 1759 speciebus?
528 1724 579 1751 Per
589 1732 693 1760 ungues
704 1725 802 1760 pedum
817 1733 917 1753 arcano
927 1735 1009 1754 sensu

230 1777 309 1805 rcges
323 1778 357 1797 ex
373 1770 419 1797 illo
433 1774 520 1797 ortum
548 1771 690 1799 habituros
716 1772 875 1807 designavit,
897 1773 935 1800 uti
961 1773 1010 1801 Da-

228 1817 282 1844 niel
297 1817 334 1844 ait
348 1827 353 1843 :
369 1816 523 1852 Cogitabam
551 1817 670 1850 bestiam,
687 1822 712 1845 et
734 1826 792 1844 ecce
807 1826 905 1845 cornua
923 1819 1009 1846 decem

228 1867 299 1889 retro
311 1870 379 1896 eam,
395 1863 464 1889 inter
480 1871 538 1898 qute
552 1868 640 1898 surget
655 1863 817 1890 minusculus
841 1864 908 1890 stola
927 1865 1007 1898 alius,

227 1913 253 1936 et
266 1909 328 1940 tria,
345 1917 403 1943 qua
422 1913 482 1936 ante
497 1909 585 1943 ipsum
601 1914 687 1941 erant,
715 1917 813 1935 cornua
825 1910 924 1937 evellet.
950 1910 1010 1944 Quo

229 1962 284 1982 non
297 1955 380 1987 aliud,
396 1962 477 1989 quam
495 1954 678 1982 Antichristus
707 1959 875 1982 monstratus
886 1960 937 1988 est,
962 1957 1009 1991 qui

229 2007 256 2029 et
270 2001 327 2036 ipse
349 2000 505 2028 Judaeorum
534 2008 646 2036 regnum
662 2001 844 2029 suscitaturus
868 2006 930 2029 est:
959 2003 1008 2029 tria

230 2055 332 2075 cornua
355 2055 403 2082 per
423 2054 484 2074 eum
503 2047 596 2075 evulsa
615 2052 670 2075 tres
683 2055 760 2082 reges
784 2052 873 2081 vocat,
888 2047 1008 2084 Egypti,

229 2093 321 2129 Lybiae
348 2097 375 2120 et
413 2092 574 2128 Ethiopian,
607 2101 676 2128 quos
715 2093 857 2121 interliciet
888 2094 915 2121 in
946 2094 1009 2122 belli

230 2147 297 2167 acre.
309 2149 319 2166 ι

1050 225 1135 245 cornu
1161 217 1235 245 aliud
1261 225 1373 253 parvum
1398 225 1582 251 succrescens,
1608 218 1679 253 quod
1694 219 1760 246 inter
1772 219 1811 247 illa

1049 267 1218 294 numeratur,
1242 262 1443 295 Antichristus;
1470 263 1537 298 lapis
1564 263 1717 298 percutiens
1732 268 1815 291 conte-

1052 315 1170 342 rensque
1186 307 1373 339 simulacrum,
1399 307 1444 342 qui
1461 311 1560 335 terram
1571 307 1728 343 adiutplevit
1740 313 1765 335 et
1776 308 1815 342 ju-

1049 352 1150 380 dicium
1166 353 1265 380 mundo
1275 353 1368 385 infert,
1384 353 1533 381 Christus.»

1085 398 1219 426 Praeterea
1245 399 1274 426 S.
1296 398 1465 434 Hippolytus.
1492 403 1634 434 postquam
1660 400 1815 435 prophetiam

1050 445 1127 473 Isaia:
1141 446 1174 472 de
1188 445 1297 472 interitu
1308 444 1457 473 Ierusalem
1467 453 1527 481 cap.
1544 454 1563 479 ι,
1581 454 1607 474 v.
1626 445 1652 480 7,
1667 451 1694 473 et
1714 447 1818 481 prophe-

1050 491 1115 518 tiam
1130 490 1248 518 Iianielis
1261 491 1466 523 desimulacro,
1480 499 1526 519 seu
1549 496 1637 519 statua
1650 496 1729 519 antea
1745 492 1819 527 expli-

1052 542 1121 568 cata.
1135 537 1198 565 item
1218 537 1301 564 aliam
1326 538 1494 573 prophetiam
1510 538 1586 566 Isaiae
1597 546 1657 574 cap.
1670 547 1754 572 XLVII,
1766 547 1789 566 ν.
1804 540 1815 566 l

1052 586 1078 609 et
1095 589 1164 617 scq.,
1177 582 1313 617 impletam
1339 590 1401 610 esse
1417 583 1504 617 quoad
1517 584 1646 618 majorem
1659 589 1761 619 partem
1774 592 1817 612 no-

1052 627 1126 661 tavit,
1140 635 1173 655 ex
1200 628 1358 664 Apocalypsi
1387 629 1473 656 sancti
1489 628 1601 657 Joannis
1623 631 1712 665 capite
1734 638 1786 658 xvu
1798 636 1819 658 et

1052 681 1130 702 xviii:
1150 674 1310 702 Antichristi
1331 674 1530 702 damnationem
1543 675 1607 703 fuse
1622 675 1820 711 describit,qum

1052 720 1139 754 capita
1154 720 1197 747 hic
1213 724 1324 747 sanctus
1337 719 1496 755 Hippolytus
1516 720 1543 747 in
1562 725 1675 749 extenso
1702 721 1789 754 refert,
1799 726 1821 749 et

1053 765 1162 792 demum
1187 765 1279 792 subdit
1301 766 1359 800 (5):
1375 766 1543 800 Apertissime
1560 767 1587 793 in
1603 767 1643 794 Itis
1674 768 1819 795 testimoniis

1053 810 1193 845 sigillatim
1210 810 1373 838 declaratum
1390 816 1428 838 est
1459 811 1490 838 de
1511 816 1698 839 tormentorum
1716 813 1820 848 judicio.

1054 864 1112 891 quia
1125 856 1247 883 extremis
1269 856 1426 890 temporibus
1446 864 1491 891 per
1510 855 1691 892 tyrannorum,
1711 859 1822 893 quitum:

1054 905 1140 934 erunt,
1155 901 1282 935 injuriam
1296 901 1369 928 illam
1389 902 1523 929 incessura
1538 907 1608 930 sunt.

1090 947 1185 975 Postea
1200 947 1329 974 describit
1340 947 1368 975 S.
1382 947 1471 981 Pater,
1494 949 1629 983 quomodo
1647 957 1677 976 se
1699 949 1823 976 Antichri-

1056 998 1114 1020 stns
1133 997 1162 1020 ut
1173 992 1256 1020 Deum
1274 993 1410 1021 exhibebit
1426 994 1463 1028 (ιι)
1475 994 1659 1029 populumque
1673 995 1707 1022 ad
1727 1002 1755 1022 se
1767 1003 1824 1022 COII-

1056 1039 1177 1074 gregabit
1202 1038 1240 1075 (5)
1258 1044 1340 1074 atque
1353 1044 1545 1074 persecuturus
1561 1041 1596 1068 sit
1616 1040 1765 1068 Ecclesiam
1779 1041 1821 1077 (li).

1057 1085 1169 1113 Mortem
1183 1085 1341 1114 Antichristi
1357 1087 1466 1114 tandem
1482 1087 1575 1115 statuit
1598 1091 1660 1122 post
1677 1087 1737 1114 dies
1758 1087 1823 1122 regni

1056 1132 1142 1167 ipsius
1157 1132 1229 1160 mille
1244 1132 1374 1160 ducentos
1390 1137 1416 1160 et
1432 1134 1581 1168 sexaginta.
1598 1131 1646 1160 liis
1661 1137 1752 1160 autem
1760 1140 1824 1160 com-

1056 1178 1136 1213 pletis
1157 1178 1235 1205 docet
1261 1178 1378 1205 luturam
1403 1179 1497 1206 mundi
1521 1178 1638 1206 universi
1656 1186 1822 1206 consumma-

1056 1223 1172 1255 tionem,
1200 1224 1332 1258 judicium
1358 1229 1525 1257 extremum,
1553 1231 1723 1260 regnumque
1749 1225 1823 1252 coelov

1058 1277 1118 1296 rum
1134 1269 1183 1304 (7).

1094 1315 1215 1351 Denique
1234 1315 1263 1343 S.
1294 1315 1452 1352 Hippolytus
1475 1324 1550 1344 suam
1577 1316 1823 1344 demonstrationem

1058 1362 1233 1396 sequentibus
1249 1363 1403 1391 concludit:
1431 1373 1440 1388 ι
1455 1361 1517 1390 Haec
1535 1363 1582 1390 tibi
1599 1363 1694 1398 paucis
1711 1362 1823 1397 exposui,

1058 1405 1218 1442 Theophile,
1241 1415 1275 1435 ex
1302 1408 1400 1436 divinis
1423 1407 1570 1443 Scripturis
1593 1407 1702 1440 hausta,
1727 1412 1757 1434 ut
1778 1414 1824 1433 ser-

1057 1453 1146 1480 vando
1162 1453 1225 1486 lide,
1242 1461 1302 1489 qua:
1320 1453 1420 1488 scripta
1447 1458 1519 1486 sunt,
1543 1453 1765 1488 prospiciensque
1787 1451 1825 1478 ius

1059 1503 1130 1532 tura,
1148 1499 1307 1526 inoll'ensum
1321 1503 1346 1526 te
1359 1499 1413 1526 Deo
1428 1506 1459 1526 ac
1487 1499 1641 1526 hominibus
1668 1507 1770 1530 serves,
1787 1506 1825 1525 ex-

1058 1545 1301 1578 spectansibeatam
1319 1551 1392 1579 spem
1413 1549 1440 1572 et
1454 1544 1660 1572 illustratiunem
1675 1544 1724 1572 Dei
1736 1548 1762 1571 et
1775 1543 1824 1570 Sal-

1059 1589 1162 1618 vatoris
1177 1590 1273 1623 nostri,
1289 1590 1316 1617 in
1330 1598 1382 1626 qua
1398 1591 1534 1618 suscitatis
1548 1591 1649 1618 sanctis
1662 1591 1761 1618 nostris
1773 1597 1824 1617 cum

1058 1637 1098 1664 eis
1116 1636 1250 1663 laetabitur
1260 1636 1412 1671 glorificans
1428 1636 1550 1670 Patrem;
1567 1636 1617 1671 ipsi
1628 1636 1714 1672 gloria
1725 1636 1752 1664 in
1765 1643 1825 1664 sema

1058 1681 1162 1716 piterna
1179 1681 1276 1709 secula
1293 1682 1463 1709 saeculorum.
1478 1682 1588 1709 Amen.)

1317 1747 1514 1776 ARTICULUS
1529 1748 1571 1775 lll.

1096 1817 1267 1837 S-BIPPOLYTI
1285 1816 1437 1838 OPUSCULUM
1462 1817 1496 1836 DE
1518 1816 1642 1837 HISTORIA
1662 1817 1791 1838 SUSANNE.

1095 1864 1357 1893 Demonstrationem
1377 1866 1410 1892 de
1433 1864 1543 1893 Christo
1561 1870 1588 1892 et
1609 1865 1776 1893 Antichristo
1787 1873 1826 1892 ex-

1060 1908 1124 1943 cipit
1139 1909 1300 1944 opusculum
1312 1909 1340 1936 in
1355 1908 1517 1941 Susannam,
1536 1917 1550 1936 a
1565 1909 1730 1937 Combelisio
1745 1909 1826 1937 Graece

1060 1962 1091 1981 ac
1113 1954 1206 1982 Latine
1218 1955 1355 1990 vulgatum
1387 1955 1446 1990 (8):
1465 1955 1527 1982 hinc
1548 1962 1612 1982 vero
1626 1962 1642 1982 a
1670 1954 1792 1982 Fabricio
1804 1954 1826 1980 in

1060 2007 1137 2027 suam
1149 2000 1295 2027 editionem
1307 2000 1459 2035 conjectum
1486 2001 1541 2036 (9):
1558 2001 1646 2028 versio
1665 2005 1756 2028 autem
1784 1999 1826 2026 La-

1059 2046 1115 2072 tina
1127 2046 1154 2072 in
1169 2045 1331 2072 Bibliotheca
1356 2044 1407 2073 SS.
1427 2045 1536 2072 Patrum
1566 2045 1741 2081 Lugdunensi
1761 2052 1826 2080 repe-

1061 2093 1108 2120 tita
1125 2092 1190 2127 (10).
1206 2092 1243 2119 De
1255 2092 1337 2127 hujus
1361 2093 1484 2127 opusculi
1511 2093 1664 2128 integritate
1687 2092 1826 2126 nemojurc

1060 2138 1187 2173 ambigat,
1205 2138 1251 2165 ubi
1271 2137 1392 2166 conferat
1418 2138 1482 2166 illud
1500 2146 1562 2166 cum
1584 2138 1760 2173 praecedentis
1774 2144 1824 2171 cap.

264 2184 365 2212 Eodem
383 2183 438 2212 fere
464 2184 546 2212 modo
567 2175 596 2211 Β.
623 2183 780 2220 Hippolytus
796 2185 932 2212 somnium
955 2184 1009 2212 Na-
1023 2194 1045 2222 α
1060 2185 1104 2213 59.
1123 2184 1260 2220 Siquidem
1276 2185 1418 2221 utrobique
1432 2193 1522 2221 parem
1537 2185 1690 2220 Scripturas
1704 2186 1826 2219 interpre-

230 2231 465 2259 buchodonosoris
481 2232 514 2259 de
529 2231 630 2266 ingenti
659 2239 692 2259 ac
721 2232 774 2258 alta
802 2236 900 2264 statua,
924 2240 1006 2267 quam

231 2277 323 2305 Daniel
337 2278 490 2313 descripsit,
514 2278 705 2312 interpretatur
719 2277 767 2313 (ἢ).
785 2278 902 2306 Aureum
915 2284 1006 2315 caput,

231 2324 328 2358 inquit,
345 2324 494 2355 simulacri,
520 2323 618 2356 lezenae,
650 2333 659 2349 ι
674 2323 811 2360 Babylonii
838 2329 932 2358 erant;
954 2325 1007 2352 hu-

231 2369 299 2396 meri
313 2374 341 2396 ct
357 2369 467 2396 brachia
489 2375 625 2404 argentea,
650 2377 741 2402 ursus,
768 2370 859 2398 Persa:
872 2375 899 2398 et
921 2370 1005 2403 Medi;

231 2418 325 2442 venter
347 2414 488 2449 femurque
502 2422 617 2447 aeneum,
641 2416 751 2451 pardus,
768 2417 815 2452 qui
833 2417 867 2444 ab
892 2417 1007 2443 Alexan-

231 2461 281 2488 dro
295 2459 380 2488 Graeci
409 2468 499 2488 rerum
524 2462 599 2495 potiti
630 2467 708 2495 sunt;
733 2471 812 2490 crura
835 2462 932 2496 ferrea,
947 2469 1006 2490 stu-

231 2507 318 2542 penda
332 2506 416 2534 bestia
429 2514 460 2533 ac
471 2507 608 2540 terribilis,
629 2505 753 2540 Romani.
770 2509 815 2544 qui
831 2516 903 2536 nunc
914 2515 1006 2536 rerum

231 2551 511 2586 potiuntur;vestigia
528 2551 635 2586 pedum,
648 2557 715 2580 testa
728 2553 892 2588 ferrumque,
907 2560 939 2580 ac
961 2553 1008 2580 de-

268 2650 306 2686 (l)
325 2650 458 2687 Hippolyt.
473 2652 491 2679 l.
504 2660 542 2685 c.,
559 2661 633 2680 num.
649 2652 684 2679 23
699 2668 708 2672 -
719 2653 764 2680 28.

268 2687 306 2712 (Ξ)
320 2686 402 2712 Idetu.
419 2687 496 2712 ibid._
511 2696 586 2712 num.
599 2688 643 2712 28.

297 2690 306 2720 )
320 2686 402 2720 Idetn,
419 2687 496 2720 ibid.,
511 2696 586 2715 num.
599 2688 643 2714 28.

280 2722 307 2755 5)
323 2721 404 2754 Idem,
419 2721 496 2754 ibid.,
509 2723 526 2749 l.
539 2730 563 2750 c.
579 2731 653 2750 num.
667 2723 711 2750 45.

279 2756 305 2790 4)
319 2755 388 2783 Idem
402 2757 449 2789 ib.,
461 2765 536 2785 num.
552 2758 595 2785 52.

267 2757 305 2790 (4)
319 2757 388 2783 idem
402 2757 449 2789 ib.,
461 2765 536 2785 num.
552 2758 595 2785 52.

270 2791 308 2833 et
322 2790 362 2833 te
375 2792 457 2833 nisi»
474 2801 548 2820 num-
563 2793 610 2833 .5!-

270 2825 308 2861 (6)
321 2825 359 2854 id.
374 2826 450 2863 ibid.,
469 2836 545 2857 num.
561 2828 596 2856 56
607 2833 632 2857 et
649 2836 706 2864 seq.

1061 2231 1136 2258 tandi
1152 2231 1283 2259 rationem
1301 2231 1379 2259 facile
1390 2236 1526 2267 agnascet.
1542 2231 1591 2259 liis
1611 2231 1715 2259 accedit
1730 2229 1826 2265 Georgii

1062 2276 1178 2312 Syncelli
1194 2277 1390 2311 testimonium,
1408 2277 1593 2312 quiscriptum
1610 2277 1827 2312 hujusmodiper‘

1061 2322 1158 2357 legisse
1170 2322 1286 2350 videtur.
1314 2323 1360 2351 Sic
1373 2323 1443 2351 enim
1458 2324 1551 2350 scribit
1566 2324 1620 2359 (Η)
1634 2333 1640 2350 :
1667 2333 1676 2348 ι
1696 2322 1776 2350 Sacer
1788 2330 1826 2349 au-

1061 2373 1115 2395 tem
1128 2367 1285 2404 Hippolytus
1300 2369 1326 2396 in
1344 2370 1444 2404 scripto
1469 2370 1502 2396 de
1531 2368 1655 2396 Susanna
1672 2374 1699 2397 et
1715 2369 1824 2398 Daniele.

1060 2413 1184 2442 Joachim
1200 2413 1314 2442 Joacimi
1342 2415 1445 2449 ﬁlium,
1466 2415 1519 2442 alio
1534 2416 1643 2443 nomine
1666 2414 1824 2444 Jechoniam.

1061 2467 1123 2487 cum
1139 2464 1192 2487 tres
1210 2468 1296 2488 annos
1316 2465 1378 2495 post
1393 2467 1495 2496 patrem
1524 2462 1692 2496 imperasset,
1723 2460 1826 2496 Babylo-

1061 2513 1122 2533 nem
1135 2513 1196 2533 cum
1223 2506 1334 2541 reliquis
1362 2507 1539 2540 translatum;
1567 2507 1704 2534 Danielem
1727 2514 1788 2535 vero
1800 2513 1826 2532 ac

1062 2556 1116 2579 tres
1137 2559 1236 2587 pueros
1249 2552 1411 2588 captivitatis
1424 2553 1504 2588 hujus
1515 2558 1675 2586 consortes;
1690 2561 1752 2581 eum
1771 2559 1826 2579 vero

1097 2652 1135 2685 (7)
1150 2651 1189 2679 id.
1207 2652 1285 2683 una.
1301 2660 1376 2679 num.
1392 2651 1437 2682 δι,
1451 2651 1496 2685 es,
1511 2652 1555 2684 63,
1567 2651 1610 2684 64,
1626 2651 1671 2682 65.
1685 2651 1729 2678 es.

1096 2687 1134 2721 (8)
1160 2687 1316 2720 Combelis.,
1348 2688 1456 2714 Auctor.
1488 2688 1596 2719 ποώδη
1627 2692 1693 2714 tom.
1722 2686 1743 2719 I,
1771 2692 1825 2721 pag.

1062 2721 1240 2791 50Eg6it‘abr”
1252 2756 1386 2819 Hippolyt.
1402 2761 1467 2784 tom.
1480 2757 1490 2784 1
1506 2756 1585 2791 Opp..
1601 2764 1662 2791 pag.
1676 2755 1728 2784 275
1736 2760 1762 2783 et
1774 2762 1825 2788 seq.

1097 2792 1154 2819 HO)
1165 2792 1236 2819 Bibl.
1257 2792 1279 2819 Ρ
1307 2812 1313 2819 .
1329 2792 1462 2819 Lucidum.
1481 2798 1546 2819 tom.
1560 2791 1665 2819 XXV/ll.
1677 2799 1738 2819 nan.
1756 2790 1796 2818 62.

1097 2790 1154 2826 (l0)
1165 2792 1236 2819 Bibl.
1257 2790 1313 2819 PP.
1329 2790 1462 2827 Lugdun.,
1481 2790 1665 2825 toniIXXVll,
1677 2799 1738 2827 pag.
1756 2790 1796 2818 62.

1100 2827 1155 2862 (ll)
1168 2827 1362 2863 Cltrottograplt.
1379 2835 1439 2862 pag.
1451 2827 1514 2861 218,
1527 2827 1562 2854 al.
1577 2827 1635 2854 ιτι.
