1861 3052
27 104 62 133 295
499 107 543 136 DE
564 107 644 136 VITA
662 106 706 135 ΕΤ
727 106 784 134 SCIl

868 105 884 132 5
905 105 933 132 S.
953 101 1143 132 ΗΙΡΡΟΙὙΪΙ.

1579 104 1632 133 ΞΜ

29 168 141 196 Susanna:
157 169 308 207 coniugem
328 171 412 200 dicit:
432 178 480 199 nec
498 171 586 198 aliena
599 175 641 199 est
654 178 669 198 a
687 171 798 198 veritate
812 173 837 200 Δ
850 171 956 203 gerunt.
974 167 1001 194 ld
1014 175 1079 194 vero
1093 165 1222 202 peculiari
1247 164 1367 200 Spiritus
1385 164 1496 192 numine
1512 171 1544 191 ac
1563 172 1630 191 con-

29 220 152 242 SCIIIEI'IIIa.
161 225 170 241 Ι

50 260 144 289 Verum
157 266 189 289 ut
206 261 261 290 hac
288 263 323 290 de
344 271 374 290 re
397 263 503 298 plenius
519 263 608 290 adhuc
621 262 796 293 edoceamur,

26 308 48 335 d.
62 307 194 335 editorem
209 309 248 336 ita
262 309 417 344 loquentem
442 309 585 337 audiamus
598 309 655 343 (12)
669 317 676 336 :
691 307 797 341 «Quod,

24 354 105 388 inquit,
122 359 296 388 repraesento
314 354 448 390 Hippolyti
474 362 542 390 opus
557 355 590 382 de
605 354 736 382 Susanna:
757 354 798 380 bi-

22 400 90 426 storia
111 400 181 433 (non
198 400 293 435 ipsum
309 400 377 427 forte
393 401 538 435 integrum,
553 400 600 427 sed
612 400 691 435 quale
704 404 798 427 auctor

21 445 116 473 Catena:
130 445 227 479 Regia;
246 446 274 473 in
291 446 470 481 Scripturam,
488 446 621 481 ejusmodi
637 451 797 474 catenarum

20 491 117 518 licentia
134 492 221 526 quasi
233 499 285 527 per
300 492 385 519 electa
409 499 465 519 suae
480 491 643 526 expositioni
672 492 797 526 inseruit)

18 537 96 571 ipsum
112 537 239 569 videtur,
251 538 322 572 quod
337 538 369 564 de
384 537 492 564 Daniela
518 537 656 571 inscripsit
668 537 798 572 Hierony-

16 590 78 615 mus,
107 590 142 610 δε·
157 582 279 611 Photius
301 583 377 610 alteri
393 584 453 617 ejus
470 583 506 610 De
534 583 695 610 Antia/triste
720 583 798 610 lucu-

15 629 126 656 trationi
139 629 245 665 jungit.
261 630 384 664 Simplici
399 630 527 665 allegoria
543 630 583 657 sic
599 630 753 657 Susannam
769 631 797 657 in

13 674 137 702 Ecclesia:
152 679 249 710 typum
262 675 387 708 assumit,
408 680 439 702 ut
453 676 514 710 ejus
526 676 657 710 temporis
670 676 796 704 Ecclesiae

11 725 107 748 statum
133 722 341 756 nonnullosque
374 722 460 750 obiter
497 722 567 749 ritus
597 722 796 751 ecclesiasticos

11 767 132 800 gnaviter
154 767 263 801 aperiat
283 776 290 794 ε
315 767 349 794 de
369 767 496 802 baptismi
523 768 659 800 unctione,
679 768 712 796 de
737 769 796 803 ejus

10 814 58 839 ritu
72 814 196 841 solemni
213 814 241 840 in
259 813 374 846 Pascha,
388 822 436 849 per
448 814 526 849 cujus
538 815 709 842 occasionem
725 822 796 850 prae-

850 214 912 241 silio
927 214 1015 245 ﬁebat,
1032 220 1066 239 ne
1077 212 1202 240 diabolus
1224 212 1386 246 intelligeret
1412 218 1472 245 qua:
1492 210 1632 245 prophetis

849 259 877 286 in
889 259 1025 294 parabolis
1041 258 1112 285 dicta
1129 261 1215 289 erant,
1240 264 1273 284 ac
1293 256 1383 283 denuo
1406 256 1439 282 ad
1466 254 1633 290 perdendum

848 312 945 332 rursus
965 304 1102 331 hominem
1125 303 1238 337 laqueos
1262 302 1393 329 tenderet.
1418 300 1481 328 Hrec
1501 300 1634 328 sententia

847 351 974 384 proxime
999 349 1105 376 accedit
1131 349 1164 376 ad
1182 349 1266 380 illam,
1299 355 1380 383 quam
1397 346 1425 374 S.
1451 346 1633 382 Hieronymus

849 395 911 423 dito
923 394 1035 429 Ignatio,
1055 401 1104 421 cur
1119 393 1149 420 Β.
1179 392 1210 419 ν.
1238 392 1322 419 Maria
1340 391 1369 419 S.
1386 390 1503 425 Josepho
1516 390 1632 424 despon-

848 447 906 470 sata
921 441 1013 473 l'uerit,
1029 440 1163 468 attribuit.

882 487 1015 514 Caeterum
1030 494 1144 521 parvum
1158 485 1210 512 hoc
1229 483 1390 519 Opnsculum
1408 482 1474 510 nihil
1487 483 1548 510 divo
1566 481 1631 516 Ilip-

847 531 938 566 polyto
951 531 1091 567 indignum
1103 531 1243 562 continet;
1257 530 1344 564 ipsum
1356 529 1436 556 etiam
1450 533 1565 562 tempus,
1577 534 1633 561 quo

848 577 1026 611 compositum
1056 576 1154 608 fuerat,
1176 575 1293 610 perbelle
1312 583 1373 602 cum
1387 575 1486 602 saeculo
1501 574 1582 608 hujus
1600 574 1629 601 S.

847 619 935 647 Patris
952 620 1110 647 concordat.
1123 617 1253 646 Videmus
1264 619 1335 646 enim
1349 619 1457 646 Iudaeos
1469 623 1494 645 et
1508 619 1631 653 gentiles,

847 665 1073 700 quemadmodum
1098 665 1142 693 hic
1167 669 1261 692 auctor
1280 664 1428 696 adnotavit,
1444 666 1632 700 conspirantes

846 711 977 738 adversus
1002 711 1163 744 Ecclesiam,
1179 714 1339 738 accusantes
1362 710 1543 744 Christianos,
1559 711 1632 746 quod

847 761 941 784 contra
968 756 1106 784 Caesarum
1130 757 1238 784 decreta
1264 761 1355 790 agant,
1375 761 1571 791 proptereaque
1597 756 1631 784 ad

846 802 991 830 tribunalia
1007 802 1138 830 adductos
1164 810 1196 829 ac
1219 807 1307 830 morte
1326 802 1470 829 damnatos
1485 802 1558 837 (l5);
1574 803 1631 829 haec

10 860 84 894 cipue
101 860 130 887 in
149 860 301 888 Ecclesia,"
317 847 441 889 smiljem
455 847 540 888 Ju‘dmi
553 867 579 888 ει
594 862 711 893 ethnici;
724 847 795 897 quod
811 847 833 875 Β
846 853 935 876 autem
948 848 1145 883 persecutionis
1156 849 1281 897 adjuncta
1296 848 1334 897 ad
1348 848 1454 875 initium
1469 852 1496 875 et
1511 848 1630 897 med-ium

10 905 75 932 forte
86 906 238 934 molestius
263 907 398 934 habebant
421 907 478 935 ﬂeri
500 915 586 934 novos
614 907 794 941 Christianos,

9 959 87 985 quam
107 959 173 979 esse
186 953 243 986 jam
258 958 370 980 veteres.
396 953 441 980 Sic
467 960 538 988 srepe
554 953 581 980 in
603 953 678 981 Actis
691 959 794 990 marty-

9 1004 64 1024 rum
79 997 225 1029 videmus,
240 998 287 1032 qui
299 1006 393 1026 recens
407 998 440 1026 ad
463 998 564 1026 Christi
578 1004 666 1027 castra
682 1001 796 1028 transie-

9 1049 78 1075 runt,
93 1051 127 1070 ac
144 1048 298 1079 martyrum
320 1052 402 1079 opera
424 1050 591 1077 reverentur.
607 1046 680 1080 ipsos
695 1047 727 1073 ad
738 1054 795 1081 pte.

11 1097 54 1117 nas
66 1095 203 1122 vocatos;
222 1097 284 1117 cum
297 1090 509 1118 innumerabiles
522 1091 568 1118 alii
585 1091 731 1119 Christiani
742 1099 794 1120 es-

10 1140 75 1167 sent,
88 1136 195 1170 quibus
224 1139 381 1170 parceretur
395 1139 422 1163 et
447 1136 493 1170 qui
513 1137 556 1163 vix
583 1137 668 1164 latere
687 1137 793 1171 judices

10 1187 127 1214 possent.
144 1182 230 1209 Extra
242 1182 313 1209 enim
329 1181 539 1210 Diocletianeam
553 1181 646 1210 Roma!
665 1191 793 1218 persecu-

10 1227 119 1259 tionem,
137 1227 186 1254 vix
203 1235 323 1262 unquam
341 1227 369 1254 in
379 1226 557 1260 Christianos,
571 1229 617 1263 qui
630 1228 685 1263 jam
703 1229 793 1263 plures

9 1277 96 1300 essent
110 1277 139 1300 et
155 1273 289 1308 populum
303 1273 433 1306 facerent,
447 1281 480 1301 ac
503 1273 661 1306 Ecclesiam,
677 1274 717 1302 sic
733 1275 792 1302 uni-

9 1325 83 1346 terse
98 1319 228 1346 saevitum
251 1324 302 1351 est,
328 1323 359 1346 ut
383 1320 473 1347 omnis
489 1320 547 1355 ipsa
570 1320 716 1348 multitudo
738 1329 791 1348 una

10 1365 82 1398 quasi
103 1364 224 1392 furentis
240 1365 378 1393 mucronis
403 1371 570 1401 qumreretur
582 1367 718 1395 victima.»
729 1366 792 1395 Hinc

10 1408 202 1438 Combeﬁsius.

39 1455 137 1482 Brevis
154 1455 200 1483 hic
219 1457 431 1485 commentarius
449 1458 588 1486 historiam
602 1458 734 1488 Susannae
751 1462 791 1489 al-

10 1501 124 1536 legorice
138 1502 263 1536 exponit.
278 1503 308 1529 S.
320 1502 479 1540 Hippolytus
488 1505 565 1538 dicit,
577 1507 648 1540 quod
665 1506 790 1536 Susanna
804 1515 825 1543 (ι

10 1546 137 1575 Ecclesiae
151 1548 263 1582 gerebat
289 1548 413 1584 ﬁguram;
433 1549 555 1578 Joachim
579 1559 643 1580 vero
665 1553 705 1580 vir
719 1554 789 1589 ejus,

9 1592 118 1619 Christi.
154 1591 258 1620 Hortus
294 1601 342 1621 seu
368 1595 520 1628 pomarium
544 1596 652 1622 vocatio
679 1603 791 1625 saneto-

10 1645 77 1669 rum,
94 1637 144 1672 qui
173 1642 303 1673 tanquam
328 1639 473 1667 fructiferae
499 1641 609 1669 arbores
629 1642 656 1668 in
672 1642 790 1670 Ecclesia

9 1683 115 1716 plantati
147 1688 223 1710 sunt.
252 1683 372 1720 Babylon
386 1686 502 1714 mundus
528 1691 579 1714 est.
598 1687 654 1714 Duo
670 1689 790 1717 seniores

8 1729 73 1757 duos
87 1730 207 1764 populos
221 1731 339 1766 ﬁgurare
353 1736 509 1765 noscuntur,
523 1733 570 1768 qui
585 1733 712 1762 Ecclesia:
726 1735 790 1763 insi-

8 1774 64 1802 dias
81 1780 192 1803 struere
207 1784 263 1803 non
278 1777 441 1811 cessabant;
458 1786 555 1813 nempe
569 1779 677 1809 Judaeos
689 1786 716 1808 et
726 1789 790 1816 gen-

8 1821 66 1848 tiles
83 1822 153 1855 (15).
170 1822 226 1849 Cur
242 1828 332 1849 autem
351 1823 466 1850 historia
490 1824 624 1852 Susannae
638 1826 666 1853 in
694 1826 746 1854 line
757 1827 790 1854 lio

7 1868 45 1894 bri
58 1867 183 1896 Danielis
196 1868 340 1903 referatur,
358 1877 419 1897 cum
442 1875 531 1898 tamen
548 1879 592 1899 res
606 1877 669 1900 nota
683 1878 710 1900 et
723 1881 790 1900 con-

7 1918 103 1940 testata
116 1914 164 1947 sit,
179 1914 253 1948 quod
269 1917 332 1941 ante
347 1915 439 1942 omnia
459 1916 512 1943 alia
528 1923 542 1943 a
560 1918 690 1952 propheta
705 1920 787 1946 relata

7 1958 74 1986 facta
101 1960 266 1994 contigerit?
289 1960 444 1995 Respondet
471 1960 500 1988 S.
532 1961 694 1999 Hippolytus
711 1964 786 1999 (l4):

7 2004 50 2033 Sic
82 2006 253 2040 scriptorum
279 2013 421 2034 sacrorum
447 2008 569 2035 moribus
599 2015 786 2044 comparatum

6 2059 73 2084 esse,
88 2056 119 2079 ut
137 2060 192 2079 non
210 2061 296 2088 pauca
309 2054 415 2081 inverso
438 2055 533 2082 ordine
558 2056 708 2084 litterarum
733 2065 789 2084 mo—

6 2099 144 2127 numentis
155 2100 314 2135 consignata
330 2101 445 2127 tradant.
456 2100 523 2128 Nam
535 2101 616 2129 etiam
631 2102 658 2129 in
670 2103 787 2137 prophe-

6 2146 37 2171 tis
51 2145 188 2180 quasdam
201 2146 321 2173 visiones
334 2146 494 2174 offendimus
509 2147 585 2182 prius
598 2149 767 2183 conscriptas
777 2171 784 2183 ,

6 2197 34 2217 ac
45 2199 146 2220 rursus
171 2192 198 2218 in
214 2192 358 2227 postremis
381 2192 489 2226 relatas,
509 2201 571 2228 quas
586 2194 675 2228 primo
693 2195 784 2222 conti-

37 2312 92 2349 (lg)
110 2311 273 2349 gombelisq
289 2313 307 2340 l.
319 2322 344 2341 e.
360 2322 422 2349 pag.
441 2315 486 2343 65.

39 2347 93 2415 ἓίῧ)
110 2347 142 2374 S.
155 2347 292 2383 Hippolyt.
308 2350 335 2375 in
353 2347 512 2377 Susannam.

51 2383 89 2415 14)
111 2383 186 2410 Idem
201 2383 310 2415 ibidem,
324 2384 358 2410 ab
372 2385 458 2412 initio.

51 2383 89 2415 14)
111 2383 186 2410 Idem
201 2383 310 2415 ibidem,
324 2384 358 2410 ab
372 2385 458 2412 initio.

38 2417 90 2450 (15)
107 2417 181 2445 «Hoc
197 2426 272 2446 nunc
285 2426 394 2453 quoque
413 2420 438 2446 in
451 2419 571 2448 Ecclesia
588 2422 692 2454 impleri
710 2423 783 2450 inve-

10 2451 68 2492 nias.
80 2453 242 2492 (ingenim
259 2451 314 2480 du'o
335 2451 636 2492 populinconsenserint
653 2462 681 2484 ut
699 2465 782 2492 quos-

9 2486 60 2525 dam
80 2488 115 2526 de
139 2488 265 2526 Ecclesia
276 2486 399 2526 perdant,
417 2490 487 2526 diem
511 2496 601 2525 aptum
621 2486 782 2526 observant;

9 2523 170 2560 ingressique
196 2523 226 2560 in
250 2524 363 2560 domum
385 2524 430 2551 Dei
447 2523 550 2553 cunctis
572 2526 607 2553 ibi
631 2523 781 2560 orantibus,

9 2555 138 2595 Deumque
162 2558 352 2595 laudantibus,
374 2561 556 2595 apprehensos
570 2562 701 2595 quosdam
726 2555 782 2589 tra-'

10 2590 75 2626 bunt,
90 2590 416 2631 tenentqueudicentes'f
428 2594 523 2631 Venite,
547 2590 664 2631 idemque
684 2597 734 2631 ipsi
751 2606 782 2624 ac

10 2633 47 2665 πρε
60 2629 161 2661 sentite,
175 2637 207 2655 ac
221 2629 276 2655 diis
292 2628 392 2665 cultum
407 2629 540 2662 adhibete;
552 2628 657 2665 quod'si
671 2628 783 2659 nolueri-

12 2662 45 2690 Νι.
59 2664 238 2690 testimonium
260 2664 401 2690 aduersum
416 2672 457 2690 vos
473 2662 598 2692 dicemus.
614 2665 669 2693 Eos
693 2672 780 2694 autem

11 2697 47 2734 qui
63 2699 209 2730 noluerint,
227 2699 262 2726 ad
285 2698 432 2726 tribunalia
447 2700 582 2727 adducunt
601 2706 628 2728 et
643 2707 780 2734 accusant,

12 2732 65 2769 velut
76 2735 121 2769 qui
140 2737 225 2769 aga‘nt
243 2739 344 2761 contra
361 2734 496 2769 decretum
509 2735 634 2768 (la-saris,
651 2744 682 2763 ac
697 2732 782 2764 morte

13 2765 212 2804 damna‘nt...;Et
221 2769 308 2804 paulo
325 2768 397 2795 inira
414 2769 562 2797 :«Ecclesia
569 2765 640 2797 enim
654 2772 751 2799 nedum
766 2781 781 2798 a

9 2798 85 2834 lathis
97 2798 229 2842 afﬂigitur
246 2812 281 2832 ac
298 2804 439 2838 angustias
456 2805 564 2840 patitur,
582 2814 674 2834 verum
693 2798 779 2835 etiam

846 895 936 922 saeculi
951 894 1022 922 tertii
1035 894 1183 922 observare
1194 899 1245 922 est.
1261 893 1378 921 Tandem
1396 899 1521 921 auctores
1538 893 1631 920 Iliam»

845 937 892 964 riae
916 937 1054 964 litteraria:
1077 936 1227 964 Galliarum
1244 937 1316 971 regni
1327 936 1546 963 animadvertunt
1573 936 1629 972 (16)

844 983 991 1011 verisimile
1011 990 1083 1014 esse,
1103 983 1179 1009 illam
1198 990 1308 1017 parvam
1328 983 1524 1017 expositionem
1547 983 1631 1012 fuisse

845 1029 986 1056 bomiliam
1007 1029 1040 1056 ab
1055 1028 1199 1064 Ilippolyto
1212 1029 1244 1055 ad
1261 1028 1390 1063 populum
1404 1028 1515 1056 dictam.

1103 1083 1301 1111 ARTICULUS
1324 1083 1369 1111 IV.

901 1137 935 1156 DE
953 1136 1095 1156 TRAC'I‘ATU
1109 1137 1152 1160 QUI
1170 1136 1337 1156 INSCRIBITUR
1353 1139 1363 1155 I
1378 1137 1582 1158 DEIONSTRATIO

1093 1172 1227 1192 ADVERSUS
1237 1171 1353 1193 ιυυιιιῖοε.
1370 1174 1379 1190 ι

878 1218 944 1252 Quae
967 1221 1046 1248 tertio
1074 1220 1197 1255 sequitur
1213 1219 1409 1247 Demonstratio
1437 1221 1560 1248 adversus
1577 1221 1629 1248 Ju-

843 1265 926 1298 dreos,
941 1266 1080 1301 designata
1105 1266 1280 1294 existimatur
1294 1267 1322 1293 in
1339 1267 1469 1295 laterculo
1493 1267 1627 1303 Ilippolyti

844 1310 960 1344 lapideo,
972 1312 1018 1338 ubi
1030 1312 1102 1339 linea
1115 1312 1200 1346 prima
1215 1312 1255 1339 ba:
1268 1312 1361 1340 littera:
1372 1319 1527 1348 comparent
1538 1314 1627 1346 IOYC;

842 1356 868 1383 id
885 1362 935 1390 est,
962 1362 991 1384 ut
1014 1358 1152 1385 nonnullis
1178 1359 1277 1390 visum,
1291 1358 1452 1391 Ἀποδείξεις
1475 1359 1543 1394 πρὸς
1564 1360 1628 1393 τοὺς

848 1403 998 1435 Ἰουδαίους.
1014 1403 1110 1432 Varias
1128 1405 1246 1431 virorum
1271 1405 1438 1432 eruditorum
1454 1406 1626 1440 conjecturas

840 1449 966 1483 exposuit
980 1449 1012 1476 V.
1027 1449 1058 1476 C.
1080 1449 1220 1477 Fabricius
1236 1454 1300 1477 tom.
1318 1449 1328 1476 I
1360 1450 1440 1485 Opp.,
1455 1458 1482 1485 p.
1497 1451 1541 1477 80.
1561 1450 1627 1478 Utut

842 1493 878 1520 sit
896 1493 930 1521 de
955 1494 1076 1522 laterculi
1101 1494 1288 1529 inscriptione,
1308 1496 1374 1522 nihil
1389 1496 1414 1522 in
1431 1496 1563 1530 opusculo
1580 1504 1626 1523 oc-

842 1539 927 1566 currit
941 1540 1013 1574 quod
1030 1541 1065 1567 sit
1079 1539 1222 1576 Hippolyto
1237 1541 1388 1576 indignum,
1413 1542 1479 1568 nihil
1501 1542 1574 1577 quod
1591 1542 1626 1569 il-

841 1584 894 1620 lius
906 1585 977 1611 aetati
998 1592 1051 1611 non
1069 1591 1209 1620 congruat.
1234 1585 1366 1613 Prteterea
1382 1587 1508 1614 laudatur
1522 1588 1624 1622 passim

841 1630 875 1657 ab
894 1636 1005 1658 auctore
1029 1630 1084 1666 (l7)
1104 1631 1154 1658 sub
1172 1631 1325 1659 Salomonis
1351 1633 1458 1660 nomine
1482 1633 1625 1668 Sapientia:

841 1675 908 1703 liber
926 1684 932 1703 :
947 1677 1019 1711 quod
1041 1677 1148 1711 quidem
1173 1676 1264 1704 Irenzei
1289 1677 1451 1712 discipulum
1479 1678 1505 1705 in
1528 1679 1623 1713 primis

841 1721 927 1754 decet,
949 1727 978 1749 ut
995 1723 1060 1750 viris
1083 1723 1168 1750 doctis
1190 1724 1408 1752 animadversum
1424 1724 1489 1760 (l8).
1512 1725 1625 1753 Accedit

841 1767 988 1794 auctoritas
1011 1767 1109 1795 veteris
1132 1769 1243 1800 codicis,
1270 1769 1341 1796 unde
1368 1769 1519 1796 versionem
1543 1778 1622 1798 suam

841 1813 981 1840 adornavit
999 1812 1161 1842 Franciscus
1175 1813 1335 1842 Turrianus.
1355 1814 1423 1841 IIinc
1440 1815 1550 1843 minime
1572 1825 1622 1843 au-

840 1857 952 1886 dicndus
970 1857 1129 1894 Basnagius,
1145 1860 1201 1894 qui,
1222 1865 1251 1887 ut
1266 1860 1319 1887 duo
1331 1861 1507 1894 praecedentia
1519 1860 1621 1897 Hippo-

839 1902 886 1937 lyti
903 1903 1002 1938 scripta
1023 1908 1151 1939 tanquam
1168 1905 1261 1932 lictitia
1272 1906 1385 1940 respuit,
1399 1905 1438 1933 sic
1451 1907 1532 1933 etiam
1547 1907 1620 1935 istud

839 1948 981 1985 Hippolyto
992 1950 1162 1985 suppositum
1175 1951 1249 1979 ducit
1266 1951 1332 1987 (l9).
1345 1951 1398 1979 Sed
1410 1953 1618 1987 superciliosum

839 2002 977 2022 censorem
993 1995 1174 2029 dimittamus,
1188 1997 1294 2031 sibique
1315 1998 1362 2024 uni
1388 1999 1488 2032 sapiat;
1507 1999 1553 2033 qui
1577 1999 1620 2026 ni-

838 2040 938 2067 mirum
950 2048 983 2068 ne
993 2049 1078 2068 unum
1092 2042 1200 2077 quidem
1218 2043 1330 2070 verbum
1347 2043 1476 2078 proferat,
1491 2052 1545 2079 quo
1562 2046 1617 2072 sal-

838 2089 890 2112 tem
904 2086 1036 2121 signiticet
1055 2094 1103 2114 cur
1116 2088 1153 2115 ita
1166 2088 1274 2115 demum
1291 2089 1398 2116 sentiat.
1419 2087 1544 2117 Turriani
1556 2098 1618 2118 ver-

838 2130 939 2158 sionem
958 2132 1073 2166 primum
1089 2133 1171 2160 edidit
1185 2133 1348 2161 Possevinus
1362 2134 1429 2169 (20),
1445 2136 1541 2163 deinde
1564 2135 1617 2162 lm-
1648 2164 1654 2170 ,

801 2182 822 2209 D
837 2174 952 2203 bonatus
969 2175 1036 2212 (2|),
1053 2181 1191 2212 postremo
1213 2177 1353 2206 Fabricius
1368 2179 1394 2205 in
1409 2179 1498 2214 priore
1518 2178 1617 2215 Hippo—
1647 2183 1655 2199 π

835 2324 850 2344 a
868 2318 1001 2357 gentibus.
1014 2329 1023 2345 ι
1041 2318 1146 2354 Hippo].
1164 2320 1191 2347 in
1206 2319 1309 2348 Daniel.
1323 2327 1346 2348 et
1367 2320 1494 2355 Summa,
1511 2327 1576 2350 tom.
1591 2323 1621 2357 I,'

834 2353 1016 2428 Ρδᾶἷὶῗιὶίει.
1032 2389 1112 2417 littér.
1126 2389 1158 2416 de
1181 2389 1209 2416 la
1224 2389 1346 2423 France,
1367 2395 1431 2419 tom.
1456 2391 1477 2424 I,
1504 2398 1573 2428 part.
1591 2401 1611 2421 ι.

834 2423 1090 2499 IJDfit???I'I'i‘ppollyt..,
1107 2459 1166 2499 adp.
1183 2458 1261 2499 .JudL,
1280 2467 1339 2493 cap.
1360 2469 1386 2488 ix
1403 2467 1428 2489 et
1444 2470 1470 2499 ξ.

945 2492 1014 2520 Hist.
1031 2492 1110 2534 litt_ér.
1126 2494 1158 2520 de
1180 2493 1207 2520 lu
1231 2492 1344 2526 France,
1372 2501 1436 2524 tom.
1453 2498 1474 2529 l,
1501 2501 1569 2532 part.
1589 2506 1608 2530 I,

834 2534 860 2607 ἶ).
869 2527 1210 2607 (ΞέἲὶΒαεικιξηέρίηλξὼίς
1220 2564 1388 2607 ad_T_heaaur.
1397 2565 1502 2607 ςξρὶξη
1509 2566 1607 2607 tom:_I,

834 2604 860 2631 p.
877 2597 893 2624 9
908 2601 934 2624 et
948 2605 1006 2632 seq.
1021 2597 1115 2625 Judice
1135 2599 1175 2626 Cl.
1189 2598 1306 2634 Dupiuio
1323 2607 1384 2635 pag.
1402 2600 1452 2626 I77
1466 2597 1525 2628 Lat.
1543 2597 1608 2629 edit;

832 2629 1001 2674 Bibliotheca
1022 2638 1168 2674 auctorum,
1183 2634 1376 2674 l_)_emonst_ratio
1396 2640 1486 2662 contra
1497 2636 1607 2674 thyma:

833 2666 947 2702 alicujus
963 2667 1090 2706 homilize,
1103 2673 1150 2696 aut
1161 2666 1243 2697 'alius
1260 2670 1406 2706 cujusdam
1430 2672 1520 2705 operis
1536 2671 1607 2706 frag-

833 2707 952 2729 mentum
969 2707 1020 2741 est.
1039 2702 1135 2731 Utrum
1157 2712 1221 2731 vero
1244 2705 1279 2732 sit
1297 2704 1439 2741 Hippolyti,
1448 2702 1543 2733 'cidem
1565 2702 1605 2734 iﬁ-

834 2741 937 2763 certum
955 2737 1069 2764 videtur.

868 2771 922 2842 EQO)
943 2771 1093 2804 Possevin.,
1108 2773 1236 2808 Apparat.
1253 2783 1318 2807 aac.,
1335 2779 1353 2803 t.
1373 2775 1392 2808 I,
1403 2783 1430 2810 p.
1445 2775 1573 2804 765—765.

879 2807 922 2842 21)
942 2806 1085 2842 Imbonat.,
1105 2808 1174 2836 Bibl.
1190 2809 1249 2837 Lat.
1268 2810 1396 2842 Hebr.,p.
1413 2811 1500 2839 74-76.

879 2807 922 2842 21)
942 2806 1085 2842 Imbonat.,
1105 2806 1174 2836 Bibl.
1190 2809 1249 2837 Lat.
1268 2806 1500 2846 Hebr.,p'.'74-76.
