1861 3052
204 103 258 133 295

689 100 734 130 DE
753 101 833 130 VITA
849 101 894 129 ET
915 92 1072 130 SCllll‘TlS
1091 100 1120 129 S.
1138 99 1330 128 HIPPOLYTI.

1776 98 1843 127 296

204 163 253 199 lyti
268 163 311 191 sui
324 162 477 196 volumine;
497 163 542 198 qui
554 167 646 197 postea
663 163 766 191 codicis
783 162 906 190 Vaticani
925 170 990 197 apo-
1007 165 1025 193 Α
1041 163 1097 195 ire;
1110 161 1175 197 quid
1192 161 1265 188 aliud
1285 160 1338 188 sibi
1357 160 1423 191 vult,
1441 160 1493 187 nisi
1515 159 1588 194 quod
1611 159 1693 187 Lucae
1709 166 1774 190 xvr,
1810 156 1853 184 26

205 209 337 244 graphum
351 213 456 241 nactus,
471 208 543 243 quod
557 216 618 236 cum
631 215 664 235 eo
683 208 893 235 communicavit
906 207 993 235 Mont-

205 254 348 282 fauconius
362 253 394 280 ν.
410 254 454 287 C.,
467 254 495 280 in
512 254 661 288 posteriore
676 253 769 281 Grmce
784 258 810 281 et
832 253 927 282 Latine
947 262 994 281 eo-

205 301 268 329 dem
299 300 432 328 Turriano
454 300 600 335 interprete
622 307 692 334 opus
715 300 843 335 vulgavit.
865 300 936 327 ldem
955 300 990 328 el.

207 348 295 375 editor
312 347 465 381 suspicatur
482 346 619 373 laudatam
635 346 889 373 Demonstrationem
900 346 993 373 adver-

204 402 249 420 sus
273 393 387 420 Judaos'
408 400 469 420 esse
495 393 658 427 particulam
682 393 930 420 commentariorum
960 391 990 420 S.

205 439 343 474 Hippolyti
363 439 391 465 in
408 437 540 470 Psalmos,
555 447 617 469 cum
647 439 683 467 sit
707 440 791 467 veluti
817 441 991 475 paraphrasis

204 485 305 513 Psalmi
329 494 424 518 vam,
438 486 515 521 juxta
542 484 670 513 Hebraeos
682 493 756 519 LXIX,
772 486 799 513 in
821 493 876 521 quo
900 486 991 520 passio

203 531 311 560 Christo
337 540 353 559 a
375 528 477 560 Iudaeis
491 532 632 560 inferenda
645 532 844 567 praenuntiatur
859 540 874 559 a
891 531 991 559 Davide

205 578 279 614 regio
293 578 390 613 psalle.

475 643 674 672 AltTlCULUS
695 640 726 672 ν.

205 709 239 729 DE
252 709 331 729 ιιιιιιο
349 710 359 728 (
374 708 507 729 ADVERSUS
525 709 644 732 GRAECOS,
658 709 706 728 SEU
727 709 832 729 CONTRA
851 708 990 729 PLATONEI

262 742 265 744 '
442 742 475 764 DE
490 744 573 764 causa
589 745 719 764 uruvsnsr.
737 745 746 762 ι

241 793 344 826 Quarto
358 793 417 820 loco
435 792 640 819 memorandum
658 793 779 820 occurrit
796 792 901 827 insigne
918 792 988 828 frag-

1045 208 1175 236 Dominus
1184 207 1420 243 pronuntiaverat:
1432 205 1466 232 Et
1480 206 1506 232 in
1522 206 1561 232 his
1571 205 1692 232 omnibus
1702 205 1784 232 inter
1797 211 1852 230 nos

1041 259 1066 282 et
1081 262 1123 281 vos
1136 254 1214 280 chaos
1227 261 1349 288 magnum
1362 253 1496 287 ﬁrmatum
1507 251 1740 288 εδι,ὲστήρικται,
1756 255 1794 278 ut
1808 250 1852 283 hi,

1041 300 1086 335 qui
1099 299 1187 327 volunt
1197 299 1258 326 hinc
1272 299 1384 326 transire
1395 298 1429 325 ad
1441 306 1494 330 vos,
1508 306 1559 324 non
1572 297 1684 333 possint,
1693 305 1789 332 neque
1805 296 1853 322 in-

1041 346 1073 372 de
1084 346 1134 372 huc
1147 350 1309 372 transmeare
1318 345 1331 371 Ρ

1079 400 1088 416 ι
1104 390 1157 417 Eos
1183 390 1273 418 dedita
1297 396 1380 424 opera
1403 396 1457 416 non
1481 387 1585 422 refello,
1606 388 1653 422 qui
1682 392 1853 415 tractatum

1041 435 1136 470 istum)
1148 435 1224 468 Caio,
1252 434 1375 468 Justino,
1400 434 1512 465 Iremeo,
1538 433 1648 469 Origeni
1670 438 1700 461 et
1725 433 1854 460 Melelio

1041 481 1235 516 ascripserunt.
1260 480 1353 508 Satius
1368 480 1403 508 sit
1418 480 1507 513 nobis,
1525 480 1552 507 in
1568 480 1754 515 inscriptione
1771 479 1855 514 lapi-

1040 528 1089 555 dea
1102 527 1296 559 vetustissima,
1308 533 1369 562 qua:
1382 527 1531 554 etiamnum
1547 531 1645 558 exstat.
1659 527 1854 563 inter_opera

1042 573 1178 609 Hippolyti
1190 574 1348 601 Portuensis
1358 573 1478 609 episcopi
1492 574 1627 601 recenseri
1644 574 1751 601 librum
1770 573 1853 608 πρὸς

1041 620 1181 652 Πλάτωνα,
1199 618 1215 656 ἢ
1238 621 1303 656 περὶ
1325 619 1370 647 τοῦ
1396 619 1504 651 παντός,
1520 619 1555 646 ad
1573 619 1743 655 (adversus)
1774 618 1855 645 Pla-

1041 672 1137 698 tonem.
1150 676 1194 695 seu
1217 667 1248 694 de
1267 668 1399 698 universo,
1412 669 1446 693 ut
1466 665 1583 693 alterum
1596 666 1671 694 illius
1686 671 1854 701 parentem

1041 723 1094 741 non
1111 720 1275 749 quaeramus.
1296 713 1430 743 Nimirum
1453 715 1586 743 accidisse
1610 718 1722 749 oportet
1747 718 1786 741 ut
1818 714 1854 740 li-

1040 760 1158 792 brarius,
1180 768 1241 787 cum
1263 761 1290 787 in
1313 761 1416 794 codice,
1429 769 1511 796 quem
1525 769 1580 796 pm:
1592 761 1679 788 oculis
1700 760 1854 791 habebat,

1041 805 1144 839 primas
1162 805 1293 833 duntaxat
1312 805 1433 833 nominis
1447 804 1583 840 Hippolyti
1599 804 1706 835 litteras
1724 803 1855 832 Graecas

205 844 327 867 mentum
350 847 383 866 ex
404 839 471 866 libro
492 839 614 866 adversus
637 838 755 870 Grazcos,
770 839 815 873 qui
838 839 940 865 inscribi

1118 849 1248 882 ct,"lmto,
1260 849 1354 877 deletis
1365 849 1407 877 vel
1417 838 1578 884 cornpendio
1590 849 1756 884 suppressis
1769 849 1853 882 aliis,

205 887 328 914 adversus
365 885 514 919 Platonem,
542 886 573 913 de
591 894 672 913 causa
686 886 799 913 uniuersi
809 894 818 918 ;
834 893 915 921 quem
929 886 990 920 qui-

205 934 266 961 dem
284 934 311 960 in
329 932 460 960 laterculo
482 933 586 968 lapideo
607 938 785 960 memoratum
801 933 904 965 videas,
921 931 990 969 πρὸς

206 979 339 1015 Ἕλληνας
358 979 404 1006 καὶ
428 972 495 1015 πρὸς
516 979 654 1013 Πλάτωνα,
670 979 686 1015 ἢ
704 979 751 1006 καὶ
772 979 836 1015 περὶ
852 979 897 1006 τοῦ
920 978 989 1005 σταν-

205 1024 260 1057 τός.
277 1025 358 1052 Plura
373 1025 406 1053 de
420 1033 453 1052 eo
466 1025 570 1053 erudite
583 1024 725 1053 Fabricius
738 1024 806 1060 (22).
824 1023 922 1059 Scripti
939 1024 990 1051 hu-

206 1071 250 1104 ius
264 1069 415 1106 Hippolytei
436 1070 592 1106 praelantia
616 1070 671 1098 duo
687 1075 824 1105 excerpta,
840 1075 866 1097 et
880 1069 989 1105 quidem

206 1117 284 1145 editis
302 1116 496 1150 emendatiora,
513 1121 621 1145 exstant
636 1117 663 1143 in
680 1116 824 1144 Paraltelis
846 1115 990 1143 Damasce-

206 1161 276 1189 nicis
301 1160 521 1196 Rupefucaldinis
546 1170 607 1197 pag.
626 1161 678 1190 755
702 1166 729 1189 et
751 1161 811 1193 789,
827 1162 989 1196 quibuscum

206 1212 348 1242 propterea
363 1208 465 1236 editum
483 1206 675 1236 Fabricianum
693 1208 810 1236 contulit
833 1208 866 1236 cl.
881 1207 991 1236 Callan-

206 1253 278 1280 dius.

241 1311 464 1346 Quandoquidem
482 1317 548 1339 vero
563 1311 597 1339 de
609 1311 690 1346 hujus
710 1311 800 1346 operis
818 1315 930 1338 auctore
944 1318 990 1338 vae

207 1357 247 1384 ria
269 1363 326 1385 tum
352 1362 492 1390 veterum,
517 1363 575 1384 tum
594 1358 774 1385 recentiorum
800 1356 991 1385 circumfertur

207 1403 308 1438 opinio,
333 1404 360 1430 in
377 1404 496 1431 medium
514 1404 649 1431 adducere
664 1403 753 1438 placet
765 1401 906 1439 Lequienii
919 1404 991 1439 judi-

206 1449 293 1482 cium;
311 1449 389 1484 cujus
411 1449 519 1484 quidem
543 1449 594 1475 viri
618 1449 767 1476 doctissimi
781 1449 942 1476 sententiam
958 1448 991 1475 li—

206 1496 301 1523 benter
317 1495 515 1530 amplectimur.
543 1495 589 1522 Sic
615 1494 697 1529 igitur
718 1495 763 1522 ille
777 1495 833 1530 (‘25)
849 1505 855 1522 :
877 1504 886 1520 ι
901 1494 990 1522 Lucu-

205 1541 339 1568 brationis
360 1541 441 1575 hujus
455 1540 524 1576 Περὶ
546 1539 593 1566 τοῦ
615 1540 725 1571 παντός,
744 1539 780 1566 De
797 1540 927 1572 universo,
941 1547 989 1567 ex-

206 1593 328 1622 cerptum
350 1586 422 1612 aliud
437 1585 551 1612 habetur
568 1585 594 1612 in
613 1585 656 1612 his
670 1584 812 1612 Parallelis
828 1585 991 1620 Rupel'ucal-

206 1632 288 1664 diuis,
313 1631 364 1658 litl.
389 1638 414 1662 ιι,
431 1630 472 1657 tit.
488 1630 532 1662 7i.
559 1629 604 1656 ubi
627 1629 732 1657 Meletio
756 1630 916 1658 Antioc’heno
942 1631 990 1658 tri-

207 1676 310 1703 buitur.
343 1674 455 1702 Photius
482 1674 538 1710 (24)
569 1675 619 1702 hoc
641 1675 709 1702 idem
739 1683 807 1710 opus
825 1677 989 1711 assignatum

207 1721 292 1749 fuisse
306 1726 398 1748 narrat
411 1721 512 1749 sanctis
523 1721 641 1755 Justino,
658 1721 762 1749 Irenaeo
774 1727 801 1749 et
813 1721 879 1749 Caio
892 1722 992 1750 Roma-

206 1775 249 1794 na:
270 1766 399 1795 Ecclesiae
413 1768 580 1803 presbytero.
603 1767 715 1802 Josephi
737 1768 845 1803 quidem
861 1775 914 1795 non
930 1775 992 1796 esse

206 1813 292 1840 fetum
306 1813 367 1841 inde
380 1813 532 1841 certissime
545 1820 672 1842 constare
682 1814 808 1846 arbitror,
820 1815 890 1850 quod
905 1815 992 1842 ambae

207 1860 266 1887 ista:
291 1859 405 1893 laciniae,
425 1860 480 1887 imo
505 1865 591 1887 totum
613 1860 804 1896 fragmentum,
830 1861 900 1895 quod
928 1860 991 1888 llo:-

207 1906 326 1934 schelius
337 1906 363 1933 in
380 1906 451 1934 notis
466 1907 500 1935 ad
513 1906 642 1935 Photium
659 1907 751 1935 Graece
766 1907 858 1941 edidit,
872 1915 905 1934 ac
914 1907 991 1935 Grae-

206 1960 238 1980 ce
251 1952 399 1988 Latineque
410 1952 563 1989 Stephanus
572 1953 609 1981 Le
620 1953 716 1990 Moyne
727 1954 798 1981 inter
815 1953 895 1980 Varia
903 1962 990 1987 sacra,

206 1998 403 2032 Christianum,
415 2007 470 2027 non
487 1999 609 2029 Judaeum
627 2004 764 2027 auctorem
781 1999 906 2034 prodant.
922 1999 991 2027 Nam

207 2045 346 2073 Christum
359 2053 420 2074 esse
433 2045 519 2073 Deum
534 2045 655 2074 Verbum
672 2046 761 2078 docet.
775 2047 830 2073 imo
848 2045 932 2074 Deum
949 2046 991 2073 fa-

207 2099 280 2120 ctum
295 2092 444 2126 hominem,
457 2092 523 2120 Θεδν
537 2092 792 2129 ὲνανθρωπήσαντα.
817 2092 991 2128 Evangeiicas

207 2139 319 2173 insuper
331 2138 483 2167 locutiones
505 2142 533 2167 et
555 2138 703 2167 sententias
720 2143 842 2172 usurpat.
858 2138 902 2165 Sic
918 2139 990 2166 enim

1041 894 1105 922 hinc
1121 895 1269 922 arbitratus
1284 895 1330 928 sit,
1345 896 1430 924 fuisse
1444 897 1576 930 scriptum
1598 895 1750 922 Ἰωσὶππου
1773 896 1855 931 (‘25),

1040 940 1112 967 uude
1133 948 1201 975 opus
1216 939 1333 975 Josepho
1355 941 1554 968 restituendum
1570 941 1705 968 intulerit.
1729 941 1855 969 Aucta-

1040 993 1096 1013 rem
1112 994 1192 1021 porro
1208 994 1259 1013 non
1272 986 1393 1014 Platonis
1407 987 1550 1022 opiniones
1563 994 1776 1022 propugnasse,
1800 988 1855 1014 sed

1041 1032 1129 1067 potius
1143 1032 1326 1067 impugnasse,
1338 1032 1460 1068 adeoque
1477 1033 1619 1068 legendum
1634 1040 1697 1061 esse
1717 1033 1771 1067 (in
1794 1033 1855 1060 Pa-

1040 1077 1140 1105 raltelis
1160 1083 1187 1105 et
1203 1078 1230 1116 in
1251 1078 1341 1112 operis
1362 1078 1560 1114 inscriptione)
1583 1078 1654 1105 κατὰ
1671 1078 1852 1111 Πλάτωνος,

1041 1128 1068 1151 et
1083 1131 1137 1151 non
1154 1123 1224 1151 κατὰ
1239 1123 1381 1156 Πλάτωνα,
1395 1123 1451 1158 jam
1468 1124 1520 1151 viri
1540 1124 1613 1152 docti
1635 1124 1853 1152 observarunt.

1042 1169 1075 1198 Et
1086 1175 1158 1198 certe
1170 1171 1196 1197 in
1209 1171 1251 1198 his
1263 1170 1422 1206 fragmentis
1435 1169 1636 1198 Platonicorum
1651 1170 1855 1205 philosopho-

1042 1225 1102 1244 rum
1128 1217 1162 1244 de
1185 1216 1291 1244 inferno
1307 1216 1404 1244 fabulae
1424 1224 1457 1243 ac
1474 1216 1569 1244 nanis:
1581 1216 1670 1244 dedita
1687 1223 1786 1251 opera
1805 1224 1853 1244 re-

1041 1263 1169 1291 feﬂuntur
1185 1263 1431 1298 explodunturque,
1448 1263 1546 1290 horum
1576 1262 1636 1290 loco
1661 1263 1853 1296 substitutis,

1041 1318 1101 1344 quae
1117 1310 1270 1337 Christiana
1288 1310 1354 1337 ﬁdes
1373 1309 1464 1342 tradit,
1479 1309 1501 1337 si
1516 1316 1602 1344 pauca
1615 1309 1726 1342 demas,
1744 1317 1822 1344 quae
1838 1317 1855 1336 a

1041 1356 1177 1384 communi
1189 1355 1386 1383 catholicomm
1396 1355 1520 1383 doctrina
1534 1355 1699 1390 discrepant.
1719 1355 1855 1384 Photius

1041 1403 1166 1430 observat
1176 1409 1245 1437 opus
1256 1402 1327 1429 istud
1341 1402 1367 1429 in
1383 1401 1452 1429 duas
1463 1405 1554 1437 partes
1569 1401 1756 1429 distributum
1775 1403 1855 1430 fuis-

1041 1457 1080 1481 se,
1101 1449 1129 1475 ἐν
1145 1448 1204 1475 δυσὶ
1218 1448 1359 1483 λογιδίοις·
1376 1448 1442 1484 quin
1457 1448 1538 1476 etiam
1555 1448 1583 1475 in
1601 1448 1782 1483 quibusdam
1799 1457 1854 1477 c0-

1041 1493 1146 1521 dicibus
1162 1493 1295 1528 ejusmodi
1319 1493 1523 1528 inscriptionem
1544 1493 1683 1525 habuisse,
1701 1494 1780 1529 περὶ
1800 1495 1855 1530 τῆς

1041 1539 1087 1566 τοῦ
1103 1539 1201 1571 παντὸς
1215 1539 1313 1571 αἰτίας,
1330 1539 1362 1566 de
1376 1547 1457 1566 causa
1472 1539 1597 1572 universi,
1608 1544 1635 1567 et
1650 1540 1677 1566 in
1689 1540 1762 1567 aliis
1779 1542 1856 1577 περὶ

1041 1588 1090 1622 τῆς
1105 1587 1151 1613 τοῦ
1166 1586 1264 1618 παντὸς
1277 1586 1381 1618 οὐσίας,
1395 1586 1427 1613 de
1443 1586 1592 1614 substantia
1605 1586 1734 1613 universi.
1756 1586 1857 1614 Plura

1041 1634 1141 1660 vidcsis
1158 1633 1227 1668 apud
1242 1633 1366 1659 eumdem
1383 1632 1518 1660 Photium.
1536 1641 1545 1658 ι
1564 1631 1702 1659 Hactenus
1720 1632 1760 1660 γ.
1781 1634 1820 1661 C.

1076 1678 1168 1713 Neque
1195 1679 1239 1705 hic
1266 1678 1402 1713 praeterire
1428 1677 1469 1706 fas
1492 1682 1534 1706 est
1561 1678 1650 1706 locum
1674 1685 1711 1705 ex
1737 1680 1855 1707 eodem

1040 1732 1121 1759 opere
1138 1724 1175 1751 De
1191 1733 1272 1751 causa
1292 1725 1406 1752 universi
1421 1729 1588 1760 excerptum,
1604 1724 1653 1759 qui
1668 1732 1727 1751 non
1745 1730 1858 1753 exstat

1041 1771 1068 1797 in
1092 1777 1125 1798 eo
1141 1770 1302 1805 fragmento,
1315 1771 1388 1806 quod
1403 1770 1484 1798 hodie
1499 1774 1631 1805 superest.
1650 1769 1740 1797 Nobis
1760 1771 1856 1799 illum

1041 1815 1285 1844 servavitJoannes
1300 1816 1478 1852 Philoponus,
1486 1816 1550 1844 licet
1567 1816 1634 1852 ipse,
1649 1816 1688 1843 uti
1707 1820 1737 1843 et
1754 1817 1856 1844 Joan—'

1040 1870 1089 1890 nes
1108 1861 1228 1890 Zonaras
1248 1862 1303 1898 (26)
1329 1869 1482 1897 perperam,
1500 1866 1529 1889 ut
1551 1861 1680 1893 vidimus,
1710 1861 1856 1898 Josepho

1041 1908 1188 1936 ascribunt.
1205 1908 1252 1935 Est
1271 1913 1360 1935 autem
1375 1907 1510 1943 ejusmodi
1527 1908 1583 1943 (37)
1598 1916 1606 1936 :
1619 1907 1655 1934 Τὸ
1671 1905 1732 1939 οὖν,
1746 1917 1855 1943 Τενη-

1040 1956 1118 1989 θήτω
1126 1955 1275 1989 στερέωμα
1283 1955 1317 1981 ὲν
1328 1953 1412 1989 μέσῳ
1430 1955 1484 1982 τοῦ
1498 1955 1616 1988 ὓδατος,
1634 1955 1665 1982 οὐ
1676 1947 1794 1990 μεταξὺ
1804 1956 1856 1983 λέ-

1040 2010 1083 2036 γει
1105 2001 1150 2028 τοῦ
1167 2001 1242 2028 κάτω
1257 1999 1353 2032 ὕδατος
1368 2000 1416 2036 τὴν
1426 2000 1472 2027 τοῦ
1490 2000 1678 2037 στερεώμσετος
1704 2002 1856 2035 γενέσθαι

1041 2043 1175 2082 φύσιν,ὼς
1183 2046 1311 2082 Ἰώσηπος
1326 2048 1339 2074 ὁ
1347 2047 1470 2082 Ἑϐραῖος
1481 2048 1510 2074 ὲν
1523 2046 1562 2082 τῷ
1572 2046 1642 2080 Περὶ
1655 2046 1710 2073 τοῦ
1719 2048 1857 2082 παντὸς

1040 2095 1136 2127 αἰτίας
1149 2094 1343 2130 συγγράμματι
1358 2093 1490 2127 βούλεται,
1510 2094 1549 2125 εἰς
1570 2093 1644 2129 τρία,
1657 2093 1764 2127 λέγων,
1786 2095 1856 2130 διη-

1043 2140 1140 2177 ρῆσθαι
1157 2140 1187 2167 τὸ
1204 2140 1284 2176 ὕδωρ,
1303 2141 1350 2166 καὶ
1365 2140 1396 2167 τὸ
1412 2140 1461 2175 μὲν
1477 2140 1567 2174 τρίτον
1588 2138 1670 2165 αὑτοῦ
1694 2139 1737 2170 εἰς
1761 2140 1855 2174 γένε-

207 2181 241 2211 de
253 2184 307 2212 Deo
322 2183 412 2212 Verbo
427 2193 507 2213 carne
521 2184 593 2213 facto
606 2185 728 2220 loquitur
741 2194 747 2211 :
762 2184 879 2220 Τούτῳὸ
896 2185 942 2211 Πα·

1120 2187 1270 2223 ›μπαγῆναι
1285 2186 1333 2213 τοῦ
1350 2186 1538 2222 στερεώματος
1550 2205 1557 2218 ,
1574 2185 1604 2212 τὺ
1619 2185 1647 2212 δὲ
1662 2185 1763 2220 τρίτον
1783 2187 1855 2213 Eva-

207 2231 296 2259 πᾶσαν
321 2232 411 2267 κρίσιν
436 2231 546 2264 δέδωκε,
570 2231 640 2257 Huic
661 2231 744 2258 Pater
763 2239 837 2257 omne
856 2231 989 2265 judicium

207 2277 278 2304 dedit
295 2285 304 2304 :
318 2277 546 2312 quemadmodum
561 2277 663 2304 scilicet
677 2275 755 2304 Joan.
771 2284 797 2307 ν,
810 2276 854 2310 22,
871 2277 968 2312 legerat
981 2286 989 2304 :

208 2323 299 2358 Neque
321 2325 390 2351 enim
414 2323 496 2351 Pater
520 2324 619 2354 iudicat
643 2330 813 2358 quemquam,
839 2325 884 2351 sed
911 2331 986 2352 omne

208 2364 340 2403 judicium
360 2370 431 2398 dedit
450 2369 530 2396 Filio.
553 2369 672 2404 Itemque
687 2370 733 2397 ubi
745 2369 830 2396 dicit:
848 2370 920 2401 Χάος
936 2369 990 2406 γὰρ

208 2415 275 2452 βαθὺ
287 2417 333 2443 καὶ
343 2416 414 2452 μέγα
424 2416 476 2443 ἀνὰ
489 2416 570 2452 μέσον
582 2417 750 2452 ἐστήρικται,
761 2415 830 2442 ὥστε
842 2416 878 2452 μὴ
889 2416 990 2443 δίκαιον

208 2462 423 2498 συμπαθήσαντα
437 2461 642 2498 προσδέξασθαι,
657 2462 724 2498 μήτε
738 2462 828 2489 ἄδικον
841 2462 990 2498 τολμήσαν-

206 2516 240 2534 τα
253 2507 375 2534 διελθεῖν.
384 2507 468 2535 Chaos
479 2508 638 2543 profundum
650 2512 673 2535 et
689 2516 811 2543 magnum
824 2508 891 2534 inter
904 2513 990 2535 utros-

207 2562 256 2590 que
267 2556 402 2589 ﬁrmatam
415 2559 463 2586 est,
482 2559 510 2581 ut
531 2563 611 2590 neque
629 2554 719 2590 justus
738 2554 798 2581 illos
813 2555 989 2581 miserationis

207 2601 302 2635 affectu
323 2601 441 2635 recipiat,
460 2609 540 2636 neque
553 2600 666 2635 injustas
679 2601 713 2628 ad
728 2601 773 2627 Iros
794 2601 888 2627 audeat
902 2606 990 2627 trans-

243 2677 300 2714 (22)
319 2676 470 2714 Fabricius.
485 2677 584 2706 Delect.
600 2686 702 2712 argum.
715 2682 750 2714 et
772 2676 873 2712 Syllab.
896 2678 987 2713 script.

207 2713 283 2743 εισι..
300 2721 326 2748 ρἶ
342 2713 414 2748 627et
427 2721 486 2748 seq.
501 2747 509 2748 ί
577 2747 581 2748 ν
713 2713 716 2718 λ

243 2747 298 2783 (3.3)
318 2747 354 2774 Le
368 2747 476 2781 Quien.;
494 2747 562 2783 Opp.
576 2747 733 2776 Damascen.
751 2752 816 2775 tom.
833 2747 867 2782 ll,
883 2755 910 2782 p.
926 2747 986 2775 789.

244 2782 300 2816 (94)
320 2783 410 2814 Phot..
426 2783 496 2810 Bibl.
512 2782 573 2811 eod.
593 2783 695 2810 xunt.’

243 2817 300 2859 (ἠδ)
319 2817 452 2846 Scribitur
479 2819 606 2855 Ἰώσηπος
632 2823 659 2846 et
682 2818 850 2856 Ἱώσηππος,
882 2819 928 2846 sed
962 2823 988 2846 ct

1041 2234 1167 2270 πομεῖναι
1187 2234 1278 2265 κάτω,
1295 2233 1326 2259 τὸ
1344 2233 1372 2259 δὲ
1394 2232 1485 2259 λοιπὸν
1503 2232 1592 2267 τρίτον
1608 2233 1638 2258 ὲν
1657 2233 1716 2264 τοῖς
1737 2232 1855 2266 νώτοις

1040 2280 1081 2311 εἰς
1101 2278 1166 2314 ὕψος
1192 2279 1470 2314 συνανακουφισοῆναι
1498 2278 1537 2314 τῷ
1563 2277 1747 2314 στερεώματι.
1785 2278 1855 2307 Hoc

1040 2329 1097 2352 est:
1113 2324 1196 2352 «Illud
1210 2325 1301 2359 igitur,
1315 2324 1378 2351 Fiat
1392 2325 1587 2359 firmamentum
1602 2324 1630 2350 in
1644 2324 1733 2350 medio
1744 2333 1853 2360 aqua’,

1040 2378 1093 2397 non
1114 2371 1202 2406 arguit
1216 2375 1340 2398 naturam
1365 2370 1527 2397 ﬁrmamenti
1543 2369 1675 2397 exsistere
1691 2369 1721 2397 in
1740 2372 1853 2398 medio

1041 2424 1118 2451 aquae
1144 2418 1226 2452 hujus
1253 2417 1402 2449 inferioris,
1416 2421 1446 2443 ut
1462 2415 1598 2451 Iosephus
1622 2415 1761 2444 Hebraeus
1782 2419 1854 2446 vnit

1040 2463 1067 2490 in
1084 2463 1163 2494 libro,
1180 2470 1260 2497 quem
1274 2463 1435 2498 conscripsit
1448 2462 1486 2489 De
1498 2470 1579 2489 causa
1591 2462 1722 2494 universi,
1735 2463 1851 2492 dicens

1039 2516 1139 2544 aquam
1159 2508 1321 2542 tripartitam
1344 2515 1414 2542 esse,
1433 2512 1462 2535 et
1479 2515 1559 2535 unam
1584 2507 1697 2542 quidem
1722 2510 1850 2537 tertiam

1039 2554 1098 2588 ejus
1113 2554 1139 2580 in
1151 2554 1313 2581 ﬁrmamenti
1328 2554 1528 2589 generationem
1539 2553 1695 2583 coaluisse:
1713 2554 1849 2583 alteram

1039 2607 1103 2627 vero
1114 2599 1221 2627 tertiam
1232 2599 1345 2627 inferius
1360 2599 1539 2633 remansisse;
1555 2599 1672 2634 denique
1687 2600 1848 2629 residuam

1044 2678 1166 2710 Ἰώσιπος
1180 2686 1213 2705 ac
1233 2677 1385 2710 Ἰὡσιππος.
1681 2702 1686 2708 ,

1038 2714 1130 2775 2οςὶϋ)
1150 2710 1248 2741 Zonar.
1266 2714 1292 2741 in
1308 2713 1404 2740 Annal.
1420 2713 1467 2742 lib.
1484 2722 1522 2748 vr,
1549 2713 1563 2751 ς
1578 2715 1605 2749 9,
1627 2724 1690 2753 pag.
1707 2717 1777 2751 267,
1796 2718 1845 2748 al-

1038 2783 1305 2853 p'Philoponq
1327 2783 1364 2812 De
1376 2785 1468 2812 mundi
1481 2791 1561 2813 creat.
1576 2785 1622 2814 lib.
1639 2794 1685 2821 ιιι,
1701 2795 1766 2823 cap.
1787 2789 1843 2823 i6,
