1861 3052
66 113 110 140 957
542 112 585 139 DE
606 111 687 139 VITA
706 110 748 137 ET
767 109 924 137 SCRIPTIS
941 109 970 137 S.
991 109 1184 137 HlPPULY'l’I.

1620 108 1673 136 298

65 173 133 199 aliam
149 171 266 202 tertiam,
281 178 329 206 per
351 170 558 198 rarelactionem
583 171 610 197 in
632 170 748 198 sublime
783 177 836 196 una
848 173 870 200 Α
885 169 989 203 primus
1009 169 1129 203 vulgavit
1148 168 1288 196 Fabricius
1301 176 1333 195 cx
1352 167 1453 196 codicis
1473 168 1593 195 Vaticani
1609 177 1673 202 apo-

65 224 115 243 cum
131 216 302 242 ﬁrmamento
316 215 446 241 elevatam
460 221 528 241 esse.
545 223 554 239 ι
570 227 573 231 ~

93 262 217 288 Cadmum
234 269 293 288 rem
308 269 358 289 acu
372 261 491 296 tetigisse
506 260 640 291 videntur,
653 260 700 294 qni
717 259 749 286 ad
764 259 835 286 istud

65 315 121 342 opus
144 306 336 342 Hippolyteum
362 306 485 333 adversus
511 306 616 333 Cra-cos
638 311 663 332 et
686 305 834 337 Platonem,

63 352 204 379 existimant
230 352 386 386 respexisse
409 352 546 378 doctorem
573 351 743 382 maximum,
769 351 835 376 dum

63 399 93 425 ait
105 398 155 433 (‘23)
171 407 176 425 :
194 397 309 432 Scripsit
327 403 351 424 et
365 397 502 424 Miltiades
513 402 604 424 contra
619 402 704 432 gentes
716 396 835 423 volumen

61 444 186 478 tgregium.
201 443 363 478 Hippolytus
377 451 487 478 quoque,
502 448 525 469 et
541 443 693 477 Apollonius
711 441 836 469 Romamn

61 489 122 515 urbis
142 494 259 519 senator,
275 489 383 523 propria
398 489 526 523 opuscula
542 488 725 515 condiderunt.
742 487 835 515 Imita-

61 539 96 560 tus
109 542 200 568 nempe
221 533 308 562 fuerit
322 539 432 562 sanctus
447 534 528 561 Pater
542 535 615 561 viros
629 542 661 562 ea
676 538 835 569 tempestate

60 581 127 615 longe
145 580 334 612 doctissimos,
350 580 397 615 qui
412 581 584 608 ethnicorum
607 580 703 614 placita
727 581 835 615 scriptis

60 627 107 653 suis
129 631 249 654 evertere
267 627 389 661 aggressi
416 632 496 660 sunt;
514 627 692 660 Clementem,
711 627 833 662 inquam,

59 673 271 705 Alexandrinum,
289 673 386 701 Caium
401 673 519 701 sodalem
533 681 622 706 suum,
639 673 766 701 Ecclesiae
781 673 835 700 Ro-

60 726 135 745 manae
147 718 351 754 presbyterum,
366 724 393 747 et
410 719 490 747 alios.

156 804 161 807 _
309 774 508 803 ARTICULUS
526 775 569 803 VI.

109 829 262 850 TBACTATUS
280 830 304 849 ς.
322 830 463 849 ΠΙΙΨΟΙΧΤΙ
483 832 492 848 ί
507 831 611 850 CONTRA
628 831 744 850 Νοετωι.
763 833 773 849 D

73 878 85 914 θ
98 879 114 904 l.
135 879 276 907 Tractatus
291 885 388 916 contra
405 879 519 907 Noemm
534 885 572 907 est
589 881 716 916 genuinus
730 882 816 908 sancti

327 915 464 950 Hippolyti
479 915 556 950 fetus.

90 971 210 1003 Quintum
226 972 321 999 locum
344 977 458 1007 occupat
472 974 579 1008 egregia
596 981 662 1000 sane
684 974 835 1001 lucubratio

59 1024 136 1044 contra
146 1019 265 1045 hrrresim
281 1018 373 1045 Nocti.
388 1019 420 1055 Et
434 1020 577 1054 scripsisse
591 1020 699 1054 quidem
710 1019 835 1055 Hippoly-

60 1070 106 1090 tum
120 1069 208 1090 contra
225 1071 326 1091 omnes
341 1065 468 1097 haereses,
487 1069 620 1092 testantur
632 1065 767 1093 Eusebius
780 1066 834 1101 (29)

60 1115 126 1143 atque
139 1109 323 1146 Hieronymus
337 1111 408 1146 (50);
426 1117 453 1138 at
469 1111 593 1143 Photius,
609 1112 655 1146 qui
678 1119 747 1146 opus
764 1112 835 1139 istud

61 1157 141 1190 legisse
155 1157 337 1191 comperitur,
351 1165 400 1184 nos
414 1157 508 1185 edocet
520 1158 576 1192 (51)
588 1157 723 1193 Hippolyti
735 1157 834 1184 librum

59 1203 171 1230 adversus
186 1204 308 1231 hzercses
322 1204 389 1231 duas
408 1209 435 1230 et
448 1203 557 1239 triginta
575 1209 715 1231 exaratum
732 1204 832 1237 fuisse;

60 1245 95 1272 ubi
110 1246 135 1272 S.
152 1246 228 1274 Pater
242 1247 354 1274 initium
369 1255 383 1274 a
397 1247 566 1274 Dosithcanis
581 1249 693 1281 ducens,
709 1249 734 1275 in
751 1248 835 1276 Noelo

59 1291 195 1324 t'esinebat;
222 1293 276 1328 qui
303 1293 432 1320 nimirum
451 1293 558 1327 prodire
573 1294 657 1328 caapit
682 1294 833 1328 imperante

59 1337 193 1364 Alexandro
216 1338 275 1365 sub
300 1346 403 1365 annum
418 1337 480 1369 250,
501 1342 531 1365 ut
555 1339 679 1373 proinde,
692 1339 764 1374 quod
788 1347 835 1366 su-

59 1387 132 1415 perosi
145 1383 216 1411 illius
233 1384 342 1419 operis,
358 1392 422 1418 pars
436 1385 530 1411 ultima
547 1384 636 1412 fuerit.
655 1385 695 1412 Ad
713 1384 772 1420 ejus
785 1393 834 1412 au-

58 1432 100 1455 tem
124 1429 308 1464 integritatem
333 1430 520 1462 astrttendam,
536 1431 601 1458 illud
619 1431 646 1457 in
664 1431 760 1466 primis
786 1431 834 1458 ob-

58 1482 150 1502 servare
160 1480 259 1509 praesta
266 1479 288 1508 t,
303 1475 395 1503 locum
412 1475 545 1511 insignem
563 1476 684 1511 satisque
697 1477 831 1511 prolixum

886 215 999 250 grapho.
1010 217 1084 250 quod
1098 217 1158 244 viro
1168 215 1396 251 praestantissimo
1409 214 1613 242 Montfauconio
1628 222 1674 242 ae-

886 266 995 296 ceptum
1010 263 1111 290 retulit.
1128 262 1246 290 Alterius
1259 262 1361 290 codicis
1375 262 1461 290 Gl'tBCi
1476 261 1614 296 exemplar
1626 261 1673 289 de-

887 309 953 335 texit
975 308 1002 335 in
1018 308 1210 343 antiquissimo
1225 308 1254 336 S.
1272 307 1363 335 Basilii
1378 307 1544 335 monasterio
1560 306 1674 334 Guiliel-

886 362 947 381 mus
955 353 1102 382 cardinalis
1113 353 1228 381 Sirletus
1236 374 1242 386 ,
1259 354 1373 388 ejusque
1386 353 1510 380 meminit
1521 353 1548 379 in
1558 351 1674 386 epistola

886 400 1014 435 Liturgiae
1027 399 1055 427 S.
1068 399 1150 427 Marci
1165 399 1336 436 evangelista:
1350 399 1488 434 praemissa
1507 398 1573 433 (54),

921 447 1053 474 Caeterum
1080 446 1170 480 operis
1194 445 1337 480 inscriptio
1353 445 1424 480 apud
1445 444 1610 470 anriauum
1632 443 1673 470 sic

886 492 982 527 legitur
995 501 1002 519 ε
1018 491 1139 518 Homilia
1151 491 1183 518 de
1195 491 1248 518 Deo
1265 492 1334 517 trino
1349 495 1373 517 et
1387 499 1448 523 uno,
1461 495 1485 516 ct
1500 490 1532 516 de
1548 489 1672 524 mysterio

887 536 1084 564 lncarnationis
1096 541 1187 563 contra
1199 536 1320 563 hwresim
1335 535 1423 563 Nocti.
1438 535 1465 562 In
1480 537 1572 563 codice
1581 541 1672 563 autem

888 582 1017 609 Vaticano
1039 585 1080 609 est
1105 581 1260 616 hujusmodi
1284 590 1291 608 :
1320 581 1425 616 ὀμιλια
1453 581 1610 608 Ἱππολύτου
1633 582 1673 611 εις

885 628 935 663 τὴν
956 628 1061 662 αἵρεσιν
1074 628 1179 663 Νοήτου
1191 635 1272 659 τινος.
1295 627 1324 654 In
1339 635 1371 654 eo
1390 627 1527 654 enimvero
1548 627 1577 654 S.
1593 626 1673 654 Pater

886 674 978 701 lidcles
988 673 1123 700 interdum
1135 673 1294 708 alloquitur.
1306 678 1336 700 ut
1350 673 1376 700 in
1391 673 1510 700 homiliis
1523 673 1579 699 ﬁeri
1592 673 1671 701 solet.

887 717 938 743 Sed
960 717 986 744 in
1005 717 1067 745 aliis
1090 725 1199 752 quoque
1214 717 1324 752 scriptis
1344 717 1438 744 eadem
1458 718 1585 744 metltodo
1607 725 1673 746 usos

887 762 971 790 fuisse
984 768 1088 791 veteres
1105 764 1172 791 satis
1193 764 1290 798 liquet,
1306 769 1335 790 ut
1349 763 1464 791 advertit
1476 764 1602 792 laudatus
1618 764 1672 792 Fa-

887 808 998 836 bricios.
1173 800 1178 805 ”

1059 855 1072 891 §
1086 855 1117 882 ll.
1134 855 1258 891 Analysis
1269 856 1347 890 hujus
1362 861 1501 883 tractatus.

922 922 1025 950 Noetus
1044 923 1123 958 juxta
1143 922 1174 950 S.
1191 923 1363 960 Hippolytum
1392 923 1444 951 fuit
1461 932 1558 959 genere
1576 924 1673 960 Smyr-

886 976 961 996 naus
979 969 1045 1005 (55).
1064 969 1137 996 Dixit
1149 969 1194 997 hic
1211 970 1353 997 ltrereticus
1369 970 1507 997 Christum
1525 979 1584 998 esse
1595 979 1673 998 eum-

886 1017 946 1043 dem
971 1015 1090 1047 Patrem.
1118 1015 1262 1051 ipsumque
1290 1015 1396 1044 Patrem
1426 1018 1546 1051 genitum
1571 1025 1631 1045 esse
1646 1023 1672 1045 et

886 1069 1030 1096 passum...
1046 1061 1136 1088 aiebat
1150 1068 1178 1088 se
1193 1069 1253 1089 esse
1271 1061 1405 1097 Moysem,
1423 1067 1450 1089 et
1467 1062 1577 1089 fratrem
1591 1071 1670 1090 suum

885 1115 945 1134 esse
961 1107 1062 1134 Aaron.
1078 1106 1136 1134 Hoc
1146 1114 1207 1134 cum
1220 1108 1290 1135 beati
1304 1108 1453 1144 presbyteri
1468 1109 1609 1140 audirent,
1627 1118 1673 1136 ac—

885 1151 1015 1178 cersitum
1037 1158 1130 1179 coram
1152 1150 1274 1179 Ecclesia
1290 1153 1533 1186 cxaminaverunt;
1551 1154 1595 1182 ille
1608 1162 1672 1181 vero

887 1197 1001 1230 negabat
1024 1196 1168 1231 principio,
1190 1197 1229 1224 sic
1252 1205 1282 1224 se
1305 1198 1425 1231 sentire;
1450 1204 1542 1233 postea
1560 1207 1624 1227 vero
1644 1200 1671 1227 in

885 1241 1047 1275 quibusdam
1064 1241 1236 1275 delitescens,
1253 1247 1281 1269 et
1293 1243 1416 1270 collectis
1429 1243 1500 1276 aliis,
1516 1244 1562 1278 qui
1580 1244 1606 1271 in
1623 1251 1673 1272 eo-

885 1286 945 1312 dem
960 1294 1053 1314 errore
1067 1291 1162 1319 erant,
1182 1288 1289 1315 volebat
1307 1293 1400 1323 aperte
1414 1289 1511 1322 dogma
1527 1297 1606 1316 suum
1624 1290 1672 1318 de-

885 1331 1014 1363 fendere;
1031 1339 1113 1367 quem
1128 1341 1225 1360 rursus
1241 1333 1401 1360 accersitum
1418 1334 1566 1369 presbyteri
1579 1335 1672 1362 redaro

885 1381 1019 1411 guerunt;
1037 1378 1083 1405 ille
1097 1386 1163 1406 vero
1180 1379 1334 1410 resistebat,
1355 1379 1496 1414 inquiens,
1511 1380 1575 1415 quid
1590 1375 1672 1416 igitur

886 1423 948 1450 mali
977 1424 1057 1456 facio.
1083 1425 1106 1452 si
1129 1424 1267 1453 Christum
1287 1425 1411 1452 honoro?
1435 1426 1500 1454 buic
1522 1426 1671 1462 presbyteri

885 1471 1084 1504 resporndcrunt
1114 1481 1120 1498 :
1147 1471 1181 1498 Et
1207 1480 1253 1498 nos
1279 1480 1360 1498 unum
1385 1472 1469 1499 Deum
1493 1480 1549 1499 uere
1573 1473 1670 1499 scimus

57 1528 82 1546 et
95 1528 122 1548 eo
133 1521 315 1556 descripsisse
328 1526 452 1549 sanctum
469 1522 618 1554 Gelasium,
629 1522 673 1549 cui
684 1531 752 1556 opus
763 1523 831 1557 cjns—
847 1529 867 1557 c
885 1515 1030 1549 Christum,
1050 1519 1146 1544 scimus
1163 1517 1263 1545 Filium
1278 1524 1383 1553 passum
1395 1538 1403 1551 ,
1425 1519 1492 1546 sicut
1510 1527 1604 1553 passus
1619 1523 1668 1549 est.

58 1566 116 1591 modi
128 1566 274 1594 brevitatis
287 1574 353 1601 ergo
370 1566 498 1593 Memoria
513 1567 641 1594 haresum
656 1567 767 1594 dicitur.
787 1566 832 1595 Sic

58 1610 179 1644 enimille,
195 1619 349 1639 recensens
367 1612 515 1638 testimonia
538 1616 652 1638 veterum
677 1611 709 1638 de
731 1611 832 1639 duabus

58 1657 78 1681 in
93 1656 189 1685 Christo
205 1658 316 1684 naturis
330 1658 387 1691 (59.)
402 1667 407 1684 :
424 1657 562 1693 Hippolyti
572 1658 687 1693 episcopi
698 1662 723 1685 et
736 1663 834 1693 marty-

58 1702 86 1727 ris
104 1703 214 1729 Arabum
230 1704 386 1737 metropolis
400 1705 427 1730 in
441 1703 570 1730 Memoria
591 1704 738 1730 Ittcresum:
753 1713 762 1729 ι
782 1703 833 1730 Hic

57 1749 178 1780 procedens
192 1749 372 1780 inmundum,
389 1749 458 1776 Deus
466 1754 490 1776 et
505 1750 582 1776 homo
596 1750 730 1784 apparuit,
751 1759 760 1774 ι
777 1755 831 1777 etc.

57 1792 110 1825 Quae
123 1795 230 1829 quidem
249 1795 333 1822 verba
345 1815 353 1827 ,
370 1796 494 1830 pauculis
511 1796 670 1828 immutatis,
686 1800 833 1822 occurrunt

57 1841 114 1873 apud
137 1847 264 1868 sanctum
285 1840 460 1876 Hippolytum
479 1849 538 1876 cap.
556 1842 598 1868 18.
613 1840 683 1874 Quid
704 1841 776 1876 quod
791 1842 833 1868 vel

58 1884 154 1919 ipsemet
177 1886 311 1919 Sandius,
332 1887 444 1921 reliquis
458 1886 626 1923 llippolyteis
641 1891 769 1921 tanquam
784 1895 833 1913 no—

58 1930 102 1958 tbis
122 1933 238 1967 rejectis,
266 1933 318 1959 hoc
337 1941 420 1960 unum
443 1939 536 1960 contra
551 1934 662 1960 hrrresin
680 1932 758 1960 Nacti
773 1941 833 1968 ger-

57 1982 151 2004 manum
167 1978 378 2014 agnoscendum
394 1978 534 2005 existimat
553 1979 619 2012 (55).

84 2021 239 2050 Prtelarum
265 2027 357 2051 autem
374 2023 446 2050 hunc
465 2023 688 2050 commentarium
704 2024 729 2050 in
744 2024 830 2050 lucem

56 2069 138 2094 extulit
148 2069 290 2096 Gerardus
304 2068 420 2096 Vossius
431 2068 598 2103 Tungrensis
613 2069 682 2095 inter
699 2068 832 2095 Miscella-

57 2120 96 2139 nea
106 2119 256 2141 sanctorum
270 2114 370 2148 aliquot
390 2113 503 2140 Patrum
518 2114 669 2141 Graecorum
682 2119 705 2140 et
722 2114 832 2141 Latino—

55 2165 114 2190 rum,
131 2160 162 2186 ad
185 2160 291 2187 calcem
311 2160 429 2194 Operum
448 2159 477 2186 S.
493 2159 614 2195 Gregorii
635 2158 830 2195 Tliaumaturgi

884 1568 1026 1595 mortuum,
1040 1563 1109 1589 sicut
1125 1568 1243 1590 mortuus
1255 1569 1309 1595 est;
1320 1569 1343 1590 et
1357 1565 1514 1591 suscitatum
1529 1565 1609 1591 tertia
1623 1565 1665 1591 die

883 1614 907 1636 et
923 1610 1053 1636 sedentem
1080 1610 1115 1636 ad
1136 1610 1269 1637 dexteram
1295 1610 1397 1643 Patris,
1425 1615 1612 1645 venturumque
1635 1610 1670 1637 ad

879 1656 1054 1689 judicandum
1077 1656 1146 1683 vivos
1167 1661 1192 1683 et
1206 1661 1322 1682 mortuos
1335 1656 1409 1691 (56);
1433 1660 1515 1691 atque
1530 1657 1586 1684 haec
1601 1657 1671 1685 dici-

884 1710 944 1729 mus
962 1710 1022 1737 quze
1040 1703 1195 1730 didicimus.
1212 1702 1288 1729 Tunc
1308 1702 1390 1730 istum
1407 1704 1562 1730 convictum
1583 1703 1671 1738 eiece—

883 1753 947 1775 runt
960 1756 992 1776 ex
1006 1748 1140 1781 Ecclesia.
1155 1749 1201 1784 qui
1217 1756 1250 1776 co
1265 1749 1414 1776 inﬂationis
1426 1752 1508 1782 venit,
1526 1754 1556 1776 ut
1572 1750 1671 1778 docere

883 1795 1046 1822 institueret.

917 1839 1067 1874 Antequam
1088 1839 1116 1866 S.
1138 1838 1296 1875 Hippolytus
1314 1840 1514 1867 distinctionem
1534 1840 1670 1868 Persona-

883 1892 942 1911 rum
964 1885 992 1911 in
1009 1884 1113 1912 unitate
1126 1885 1224 1913 divina:
1238 1890 1342 1912 naturae
1357 1886 1383 1912 in
1401 1885 1451 1912 SS.
1469 1885 1604 1912 Trinitate
1619 1885 1669 1913 de-

883 1934 1026 1963 monstret,
1039 1930 1115 1965 prius
1128 1936 1287 1966 argumenta
1301 1931 1380 1958 Nocti
1393 1937 1487 1958 contra
1497 1930 1668 1964 Trinitatem,

883 1985 932 2004 seu
944 1977 1145 2005 distinctionem
1159 1977 1312 2004 divinarum
1325 1977 1507 2004 Personarum
1530 1978 1667 2012 proponit,

882 2028 907 2050 et
924 2022 1049 2050 dissolvit
1064 2023 1267 2056 interpretando
1282 2031 1376 2050 verum
1395 2023 1444 2050 SS.
1465 2024 1667 2058 Scripturarum

883 2077 1003 2101 sensum,
1021 2070 1120 2103 quibus
1139 2069 1262 2097 Noetiani
1279 2070 1477 2101 abutebantur,
1495 2071 1537 2097 vel
1550 2078 1666 2104 quarum

880 2112 984 2142 textum
1001 2115 1135 2142 malitiose
1154 2116 1361 2142 detruncabant.
1384 2115 1516 2142 Rciutatis
1533 2114 1609 2142 Nocti
1623 2122 1668 2142 ar-

883 2160 1017 2195 gumentis
1033 2159 1061 2187 S.
1078 2159 1237 2195 Hippolytus
1250 2160 1409 2187 Trinitatem
1424 2163 1451 2187 et
1465 2159 1666 2186 distinctionem

56 2204 108 2232 edit.
120 2205 287 2241 Moguntina:
307 2206 387 2237 1604,
399 2206 427 2237 ιι,
447 2214 479 2233 ex
502 2205 597 2232 Latina
611 2205 735 2232 versione
746 2205 832 2232 Fran-
850 2203 871 2230 Ι)
885 2207 1038 2234 divinarum
1059 2205 1240 2234 Personarum
1260 2207 1448 2234 demonstrare
1465 2206 1621 2240 aggreditur
1633 2214 1667 2234 ex

56 2250 109 2277 cisci
131 2251 271 2284 Turriani,
299 2252 428 2286 subjectis
452 2252 532 2278 etiam
548 2251 830 2279 animadversionibus

57 2299 161 2332 ejusdem
180 2301 337 2335 interpretis
358 2309 418 2336 pag.
431 2300 523 2327 58-7I.
547 2299 651 2327 Exinde
669 2307 732 2327 vero
746 2300 830 2327 editio

57 2347 153 2379 repetita
166 2348 192 2374 in
206 2347 384 2375 Bibliotliecis
395 2346 504 2374 Patrum
517 2347 672 2374 Coloniensi
690 2346 766 2378 l618,
781 2345 831 2374 Pa-

58 2393 150 2420 risieusi
165 2393 247 2424 1644,
262 2399 290 2420 et
308 2393 482 2428 Lugdunensi
498 2393 577 2425 1677,
588 2401 638 2420 nec
652 2401 705 2420 non
719 2395 745 2420 in
761 2393 830 2428 Sup-

57 2437 168 2471 plementi
180 2439 335 2467 Morelliani
349 2444 423 2467 tomo
434 2440 455 2470 Ι,
466 2446 529 2474 pag.
544 2438 604 2466 620.
615 2438 707 2467 Graece
719 2439 828 2466 demum

155 2517 328 2554 Hieronytn.,
343 2518 422 2554 epist.
440 2517 474 2544 70
488 2517 520 2544 ad
536 2517 636 2554 Magi},
651 2523 720 2545 orat.
738 2517 751 2553 §
765 2518 791 2544 4.

87 2552 135 2586 ('39)
155 2552 268 2585 l-Zuseb.,
285 2552 321 2580 Η.
341 2553 372 2578 Ε.
389 2553 435 2579 lib.
449 2561 486 2583 vr,
502 2560 562 2585 cap.
580 2553 624 2579 22.

87 2587 136 2624 (ζιθ)
155 2587 325 2624 Hieronyln.,
342 2589 378 2614 lle
395 2589 444 2614 vir.
460 2587 572 2618 illustr.,
593 2595 652 2622 cap.
666 2588 710 2614 6|.

87 2622 136 2654 tit)
155 2622 334 2656 ΡιιυῑηΒὶὸι.
353 2624 412 2650 cod.
431 2631 503 2650 cxxt.

88 2657 137 2690 ('5!)
155 2657 256 2690 Gelas.,
274 2659 311 2684 lle
333 2658 435 2684 duabus
446 2658 560 2690 naturis,
580 2662 645 2684 tom.
661 2656 706 2690 ιγ,
722 2662 790 2692 part.
809 2665 826 2690 I,

59 2689 171 2719 Biblioth.
184 2689 321 2721 I‘I’scdit.
338 2693 424 2720 l'nris.
452 2693 530 2725 1644,
591 2692 653 2719 424.

89 2727 231 2766 φὼὸθιμά.
255 2729 335 2766 Nqu
362 2728 433 2756 Hist.
451 2728 526 2761 eccl.,
541 2726 567 2755 in
591 2732 668 2754 tract.
693 2726 729 2754 De
748 2732 825 2755 veter.

61 2767 138 2794 tcupt.
149 2765 210 2789 eccl.
225 2773 284 2799 pag.
296 2765 341 2791 27.

232 2800 360 2826 Btbliuth.
386 2798 442 2826 PP.
470 2798 558 2826 Paris.
582 2797 661 2830 1644,
687 2801 754 2826 tom.
771 2796 826 2830 Xll,

189 2885 320 2914 l‘n‘nor.
337 2883 394 2913 Ge.
412 2883 450 2912 Χ.

883 2253 948 2287 ipsis
965 2253 1050 2280 sacris
1064 2253 1222 2287 Scripturis,
1244 2258 1270 2279 et
1283 2254 1308 2279 iu
1319 2253 1415 2287 primis
1432 2256 1509 2278 notat
1524 2251 1579 2286 (57)
1594 2252 1664 2287 quod

881 2307 948 2325 unus
956 2299 989 2324 sit
1000 2298 1078 2330 Deus,
1091 2307 1164 2333 quem
1177 2307 1226 2326 non
1239 2299 1344 2325 aliunde
1352 2298 1528 2333 agnoscimus.
1538 2306 1618 2332 quam
1632 2306 1666 2325 cx

881 2344 967 2371 sacris
983 2343 1163 2378 Scripturis...
1189 2344 1362 2378 Quaecunque
1381 2351 1446 2379 ergo
1464 2343 1492 2370 S.
1517 2343 1665 2379 Scriptura:

880 2389 1037 2425 pra-dicant,
1066 2390 1200 2421 sciamus;
1218 2394 1244 2415 ct
1264 2398 1434 2424 quascunque
1454 2391 1561 2422 docent,
1579 2398 1664 2426 agno-

881 2444 1000 2470 scamus,
1019 2441 1046 2462 et
1061 2436 1131 2463 sicut
1146 2436 1203 2462 vult
1215 2435 1292 2462 l’atcr
1307 2436 1391 2468 credi,
1409 2437 1448 2463 sic
1462 2437 1624 2469 credamus;
1637 2442 1664 2463 et

916 2517 971 2553 (55)
986 2516 1121 2553 Hippolyt.
1139 2519 1231 2553 contra
1252 2513 1421 2553 Noflnnum.
1499 2512 1660 2553 Theothret.

880 2547 927 2580 lib:
949 2547 977 2579 lll
994 2547 1093 2578 Hie-ret:
1108 2550 1204 2585 fabul.,
1219 2557 1279 2584 cap.
1292 2550 1319 2580 3.
1336 2549 1415 2585 itlem_
1425 2548 1538 2585 allirrnat
1559 2548 1576 2573 S
1603 2547 1662 2585 1ξῖρὶ-

879 2589 996 2623 pltanins
1010 2595 1072 2614 vero
1082 2582 1259 2623 iE'phesinum'
1272 2584 1365 2623 Sltll‘llil.
1382 2593 1388 2610 :
1401 2582 1431 2609 In
1445 2583 1508 2623 risit:
1523 2583 1661 2616 oriundus,

879 2619 942 2650 urbe
960 2623 1070 2657 Epheso.
1082 2619 1286 2657 EpipltJnL-rcs.
1301 2619 1344 2650 57,
1364 2626 1438 2644 num.

914 2658 971 2692 (56)
983 2651 988 2657 ’
1000 2656 1032 2684 Hi
1054 2651 1160 2684 articuli
1185 2655 1350 2692 coincitlunt
1363 2651 1579 2692 CtnnUSymbolo
1595 2661 1609 2678 υ
1628 2651 1661 2692 ρ.

878 2687 980 2721 Ιιέἰιίυί)
996 2693 1108 2719 recitato
1124 2692 1171 2719 lib.
1198 2699 1223 2720 I.
1248 2697 1307 2724 cap.
1335 2689 1362 2721 2,
1387 2694 1412 2715 et
1431 2688 1477 2714 lib.
1494 2695 1534 2720 ιιι,
1551 2695 1613 2724 cap:
1627 2687 1660 2721 4;

879 2729 1013 2756 habentur
1025 2728 1106 2754 etiam
1125 2727 1195 2762 apud
1211 2722 1405 2753 Tertullianum
1421 2724 1468 2750 lib.
1486 2728 1575 2749 contra
1594 2722 1659 2750 Ργαρ

878 2771 964 2792 a‘eurn,
979 2770 1037 2796 t-‘ap.
1053 2764 1079 2788 ‘2.

915 2798 969 2835 (57)
984 2797 1118 2832 Ilippolyt.
1135 2801 1227 2823 contra
1244 2795 1321 2823 Noet.
1333 2815 1340 2828 ,
1356 2802 1431 2822 num.
1447 2793 1473 2821 9.

1465 2875 1502 2903 10
