1861 3052
186 100 239 128 E90

675 99 719 127 DE
740 99 818 127 VITA
838 100 882 127 ET
904 99 1059 127 SCRIPTIS
1080 100 1107 127 S.
1130 98 1321 128 IIIPPOIXTI.

1749 102 1802 129 300

187 158 258 185 sicut
269 157 326 185 vult
341 157 426 185 Filius
438 157 593 192 gloriﬁcari,
609 158 648 184 sic
661 158 862 192 gloriﬁccmus;
877 164 903 186 et
914 160 966 187 sie-
980 163 1001 190 Λ
1018 164 1124 192 varunt,
1145 159 1237 187 Grazee
1263 160 1371 194 quidem
1396 158 1562 194 Nicephorus
1583 158 1637 186 CI".
1657 159 1682 186 in
1710 160 1803 186 Antir-

188 209 218 231 ut
241 203 297 231 vult
312 204 406 231 donari
423 204 551 238 Spiritum
576 208 711 236 sanctum,
738 204 777 231 sic
788 205 965 239 accipiamus,

187 257 241 277 non
261 249 409 276 secundum
427 249 560 284 propriam
576 249 753 282 voluntatem,
771 259 857 284 neque
871 259 969 278 secun-

188 295 251 322 dum
265 296 402 330 proprium
416 303 537 328 sensum,
554 303 640 330 neque
653 296 705 322 vim
721 296 865 324 inferentes
879 297 905 323 in
925 305 955 325 ea

188 349 247 376 qua:
273 341 306 368 ab
322 349 355 368 eo
375 342 436 369 data
454 347 535 374 sunt,
563 342 609 369 sed
633 343 770 376 quomodo
789 343 844 377 ipse
867 351 914 378 per
938 343 966 370 S.

188 387 341 421 Scripturas
353 387 449 414 docere
463 387 559 419 voluit,
579 387 618 414 sic
634 387 826 422 intelligamus.

230 430 357 458 Posthaec
366 431 398 458 de
410 431 582 466 generatione
597 435 694 457 :eterna
710 436 736 458 et
747 432 951 459 consubstantia
964 447 968 451 -

184 477 258 504 litate
268 477 327 503 Filii
340 478 450 504 disserit
460 477 611 512 (58),atque
621 477 806 504 incarnatione
813 477 892 505 Verbi
900 478 966 513 (59).

185 523 268 550 Docet
283 524 371 550 solum
387 523 507 550 Verbum
524 525 695 550 incarnatum
705 524 760 558 (40)
773 525 897 559 idemque
908 532 968 552 esse

183 570 280 597 Filium
301 570 346 598 Dei
359 571 425 606 (41),
442 571 522 605 idque
539 578 571 597 ex
589 570 750 605 Apocalypsi
765 571 845 597 etiam
862 570 968 605 probat,

183 624 264 650 quam
278 617 329 643 sub
344 617 455 643 nomine
470 615 584 643 Joannis
598 617 771 650 evangelista:
789 616 889 644 laudat.
909 617 967 644 Non

182 661 300 693 Patrem,
317 661 363 689 sed
382 661 485 688 Filium
502 661 589 688 solum
602 662 770 688 inearnatum
785 661 869 688 fuisse
880 662 968 689 decla-

182 712 224 734 rat
242 707 297 742 (42)
321 710 466 742 monetque
492 708 678 735 curiositatem
702 708 727 734 in
754 707 889 742 mysteriis
912 715 969 741 per-

182 752 337 780 scrutandis
352 753 489 779 vitandam
506 761 574 780 esse.
597 752 716 779 Tandem
735 753 815 779 tradit
829 752 897 779 duas
917 759 967 778 na-

182 802 258 825 turas
279 797 400 832 duasque
423 798 594 832 operationes
618 798 644 825 in
670 797 780 825 Christo
801 796 966 831 protitendas

182 850 242 869 esse
260 842 314 876 (45)
326 862 334 873 ,
351 847 377 869 et
388 850 448 869 eum
460 843 603 877 doxologia
623 843 757 870 concludit
772 850 850 869 suum
867 847 965 869 tracta-

182 892 251 914 tum.
268 886 401 913 Creterum
417 887 627 919 observandum,
646 887 717 922 quod
737 891 844 914 notante
862 887 896 913 cl.
912 885 966 913 Til-

182 932 311 959 lemontio
333 933 389 967 (44)
413 932 580 967 Epiphanius
595 933 690 960 haeresi
705 933 749 966 57,
769 941 830 967 quae
842 937 882 960 cst
897 931 967 959 Noe-

181 978 329 1011 tiauorum,
346 986 377 1005 ex
392 977 544 1013 Ilippolyto,
559 978 622 1005 licet
639 986 692 1005 non
709 978 859 1010 nominato,
881 978 964 1004 multa

182 1024 215 1050 ad
229 1024 340 1050 verbum
353 1027 455 1058 repetat
467 1031 517 1058 pro
535 1023 685 1051 refutandis
696 1024 749 1050 illis
765 1024 909 1055 hmreticis,
923 1027 966 1049 at-

181 1069 335 1103 quejudice
349 1068 486 1095 Ceillierio
501 1069 555 1103 (45)
569 1069 716 1096 verisimile
731 1069 811 1096 etiam
827 1073 878 1100 est,
894 1068 965 1103 quod

182 1113 349 1148 Epiphanius
370 1121 403 1140 ex
425 1114 475 1141 hoc
490 1113 649 1149 Hippolyten
669 1114 821 1149 fragmento
837 1114 910 1141 illum
926 1115 966 1141 lo-

181 1167 243 1186 cum
267 1159 424 1186 historicum
447 1159 480 1186 de
503 1159 783 1186 excommunicatione
805 1158 880 1186 Noeti
904 1168 965 1186 mu«

181 1209 277 1232 tuatus
295 1204 384 1232 luerit.
401 1203 520 1231 Tandem
544 1205 595 1232 hoc
617 1204 758 1241 Hyppolyti
775 1205 965 1240 fragmentum,

181 1254 276 1276 contra
302 1249 447 1284 Dupiuium
470 1249 526 1284 (46)
557 1250 623 1276 illud
651 1250 825 1281 inticiantem,
860 1250 967 1284 egregie

179 1295 318 1322 vindicant
353 1300 477 1323 auctores
511 1295 638 1322 Historiae
671 1296 808 1322 litterario:
848 1295 967 1322 Franco-

186 1349 246 1368 rum
255 1340 321 1376 (ιτ).

454 1386 651 1414 ARTICULUS
671 1385 728 1412 VII.

179 1439 214 1460 ος
234 1440 378 1459 τκΛετΑτυ
395 1441 418 1460 5.
440 1440 581 1460 IIIPPOLY‘I'I
606 1441 638 1459 DE
663 1439 811 1459 TIIEOLOGIA
827 1440 860 1458 ΕΤ
878 1439 968 1459 INCAR-

278 1475 391 1495 NATIONE
405 1476 539 1495 ADVERSUS
551 1475 672 1494 RERONEII
690 1476 724 1494 ET
740 1475 864 1494 IIELICEII.

180 1511 228 1548 δι.
241 1511 372 1547 Excerpta
389 1512 459 1539 VIII
470 1520 501 1539 ea:
520 1521 637 1539 sermone
652 1514 683 1538 de
696 1512 825 1546 theologia
841 1516 865 1538 et
876 1512 963 1538 incar-
979 1498 999 1527 ε

371 1549 476 1574 natione
487 1548 546 1582 quis
559 1547 632 1573 nobis
645 1548 767 1573 servarit.

216 1603 376 1629 Anastasius
397 1603 538 1637 presbyter
553 1610 585 1628 ac
608 1601 737 1628 Romana
754 1601 881 1629 Ecclesia:
897 1609 963 1636 apo-

180 1648 321 1674 crisiarius
338 1648 410 1674 circa
420 1648 537 1674 medium
547 1647 637 1674 saeculi
649 1648 754 1681 septimi
771 1651 884 1674 testatur
896 1648 963 1682 (48),

180 1694 252 1728 quod
277 1701 338 1720 cum
369 1693 604 1727 Constantinopoli
622 1699 805 1720 commoratus
827 1701 910 1726 esset,
930 1695 963 1721 ad

180 1739 269 1772 ipsum
295 1738 400 1765 delatus
419 1738 502 1765 fuerit
528 1739 597 1765 liber
628 1739 656 1765 S.
685 1739 818 1774 Hippolyti
845 1739 963 1774 episcopi

179 1784 277 1811 Portus
296 1784 411 1810 Romani
435 1792 467 1811 ac
487 1785 624 1819 martyris,
647 1785 673 1812 in
691 1793 745 1819 quo
761 1786 909 1820 anticipato
920 1795 964 1813 re-

183 1830 250 1856 fellit
268 1830 391 1857 haeresim
412 1829 665 1863 Mouolhelitarum;
690 1839 770 1865 quem
793 1839 853 1858 cunt
880 1836 963 1858 totum

180 1875 332 1903 describere
346 1876 434 1908 vellet,
458 1877 500 1902 vix
519 1876 602 1904 valuit
616 1885 648 1903 ex
665 1876 724 1910 ipso
737 1877 795 1910 plus
809 1885 889 1911 quam
903 1881 964 1904 octo

180 1922 240 1949 loca
257 1929 304 1949 seu
321 1922 475 1949 testimonia
489 1923 640 1955 extrahere,
661 1923 760 1950 invidia
779 1923 965 1950 Monothelila—

179 1968 305 2002 rnm,qui
315 1968 439 1994 eumdem
453 1968 550 1995 Iibruut
563 1976 577 1995 e
587 1969 712 1995 manibus
721 1969 771 2003 ipsi
783 1969 963 2003 diripuerunt.

180 2011 247 2040 Octo
260 2013 316 2039 haec
328 2012 476 2047 fragmenta
490 2021 523 2040 ex
541 2021 666 2040 sermone
687 2013 722 2040 De
740 2014 867 2047 theologia
883 2019 906 2041 et
921 2015 963 2041 in-

180 2057 332 2083 carnatione
347 2061 442 2084 contra
469 2057 600 2084 Berouem
613 2063 640 2084 et
665 2057 782 2085 llelicem
801 2059 878 2086 nobis
906 2067 964 2086 ser-

228 2175 273 2209 58)
286 2174 420 2211 IIippnlyt.
433 2182 524 2204 contra
541 2177 618 2204 Noet.
636 2186 710 2204 num.
728 2178 770 2210 I0,
781 2178 822 2205 II.

227 2211 271 2245 59)
286 2210 323 2238 Id.
336 2210 414 2245 il)id.,
427 2220 500 2238 Imm.
518 2213 561 2239 I2.

216 2245 271 2279 (40)
287 2245 325 2272 Id.
338 2247 414 2279 ἰωὰ,
429 2255 504 2274 num.
523 2248 566 2274 I4.

217 2281 273 2314 (41)
289 2280 327 2307 Id.
342 2282 420 2314 ibid.,
438 2291 513 2309 num.
527 2283 566 2309 I5.

217 2316 272 2348 (42)
287 2314 324 2342 Id.
336 2316 413 2347 ibid.,
428 2325 504 2343 num.
520 2318 563 2347 I6,
578 2317 621 2344 I7.

217 2350 324 2384 (45)1‹Ι.
340 2351 404 2378 ibid.
417 2372 424 2383 ,
441 2359 516 2378 num.
532 2352 564 2378 I7
580 2357 606 2379 et
621 2353 662 2380 I8.

287 2384 452 2422 Tillemont”
474 2386 607 2418 Mémoir.,
625 2393 691 2414 tom.
707 2387 751 2419 III,
768 2396 828 2422 pag.
844 2389 906 2416 I07.

217 2420 272 2458 (45)
288 2419 613 2458 ςεὶιμίεινζῌὶειηςέιιέικ,
633 2427 699 2449 tom.
716 2423 748 2455 Il,
840 2423 901 2450 549..

217 2455 272 2492 (μέ)
288 2454 524 2492 ρμῃὶιιιβὶὺιὶουιξ
542 2462 624 2488 auct.,
639 2463 706 2485 tom.
720 2454 744 2489 I,’
754 2454 813 2492 pag:
825 2459 884 2485 I77.

217 2489 363 2552 degilist.
385 2491 467 2518 littér.
489 2492 520 2518 de
544 2491 571 2518 la
595 2492 707 2526 France,
727 2489 794 2520 toht.
811 2492 836 2525 I,
860 2498 927 2527 part.
943 2502 962 2525 I,

201 2535 241 2552 412-
256 2535 316 2552 ίιυιι.

181 2534 457 2597 pJf-Isjar'l’neterea
467 2562 529 2588 misi
542 2561 574 2588 ad
585 2571 704 2597 prmsens
716 2570 778 2589 eum
789 2563 838 2590 hac
851 2563 964 2597 epistola

182 2603 276 2622 mea...
306 2595 426 2622 notulam
451 2595 593 2624 habentem
617 2598 769 2624 testimonia
790 2606 822 2624 ex
839 2595 918 2625 dictis
934 2599 963 2625 δ.

183 2629 321 2670 Hippolyti
341 2630 466 2670 .episeopi
499 2631 596 2659 Portus
624 2631 740 2660 Romani
771 2640 802 2660 ac
827 2634 964 2670 ‘martyris

182 2664 289 2693 Christi
303 2664 348 2691 Dei
362 2667 465 2701 nostri,
489 2674 544 2700 quo
558 2673 584 2693 et
602 2675 650 2701 per
670 2675 700 2694 ea
725 2675 806 2694 nosse
827 2664 962 2700 habeatis,

182 2707 264 2735 quam
280 2700 452 2727 concorditer
471 2709 531 2728 cum
545 2700 608 2729 aliis
623 2703 750 2730 omnibus
762 2703 862 2729 sanctis
878 2701 964 2729 Patri-

182 2734 233 2762 lius
251 2734 400 2771 Salvatoris
414 2737 498 2763 nostri
510 2735 572 2764 Jesu
592 2736 694 2764 Christi
713 2737 839 2771 praedicet
853 2742 964 2765 naturas

182 2776 209 2807 et
222 2770 402 2804 operatioues.
415 2771 518 2798 refellat
532 2777 622 2799 autem
637 2780 695 2803 eos.
706 2770 752 2807 (iui
769 2779 851 2799 uuam
865 2780 961 2806 opera-

183 2806 284 2832 tionem
299 2810 324 2833 et
342 2810 463 2833 naturam
481 2814 562 2834 unam
579 2806 728 2835 divinitatis
742 2811 770 2834 et
789 2807 963 2835 humanitatis

1020 206 1124 232 rlicticis
1147 210 1240 233 contra
1258 205 1469 238 Iconomachos;
1485 205 1646 232 Anastasius
1659 212 1722 232 vero
1738 213 1805 239 apo-

1017 252 1157 279 crisiarius
1178 252 1204 278 in
1229 251 1286 278 suis
1306 250 1477 278 Collectaueis
1507 250 1601 277 Latine
1621 250 1737 277 reddita.
1766 249 1803 277 Ex

1019 297 1143 324 Turriani
1158 297 1284 323 versione
1295 296 1397 330 primus
1411 297 1455 322 illa
1473 296 1591 330 vulgavit
1605 295 1739 322 Henricus
1751 295 1804 322 Ca-

1018 343 1114 369 nisius.
1133 341 1224 369 Grzeea
1244 342 1369 376 deinceps
1385 349 1417 368 ex
1434 341 1554 376 ejusdem
1567 341 1693 368 Turriani
1707 340 1805 367 codice

1017 388 1118 414 addidit
1142 387 1328 414 Anastasiame
1353 387 1470 414 \ersioui
1497 386 1668 413 Sirmondus.
1706 385 1806 412 Griece

1018 433 1080 460 item
1094 439 1120 460 ct
1133 433 1225 459 Latine
1238 432 1356 467 Operum
1373 432 1402 459 S.
1415 432 1525 459 Maximi
1545 435 1617 458 tomo
1635 430 1644 457 I
1661 431 1804 466 praemissa

1018 479 1102 506 edidit
1119 479 1310 510 Combeiisius,
1329 479 1375 513 qui
1395 483 1422 505 ct
1437 478 1572 505 Anastasii
1590 478 1746 504 Vt-rsionem
1763 483 1806 503 re-

1017 524 1133 552 censuit.
1155 524 1252 550 Eadem
1269 523 1365 551 exinde
1378 524 1405 550 itt
1425 531 1504 550 suum
1523 521 1693 557 Hippolytum
1712 525 1806 547 trans—

1019 571 1079 597 tulit
1102 569 1254 596 Fabricius.
1287 569 1411 596 Posthaae
1436 577 1468 595 ex
1493 567 1647 595 Combeﬁsii
1671 567 1803 598 editione.

1017 615 1109 642 Grzeca
1129 614 1277 650 desumpsit
1304 614 1464 648 Basnagius,
1483 622 1515 640 ac
1534 613 1660 639 Turriani
1681 612 1806 639 versiont

1018 661 1139 695 adjunxit
1159 664 1225 687 tom.
1248 659 1257 687 I
1277 659 1403 685 Thesauri
1422 658 1577 690 Canisiani;
1595 659 1627 684 ad
1645 657 1727 691 cujus
1749 656 1807 683 cal-

1017 714 1076 734 cem
1102 710 1231 741 praeterea
1255 705 1288 731 V.
1310 705 1341 732 C.
1368 704 1473 731 Claudii
1495 703 1714 738 Cappcronnierii
1745 702 1826 728 aui-‘

1018 752 1219 779 madversioaes
1245 752 1272 778 in
1295 750 1431 778 Anastasii
1452 750 1603 776 versionem
1621 756 1683 776 cum
1699 747 1806 774 Graecis

1018 798 1143 825 collatam
1167 797 1274 831 adjecit.
1302 796 1349 823 llis
1374 795 1504 822 subsidiis
1520 795 1668 822 instructus
1685 794 1720 821 cl.
1739 792 1807 820 Gal-

1018 843 1124 870 tandius
1155 843 1300 870 editionem
1331 849 1408 868 suam
1441 840 1563 875 paravit;
1591 839 1805 874 praecedentium

1016 889 1149 916 editorum
1166 888 1369 915 observationes
1391 886 1514 920 subjecit,
1534 893 1620 920 neque
1637 889 1717 912 notas
1732 885 1807 911 omi-

1017 935 1061 966 sit,
1083 942 1151 969 quas
1166 934 1288 961 eruditus
1311 932 1564 959 Sirmoudianorum
1580 931 1668 958 editor
1685 930 1806 965 margini

1016 981 1122 1011 allevit;
1140 979 1277 1006 Anastasii
1302 978 1421 1005 versioni
1444 977 1660 1005 testimoniorum
1675 976 1808 1011 Ilippoly-

1018 1031 1132 1057 trorum,
1154 1024 1382 1052 Combetisianam
1402 1023 1589 1051 recensionem
1606 1023 1748 1056 apposuit,
1765 1027 1808 1048 at-

1016 1080 1069 1106 que
1091 1072 1209 1107 integras
1229 1069 1448 1105 Cappcronnierii
1468 1069 1721 1096 animadversiones
1739 1068 1807 1096 sul;-

1016 1118 1092 1146 didit.

1053 1163 1088 1190 De
1113 1162 1202 1197 operis
1226 1161 1377 1196 integritate
1400 1167 1454 1187 non
1469 1164 1511 1188 est
1527 1159 1647 1194 profecto
1665 1167 1718 1186 cur
1743 1157 1808 1193 jure

1016 1208 1140 1234 dubitare
1154 1208 1216 1242 quis
1232 1207 1328 1234 valeat.
1346 1205 1418 1232 Nihil
1432 1205 1532 1240 quippe
1545 1205 1571 1232 in
1585 1205 1626 1232 his
1641 1205 1807 1240 fragmentis

1016 1253 1104 1287 legere
1128 1257 1178 1283 est,
1201 1252 1274 1286 quod
1292 1251 1464 1285 Hippolytum
1482 1251 1602 1285 apprime
1619 1258 1671 1277 non
1687 1251 1805 1282 deceat;

1016 1298 1141 1333 quinimo
1158 1298 1213 1324 sive
1233 1301 1424 1332 argumentum
1442 1300 1557 1330 spectes,
1574 1295 1630 1322 sive
1643 1295 1806 1330 disputandi

1018 1344 1166 1376 rationem;
1200 1343 1290 1370 omnia
1321 1350 1388 1376 pene
1414 1342 1519 1376 gemina
1546 1349 1607 1368 cum
1638 1341 1805 1375 pracedenti

1017 1390 1148 1425 opusculo
1165 1394 1258 1416 contra
1275 1389 1389 1415 N0etum
1406 1387 1523 1421 reperias
1537 1396 1544 1420 ;
1568 1391 1597 1413 ut
1614 1387 1733 1421 proinde
1750 1388 1806 1414 fra-

1018 1441 1125 1469 gmeuta
1151 1435 1284 1470 ejusmodi
1309 1435 1405 1461 merito
1428 1433 1562 1460 vindicent
1586 1431 1734 1468 Hippolyto
1754 1434 1803 1460 viri

1017 1481 1177 1514 doctissimi,
1194 1480 1287 1508 Bullus
1301 1480 1355 1516 (49)
1377 1480 1402 1506 in
1412 1479 1517 1514 primis,
1537 1478 1731 1506 Tillemontius
1748 1478 1806 1514 (50)

1017 1526 1125 1560 aliique.

1051 1572 1102 1599 Sed
1127 1572 1168 1598 \‘ir
1196 1571 1372 1599 doctissimus
1386 1570 1468 1598 Ellies
1481 1570 1604 1605 Dupiuus
1616 1570 1749 1602 dubitat,
1772 1579 1806 1598 an

1016 1617 1060 1644 illa
1074 1622 1199 1652 excerpta
1218 1617 1245 1643 S.
1260 1617 1428 1652 Hippolytum
1447 1617 1563 1643 habeant
1575 1620 1716 1644 auctorem
1728 1617 1804 1652 (Si);

1019 1662 1122 1689 Natalis
1133 1668 1221 1689 autem
1237 1663 1398 1694 Alexander,
1421 1662 1557 1694 Petavius,
1572 1662 1690 1690 Sandius
1703 1663 1765 1698 (52)
1779 1669 1806 1690 et

979 1723 980 1726 η
1015 1708 1163 1743 Basuagius
1178 1708 1233 1743 (5⁵5)
1245 1709 1358 1743 probare
1372 1708 1611 1734 conanturliln'um
1620 1707 1658 1734 De
1669 1708 1805 1743 theologia

1015 1760 1039 1781 et
1050 1754 1230 1781 incarnatione
1240 1762 1292 1780 non
1301 1761 1360 1780 esse
1370 1753 1398 1780 S.
1416 1753 1548 1790 Hippolyti
1562 1762 1630 1788 opus
1638 1753 1804 1788 genuinum.

1015 1800 1164 1826 Audiamus
1182 1800 1269 1834 ipsum
1285 1798 1406 1826 Natalem
1425 1799 1607 1826 Alexandrum
1625 1799 1683 1833 (54)
1706 1805 1805 1826 contra

1015 1846 1071 1872 haec
1086 1850 1210 1879 excerpta
1223 1845 1273 1872 ista
1285 1845 1462 1872 disserentem
1478 1854 1483 1871 :
1500 1854 1508 1870 ι
1524 1844 1604 1871 Liber
1617 1844 1653 1871 De
1669 1845 1805 1880 theologia

1014 1897 1038 1918 et
1053 1891 1233 1918 incarnatione
1253 1896 1346 1917 contra
1368 1890 1498 1917 Beronem
1514 1896 1541 1917 et
1554 1890 1672 1918 IIelicem
1691 1892 1805 1919 haereti-

1015 1944 1096 1963 cos...
1112 1944 1166 1963 non
1191 1936 1296 1963 videtur
1310 1944 1370 1963 esse
1391 1936 1477 1963 sancti
1494 1935 1638 1971 Hippolyti.
1654 1936 1738 1970 cujus
1755 1945 1805 1963 no-

1015 1990 1076 2009 men
1092 1982 1208 2016 praefert.
1226 1981 1280 2009 Nec
1293 1982 1365 2008 enim
1381 1982 1439 2016 ejus
1452 1982 1600 2008 meminere
1612 1986 1731 2015 veteres,
1754 1990 1805 2009 nec

1015 2027 1141 2062 cottgruit
1158 2027 1324 2061 temporibus
1340 2025 1486 2061 Ilippolyti.
1505 2025 1613 2053 Befellit
1629 2026 1702 2054 enim
1725 2035 1805 2054 erro—

1015 2081 1072 2100 rem
1086 2073 1249 2106 Apollinaris
1267 2077 1293 2099 el
1313 2072 1468 2107 Eutychetis
1480 2072 1513 2099 de
1531 2073 1683 2100 mutatione
1700 2073 1805 2100 divini-

1016 2180 1075 2214 ejus
1103 2180 1318 2217 dogmatizant...
1345 2180 1422 2208 Hunc
1448 2181 1546 2208 librum
1565 2181 1685 2217 Byzantii
1709 2183 1802 2213 nobis.

1015 2220 1158 2250 antequam
1182 2217 1253 2250 paSsi
1275 2215 1431 2248 fuissemus,
1447 2217 1575 2250 delatum,
1587 2215 1656 2243 'cum
1675 2217 1752 2245 hunc
1767 2225 1805 2245 ιο-

1016 2255 1071 2276 tum
1105 2251 1234 2277 vellemus
1263 2252 1457 2283 transcribere,
1480 2252 1570 2278 subito
1587 2252 1664 2286 juxta
1682 2259 1804 2280 eousue-

1015 2286 1134 2312 tudinem
1147 2293 1224 2312 suatn
1238 2286 1398 2326 insistentes
1411 2287 1558 2326 adversarii
1572 2287 1709 2326 latronum
1725 2296 1804 2315 more

1015 2325 1172 2354 rapuerunt,
1199 2325 1225 2346 et
1251 2329 1303 2347 non
1330 2321 1463 2348 valuimus
1490 2329 1523 2348 ex
1550 2322 1609 2356 ipso
1632 2321 1694 2356 plus
1715 2331 1802 2357 quam

1014 2360 1076 2390 gelo
1100 2356 1157 2390 haec
1176 2355 1328 2382 testimonia
1344 2356 1446 2383 tollere.
1475 2365 1484 2381 ι
1508 2357 1644 2388 Auastas.,
1669 2357 1754 2390 epist.
1768 2360 1802 2385 ad

1014 2389 1282 2453 Elteodoskpygsbyt.
1300 2391 1460 2426 Gaugteus.,
1473 2396 1537 2418 tom.
1551 2391 1583 2417 III
1594 2392 1663 2426 Opp.
1677 2389 1803 2420 Sirmon-

1034 2432 1063 2453 ι..
1076 2433 1138 2453 Daa.
1211 2445 1218 2451 .

1244 2460 1349 2494 Defens.
1364 2460 1411 2495 ﬁll.
1431 2460 1546 2494 Niciam,
1562 2466 1629 2489 sect.
1642 2469 1672 2494 ιι,
1688 2470 1753 2498 cap.
1774 2464 1801 2495 ὃ,

1017 2493 1031 2528 §
1046 2493 1072 2525 ὃ,
1087 2496 1209 2556 paglzﬁs.
1284 2493 1287 2494 ⁷
1365 2493 1369 2495 ⁷
1540 2493 1543 2494 ⁷
1666 2493 1669 2494 ⁷
1725 2493 1733 2498 ’
1794 2493 1798 2495 ⁷

1053 2530 1109 2567 (50)
1152 2530 1281 2562 illemont,
1295 2529 1416 2557 Mémoir.
1429 2531 1504 2563 eccl.,
1522 2536 1588 2559 tom.
1602 2531 1646 2563 lll,
1663 2540 1728 2567 pag.
1751 2532 1801 2559 I03

1014 2568 1041 2590 ει
1051 2565 1221 2634 (153:3.Dupin,
1236 2599 1303 2635 Bibl.
1320 2605 1403 2634 auct,
1417 2608 1478 2635 pag.
1492 2601 1551 2628 I78.

1050 2634 1106 2671 eia)
1120 2635 1216 2671 §and.,
1235 2634 1290 2661 νει.
1307 2637 1398 2669 script.
1418 2634 1520 2666 cedes”
1537 2644 1596 2671 pag.
1610 2636 1656 2664 Q7.

1050 2670 1106 2730 (53p
1118 2669 1248 2704 Basuage,
1262 2670 1448 2698 Auimadvers.
1458 2672 1491 2699 ad
1507 2669 1632 2698 Tliesaur.
1644 2671 1799 2703 Canisian.,

1015 2708 1081 2732 tum.
1107 2724 1113 2732 .
1130 2713 1189 2732 una.
1207 2705 1305 2732 1Ο.1Ι.

1053 2713 1081 2732 ιι.
1093 2713 1113 2736 ι,
1130 2713 1189 2740 pag.
1207 2713 1249 2737 τυ,
1263 2713 1305 2731 1|.

1051 2739 1107 2774 (54)
1123 2739 1210 2776 Natat.
1228 2740 1383 2776 Alexandr.,
1398 2739 1469 2769 (list.
1483 2741 1586 2775 eodem,
1600 2748 1663 2770 szec.
1681 2749 1725 2774 tu,
1736 2748 1798 2776 cap.

1015 2774 1042 2807 4,
1057 2775 1164 2802 articul.
1185 2775 1209 2808 I,
1226 2783 1285 2810 pag.
1304 2775 1345 2802 65.
