1861 3052
24 115 66 142 5-1“

517 116 560 144 DE
580 116 660 145 VlTA
679 115 723 144 ET
742 117 896 145 SCRlP'l'lS
916 118 943 144 S.
964 112 1108 146 HlPPllLY
1119 119 1164 146 il.‘

1589 123 1641 150 3172

24 173 79 200 tatis
96 172 123 199 in
141 180 275 205 carnem,
297 175 340 202 vel
354 176 445 211 carnis
459 175 484 202 in
502 175 585 204 Deum
604 178 645 210 (ut
657 182 764 204 constat
778 185 808 203 ex
826 182 847 209 Α
862 177 992 205 adversus
1014 177 1196 213 Eutychiauos
1215 178 1370 212 protulisset
1397 179 1423 206 in
1454 179 1540 208 tribus
1557 181 1643 210 dialo-

24 220 70 246 illis
85 219 178 246 verbis
187 227 249 254 cap.
257 220 286 254 4)
306 230 313 247 :
333 220 420 252 Quam
434 223 581 255 essentiam,
595 223 694 258 inquit,
708 224 811 250 habebit

23 266 248 300 eorumfopinione
257 267 345 300 factus
354 267 431 293 homo
444 273 544 294 mutata
558 270 695 296 divinitate
709 270 735 296 in
751 278 811 296 car—

23 319 73 337 nem
84 311 142 337 .’Et
158 320 244 345 quant
257 312 361 339 habebit
372 313 440 340 Deus
455 320 555 341 mutata
571 323 648 342 carne
664 316 690 342 in
705 315 785 342 Deum
799 316 811 342 ?

24 357 135 385 Mutatio
143 359 220 385 enim
232 360 347 386 duarum
356 362 584 388 naturaruminter
591 370 627 392 se,
640 362 761 388 interitus
771 367 809 389 est

23 406 172 430 ambarum.
203 404 260 431 Nec
285 405 372 431 solutn
395 410 455 439 post
471 405 585 432 harrcses
603 405 766 440 Apollinaris
783 410 810 433 et

23 448 186 484 Eutychetis
199 450 258 483 jam
272 454 357 482 ortas,
374 458 465 476 verum
481 451 561 476 etiam
576 457 637 485 post
650 450 809 478 Monotheli-

21 500 103 520 tarum
117 494 253 521 hzureoitn
267 495 379 521 cll'usam
392 517 399 527 ,
416 495 585 529 conscriptus
600 496 704 523 videtur
716 497 765 524 iste
777 498 808 524 li—

19 539 69 565 her.
87 538 161 565 Nam
182 541 209 566 in
225 547 260 566 eo
271 540 389 567 maxima
405 548 467 574 pars
479 540 538 575 ejus
552 547 682 575 versatur,
702 547 730 570 ut
741 543 808 570 duas

19 585 42 611 in
60 585 180 612 Christo
196 586 369 620 operationes
385 587 495 621 proltet;
511 587 630 623 alioquin
649 593 806 616 naturarum

18 630 214 658 confusionem
239 637 409 666 secuturam;
431 633 470 660 sic
491 642 587 668 nempe
603 635 682 662 habet
694 644 752 670 cap.
768 637 783 662 ii
799 646 804 662 :

19 676 127 704 Camem
146 686 165 704 a
193 677 277 704 Verbo
292 684 463 713 assumptum,
479 687 558 706 unam
576 686 600 707 et
615 682 731 707 eamdem
748 690 807 715 ope-

19 723 146 749 rationem
165 723 273 757 habere,
289 733 366 759 quam
382 725 517 758 divinitas,
531 732 636 760 propter
647 729 806 762 assumptio-

19 776 86 798 nem;
100 769 275 796 divinitatem
286 778 345 796 vero
361 771 478 797 eamdem
487 773 645 806 passionem,
657 782 735 809 quant
743 783 805 801 caro

18 820 120 848 propter
137 816 367 848 exinanitionem;
387 818 425 843 sic
438 820 609 845 mutationem
624 820 704 846 simul
717 826 742 848 et
756 823 805 847 mi-

18 862 127 887 stionem
149 870 185 888 ac
204 863 400 896 confusionem,
417 869 441 891 et
462 865 598 892 ambarum
609 872 765 893 naturarum
778 868 805 894 in

19 907 116 940 teipsas
130 909 329 935 conversionem
342 911 461 936 tradunt.
481 910 510 937 Si
540 913 608 938 enim
623 921 684 939 caro
701 921 805 940 assum-

19 959 58 986 pta
71 954 198 980 eamdem
215 956 393 988 operationem
407 957 499 988 habet,
515 966 592 992 quam
610 959 734 986 divinitas
748 969 756 991 ;
772 961 806 987 li-

19 1004 72 1033 quet
99 1000 206 1033 [actam
233 1009 289 1028 esse
307 1007 404 1028 natura
429 1003 512 1030 Deum
536 1004 679 1040 Itabereque
706 1008 804 1039 omnia,

18 1054 72 1072 cum
86 1047 189 1081 quibus
206 1049 367 1075 naturaliter
383 1049 541 1084 intelligitur
554 1050 640 1082 Deus;
655 1056 679 1078 et
695 1052 717 1078 si
735 1053 804 1078 diri-

19 1092 83 1118 nilas
95 1092 244 1119 exinanita
255 1094 373 1120 eamdem
382 1095 530 1128 passionem
541 1095 624 1127 subit,
633 1105 711 1131 quatit
725 1106 803 1131 caro;

19 1139 94 1173 liquet
119 1139 227 1173 [actam
250 1148 305 1166 esse
329 1147 426 1167 natura
450 1150 565 1174 carnem,
590 1143 732 1178 habet-eque
756 1145 805 1171 illa

19 1185 114 1215 omnia,
141 1193 205 1211 cum
233 1185 327 1220 quibus
349 1187 509 1213 naturaliter
528 1189 600 1214 nasci
626 1194 710 1222 potest
731 1198 802 1217 caro.

20 1229 80 1262 Ome
92 1231 166 1257 enim
184 1231 255 1257 inter
267 1240 295 1258 se
312 1237 373 1258 sunt
384 1233 499 1267 cjusdcnt
514 1235 682 1268 operationis,
705 1241 728 1261 et
752 1236 804 1270 elﬁ-

18 1278 130 1310 cientiaz,
158 1286 191 1304 ac
218 1279 387 1313 cognitionis.
410 1284 434 1306 et
450 1281 555 1308 amitino
571 1281 639 1308 idem
653 1283 800 1316 patiuntur,

19 1323 119 1349 nullam
140 1329 248 1350 natura
266 1324 441 1358 differentium
459 1326 611 1353 admittunt.
628 1327 659 1354 Et
678 1335 738 1362 cap.
759 1330 775 1355 6
793 1338 799 1354 ;

20 1368 68 1399 Qui
91 1369 215 1394 eamdcm
244 1370 420 1396 auerationem
446 1371 553 1398 diversis
581 1374 684 1400 naturis
704 1373 803 1401 Cltristi

19 1413 127 1445 tribuit,
144 1415 329 1448 confusionem
345 1420 500 1443 naturarum
516 1418 595 1444 simul
614 1419 766 1453 introducit,
779 1427 802 1447 ct

17 1460 173 1487 divisionem
190 1469 379 1494 personarum;
403 1471 460 1489 cum
480 1464 610 1490 naturalis
623 1466 735 1492 essentia
751 1475 801 1493 na-

18 1512 140 1532 turarum
161 1515 209 1540 per
230 1509 403 1535 mutationem
422 1511 610 1543 proprietatum
625 1513 727 1544 penitus
739 1515 801 1539 sub-
815 1522 836 1549 (ς

18 1553 72 1578 lata
85 1555 132 1580 sit.
150 1552 184 1579 Et
198 1561 257 1587 cap.
276 1554 291 1579 7
308 1565 313 1581 :
331 1554 442 1581 Creator
457 1556 573 1582 omnium
589 1564 620 1582 cr
633 1563 726 1584 sancta
747 1558 801 1585 Vir-

18 1599 73 1631 gine
99 1598 191 1624 Maria
210 1599 237 1624 in
249 1604 372 1633 conceptu
389 1608 465 1634 puro,
489 1602 544 1627 sine
561 1603 719 1636 mutatione,
742 1605 800 1630 ani-

19 1651 86 1669 mam
109 1643 300 1678 intelligentem
325 1653 384 1671 cum
401 1654 507 1680 corpore
530 1649 653 1675 sentiente
667 1649 718 1676 sibi
740 1651 799 1676 sub-

19 1690 184 1717 s:antialiter
209 1691 310 1722 aniens,
330 1691 416 1724 factus
439 1697 477 1719 est
496 1693 585 1726 homo,
602 1700 697 1722 natura
713 1705 728 1722 ιι
742 1705 800 1730 pec-

19 1741 75 1762 cato
91 1736 208 1764 alienus.
230 1736 300 1763 Deus
322 1737 442 1770 Verbum,
461 1738 528 1765 idem
542 1739 610 1766 Deus
627 1745 711 1772 tatus.
732 1743 800 1768 idem

20 1782 80 1807 item
96 1782 176 1808 homo
193 1787 274 1814 totus,
302 1783 438 1810 divinitate
459 1785 562 1819 quidam
587 1786 674 1812 divina
690 1795 800 1821 operans

19 1835 63 1860 per
79 1832 200 1854 sanctam
219 1835 333 1861 carnem,
350 1837 407 1863 ante
423 1835 519 1856 natura
539 1838 589 1857 non
607 1836 682 1858 erant
696 1833 800 1864 carnis;

19 1873 185 1900 humanitate
198 1881 257 1900 vero
270 1874 397 1906 humana,
417 1884 475 1910 qua:
492 1883 587 1904 natura
607 1885 658 1904 non
668 1884 741 1905 erant
756 1879 799 1905 di-

20 1919 155 1950 ciuitatis;
171 1920 275 1953 patiens
292 1922 480 1948 sustentatione
498 1922 660 1956 divinitatis,
680 1925 746 1950 niltit
758 1925 801 1951 di-

20 1965 105 1990 rinunt
123 1965 225 1991 nudum
249 1973 354 1999 corpore
377 1974 496 2000 operans,
518 1968 633 2002 nihilque
657 1969 801 1996 humanum

20 2019 108 2045 expers
125 2013 295 2044 divinitatis;
308 2021 413 2040 servans
428 2014 478 2040 sibi
499 2023 590 2040 novum
610 2016 730 2048 modum,
749 2025 800 2051 quo

21 2062 138 2090 utraque,
162 2057 252 2083 dicina
275 2058 372 2084 scilicet
396 2063 422 2084 et
443 2058 557 2085 ltumana
571 2065 691 2093 operatus
707 2065 755 2090 est.
772 2067 799 2087 ut

21 2103 47 2127 in
61 2109 152 2128 neutra
168 2108 265 2129 natura
278 2104 388 2130 mutatio
404 2104 486 2138 ﬁeret.
501 2104 579 2132 Certe
594 2114 654 2133 ettm
673 2107 728 2134 lucc
745 2108 801 2134 Μω-

23 2148 214 2174 nothelitarum
245 2156 375 2179 errorem.
396 2151 502 2177 unicam
518 2152 541 2176 itt
556 2151 663 2178 Christo
675 2153 800 2179 volunta-

822 854 842 880 ll

863 223 913 257 gis.
925 230 994 257 quos
1010 228 1104 250 contra
1119 224 1191 258 ipsos
1202 225 1370 259 composuit:
1388 225 1503 253 maxime
1515 235 1575 253 cum
1589 227 1642 255 alia

861 275 893 295 ex
910 267 1041 302 Opt-ribus
1059 268 1190 304 Hippolyti
1212 270 1270 297 loca
1292 275 1439 304 recenseat,
1460 272 1586 299 nimirum
1610 281 1643 300 cx

861 314 979 340 oratione
994 313 1025 340 de
1042 314 1226 342 distributione
1241 315 1409 348 talentorum,
1431 324 1463 342 ea:
1479 317 1590 351 epistola
1607 318 1642 344 ad

860 360 1001 393 quamdam
1017 361 1144 394 reginam,
1164 369 1196 387 ex
1212 370 1329 388 sermone
1345 362 1372 388 in
1388 361 1533 389 IIelcanam
1549 369 1573 390 et
1587 365 1642 390 An-

861 412 938 436 nam,
962 413 1022 439 qum
1037 407 1126 433 ntinus
1142 407 1279 441 splendida
1296 414 1359 434 sunt
1375 412 1401 435 et
1424 408 1523 436 diserta
1535 430 1542 440 .
1559 418 1640 444 qttam

860 458 902 482 ea,
920 459 979 485 quae
999 453 1120 486 proxime
1140 453 1312 482 adduximus.
1330 454 1388 482 Non
1407 457 1545 484 ontisisset
1567 461 1641 484 certe

862 497 1086 531 diligentissimus
1111 499 1227 533 SCriplor
1247 501 1400 527 testimonia
1427 502 1583 536 deprompta
1606 511 1640 530 ex

859 543 928 568 libro
941 542 976 569 De
993 543 1123 578 theologia
1140 549 1163 570 ct
1181 545 1372 579 incarnatione,
1390 551 1417 574 et
1435 547 1460 574 in
1481 556 1559 574 suum
1580 557 1641 576 sco-

858 595 921 622 pum
936 593 990 615 tam
1005 590 1106 617 directe
1117 590 1298 623 collineantia,
1319 599 1370 619 suo
1384 597 1436 619 tam
1454 595 1639 622 convenientia

858 642 1027 669 argumento,
1043 635 1065 663 si
1078 637 1104 663 itt
1117 643 1206 663 rerum
1222 642 1317 664 natura
1340 638 1407 665 liber
1421 638 1575 673 hujusmodi
1597 649 1641 668 ex-

858 681 980 708 stitisset.

895 735 903 751 l
921 725 1042 761 Denique
1053 726 1166 755 Bcronis
1177 732 1202 754 et
1218 727 1321 755 Helices
1335 729 1532 763 ltmreticorutn,
1545 736 1639 759 contra

856 779 925 806 quos
936 773 1025 799 editus
1041 772 1135 805 fertur,
1152 774 1223 800 nulla
1242 779 1284 802 est
1306 775 1332 802 in
1355 780 1409 802 tota
1429 781 1501 803 retro
1519 778 1640 812 antiqui-

858 822 912 845 tate
930 819 1070 846 memoria.
1093 829 1101 844 l
1127 819 1262 847 Hactenus
1279 820 1310 848 V.
1324 821 1355 848 C.
1373 821 1426 849 Nec
1442 823 1511 849 valet
1525 831 1639 858 respou-

856 871 916 890 sum
939 864 1041 891 Canisii
1062 869 1089 891 ct
1106 865 1264 899 Possevini,
1290 874 1408 894 errorem
1433 869 1466 895 de
1491 870 1640 897 mutatione

856 909 1004 938 divinitatis
1020 911 1047 937 in
1070 911 1275 945 humanitatem,
1295 913 1337 940 vel
1357 911 1533 943 humanitatis
1550 916 1576 943 itt
1595 917 1639 943 di-

855 956 1012 989 vinitatem,
1034 964 1094 984 esse
1116 958 1295 992 antiquiorem
1312 958 1459 994 Eutyche-te
1482 969 1513 988 ac
1537 962 1639 996 Apolli-

856 1003 924 1034 nari,
943 1011 1004 1030 ctttn
1027 1004 1086 1037 ejus
1107 1005 1260 1031 meminerit
1279 1011 1388 1033 sanctus
1406 1006 1529 1034 Justinus
1544 1009 1570 1035 in
1585 1008 1639 1036 Ea:-

854 1049 981 1083 positione
995 1050 1067 1083 ﬁdei,
1083 1050 1202 1085 adeoque
1215 1059 1268 1078 non
1282 1059 1342 1078 esse
1355 1053 1562 1087 abjudicandum
1577 1063 1639 1082 sau-

855 1099 898 1121 cto
913 1093 1054 1130 Hippolyto
1069 1096 1166 1122 librum
1191 1097 1224 1123 de
1247 1105 1300 1131 quo
1317 1098 1433 1132 agimus,
1456 1099 1527 1133 quod
1544 1108 1637 1127 eorum

854 1148 974 1168 errorem
990 1141 1103 1168 refellat.
1122 1142 1187 1169 Nam
1204 1143 1293 1170 statim
1310 1145 1454 1179 respondet
1465 1145 1568 1173 Natalis
1587 1147 1640 1173 Em-

854 1187 1009 1221 positionem
1023 1188 1085 1221 ﬁdei
1107 1196 1160 1215 non
1183 1197 1243 1216 esse
1266 1190 1412 1224 genuinum
1435 1193 1521 1219 sancti
1538 1192 1637 1220 Jttstini

854 1232 889 1258 M.
907 1241 986 1267 opus.
1008 1234 1128 1268 adeoque
1148 1236 1353 1269 responsionem
1375 1235 1477 1264 Canisii
1501 1242 1527 1265 et
1541 1238 1638 1266 Posse-

853 1279 907 1306 vitti
926 1279 952 1306 in
966 1288 1047 1306 auras
1064 1287 1234 1307 evanescere.

888 1336 946 1372 §ll.
963 1336 1315 1376 Respondetttr_argutnentis
1332 1339 1426 1367 Natat.
1440 1341 1596 1376 Alexandri,
1612 1348 1637 1369 et

974 1372 1122 1398 vindicatur
1137 1372 1279 1408 Hippolyto
1294 1374 1341 1401 hoc
1355 1377 1518 1408 opusculum.

890 1417 989 1444 Verum
1013 1418 1070 1445 lucc
1087 1417 1187 1445 Natalis
1211 1425 1368 1454 argumenta
1389 1429 1438 1455 pro
1455 1422 1637 1456 abjudicantlo

854 1464 883 1490 S.
909 1463 1051 1499 Hippolyto
1080 1467 1212 1494 tractatu.
1235 1466 1261 1492 in
1283 1466 1362 1500 cujus
1384 1469 1555 1501 possessione
1576 1471 1637 1504 plus

852 1518 932 1544 quatn
945 1510 1018 1537 mille
1033 1517 1119 1537 annos
1135 1510 1193 1541 fuit,
1209 1519 1262 1538 non
1273 1518 1335 1539 sunt
1350 1514 1415 1540 satis
1428 1515 1528 1549 gravia.
1544 1515 1636 1544 Primo

853 1556 923 1582 enim
948 1556 1046 1583 mirum
1069 1557 1147 1583 nobis
1162 1558 1282 1590 videtur,
1299 1566 1347 1585 cur
1366 1567 1419 1586 non
1443 1563 1527 1595 possit
1543 1568 1638 1590 auctor

853 1601 1003 1628 catholicus
1020 1602 1167 1636 primorum
1191 1603 1270 1630 trium
1286 1606 1443 1632 saeculorum
1462 1607 1531 1634 idem
1554 1610 1636 1642 proli-

854 1648 904 1675 teri
925 1656 957 1675 ac
980 1648 1123 1676 defendere
1138 1649 1332 1685 quod'scmper
1343 1652 1475 1679 creditum
1497 1653 1547 1679 fuit
1568 1655 1594 1681 in
1611 1661 1637 1682 et

854 1694 887 1720 ab
903 1693 1020 1722 Ecclesia
1045 1699 1098 1721 tant
1121 1698 1183 1722 ante
1195 1715 1202 1726 ,
1220 1703 1299 1729 quam
1316 1701 1376 1730 post
1388 1705 1496 1726 exortas
1509 1699 1634 1728 ltzeresrs.

853 1739 982 1766 Fatemur
997 1740 1104 1774 quidem
1120 1748 1167 1767 eos
1182 1740 1275 1768 Patres
1285 1761 1292 1772 ,
1307 1743 1353 1775 qui
1375 1748 1434 1777 post
1450 1749 1545 1773 enatos
1559 1754 1636 1773 erro-

854 1793 908 1818 res,
923 1793 993 1819 quos
1009 1786 1089 1812 etiam
1105 1794 1341 1821 oppugnaverunt.
1360 1791 1496 1822 vixerunt,
1518 1791 1636 1826 plerum-

853 1838 906 1864 que
920 1830 1074 1857 accuratius
1090 1830 1161 1858 circa
1178 1833 1305 1859 veritates
1321 1833 1346 1859 in
1361 1836 1574 1863 controversiam
1590 1838 1637 1863 atl-

853 1876 948 1902 duetas
961 1883 1020 1902 sese
1034 1877 1209 1910 expressisse,
1226 1886 1306 1912 quam
1325 1879 1395 1912 illos,
1408 1881 1453 1914 qui
1466 1886 1528 1909 ante
1543 1891 1636 1910 enatos

853 1922 1040 1949 contentiones
1063 1923 1206 1958 scripsere.
1230 1926 1264 1952 At
1280 1934 1343 1952 vero
1367 1927 1428 1954 inde
1452 1927 1522 1955 haud
1544 1931 1634 1957 statim

853 1967 1031 2001 colligtatdum
1046 1973 1096 2001 est,
1121 1970 1246 2002 loquendi
1270 1971 1413 2004 formulas,
1433 1981 1493 2008 quae
1513 1980 1573 2009 post
1588 1977 1636 2002 ali-

854 2011 932 2045 cujus
944 2009 1076 2040 lncreseos
1088 2014 1217 2049 originem
1228 2016 1434 2048 adhibehantur,
1449 2026 1502 2046 non
1515 2021 1636 2053 potuisse

855 2057 978 2091 usurpari
999 2058 1095 2084 saltem
1111 2059 1144 2086 :tb
1158 2059 1295 2094 aliquibus
1319 2068 1382 2088 ante
1406 2063 1478 2091 illius
1503 2065 1636 2094 hmrcseos

853 2102 939 2129 initia.
960 2102 1038 2130 Certe
1054 2103 1081 2130 S.
1102 2104 1283 2138 Athanasius,
1301 2108 1347 2141 qui
1364 2108 1408 2134 diu
1433 2114 1494 2136 ante
1511 2110 1635 2138 haaresim

853 2148 1106 2181 Monothelitarum.
1121 2151 1343 2180 Nestorianorum
1361 2159 1387 2181 et
1405 2155 1634 2190 Eutyeltianorum

22 2198 71 2219 tem
86 2194 326 2228 propugnantium,
338 2196 439 2222 directe
453 2201 558 2230 petant;
578 2198 799 2224 verisimillitnutn
814 2201 839 2228 ῃ
854 2194 1009 2228 scripserat,
1026 2195 1203 2223 nihilominus
1220 2199 1378 2232 mysterium
1392 2199 1587 2229 lucarnationis
1603 2210 1634 2229 ea

23 2245 69 2268 cst.
86 2240 187 2266 librutn
203 2240 279 2266 illum
294 2247 356 2267 ante
371 2242 514 2275 septimum
533 2243 672 2273 saaculttm.
687 2251 740 2277 qtto
755 2252 801 2270 ex—

24 2286 71 2312 orti
87 2290 152 2313 sttnt
169 2285 368 2319 Monothelitaa,
386 2288 573 2314 elucubratunt
599 2296 653 2315 non
671 2288 763 2316 fuisse.

57 2331 183 2358 lDeinde
208 2332 231 2358 si
254 2333 402 2359 exstitisset
427 2337 546 2367 tempore
573 2334 801 2361 Chalcedonensis

25 2378 142 2409 concilii,
167 2377 354 2406 Theodoretus
371 2379 416 2405 illa
432 2382 525 2414 procul
545 2381 628 2407 dubio
647 2381 801 2408 testimonia

56 2487 110 2521 (55)
133 2498 142 2513 ι
161 2488 287 2524 Cumque
302 2489 499 2527 ait_Christus:
518 2491 612 2522 Pater.
636 2493 659 2519 si
681 2493 803 2527 possibile

25 2528 67 2553 est,
80 2528 196 2550 transeat
211 2533 227 2550 a
241 2532 281 2550 me
299 2524 371 2551 calix
386 2527 451 2551 iste:
479 2532 655 2554 verumtamen
673 2524 723 2554 non
745 2537 802 2555 mea

26 2558 147 2590 roluntas,
161 2561 207 2585 sed
220 2565 267 2586 tua
281 2560 346 2596 ﬁat;
362 2564 403 2587 ct:
424 2559 537 2593 Spiritus
552 2562 656 2596 quidem
669 2570 801 2596 promptus

26 2599 68 2629 est,
82 2602 143 2620 caro
155 2600 244 2621 autent
264 2595 390 2629 infirma:
407 2596 475 2622 duas
493 2597 643 2624 voluntates
659 2595 694 2624 tbi
712 2604 802 2625 osten-

26 2627 74 2658 dtt;
93 2630 204 2656 alterum
225 2627 393 2662 humanam,
414 2639 473 2664 quae
495 2637 536 2658 est
559 2633 664 2663 carnis;
691 2634 801 2659 alterum

28 2663 145 2694 divinam,
163 2673 224 2699 quae
241 2665 287 2692 Dei
303 2670 355 2691 est.
371 2674 380 2690 ι
392 2663 531 2698 Athanas.,
545 2666 581 2692 [)e
593 2666 731 2694 Incarnat.
745 2676 802 2695 con-

29 2701 63 2735 tra
75 2698 196 2732 Αγὶιιηοζς,
213 2708 274 2735 pag.
293 2700 358 2727 887.
379 2709 387 2724 ι
400 2700 491 2734 Itaque
504 2708 583 2728 verus
597 2707 637 2729 est
650 2703 694 2729 Dei
707 2703 801 2733 Filius,

28 2733 171 2770 priusquam
198 2733 282 2762 ltonio
307 2737 406 2767 lieret;
434 2733 460 2762 et
483 2740 625 2770 postquam
649 2739 734 2766 lactus
751 2745 801 2768 est.

28 2769 146 2802 mediator
170 2770 217 2796 Dei
241 2775 269 2797 et
294 2771 438 2797 hominum
463 2769 691 2800 homo'Cltristus
712 2774 800 2802 Jr-sus-

28 2799 73 2828 Hoc
86 2805 167 2837 enim,
182 2806 309 2840 estquod
327 2805 406 2836 dicit,
419 2810 529 2840 etquem
540 2808 611 2834 misit
623 2799 803 2836 JesumCh—t-i-

28 2839 96 2871 stum,
111 2842 216 2867 utt‘ttunt
229 2839 310 2868 Patri
324 2839 475 2868 secundum
488 2841 616 2875 Spiritum
641 2845 720 2872 nobis
737 2852 801 2871 vero

852 2239 956 2267 ratione
980 2241 1106 2275 exponit,
1130 2250 1184 2276 qua
1207 2251 1301 2271 omnes
1325 2245 1420 2272 horum
1446 2246 1634 2274 hmreticorum

851 2293 957 2311 ert-ores
969 2286 1108 2320 aequaliter
1126 2287 1318 2322 impugnantur
1336 2294 1362 2316 et
1378 2290 1544 2324 jugulantur.
1567 2293 1634 2319 Pro-

852 2330 943 2357 ﬁlt‘lut'
959 2332 1030 2358 enim
1054 2332 1122 2360 dttas
1147 2334 1298 2361 voluntates
1315 2335 1371 2369 (55)
1389 2341 1415 2363 et
1435 2337 1503 2364 duas
1523 2343 1634 2366 naturas

853 2376 878 2401 in
892 2375 953 2403 Jesu
970 2376 1080 2403 Christo
1096 2378 1154 2404 sine
1167 2378 1326 2406 confusione
1337 2400 1344 2413 ,
1369 2385 1416 2408 aut
1435 2383 1610 2416 permistione
1625 2405 1633 2417 ,

852 2502 1000 2529 secundum
1014 2509 1140 2535 carnem;
1156 2509 1183 2530 et
1199 2503 1237 2531 sic
1252 2505 1426 2533 mediatorem
1446 2507 1490 2535 Dei
1504 2515 1530 2536 et
1547 2510 1635 2536 hami--

853 2544 928 2571 num,
951 2537 997 2571 qui
1015 2545 1067 2563 tton
1085 2538 1171 2564 solum
1188 2539 1279 2571 homo,
1298 2542 1343 2567 sed
1361 2543 1440 2568 etiam
1458 2543 1529 2570 Deus
1551 2549 1603 2571 est.
1622 2555 1631 2570 ι

854 2570 919 2608 Ibid.
936 2591 942 2604 ,
958 2570 1016 2608 pag.
1032 2572 1093 2599 888.
1122 2582 1131 2598 ε
1151 2573 1248 2608 Sicque
1262 2575 1392 2603 dicendus
1407 2577 1489 2604 fuerit
1509 2570 1634 2606 Christus

854 2606 986 2647 periectas
1002 2607 1072 2647 Deus
1085 2611 1111 2633 ot.
1128 2606 1262 2642 perfectus
1277 2611 1373 2647 homo;
1394 2620 1445 2638 non
1459 2615 1530 2647 quod
1542 2614 1633 2642 divina

854 2640 992 2682 perfectio.
1009 2642 1034 2668 in
1055 2640 1200 2682 humanam
1227 2640 1416 2678 perlectiouetn
1446 2640 1547 2676 niutata
1563 2640 1633 2682 isit‘,

853 2676 922 2715 quod
937 2684 951 2715 a
966 2676 1066 2710 pietate
1080 2679 1196 2715 alienum
1211 2676 1265 2712 est;
1283 2688 1367 2714 neque
1380 2689 1426 2715 per
1439 2676 1634 2712 incrementum

853 2711 1196 2749 virtutis,_et»accessioue
1213 2711 1335 2748 justitizc,
1353 2711 1440 2749 alisit,
1464 2720 1508 2746 sed
1529 2711 1635 2748 ratione

853 2746 1017 2787 assistendo:
1030 2746 1220 2787 iudeticienti-s,
1236 2754 1266 2776 ut
1279 2757 1392 2785 utraque
1406 2746 1476 2779 unus
1490 2755 1554 2787 sint,
1570 2746 1632 2782 om;

853 2780 918 2805 niun
933 2781 1066 2824 perfectus
1080 2782 1148 2810 idem
1162 2784 1235 2824 Rbus
1250 2790 1276 2813 et
1292 2780 1383 2814 homo.
1402 2797 1411 2814 ι
1431 2780 1632 2824 ΑιΙιέιῆῃᾷίίὼ.

853 2822 860 2841 t
874 2821 955 2843 contr.
972 2817 1084 2855 Apollin.
1096 2839 1102 2851 ,
1118 2826 1144 2853 p.
1161 2819 1223 2846 9’56.
