1861 3052
33 105 75 135 505
505 103 547 130 DE
567 103 645 130 VITA
663 103 707 130 ΕΤ
727 102 883 130 SCRlPTlS
903 103 931 130 S.
952 103 1144 130 lllPPOLYTl.
1587 109 1642 136 δυσ

32 165 123 192 dustria:
139 163 295 196 Anastasii,
314 164 481 198 apocrisiarii
507 163 622 191 Romani
644 163 777 198 pontiﬁcis
788 184 795 195 ,
811 169 833 196 Λ
849 163 991 190 humanum
1003 163 1072 190 idem
1092 165 1146 198 ipse
1160 165 1292 197 privatum
1307 165 1445 193 divinitate
1462 174 1563 200 gerens.
1580 175 1638 194 ser-

31 211 68 245 qui
80 218 107 237 ea
124 209 280 244 naufragio,
295 218 350 244 quo
369 210 502 244 reliquum
519 210 609 244 operis
622 210 734 242 interiit,
750 209 804 237 eri-
852 218 916 237 vatis
930 210 1032 236 sibimet
1046 211 1152 237 modum
1168 211 1310 238 secundum
1326 217 1464 247 utrumque
1483 213 1638 240 immutabi-

32 257 84 290 puit.
101 253 212 282 'llustris
228 255 275 282 hic
288 255 348 282 fidei
360 255 393 282 de
408 254 514 283 duabus
531 256 718 282 voluntatibus
731 263 799 282 con-
851 255 911 287 lem,
923 264 969 290 per
983 264 1059 290 quem
1072 263 1193 291 operatus
1208 263 1246 284 est
1263 263 1373 292 utraque
1384 258 1484 286 decenti
1500 259 1587 290 modo.
1604 260 1638 286 ad

32 308 63 328 tra
75 301 262 328 Monothelitas
278 301 416 328 confessor
439 305 465 328 et
487 300 597 333 athleta.
617 309 678 328 cum
692 301 747 336 jam
773 301 799 328 in
851 302 1065 337 approbationem
1088 303 1220 337 perientia,
1238 312 1268 330 ac
1284 312 1359 336 verte,
1383 305 1499 340 nihilque
1519 305 1638 332 [tabentis

32 355 58 374 eo
72 351 146 377 esset,
159 352 188 373 ut
203 351 292 373 totum
311 346 383 374 hunc
397 345 425 373 S.
441 345 576 382 Hippolyti
593 351 738 374 tractatum
753 347 800 373 de—
849 348 988 382 pravitatis
1003 348 1227 376 iuitumanationis
1252 358 1316 376 suat.
1346 349 1440 380 Itaque
1451 349 1518 377 Bero
1533 351 1638 385 quidem

30 394 128 421 scribere
142 393 287 428 inciperet,
308 392 408 420 invidia
425 393 597 420 inimicorum
612 393 734 421 veritatis
748 392 800 420 im-
850 393 887 421 sit:
906 401 934 420 se
950 393 1058 425 habens,
1076 399 1105 420 ut
1121 394 1188 427 dixi,
1210 395 1368 429 operationis
1388 395 1499 423 monade
1513 396 1638 422 deitatem

30 440 119 473 petitus,
139 446 192 465 non
217 439 274 465 nisi
292 438 347 466 haec
370 442 431 466 octo
453 439 513 466 loca
535 446 679 474 excerpere
700 438 796 474 potuit.
850 439 949 467 Christi
963 445 988 467 et
998 440 1189 468 humanitatem
1203 441 1359 468 naturaliter
1371 442 1450 468 simul
1465 442 1638 476 confundens.

29 485 133 512 Profecto
155 485 178 512 si
203 485 264 512 haec
279 489 403 520 excerpta
421 486 494 513 velut
509 491 611 520 partem
627 486 716 520 operis
732 485 797 520 Hip-
849 490 872 512 et
894 488 1011 521 partiens
1025 487 1199 522 personaliter
1211 508 1218 519 ,
1243 489 1364 516 dissolvit
1388 490 1470 516 vitam
1482 510 1489 522 ,
1514 490 1638 524 ignorans

29 531 108 566 μοι]ιεί
124 539 175 558 non
197 532 414 567 susciperemus,
435 532 526 567 injurii
548 539 671 560 essemus
686 532 712 559 in
728 535 799 559 ttunc
849 532 931 559 solius
949 533 1162 560 connaturalium
1179 541 1352 567 personarum
1366 535 1548 562 connatnralt's
1563 535 1638 562 idco--

28 577 197 605 doctissimum
212 578 321 610 virum;
339 579 489 613 pmertim
503 585 566 606 cum
581 578 654 604 nulla
669 578 739 605 adsit
752 585 799 612 po-
850 578 935 605 titatis
960 579 1078 606 eumdem
1102 580 1185 614 ipsam
1210 580 1387 614 operationem
1408 589 1463 608 esse
1481 582 1637 616 signiﬁcati-

29 625 92 651 sitiva
112 624 191 656 ratio,
209 632 267 659 qua
282 625 434 652 elevaretur
448 625 598 652 auctoritas
612 628 666 650 tam
687 631 800 651 venera-
850 633 918 651 vam.
1171 637 1174 642 -

28 672 85 698 tione
99 671 169 706 digni
197 670 360 705 scriptoris,
384 670 472 705 qualis
495 675 537 697 est
557 669 735 702 Anastasius,
751 669 797 704 qui
1105 671 1304 700 ARTICULUS
1321 672 1387 700 Vlll.

29 718 145 752 integrum
156 724 226 751 opus
243 717 272 744 in
285 717 412 744 manibus
426 717 530 744 habuit.
921 725 944 745 s.
959 725 1100 745 HIPPOLYTI
1117 726 1276 746 rntcn'rns
1292 727 1324 746 ne
1341 727 1567 754 CHAIHSIMTIBUS,
1596 717 1599 720 ’

138 762 151 798 ς
166 762 211 789 ill.
225 762 354 797 Analysis
366 762 459 789 horum
473 767 664 797 excerptorum.

1033 761 1067 780 ΕΤ
1085 760 1194 780 ιιοΜΙιΙΑ
1211 761 1237 780 ΙΝ
1254 762 1450 782 THEOPHANIAI.

55 795 152 834 initium
168 808 252 842 hujus
267 795 398 835 tractatus
413 808 491 843 juxta
508 795 683 835 Anastasium
696 806 790 834 Biblio

901 796 916 832 §
935 795 957 824 Ι.
974 795 1004 826 8.
1023 797 1160 833 Hippolyti
1175 803 1304 826 tractatus
1322 799 1358 826 De
1373 800 1586 827 charismatibus.

28 853 155 880 tltccarium
172 854 208 880 ita
225 854 325 881 habet:
342 854 453 888 Ἄγιος,
470 854 555 888 ἅγιος,
573 854 650 888 ἅγιος
669 853 763 880 Domin

903 854 943 882 [on
958 855 1045 883 solum
1063 864 1096 883 ex
1114 856 1276 884 auctoritate
1293 858 1463 885 monumenti
1482 860 1638 890 marmorei,

28 899 134 931 Sabaoth,
150 900 295 927 incessanti
318 908 378 927 voce
393 900 539 928 clamantes
564 900 695 934 seraphim
716 899 799 926 Deum
851 900 899 927 sed
917 901 998 928 etiam
1016 908 1049 929 ex
1068 901 1226 929 testimonio
1247 903 1498 937 manuscriptorum
1515 903 1639 931 codicum

28 944 164 979 gloriﬁcent.
851 945 1023 980 Viennensis,
1042 954 1090 974 seu
1116 946 1344 981 Vindobonensis,
1371 953 1397 975 et
1420 947 1584 977 Oxoniensis
1606 949 1639 976 ad

55 990 128 1017 Beron
141 996 167 1018 et
180 991 257 1018 illius
273 998 406 1026 sequaces
421 991 598 1018 admittebant
610 990 798 1018 confusionem
851 991 880 1018 ὃ.
904 991 1078 1028 Hippolytum
1103 1000 1118 1020 a
1143 993 1209 1020 viris
1231 994 1346 1021 eruditis
1366 993 1514 1023 Pcarsonio
1536 995 1591 1031 (74)
1613 1001 1641 1023 et

29 1038 122 1064 duarum
144 1044 308 1065 naturarum
334 1038 361 1064 itt
384 1037 503 1070 Christo,
522 1042 548 1064 et
569 1045 623 1064 nou
641 1037 694 1065 nisi
716 1045 764 1064 una

904 1039 974 1066 ricio
994 1039 1050 1074 (75)
1069 1039 1186 1067 refertur
1207 1039 1277 1074 Περὶ
1300 1040 1490 1075 χαρισμάτων
1512 1042 1639 1068 ἀποστυ-

29 1085 188 1117 agnoscebant
206 1084 235 1111 in
257 1091 291 1111 eo
312 1084 508 1118 operationem.
534 1084 687 1111 Credebant
702 1084 799 1112 divini-
847 1084 919 1118 λικὴ
935 1084 1117 1119 παράδοσις,
1138 1085 1177 1113 De
1191 1087 1397 1113 charismatibus
1417 1088 1563 1122 apostolica
1586 1093 1640 1114 tra-

30 1133 93 1156 tatem
107 1136 164 1157 esse
179 1129 354 1166 passibilem,
375 1134 402 1157 et
423 1130 620 1157 humanitatem
640 1131 798 1158 earumdem
848 1130 926 1163 ditio,
948 1138 1001 1157 una
1021 1138 1082 1157 cum
1102 1131 1164 1158 aliis
1190 1132 1344 1162 nonnullis.
1368 1141 1429 1167 qua:
1449 1134 1560 1168 quidem
1583 1135 1638 1169 jam

29 1176 203 1210 operationum,
217 1184 281 1211 quae
294 1176 346 1203 soli
355 1174 445 1203 Verbo
458 1180 654 1211 competerent,
670 1184 796 1211 capacem
847 1176 950 1210 pridem
965 1176 1037 1204 edita
1054 1175 1164 1204 fuerunt
1175 1177 1201 1204 in
1213 1178 1282 1205 libro
1296 1183 1392 1205 octavo
1416 1178 1640 1207 Constitutionum

30 1221 81 1248 iure.
103 1221 160 1250 llzee
177 1222 275 1257 opinio
297 1229 331 1249 eo
353 1221 413 1249 illos
432 1221 556 1254 adduxit,
576 1227 606 1249 ut
623 1222 798 1251 defenderent
848 1222 1065 1256 apostolicarum,
1079 1230 1159 1257 quas,
1177 1230 1240 1250 cutn
1254 1231 1287 1250 ex
1300 1224 1384 1251 variis
1397 1224 1508 1252 secundi
1525 1229 1552 1252 et
1568 1226 1639 1253 tertii

30 1267 125 1296 Verbum
142 1269 284 1296 hominem
309 1269 411 1296 factum
433 1277 494 1297 esse
514 1269 664 1296 mutatione
683 1277 740 1297 suae
756 1269 797 1297 di-
847 1269 939 1295 satculi
958 1270 1142 1296 monumentis
1159 1270 1356 1297 consarcinata:
1372 1270 1437 1302 sint,
1453 1270 1639 1298 Clementiuas

28 1314 126 1342 unitatis
138 1315 164 1341 in
180 1320 312 1343 naturam
329 1316 489 1348 humanam,
504 1320 530 1342 et
546 1315 684 1343 hominem
694 1315 794 1343 factum
846 1314 928 1349 vulgo
947 1321 995 1341 seu
1010 1315 1173 1349 apostolicas
1198 1314 1319 1342 solemus
1338 1316 1485 1350 appellare,
1502 1316 1529 1342 in
1549 1316 1638 1344 lucetu

29 1360 93 1387 fuisse
102 1360 180 1388 Deum
200 1361 358 1388 mutatione
373 1361 497 1388 humana:
509 1365 613 1388 natura:
628 1361 655 1388 in
668 1361 795 1389 divittita-
845 1364 936 1387 tamen
958 1361 1119 1395 prodierunt
1139 1361 1198 1388 sine
1217 1361 1328 1388 nomine
1349 1360 1377 1388 S.
1400 1361 1547 1397 Hippolyti.
1568 1362 1639 1395 Quia

29 1410 78 1432 tem.
98 1405 129 1433 [lt
147 1407 319 1441 impietatem
337 1407 407 1434 hanc
424 1406 555 1434 refutaret
573 1405 602 1433 S.
623 1405 793 1442 Hippolytus,
844 1412 910 1432 vero
933 1405 961 1432 in
984 1406 1078 1433 codice
1091 1414 1158 1433 mss.
1173 1406 1298 1434 Ctesareo
1315 1405 1530 1441 Vindobouensi,
1552 1412 1579 1434 et
1598 1408 1638 1434 al-

30 1450 48 1475 l'
61 1451 128 1479 docet
142 1451 263 1479 Verbum
281 1452 352 1487 (67)
366 1452 486 1480 divinum
504 1452 670 1480 assumendo
683 1460 793 1479 carnem
844 1459 902 1485 gero
917 1450 1075 1485 Oxoniensi,
1099 1452 1126 1479 itt
1142 1452 1242 1487 quibus
1262 1451 1397 1488 Hippolyti
1414 1461 1512 1481 nomen
1527 1461 1638 1488 expres-

27 1502 47 1523 ει
58 1503 167 1525 naturam
182 1499 334 1526 humanam
348 1499 450 1526 ttttllam
471 1499 498 1526 in
514 1499 655 1526 divinitate
667 1507 716 1527 sua
730 1507 792 1526 mu-
812 1528 830 1534 Α
847 1504 907 1524 sum
921 1501 973 1530 est,
989 1498 1112 1532 quaedam
1128 1498 1206 1525 aliter
1220 1498 1356 1533 leguntur,
1377 1507 1460 1533 quatn
1476 1500 1503 1526 itt
1518 1500 1633 1534 vulgatis

29 1544 134 1571 lationem
151 1553 265 1580 passum
282 1545 384 1578 fuisse;
398 1546 426 1571 '2'
445 1545 514 1572 duas
527 1549 640 1573 naturas
658 1545 756 1572 astruit
769 1545 795 1572 in
810 1528 831 1556 ο
848 1542 1072 1571 Comtitutt’onum
1097 1543 1183 1573 libris.
1200 1544 1327 1572 Aibertus
1342 1544 1484 1572 Fabricius
1501 1545 1555 1572 illis
1569 1546 1638 1573 inter

27 1589 192 1626 chri>l0(68),
213 1592 337 1619 divinam
362 1596 390 1619 et,
405 1592 552 1619 humanam
577 1592 750 1625 inconfusas,
771 1597 797 1620 et
847 1597 929 1623 opera
944 1588 973 1616 S.
991 1589 1127 1625 Hippolyti
1141 1590 1231 1616 locum
1252 1590 1389 1618 concessit
1401 1598 1433 1618 ex
1446 1591 1573 1618 versione
1587 1591 1638 1618 La-

27 1635 79 1664 duas
89 1634 257 1672 operationes
267 1646 299 1666 ac
310 1638 478 1671 voluntates;
492 1639 520 1665 5°
534 1639 643 1673 exponit
660 1639 797 1674 quomodo
849 1635 905 1662 tina
920 1635 992 1662 Guil.
1016 1634 1122 1662 Ernesti
1138 1635 1243 1668 Grabe,
1269 1644 1350 1670 quatit
1377 1637 1532 1664 versionem
1555 1638 1636 1664 etiam

28 1681 81 1709 Deus
94 1691 136 1718 per
151 1691 266 1711 carnem
289 1688 417 1718 operetur
435 1683 490 1718 (69)
506 1693 513 1716 ;
538 1683 565 1710 4“
585 1691 618 1711 ex
641 1683 747 1711 duabus
769 1685 795 1711 itt
846 1680 965 1709 Joannes
980 1681 1130 1709 Cotelerius
1151 1683 1303 1709 adornavit.
1318 1683 1415 1717 Agitur
1428 1688 1519 1710 autem
1536 1684 1562 1710 in
1586 1684 1638 1711 hoc

27 1725 113 1755 Christo
131 1729 236 1756 naturis
256 1728 447 1762 proprietates,
467 1733 494 1755 et
513 1729 685 1763 operationes
699 1728 796 1755 distin-
847 1731 963 1754 tractatu
997 1728 1030 1755 de
1061 1728 1273 1755 charismatibus
1308 1729 1425 1763 Spiritus
1454 1730 1563 1762 sancti,
1592 1730 1637 1757 ctti

27 1777 71 1799 etas
86 1774 192 1802 ulterius
210 1774 315 1809 prohat.
329 1773 359 1800 S.
372 1773 532 1809 Hippolytus
548 1774 622 1809 (70);
638 1774 665 1801 5°
681 1774 796 1801 demon-
846 1772 943 1800 deinde
955 1773 1046 1808 aliqua
1061 1774 1112 1800 alia
1131 1781 1163 1800 ex
1181 1775 1254 1801 dicto
1267 1775 1335 1801 libro
1349 1779 1446 1802 octavo
1461 1774 1637 1802 Constitutio-

28 1824 80 1846 stmt
99 1826 188 1847 contra
211 1821 351 1847 Berouem
371 1825 398 1847 et
419 1820 478 1854 ejus
504 1828 636 1855 sequaces
659 1828 742 1848 unam
768 1821 795 1847 in
847 1828 907 1846 nunt
925 1820 1131 1854 apostolicarum
1146 1821 1340 1856 subjiciuntur.

27 1864 113 1892 Christo
132 1873 190 1893 esse
211 1873 363 1901 personam
382 1865 456 1900 (7i);
480 1866 578 1894 deinde
599 1867 716 1894 ostendit
732 1875 794 1894 car-
880 1866 1013 1894 Caeterum
1043 1867 1188 1894 observant
1211 1867 1305 1895 Patres
1328 1867 1444 1895 Mauritti
1461 1867 1537 1903 (76),
1563 1870 1636 1904 quod

27 1916 73 1935 nem
87 1911 110 1937 itt
124 1916 252 1938 naturam
275 1911 393 1938 divinam
412 1911 511 1938 mutari
529 1911 600 1938 haud
616 1919 712 1946 posse;
729 1920 795 1946 ope-
847 1917 956 1940 sanctus
973 1913 1133 1948 Hippolytus
1149 1914 1175 1940 in
1193 1919 1309 1941 tractatu
1324 1913 1361 1940 De
1382 1914 1586 1942 cltarismatibus
1602 1916 1636 1943 ad

28 1955 184 1992 rationemque
196 1957 478 1985 humanamadivina
490 1958 647 1985 distinctam
659 1959 793 1994 esse(7‘2).
846 1967 905 1994 cap.
932 1967 968 1986 xtl
992 1960 1106 1994 apostoli
1135 1960 1210 1987 Pauli
1236 1959 1363 1994 Epistola:
1385 1959 1394 1986 l
1420 1961 1453 1987 ad
1477 1961 1636 1989 Corinthios

28 1999 122 2029 Tandem
133 2011 164 2030 ex
181 2004 226 2031 his
244 2003 509 2030 concluditsanctus
519 2003 598 2030 Pater
611 2003 647 2030 ita
658 2004 730 2038 (15):
748 2004 795 2031 l’ie
846 2004 962 2032 fortasse
985 2006 1150 2040 respexerit,
1170 2006 1196 2032 itt
1223 2013 1279 2041 qua
1302 2006 1376 2032 varia
1403 2005 1521 2041 Spiritus
1548 2009 1634 2035 sancti

27 2053 71 2080 ergo
88 2049 219 2083 conﬁtetur
244 2048 372 2081 credens,
396 2048 458 2083 quia
482 2054 587 2083 propter
613 2049 725 2076 salutem
748 2058 795 2076 no-
844 2051 916 2078 dona
950 2056 1199 2078 commemorantur
1228 2053 1254 2078 iu
1287 2052 1469 2080 ministerium
1505 2053 1634 2081 Ecclesia-

28 2096 99 2125 tmtm.
116 2100 137 2120 et
153 2099 181 2121 ut
201 2094 237 2120 ad
263 2093 539 2120 inconversibilitatem
556 2094 650 2129 ligaret
668 2096 795 2122 universi-
844 2098 918 2124 data.
937 2097 1055 2132 Indeque
1071 2098 1173 2132 colligit
1189 2097 1335 2132 perdoctus
1351 2097 1471 2134 Scaliger
1490 2099 1518 2126 S.
1534 2099 1635 2135 Hippo—

29 2143 97 2170 tatem,
119 2140 303 2167 universorum
316 2140 442 2167 Conditor
455 2149 487 2166 ea:
503 2142 670 2168 sanctissima
695 2150 796 2177 semper
845 2143 929 2178 lytum
954 2147 1089 2175 nostrum,
1118 2150 1171 2170 non
1194 2144 1221 2169 in
1240 2143 1361 2178 integros
1378 2143 1526 2179 Scriptura
1549 2153 1634 2174 sacra:

33 2182 114 2219 Virgine
137 2187 224 2213 Maria
255 2194 301 2221 per
321 2187 513 2220 conceptionem
537 2187 714 2214 inviolabilem
737 2189 793 2215 sine
810 2199 830 2226 ο
846 2190 940 2221 libros,
965 2189 1012 2216 sed
1038 2190 1066 2216 in
1082 2189 1182 2216 selecta
1197 2190 1328 2217 duntaxat
1342 2190 1401 2217 loca
1420 2192 1633 2220 commentarios

28 2233 220 2259 conrersibilitate
251 2232 432 2259 substantiam
450 2231 552 2259 sibimet
571 2233 688 2259 animam
713 2233 791 2260 inlel-
841 2243 979 2263 exarasse.
998 2235 1223 2270 Sapientissimus
1240 2236 1430 2265 Tillemoulius
1445 2238 1527 2272 hujus
1542 2239 1632 2273 operis

28 2275 138 2305 leuitatem
164 2287 225 2305 cum
254 2279 377 2305 sensitivo
403 2286 520 2312 corpore,
533 2284 628 2306 natura
650 2280 736 2314 factus
753 2285 790 2306 est
843 2282 949 2308 titulum
976 2290 1039 2309 cum
1065 2283 1258 2317 subsequentis
1287 2284 1314 2309 in
1345 2283 1454 2310 laudato
1478 2291 1632 2312 marmoreo

29 2322 93 2356 “omo.
105 2326 208 2352 malitia:
225 2325 350 2357 alienus;
367 2330 437 2352 ιοιιιι
452 2325 522 2352 Deus
538 2327 608 2360 ipse,
625 2330 694 2352 totus
714 2326 791 2353 homo
842 2334 1018 2357 monumento
1040 2329 1103 2356 libri
1121 2330 1200 2356 titulo
1215 2330 1368 2364 conjungit,
1386 2338 1467 2365 quem
1484 2331 1520 2357 ita
1540 2335 1630 2359 trans-

29 2368 152 2404 imult“;
173 2377 247 2399 ιοιιιδ
270 2371 340 2398 DNS
355 2376 455 2406 ρανιιετ
473 2377 581 2404 natura.
595 2376 619 2398 el
633 2372 708 2398 homo
722 2372 790 2398 idem
841 2376 928 2410 ponit,
944 2380 974 2402 ut
987 2377 1165 2411 posterioretn
1176 2376 1265 2410 pritno
1281 2376 1352 2409 loco,
1365 2381 1392 2403 et
1406 2376 1524 2411 primum
1536 2377 1631 2405 ultitno

30 2417 76 2446 ipse.
94 2419 190 2448 Deitate
203 2420 312 2456 quidem
328 2421 417 2447 divina
429 2429 476 2455 per
489 2429 565 2447 suam
578 2421 662 2455 ipsius
677 2420 791 2446 sanctis-
842 2422 901 2449 loco
917 2427 1010 2457 ponat,
1035 2428 1116 2457 atque
1131 2429 1163 2449 ex
1179 2422 1286 2449 duobus
1305 2430 1389 2449 unttm
1412 2423 1544 2450 duntaxat
1564 2423 1630 2450 titu-

30 2462 102 2490 iintam
115 2474 214 2492 carnem
226 2473 280 2492 non
293 2466 447 2492 exsistentia
459 2471 555 2492 natura
568 2466 654 2492 carnis
669 2473 789 2499 operans,
841 2470 897 2498 lum
921 2470 1018 2502 faciat,
1046 2471 1090 2498 cui
1125 2470 1197 2496 hunc
1230 2477 1341 2497 sensum
1369 2471 1488 2497 astruit:
1510 2470 1630 2497 Traditio

31 2508 166 2539 humanitate
180 2521 241 2539 vero
254 2512 371 2539 ltumana
385 2521 437 2539 non
451 2512 604 2539 exsistetttia
623 2517 720 2538 natura
738 2511 791 2538 dei-
842 2517 987 2550 apostolica
1010 2516 1042 2543 de
1064 2515 1266 2542 charismutibus
1288 2516 1464 2543 uerisimiliter
1482 2525 1529 2551 ρνο
1557 2517 1630 2551 τρία-

32 2556 86 2583 latis.
109 2557 178 2585 Nihil
201 2559 322 2586 divinum
342 2559 441 2585 nudum
462 2567 568 2594 corpore
588 2564 730 2594 operatur,
754 2558 791 2584 nil
842 2563 929 2589 tundis
946 2562 1116 2588 Montanistis
1130 2561 1197 2598 (77).
1227 2561 1259 2588 lli
1277 2561 1347 2588 tituli
1365 2562 1401 2588 ila
1418 2562 1523 2589 aduniti
1546 2562 1631 2590 habe-

56 2624 101 2664 (§7)
117 2626 249 2664 llippolyt.
265 2628 410 2664 fragment.
425 2628 448 2656 1.

876 2629 931 2661 (74)
951 2628 1092 2664 Pcarson.,
1115 2626 1337 2664 deiadgnah,
1352 2633 1423 2664 part.
1439 2636 1458 2660 ι,
1472 2636 1532 2663 cap.
1547 2628 1574 2656 4.

57 2660 102 2699 αξξ)
117 2660 185 2699 ὶιὶεὲιίι
198 2660 343 2699 fragment.
360 2663 389 2690 2.
531 2672 534 2674 ·
876 2660 932 2698 (75)
952 2663 1059 2691 Fabric.
1072 2660 1089 2696 ,⁷
1102 2668 1168 2690 totn.
1187 2663 1195 2688 I
1211 2660 1278 2697 Opp.
1304 2663 1332 2689 S.
1352 2660 1477 2698 llippol.,
1502 2660 1608 2691 Przefat.
1619 2684 1629 2699 ,

120 2696 187 2739 idem
203 2695 349 2739 fravgmettt.

841 2695 1015 2739 βδέω-..μ
1046 2733 1062 2739 ..
1096 2734 1143 2739 ..
1199 2695 1300 2739 .ξή
1388 2695 1414 2698 ’“
1471 2695 1505 2739 ⁷.

120 2732 186 2771 idem
201 2730 349 2771 fragment.
843 2730 932 2771 :KTG)
953 2733 1026 2761 Hist.
1043 2733 1174 2761 littéraire
1188 2733 1219 2760 de.
1234 2733 1260 2760 ια
1276 2732 1389 2768 France,
1403 2739 1468 2762 tum.
1484 2734 1547 2768 cil.,
1566 2742 1630 2771 pag.

58 2764 103 2803 illi
121 2768 189 2803 Idem
204 2764 349 2803 fraﬁment.
362 2769 389 2796 5.
841 2764 903 2796 586-

58 2799 104 2841 (Ῐὲ)
121 2802 189 2841 idem
206 2799 271 2841 ibid.
377 2839 387 2841 _

877 2804 933 2840 (77)
952 2803 1105 2833 Tillemont.
1117 2825 1125 2838 ,
1140 2805 1158 2831 I.
1175 2812 1212 2839 c.,
1228 2812 1288 2841 pag.
1307 2804 1364 2832 106.

60 2834 105 2870 (75)
123 2838 190 2865 ldctn
205 2839 358 2874 fragmento
374 2839 401 2866 8.
