1861 3052
214 103 265 130 :07

701 102 744 129 DE
763 102 842 130 VITA
861 103 905 129 ET
926 102 1080 130 SCRIPTIS
1100 102 1127 130 S.
1149 101 1339 129 HIPPOLYTI.

1794 102 1853 128 508

217 166 278 188 rent
300 168 364 187 sane
379 160 547 194 aptissimum
568 160 747 195 signiﬁcatum
764 161 796 188 ad
814 162 913 189 mullos
925 161 995 189 dilli-
1009 166 1032 192 Α
1048 162 1125 189 theca
1152 161 1297 188 Bodleiana
1326 161 1396 188 inter
1421 160 1526 188 codices
1545 160 1733 187 Baroeeianos
1761 167 1849 186 num.

216 207 346 233 rultatum
359 206 442 233 nodos
453 205 593 238 secandos,
606 206 754 239 dummodo
766 207 822 234 hzeo
833 207 996 234 'l'illemontii

217 253 372 287 conjectura
399 257 452 279 tam
477 257 549 280 certa
565 257 636 279 esset
650 261 681 280 ac
698 253 848 288 ingeniosa.
876 252 948 280 Ordo
970 262 997 279 e-

217 300 282 331 nim,
307 306 386 334 quem
402 299 428 324 in
445 306 475 325 ea
493 299 589 326 tabella
608 299 796 330 observamus.
821 308 873 326 non
892 300 997 327 videtur

215 353 275 372 eam
299 345 533 378 transpositionem
557 345 706 372 admittere.
732 345 796 373 Post
815 346 920 372 titulum
943 351 997 372 tra-

216 395 303 417 ctatus
320 389 356 416 De
369 390 587 423 cltarismatibus,
611 391 683 418 illico
704 391 817 426 legimus
839 397 995 426 sequentem

215 435 243 462 ιη
259 435 367 462 laudato
388 435 495 470 lapideo
507 442 701 464 monumento:
722 437 897 472 Ἀποστολικὴ
913 437 997 472 παρά-

213 489 302 513 οοσις,
329 483 472 516 apostolica
498 483 616 509 traditio.
643 483 787 509 Doctorum
811 484 917 510 animos
940 483 997 510 haec

214 528 343 561 quaestio:
364 536 444 562 quem
469 529 566 555 librum
583 529 606 556 is
623 529 718 556 titulus
737 530 892 561 annuntiet,
907 530 997 556 varias

214 573 242 599 in
257 573 400 606 opiniones
415 574 540 601 detraxit.
559 573 724 602 Sententiam
737 574 900 602 Tillemontii
917 576 996 609 paulo

214 623 293 646 antea
309 620 496 654 exposuimus.
512 620 630 655 Scaliger
646 621 699 655 (78)
715 626 809 648 censet
823 620 994 656 Hippolytum

215 669 336 692 nostrum
355 665 406 692 hoc
426 666 477 692 sub
499 666 577 693 titulo
602 666 671 693 idem
687 672 873 701 argumentum
894 673 996 702 pertra-

214 715 319 742 ctasse,
336 712 408 745 quod
426 711 454 738 S.
473 711 588 739 Irenzeus
607 712 676 739 libro
695 713 774 739 tertio
792 714 851 740 adv.
873 714 993 745 Iuereses,

217 764 277 791 cap.
292 758 309 783 2
323 762 349 783 et
362 758 378 784 5
391 758 484 791 paucis
495 757 626 785 duntaxat
638 763 795 792 persecutus
809 763 860 785 est.
875 758 911 785 Le
923 758 996 793 Moy-

215 802 277 829 nins
299 810 351 829 non
368 803 503 838 discrepat
520 804 553 830 ab
570 804 619 831 hae
633 804 773 838 opinione,
791 805 855 832 dum
877 805 994 831 arbitra-

1047 207 1082 234 26
1095 212 1121 234 et
1135 207 1185 234 185
1201 211 1289 234 exstat
1303 214 1384 233 manu
1400 211 1509 232 exarata
1531 210 1597 233 teste
1611 205 1772 232 Pearsonio
1790 205 1850 237 (80)

1047 258 1073 279 et
1090 251 1189 280 Grabio
1204 251 1270 287 (8|),
1286 256 1367 286 atque
1387 251 1413 277 in
1438 251 1622 284 manuscripto
1647 250 1750 278 Grmco
1770 250 1849 283 apud

1048 298 1220 325 Lamheeium
1230 297 1365 332 (82)hunc
1382 305 1470 331 praeso
1482 296 1533 324 fert
1546 297 1652 324 titulum
1667 307 1673 323 :
1688 296 1851 328 Διατάξεις

1047 344 1100 370 τῶν
1111 345 1195 378 ἁγίων
1211 343 1365 370 ἀποστόλων
1379 343 1422 369 διὰ
1443 342 1608 370 Ἱππολύτου.
1622 341 1808 369 Pearsonius
1823 347 1852 368 et

1048 389 1203 417 Dodwellus
1228 393 1384 416 asseverant
1418 389 1470 416 hoc
1503 387 1638 423 Hippolyti
1664 388 1850 422 opusculum

1047 437 1134 470 qnoad
1162 436 1308 462 maximam
1338 439 1441 469 partem
1468 434 1523 469 jam
1553 434 1692 468 vulgatum
1727 440 1803 459 esse
1822 433 1851 459 in

1048 487 1143 508 octavo
1161 481 1383 507 Constitutionum
1399 480 1604 514 apostolicarum
1627 480 1714 511 libro,
1737 486 1853 513 quam»

1047 528 1088 554 γῆς
1101 527 1228 554 nonnulla
1243 527 1319 554 aliter
1336 526 1498 561 quandoque
1514 525 1650 558 leguntur.
1669 529 1699 550 ut
1715 524 1852 550 Grabius

1048 572 1162 602 monuit,
1177 572 1222 606 qui
1244 579 1305 606 pag.
1321 570 1373 598 286
1388 570 1433 598 illa
1463 569 1604 604 Sptcilegta
1626 569 1748 595 Patrum
1768 568 1852 595 tertii

1047 618 1137 646 smeuli
1152 618 1314 645 inserturunt
1331 625 1360 644 se
1379 616 1516 651 pollicitus
1529 621 1570 642 est
1597 615 1664 650 (85).
1684 616 1724 641 At
1742 619 1777 641 ut
1800 622 1851 641 ve—

1047 673 1107 692 rum
1134 664 1276 694 fateamur,
1302 662 1434 697 quidquid
1462 661 1561 689 laudati
1580 661 1667 688 critici
1694 661 1852 687 disserere

1046 714 1204 745 potuerunt,
1220 713 1249 736 ut
1263 709 1340 736 nobis
1353 708 1496 742 aliqualem
1513 707 1598 733 ideam
1614 706 1852 741 suppeditarent,

1046 756 1111 791 quid
1130 756 1218 783 isthoc
1231 755 1258 781 in
1272 762 1353 789 opere
1373 753 1401 780 S.
1420 753 1553 788 Hippolyti
1566 753 1779 783 contineretur,
1799 759 1851 777 ne-

1047 809 1183 837 quaquam
1209 801 1316 828 excedit
1340 800 1471 834 sphaeraut
1496 806 1631 825 merarum
1656 797 1853 831 conjectura-

214 852 260 874 tnr
274 849 325 875 hoc
339 856 409 882 opus
424 849 558 876 disserere
580 850 614 876 de
638 850 759 877 doctrina
782 858 830 877 seu
853 850 996 877 traditione
1012 850 1033 878 Β
1048 855 1124 879 rum;
1140 854 1226 881 neque
1249 846 1326 872 nobis
1348 845 1414 872 satis
1439 844 1532 871 eﬂicax
1548 844 1654 870 vitietur
1681 849 1852 877 argumen-

215 894 376 927 apostolica;
392 894 463 928 quod
480 895 540 921 inde
554 895 664 930 colligit,
677 895 738 930 quia
751 899 870 929 tempore
885 891 913 922 S.
931 895 996 929 Hip—

214 940 297 974 polyti
315 940 389 966 varia
405 939 484 974 hujus
498 942 604 975 generis
616 961 623 972 ,
647 947 672 968 et
687 941 793 975 quidem
810 941 891 967 multa
908 947 995 968 exsta-

216 985 281 1012 bant
296 992 388 1019 opera,
405 990 486 1020 atque
501 986 589 1013 adhuc
606 986 828 1013 eonlieiebantur.
849 986 915 1013 Nam
933 995 994 1013 cum

216 1030 331 1056 lueretiei
346 1030 437 1065 [verba
450 1035 513 1057 sunt
523 1031 672 1058 doctissimi
685 1031 709 1057 le
720 1030 818 1066 Moynii
829 1030 897 1067 (79)]
912 1031 995 1058 multa

213 1075 357 1107 jactarent,
375 1083 435 1110 quae
454 1081 581 1110 tanquam
600 1076 634 1103 ab
649 1077 779 1111 apostolis
794 1077 890 1104 hausta
905 1077 994 1104 omni-

217 1121 266 1147 bus
278 1121 494 1153 obtruderentur,
508 1122 662 1154 orthodoxi,
681 1127 710 1149 ut
722 1123 856 1158 grassanti
869 1124 913 1150 isti
925 1124 995 1150 malo

216 1172 326 1200 possent
340 1168 410 1194 viam
432 1168 624 1200 intercludere,
650 1173 677 1197 et
699 1169 829 1204 impedire
850 1171 996 1205 quominus
1026 1196 1028 1203 ,

215 1214 350 1249 simplices
368 1220 394 1242 et
416 1215 538 1243 rudiores
554 1215 643 1250 specie
665 1216 796 1243 doctrinae
812 1217 994 1251 apostolorum

215 1259 386 1286 ﬂecterentur
406 1264 432 1286 et
457 1260 665 1292 seducerentur,
683 1268 774 1287 veram
800 1265 827 1288 et
851 1261 994 1296 genuinam

215 1305 370 1337 apostolica:
396 1305 550 1332 traditionis
574 1306 671 1333 seriem
695 1312 938 1340 repraesentarunt,
964 1315 996 1334 ne

215 1351 354 1384 splendida
370 1352 552 1384 apostolorum
569 1353 729 1380 auctoritate
742 1354 802 1381 aliis
819 1353 898 1380 fucus
911 1353 993 1385 ﬁeret,

215 1401 241 1422 et
265 1396 317 1424 illis
341 1397 510 1424 illuderetnr.
534 1397 602 1425 Hinc
624 1399 732 1425 traditio
756 1399 939 1433 apostolorum
963 1399 997 1425 ab

217 1441 317 1468 lrenwo
337 1450 398 1469 vera
419 1448 608 1477 repraesentata
626 1444 695 1470 libro
712 1451 752 1475 In,
769 1451 828 1478 cap.
842 1444 874 1475 ὅ,
893 1445 919 1475 4.
942 1449 994 1471 etc.

215 1487 287 1514 Nam
312 1496 368 1514 cum
400 1488 578 1516 Valentiniani
590 1494 613 1516 et
629 1488 744 1516 Gruestici
765 1489 847 1516 multa
872 1490 995 1524 ﬁgmenta

213 1536 240 1559 ct
259 1532 352 1559 delirio
376 1534 502 1560 credenda
519 1534 688 1564 vcnditarent.
708 1538 796 1568 utpote
817 1534 848 1560 ab
870 1535 994 1569 apostolis

213 1579 276 1611 ipsis
294 1580 452 1606 annuntiata
470 1585 494 1606 et
518 1580 651 1610 derivata;
676 1579 793 1607 Ircnrcus
812 1588 899 1607 ueram
922 1586 994 1616 urget

214 1621 393 1654 apostolorum
404 1621 570 1648 traditionem
583 1626 607 1648 et
622 1622 779 1652 doctrinam.
795 1630 874 1656 quam
894 1622 924 1648 ab
942 1624 996 1655 epi—

214 1667 298 1700 scopis
321 1667 499 1700 apostolorum
525 1668 716 1694 successoribus
741 1671 766 1694 et
786 1666 927 1701 Ecclesiis,
951 1669 995 1695 ιιιιὶ

215 1712 392 1745 apostolorum
413 1711 537 1746 discipuli
553 1713 707 1745 docuerunt,
723 1714 862 1740 eruendam
878 1718 903 1740 et
926 1714 996 1740 deri-

215 1756 327 1782 mmdam
340 1757 483 1785 contendit.
498 1756 532 1782 Et
549 1758 633 1791 primo
647 1764 719 1792 urget
732 1758 855 1786 Romana:
872 1759 997 1792 Ecclesiw

215 1801 397 1833 traditionem,
415 1802 458 1828 ubi
474 1802 579 1836 prwfuit
601 1802 736 1835 Clemens;
753 1803 929 1838 Smyrnensis,
951 1805 994 1831 ubi

214 1847 304 1873 docuit
321 1846 500 1882 Polycarpas;
516 1847 664 1882 Ephesiae,
676 1849 720 1876 ubi
738 1849 870 1884 apostolus
880 1849 995 1877 Joannes

216 1893 386 1928 Evangelium
403 1898 439 1920 tot
455 1894 530 1920 antiis
544 1899 567 1920 et
581 1899 653 1920 tanto
669 1903 727 1921 cum
739 1895 826 1929 fructu
838 1896 996 1930 prazdicat‘e-

216 1944 256 1965 rat
271 1944 295 1965 et
310 1945 485 1973 promoverat.
507 1939 552 1966 Sic
565 1940 644 1974 paulo
657 1946 713 1974 post
730 1940 872 1974 Irenwum,
895 1941 997 1976 Hippo-

215 1985 284 2019 lytus
302 1985 380 2011 etiam
391 1985 495 2020 scripsit
510 1993 585 2012 suam
595 1986 765 2020 Παράὸοσιν
779 1988 995 2022 ἁποστολικήν,

215 2035 244 2058 ut
266 2030 447 2058 hereticorum
467 2031 563 2058 deliria
584 2036 608 2058 et
630 2033 732 2060 somnia
749 2033 884 2067 refutaret,
902 2039 926 2060 et
949 2035 996 2061 do-

215 2077 328 2103 ctrinam
345 2081 494 2111 perpetuam
515 2078 705 2112 apostolorum.
728 2079 755 2105 in
775 2079 927 2112 ﬂorentibus
943 2079 995 2106 Ec-

215 2122 300 2150 cleaiis
315 2124 479 2158 superstitem
493 2128 516 2150 et
533 2124 660 2151 sinceram
678 2125 797 2152 omnibus
817 2126 875 2153 istis
895 2126 996 2153 deliriis

214 2174 238 2195 et
258 2169 390 2196 erroribus
413 2174 607 2203 opponeret.....
637 2169 707 2196 Hinc
727 2171 808 2198 etiam
827 2171 994 2206 Παράδοσις

213 2213 397 2248 diem-0.1m}
416 2214 448 2241 ab
465 2213 606 2249 Hippolyto
620 2215 760 2249 adornata,
782 2217 808 2243 id
826 2222 863 2244 est
875 2218 993 2244 narratio

215 2260 381 2294 dogntatum,
396 2269 454 2296 qua:
467 2262 578 2296 apostoli
599 2262 789 2289 successoribus
807 2264 860 2290 suis
880 2264 995 2291 tradide-

215 2311 288 2338 rant,
308 2306 429 2340 posteris,
454 2307 488 2332 ad
511 2306 604 2334 ultima
625 2308 716 2335 mundi
738 2308 806 2343 fata,
829 2310 955 2337 tradenda
970 2315 995 2336 et

215 2353 444 2378 communicanda.
459 2351 594 2380 Hactenus
610 2353 783 2381 doctissintus
802 2354 827 2381 le
843 2354 975 2390 Moynins.

251 2397 303 2424 Alii
316 2403 480 2425 censuerunt
498 2406 544 2433 per
555 2404 699 2427 tractatum
721 2401 772 2428 sub
783 2400 860 2427 titulo
877 2401 995 2428 Traditio

216 2444 362 2478 apostolica
389 2446 580 2473 annuntiatum
613 2447 724 2482 intelligi
755 2455 835 2482 posse
868 2448 995 2474 διδασκα-

216 2488 286 2521 λίαν,
302 2497 349 2516 seu
364 2489 511 2516 doctrinam
525 2493 611 2518 sancti
627 2491 773 2527 Hippolyti,
789 2500 849 2527 qua:
862 2492 887 2519 in
900 2493 997 2519 biblio-

218 2576 309 2637 ngm
330 2576 459 2612 Scaliger,
483 2579 522 2605 De
545 2580 673 2607 emendat.
696 2585 774 2615 temp.
797 2580 845 2607 lib.’
862 2588 910 2612 vn,
935 2589 994 2616 pag.

217 2621 314 2709 (1:273?-
328 2646 366 2674 Le
382 2646 492 2684 Moyne,
514 2649 594 2676 Varia
610 2658 696 2682 sacra,
711 2655 776 2678 tom.
802 2651 834 2684 ll,
854 2659 913 2686 pag.
929 2651 997 2678 1062

253 2690 314 2755 (81;?)-
325 2717 464 2755 iiearsonq
488 2719 590 2755 νίηίιίεἶ
604 2720 705 2754 lgnat.,
719 2728 778 2755 pag.
797 2721 830 2748 60
843 2726 869 2748 et
882 2721 926 2748 62.

253 2752 307 2790 (ὃς)
328 2753 426 2790 (jrube,
445 2760 498 2782 tom
527 2755 547 2786 l,
576 2752 698 2790 Spicileg.
715 2752 836 2786 Palmm.
854 2764 914 2790 pag.
932 2756 997 2784 9.85.

218 2787 313 2850 “fuit
328 2787 448 2816 Lambec.
459 2810 466 2822 ,
489 2791 534 2817 lib.
551 2787 610 2823 vni,
626 2787 687 2826 pag'.
702 2791 771 2824 4‘29,
787 2787 912 2818 Bibliotli.
935 2790 997 2818 Vin-

1048 897 1105 919 tum
1123 891 1187 918 illud
1204 899 1236 918 ex
1248 895 1365 924 utroque
1386 888 1569 922 manuscripto
1583 887 1809 924 Vindobonensi
1825 891 1854 913 et

1046 937 1193 966 Oxoniensi
1211 937 1334 971 petitum,
1349 935 1420 970 quod
1436 935 1563 962 nimirum
1579 934 1606 960 in
1632 938 1761 968 utroque
1776 941 1852 959 mss.

1046 985 1093 1011 lib.
1127 991 1175 1010 vnt
1204 982 1428 1010 Constitutionum
1457 980 1663 1014 apostolicarum
1688 981 1852 1014 pratlixum

1047 1030 1144 1057 habeat
1160 1036 1257 1056 nomen
1276 1028 1304 1054 S.
1321 1027 1456 1062 Hippolyti
1484 1027 1534 1054 hoe
1556 1026 1607 1053 sub
1637 1026 1736 1057 titulo,
1758 1024 1853 1051 Διδα-

1046 1076 1158 1102 σκαλῐα
1177 1074 1235 1101 τῶν
1263 1074 1354 1109 ἁγίων
1379 1074 1556 1100 ἀποστόλων
1584 1072 1650 1106 περὶ
1683 1071 1852 1106 χαρισμά-

1045 1131 1112 1149 των.
1132 1121 1271 1156 Siquidem
1300 1127 1369 1154 opus
1398 1119 1620 1146 Coustitutionum
1643 1126 1659 1144 a
1684 1118 1851 1152 pasterieri

1047 1175 1128 1194 manu
1139 1171 1166 1194 et
1181 1166 1215 1194 ab
1230 1170 1341 1193 auctore
1369 1165 1460 1192 szeculi
1477 1164 1566 1200 quarti
1591 1163 1752 1198 profectum
1783 1171 1851 1190 esse

1046 1212 1146 1248 passim
1162 1211 1260 1239 eruditi
1277 1210 1453 1237 arbitrantur.

1048 1268 1062 1304 ς
1080 1268 1111 1295 ll.
1137 1268 1175 1295 De
1190 1275 1307 1294 sermone
1336 1266 1364 1294 S.
1382 1265 1517 1304 Hippolyti
1539 1275 1548 1290 ‹
1563 1266 1589 1291 in
1605 1265 1738 1292 Sanctam
1756 1263 1851 1290 Theo—

1352 1302 1486 1336 phaniant.
1501 1310 1510 1326 ι

1082 1348 1226 1376 Homiliam
1241 1348 1268 1375 in
1285 1346 1499 1382 Theophaniam,
1511 1346 1568 1373 sive
1590 1345 1616 1373 in
1635 1344 1747 1372 Christi
1780 1344 1850 1371 Sal-

1047 1394 1153 1422 vatoris
1164 1393 1339 1429 baptismum,
1351 1393 1431 1420 edere
1443 1393 1528 1419 voluit
1543 1392 1578 1419 cl.
1593 1391 1759 1418 Holstenius
1774 1395 1850 1417 teste

1049 1439 1195 1466 Lambecio
1225 1445 1296 1465 tomo
1323 1437 1481 1477 l'BibliotIt.
1513 1435 1670 1466 Vindoban.,
1690 1443 1761 1470 pag.
1778 1435 1849 1462 Ui.

1048 1484 1232 1520 Eamdemque
1250 1483 1387 1511 homiliam
1414 1482 1568 1510 Christiano
1586 1481 1701 1508 Daumio
1721 1481 1757 1507 ad
1782 1489 1850 1508 ma-

1009 1526 1029 1554 C
1046 1539 1098 1558 nus
1111 1530 1194 1558 fuisse
1209 1535 1283 1557 notat
1294 1530 1398 1565 lttigius
1419 1529 1446 1556 in
1463 1528 1653 1555 dissertatiOne
1670 1527 1710 1554 De
1727 1526 1852 1554 [Vatini-

1047 1577 1109 1604 tatis
1124 1576 1221 1604 Christi
1238 1576 1314 1610 festo,
1331 1583 1389 1610 pag.
1415 1575 1477 1606 595,
1495 1578 1555 1609 post
1570 1573 1752 1608 appendicem
1769 1574 1849 1600 diss.

1047 1623 1086 1650 De
1100 1622 1292 1649 hwresiarcltis.
1314 1620 1400 1653 Quam
1415 1619 1510 1646 habuit
1532 1619 1612 1646 etiam
1642 1617 1774 1645 Thomas
1788 1618 1851 1645 Ga-

1047 1670 1106 1696 leus
1125 1673 1194 1695 teste
1217 1667 1306 1694 Caveo
1323 1666 1390 1701 (Sil.
1412 1665 1508 1700 Incipit
1532 1669 1642 1691 autem:
1667 1663 1769 1689 Πάντα
1793 1664 1851 1698 μὲν

1048 1714 1117 1742 καλὰ
1133 1714 1180 1741 καὶ
1195 1712 1265 1740 καλὰ
1277 1712 1346 1739 λίαν.
1361 1711 1399 1738 Ex
1411 1710 1504 1738 codice
1519 1710 1629 1738 Thomas
1647 1708 1726 1736 Galei
1740 1709 1850 1736 Graece

1047 1760 1208 1794 descriptam
1221 1758 1323 1792 accepit
1337 1757 1458 1784 eamdem
1482 1756 1619 1783 homiliam
1637 1763 1651 1782 a
1666 1755 1775 1782 Wolﬁo
1795 1756 1850 1782 Al—

1047 1806 1140 1834 bertus
1166 1805 1317 1836 Fabricius,
1340 1811 1454 1838 eamque
1479 1802 1630 1830 collectioni
1658 1809 1783 1836 operum
1812 1801 1846 1828 S.

1047 1851 1181 1886 Hippolyti
1200 1850 1322 1878 inseruit.
1340 1848 1440 1875 Sancto
1466 1848 1528 1875 huic
1548 1847 1659 1882 martyri
1685 1847 1848 1874 ascriben-

1047 1898 1107 1925 dan.
1121 1905 1181 1925 esse
1191 1904 1224 1923 ex
1248 1896 1306 1923 solo
1324 1894 1378 1922 fere
1405 1893 1482 1921 titulo
1507 1893 1617 1928 probari
1641 1897 1745 1927 potest,
1777 1901 1848 1928 qua:

1046 1943 1220 1977 conjectura,
1250 1948 1311 1968 eum
1339 1939 1523 1966 omnimodam
1552 1937 1746 1966 eertitudinem
1783 1947 1846 1965 non

1047 1989 1181 2023 prtebeat,
1207 1986 1329 2014 ulteriori
1353 1987 1418 2013 crisi
1452 1986 1618 2013 eruditorum
1650 1985 1845 2019 relinquitur.

1049 2034 1120 2061 Sane
1137 2034 1203 2060 nihil
1220 2033 1250 2060 S.
1270 2033 1412 2068 Hippolyto
1432 2033 1609 2067 incongruum
1627 2031 1845 2064 complectitur,

1048 2085 1074 2108 et
1090 2079 1258 2114 prtesentiam
1272 2078 1319 2105 Dei
1348 2078 1497 2106 Salvator-is
1515 2077 1599 2104 nostri
1616 2084 1664 2111 per
1689 2084 1774 2103 suam
1796 2078 1843 2104 in-

1049 2126 1232 2152 carnationem
1247 2124 1364 2151 maxime
1388 2124 1414 2150 in
1443 2123 1577 2158 baptismo
1599 2130 1649 2150 suo
1664 2130 1714 2156 per
1737 2130 1844 2149 vocem

1047 2171 1138 2198 Patris
1165 2171 1198 2198 de
1221 2171 1291 2197 caalo
1319 2170 1456 2205 delapsam
1490 2168 1689 2196 maniiestatam
1716 2168 1845 2195 demon-

1046 2222 1124 2245 Sll'zll.

1081 2263 1231 2290 Observant
1260 2262 1410 2290 doctissimi
1448 2261 1571 2289 Maurini,
1593 2260 1648 2295 (85)
1687 2260 1842 2288 homiliam

1046 2311 1118 2336 hanc
1131 2310 1180 2336 abs
1196 2309 1224 2336 S.
1239 2308 1382 2345 Hippolyto
1405 2309 1605 2344 pronuntiatam
1633 2307 1722 2334 fuisse
1738 2315 1843 2335 coram

1048 2357 1202 2390 gentilibus.
1219 2356 1280 2383 Πίιξυ
1293 2356 1448 2390 singillatim
1476 2359 1622 2390 pertractat
1634 2354 1667 2380 de
1693 2354 1843 2389 baptismo

1047 2402 1110 2429 Jesu
1124 2402 1235 2435 Christi,
1253 2403 1366 2437 ejusque
1394 2401 1534 2429 ell‘ectibus
1549 2401 1632 2428 relate
1645 2400 1679 2427 ad
1704 2401 1843 2428 homines

1047 2450 1206 2484 prmsertim.
1227 2449 1327 2475 Auctor
1342 2448 1490 2475 orationem
1513 2455 1590 2474 suam
1606 2445 1688 2473 modo
1699 2447 1735 2474 ad
1749 2454 1841 2474 unam

1048 2495 1189 2527 duntaxat,
1208 2494 1288 2522 modo
1311 2494 1344 2521 ad
1370 2494 1460 2529 plures
1477 2493 1566 2527 dirigit
1585 2501 1731 2527 personas.
1760 2492 1840 2519 Nihil

1084 2585 1139 2620 (85)
1159 2584 1199 2612 Cl.
1231 2585 1346 2612 Grahius
1374 2589 1460 2611 morte
1484 2587 1644 2620 praeventus
1663 2583 1837 2620 promissum

1047 2617 1185 2646 exsolvere
1208 2627 1261 2646 non
1281 2620 1381 2654 potuit;
1401 2617 1492 2646 verum
1510 2619 1608 2645 Albert.
1625 2617 1773 2645 Fabricius
1789 2626 1837 2644 na-

1048 2660 1109 2681 ctus
1123 2656 1214 2681 eadem
1230 2655 1262 2681 ad
1282 2653 1340 2688 'jam
1361 2654 1447 2681 dictos
1466 2662 1531 2680 mss.
1557 2653 1641 2679 libros
1665 2654 1806 2680 recensita
1823 2660 1838 2679 a

1048 2690 1164 2721 Grahio,
1192 2690 1238 2724 qui
1260 2689 1353 2716 Latina
1381 2690 1502 2716 versione
1523 2689 1602 2715 etiam
1627 2688 1672 2714 illa
1700 2688 1839 2720 donavit,

1049 2729 1122 2751 tomo
1137 2724 1143 2750 Ι
1158 2725 1273 2758 ()perum
1289 2724 1420 2759 Hippolyti
1437 2724 1560 2759 inseruit.

1086 2760 1141 2793 (84)
1159 2759 1238 2791 Cave.
1257 2758 1328 2786 Hist;
1344 2759 1424 2785 littér.
1435 2780 1441 2791 ,
1455 2764 1521 2785 tom.
1538 2758 1557 2784 l.

1085 2791 1139 2831 (85)
1160 2794 1230 2822 Hist.
1249 2794 1326 2821 littér.
1345 2795 1377 2822 de
1391 2794 1417 2821 la
1433 2793 1544 2826 France,
1562 2797 1627 2820 tom.
1649 2792 1671 2825 1,
1689 2800 1755 2828 pag.
1769 2791 1840 2820 3'10.
