1861 3052
53 114 97 142 309

539 117 582 145 DE
602 118 681 145 VITA
702 118 745 146 ET
765 116 919 145 S-GHIPTIS
939 117 967 144 S.
988 115 1177 143 lllPPOLYTl.

1610 115 1662 143 510

59 182 159 209 quoque
174 175 201 201 in
221 176 276 203 hoc
303 177 428 204 discursu
447 181 493 204 aut
516 178 664 212 doctrinae,
694 184 740 206 aut
766 180 835 206 aetati
852 182 871 209 Α
888 178 993 205 Domini
1009 178 1088 211 1551,
1103 186 1134 205 ex
1165 185 1230 213 agro
1244 177 1351 204 Verano
1370 184 1424 203 non
1448 177 1541 211 procul
1556 177 1589 203 ab
1611 177 1668 204 aede

58 220 82 248 S.
95 220 230 256 Hippolyti
262 222 455 251 inconveniens
473 225 625 259 reperitur;
645 225 767 259 quiuimo
780 225 837 252 sive

57 265 147 300 stylum
161 272 281 301 spectes,
295 268 352 295 sive
365 268 468 295 dicendi
482 270 589 296 modum
607 271 632 296 in
642 270 705 297 aliis
720 278 837 305 opuscu-

57 311 95 343 lis,
112 320 174 347 qua:
189 312 303 339 indubie
320 314 404 348 ipsius
432 319 504 345 sunt,
529 315 688 347 adhibitum,
713 317 837 343 eumdem

57 358 221 391 ipsissimum
245 359 272 385 in
302 360 352 386 hac
367 361 477 388 homilia
497 361 684 389 observamus.
703 361 837 389 Notatin-

56 411 132 437 super
145 404 327 431 doctissimus
342 404 480 440 Remigius
494 407 602 433 Ceillier
625 407 682 442 (86)
700 408 835 436 laudatam

56 448 192 475 homiliam
211 458 271 477 esse
292 450 416 483 nitidam,
446 452 658 484 a3dilicaloriam,
675 453 838 488 dignamque

57 500 148 521 sancto
158 495 300 529 episcopo,
315 504 420 523 necnon
437 501 463 523 et
486 498 552 524 satis
566 499 741 529 elaboratam.
758 504 838 534 atque

55 540 131 576 longe
153 542 308 576 politioretn
323 543 427 570 caeteris
448 544 629 571 communiter
652 550 772 572 veterum
787 545 838 573 Pa-

55 591 122 614 trum
137 588 269 615 homiliis.

87 633 199 660 Addunt
216 639 344 668 prieterca
364 635 478 662 Maurini
494 636 561 671 (87),
588 636 720 671 quosdam
745 637 838 663 erudi-

55 684 94 707 tos
107 679 282 708 existimasse
308 681 444 708 laudatam
473 682 610 708 homiliam
636 682 757 709 eamdem
779 690 838 710 esse

55 733 133 759 quam
160 724 189 751 S.
210 725 391 761 Hieronymus
417 727 487 753 inter
511 728 564 754 divi
592 727 728 763 Hippolyti
758 737 837 764 opera

56 771 103 796 hoc
118 771 171 797 sub
183 771 262 797 titulo
275 772 414 798 denotavit
431 782 437 799 :
453 772 571 799 Humilia
592 774 695 801 scilicet
710 774 742 800 de
761 774 839 801 laude

55 815 215 843 Sall-alaris.
235 816 334 844 Verum
361 818 387 844 in
413 819 525 852 pra-fata
542 819 652 846 hornilia
670 827 722 846 non
741 820 838 855 legitur

55 862 127 894 illud,
160 863 235 897 qttod
270 863 300 890 D.
327 863 505 899 Hieronymus
531 865 680 900 suhjungit.
708 866 834 893 nimirum

55 914 180 936 sanctum
206 914 328 936 nostrum
354 910 380 936 in
403 911 544 944 praesentia
561 911 683 946 Origenis
712 913 834 939 eamdem

53 955 256 989 pronuntiasse.
272 955 399 982 Fatemur
413 956 534 990 quidem,
562 958 633 991 quod
651 958 682 984 ad
695 958 837 986 dilliculta-

53 1005 105 1027 tem
124 1000 197 1027 hanc
209 1000 394 1028 extricandam
421 1002 531 1036 quidam
555 1003 711 1034 obtendant,
737 1003 836 1031 factum

54 1046 103 1073 hoc
115 1046 167 1073 abs
182 1045 213 1072 ι).
231 1045 395 1081 Hieronymo
424 1048 561 1082 proditum
585 1056 688 1076 merum
713 1057 772 1077 esse
795 1058 838 1077 er—

53 1098 140 1118 rorem
153 1099 189 1119 ex
207 1092 277 1118 male
293 1092 427 1120 intellecto
451 1094 538 1128 capite
555 1094 589 1121 ἐῢ
610 1095 670 1122 libri
697 1103 722 1122 νι
751 1095 836 1122 Eusc-

55 1137 88 1162 hii
101 1142 226 1170 enatum,
244 1145 380 1173 quemque
391 1139 534 1166 clarissimi
548 1140 598 1166 viri
618 1140 730 1169 Huetius
745 1146 772 1168 et
786 1142 838 1168 Va-

55 1182 136 1209 lesius
160 1184 324 1210 refutarunt.
356 1184 455 1211 Verum
485 1186 536 1212 hoc
560 1193 613 1213 non
643 1191 697 1214 tam
721 1193 836 1219 certum,

53 1229 282 1261 quemadmodum
298 1230 460 1262 vcnditatur,
474 1231 625 1258 habendum
638 1238 688 1260 est.
699 1233 836 1268 Siquidem

54 1272 237 1308 Hieronymus
250 1274 294 1301 hic
307 1282 360 1302 non
375 1277 523 1304 secundum
540 1277 686 1305 Eusebium
707 1279 837 1314 loquitur.

55 1317 112 1350 Ipse
126 1320 200 1345 enim
216 1320 249 1346 de
266 1320 342 1347 libris
362 1328 376 1347 a
389 1322 478 1355 seipso
495 1323 570 1350 lectis
581 1323 706 1357 disserit;
722 1332 839 1359 quapro-

55 1368 113 1397 pter
127 1365 314 1392 verasimilius
328 1367 384 1393 haec
403 1368 452 1394 abs
477 1373 571 1395 saneto
599 1369 709 1396 doctore
731 1370 839 1398 laudata

56 1409 168 1435 bomilia
182 1417 244 1436 cum
273 1411 396 1445 pluribus
419 1412 479 1439 aliis
501 1414 623 1447 ejusdem
653 1415 773 1442 auctoris
799 1416 840 1442 in-

53 1454 145 1488 teriit,
185 1456 415 1490 quemadmodum
454 1459 535 1493 paulo
575 1459 689 1488 inferius
728 1460 838 1488 docebi-

54 1507 122 1526 mus.
409 1511 411 1514 ‘

313 1547 511 1576 ARTICULUS
528 1549 559 1576 1X
566 1570 572 1577 .

194 1610 227 1630 DE
244 1611 344 1631 CANONE
356 1614 480 1633 PASCHALI
501 1615 524 1634 S.
547 1616 697 1636 HIPPOLY'I'I.

56 1647 70 1679 ᾗ
88 1646 106 1673 l.
121 1647 153 1674 S.
171 1647 311 1684 Hippolyti
323 1650 414 1688 canon
430 1661 476 1679 seu
500 1653 594 1688 Cyclas
613 1654 752 1683 Paschalis
770 1661 837 1683 mte-

283 1694 326 1719 grc
340 1687 458 1714 inventus
475 1687 529 1714 an.’
539 1689 617 1715 1551.

89 1728 225 1756 Cononem
249 1731 409 1764 paschalem,
437 1741 484 1760 seu
513 1734 621 1768 Cyclum
645 1736 804 1770 paschalem,
823 1744 837 1764 a

56 1773 84 1800 S.
102 1774 249 1810 Hippolyto
268 1779 459 1811 compositum,
483 1779 562 1814 cujus
575 1781 719 1809 Anatolius
737 1781 836 1810 Laodi-

56 1821 145 1849 censis
163 1822 232 1856 (88),
251 1822 384 1851 Eusebius
411 1825 467 1859 (89)
485 1830 512 1852 et
537 1825 566 1853 S.
590 1826 768 1862 Hieronymus
782 1828 838 1863 (90)

56 1867 250 1898 meminerunt,
271 1867 363 1896 Griece
385 1874 412 1896 et
435 1869 530 1898 Latine
547 1872 692 1906 interprete
711 1873 838 1901 eruditis-

56 1913 123 1940 simo
147 1913 298 1942 Fraacisco
324 1915 492 1949 Blanchiuio,
509 1918 635 1953 notisque
657 1918 757 1954 Egidii
787 1919 838 1947 Bu—

56 1959 139 1986 cberii
154 1964 181 1986 et
196 1960 313 1987 aliorum
330 1962 451 1989 virorum
474 1963 694 1992 doctissimorum
716 1966 838 1993 illustra-

55 2006 120 2034 tum,
135 2003 234 2030 ultimo
249 2005 356 2032 tandem
377 2006 446 2037 loco,
473 2007 535 2035 licet
553 2009 588 2035 ob
613 2017 689 2036 suam
706 2015 837 2045 praestan-

56 2048 117 2074 tiam
134 2053 163 2075 et
181 2049 363 2083 integritatem
389 2051 457 2078 inter
469 2051 627 2088 Hippolytea
654 2055 741 2088 primo
756 2056 838 2082 collo-

54 2095 158 2121 candus
169 2099 243 2121 esset
257 2095 327 2128 loco,
346 2104 529 2125 recensemus.
550 2098 670 2127 Perierat
684 2101 735 2128 iste
747 2101 838 2128 Conon

54 2148 114 2166 cum
131 2141 241 2168 caloris
272 2142 393 2175 ejusdem
413 2142 546 2179 Hippolyti
569 2147 762 2179 monumentis,
789 2155 838 2175 nec

53 2186 112 2219 ejus
127 2187 279 2220 quidquam
295 2192 394 2222 praeter
409 2196 505 2216 nomen
523 2195 664 2224 supererat
677 2201 683 2224 ;
701 2200 762 2218 eum
776 2201 838 2220 ecce

54 2232 124 2259 bono
140 2233 198 2264 Dei,
213 2237 240 2259 et
259 2240 357 2265 magna
372 2235 539 2262 eruditorum
556 2237 678 2263 omnium
691 2237 792 2271 luatitia,
810 2245 839 2267 ut

53 2278 199 2312 Baronius,
227 2280 356 2316 Scaliger,
387 2282 574 2318 Gruterusque
599 2288 744 2318 testantur,
768 2294 839 2314 anno

86 2337 159 2375 (86)
176 2337 400 2375 Πρωὶ-ςρίἰῐὶοτ,
431 2339 501 2367 Hist.
530 2341 617 2375 génér.
647 2343 691 2368 des
719 2347 838 2374 auteurs,

53 2376 116 2399 lout.
138 2374 170 2404 Il,
191 2381 251 2407 pag.
270 2373 332 2400 329.

52 2407 235 2476 pm(51t375l_(l)list.
258 2408 311 2436 litt.
339 2409 370 2436 de
397 2409 424 2436 la
444 2409 556 2442 France,
586 2415 653 2438 tom.
685 2412 707 2445 l,
729 2416 799 2446 part.
816 2421 834 2445 t,

103 2461 110 2468 ι
150 2452 158 2468 l
182 2462 190 2469 ο

178 2478 286 2504 Anatol.
318 2477 402 2506 Laod.
425 2480 519 2514 episc.,
539 2479 644 2515 praefat.
673 2481 707 2508 ad
735 2481 837 2509 Canam

87 2547 143 2584 (89)
161 2547 273 2584 Euseb“
288 2548 335 2574 lib.
351 2556 376 2574 γι
398 2548 432 2584 Η.
452 2549 495 2580 Ε..
511 2557 570 2584 cap.
588 2550 633 2576 2‘2.

86 2581 331 2620 (90)__Hierouyru.
349 2584 376 2610 in
394 2583 515 2620 Catalog.
545 2581 577 2611 de
613 2586 703 2620 script.
726 2587 818 2614 eccles.
831 2607 838 2619 ,

52 2616 304 2689 ufélﬁ|l3ueheru
326 2653 469 2689 Derdorctr.
488 2659 610 2689 tempor.,
638 2662 696 2689 par.
724 2656 789 2688 ‘292,
810 2657 838 2682 in

53 2688 248 2745 inminentario
266 2695 318 2715 suo
343 2688 377 2715 ad
407 2688 543 2716 Cononem
558 2688 709 2725 paschale":
723 2690 835 2718 Victorii

75 2727 189 2754 quttant.

88 2756 144 2787 (92;
171 2756 293 2792 Vignol.,
317 2757 460 2786 Dissertat.
481 2759 514 2786 de
534 2767 606 2787 anno
627 2767 635 2785 ι
654 2758 747 2787 Severi
774 2760 836 2787 Ale-

54 2792 156 2824 xandri,
174 2801 235 2827 pag.
258 2793 305 2820 96.

86 2826 139 2862 (93)
165 2827 313 2864 Scaliger.,
346 2827 384 2854 De
408 2828 535 2856 emendat.
562 2834 681 2865 tempor.,
711 2830 758 2857 lib.
787 2836 834 2863 γη,

855 2181 876 2208 D

889 224 918 252 S.
930 224 1068 251 Laurentii
1082 223 1116 250 ad
1130 222 1228 250 Urbem
1243 231 1258 250 e
1275 223 1411 250 memoria:
1435 222 1569 257 Hippolyti
1594 222 1667 249 anti-

888 278 948 305 qua:
963 269 1108 297 ruderibus
1123 269 1220 296 ell'ossa
1239 269 1338 304 prodiit
1356 269 1466 303 antiqua
1495 277 1509 295 e
1530 275 1668 295 marmore
1695 274 1698 277 '

888 320 987 347 statua,
1017 316 1085 343 solio
1115 315 1251 348 insidens,
1281 314 1381 342 Graecis
1416 315 1543 348 utrinque
1571 314 1668 341 litteris

888 361 1027 396 inscripta.
1049 360 1157 388 Littera
1175 361 1202 388 in
1221 361 1292 388 binis
1319 361 1454 388 cathedrae.
1470 360 1607 387 laterculis
1620 367 1668 396 cy-

887 408 945 435 clos
974 407 1114 442 paschales
1150 414 1284 433 annorum
1314 406 1449 433 sexdecim
1487 405 1668 437 exhibebant;

888 457 1046 488 quartarum
1055 452 1222 479 decimarum
1233 452 1339 484 dextro,
1348 451 1549 478 Dominicarum
1559 451 1670 485 pascha-

889 499 954 525 lium
984 499 1106 530 sinistro,
1132 503 1264 532 utrosque
1283 501 1392 524 centum
1420 496 1563 523 duodecim
1590 495 1669 523 annis

888 544 1037 570 universim
1065 543 1288 578 comprehensos,
1320 550 1374 576 qua
1399 549 1533 568 annorum
1556 540 1669 575 periodo

889 590 972 616 ferias
988 590 1097 617 easdetn
1112 590 1138 616 in
1150 589 1241 615 orbem
1258 588 1345 615 redire
1368 587 1481 614 credidit
1499 587 1667 622 Hippolytus.

889 634 947 662 Non
959 641 1019 662 erat
1034 635 1144 669 quidem
1159 641 1318 668 expressum
1348 633 1483 668 Hippolyti
1499 640 1608 662 nomen.
1622 632 1668 659 sed

890 680 967 707 facile
985 681 1042 715 ipsa
1056 679 1332 708 heccmdecacteridos
1344 679 1480 710 methodo,
1497 683 1524 705 et
1539 678 1668 705 librorum

889 725 1026 758 lemmate,
1057 725 1129 759 quod
1157 725 1282 751 dextrum
1313 723 1470 751 laterculum
1498 722 1668 753 continebat,

891 772 1027 807 proditum
1048 776 1106 803 est;
1121 778 1215 798 eorttm
1231 771 1302 796 enim
1323 769 1444 797 omnium
1462 775 1600 796 auctorem
1616 767 1670 794 Eu-

890 818 993 849 sebius,
1011 817 1200 851 Hieronymus,
1214 815 1313 850 aliique
1327 814 1499 850 Hippolytum
1513 815 1670 849 episcopum

888 863 1000 891 faciunt.
1015 863 1080 890 Tam
1094 863 1206 893 illustre,
1220 866 1275 888 tam
1290 869 1381 888 rarum
1393 860 1535 896 primitiwe
1546 860 1672 887 Ecclesia:

887 914 1094 937 monumentum
1110 907 1237 934 Marcello
1251 908 1368 934 Corvino
1388 912 1453 934 tunc
1467 907 1496 934 S.
1515 907 1547 933 ll.
1565 906 1595 932 Ε.
1608 914 1670 933 car-

887 955 983 985 dinali,
995 958 1089 989 postca
1103 953 1184 980 etiam
1199 952 1320 986 ejusdem
1337 952 1455 978 nominis
1479 959 1554 986 papae
1578 950 1610 980 ll.
1628 951 1671 977 di-

888 1000 1051 1034 gnissimum
1069 999 1158 1026 visum
1175 997 1247 1032 quod
1265 997 1377 1024 Romam
1399 997 1460 1024 inde
1482 996 1631 1023 deferretur
1645 999 1673 1022 et

887 1046 914 1072 in
933 1046 1060 1072 Vaticana
1089 1045 1250 1072 bibliotheca
1275 1044 1452 1073 eondereutr;
1468 1042 1552 1069 edidit
1576 1042 1672 1069 deinde

888 1092 991 1123 Graece,
1005 1095 1035 1118 ut
1045 1096 1115 1122 erat,
1140 1097 1202 1117 cum
1228 1089 1347 1123 antiquis
1373 1089 1431 1115 suis
1449 1086 1672 1121 inscriptionibus

888 1137 1039 1169 Gruterus;
1072 1135 1190 1169 Scaliger
1218 1134 1299 1161 etiam
1327 1134 1398 1161 notis
1417 1132 1572 1160 illustravit.
1603 1131 1670 1166 Ego,

889 1183 976 1218 inquit
1003 1181 1171 1213 Eucherius,
1196 1181 1237 1207 hic
1265 1179 1357 1206 Latine
1386 1179 1500 1214 ﬁdeliter
1527 1178 1670 1210 redditum,

888 1237 939 1256 non
953 1234 1005 1255 tant
1029 1229 1060 1255 de
1087 1235 1151 1254 novo
1178 1227 1319 1261 explicare.
1346 1234 1424 1261 quam
1439 1224 1606 1260 paschalibus
1624 1223 1671 1249 Vi—

889 1275 965 1301 ctorii
991 1273 1076 1301 nostri
1103 1272 1310 1306 Latinorumque
1345 1271 1490 1306 primorum
1524 1269 1670 1295 rationibus

889 1320 1060 1354 conformem,
1085 1318 1177 1353 paucis
1206 1318 1339 1344 ostendere
1368 1316 1502 1343 constitui.
1534 1314 1671 1341 Hactenus

889 1365 1063 1393 doctissimus
1078 1364 1203 1400 .Egidius
1216 1363 1366 1390 Bucherius
1377 1362 1444 1397 (91).

926 1420 981 1448 Hos
1004 1425 1094 1448 autem
1122 1420 1200 1447 binos
1222 1418 1432 1446 sexdecennales
1447 1424 1565 1444 canones
1585 1416 1611 1443 in
1626 1423 1671 1443 ea-

889 1465 949 1493 dem
966 1465 1094 1492 cathedra
1119 1464 1223 1498 lapidea
1248 1464 1397 1498 insculptos
1425 1462 1520 1494 fuisse,
1538 1469 1590 1489 non
1617 1469 1684 1488 unat

853 1513 874 1542 C
892 1512 971 1547 plane
996 1511 1067 1539 ratio
1088 1511 1193 1544 suadet,
1219 1515 1249 1538 ut
1276 1515 1347 1538 recte
1367 1509 1558 1537 animadvertit
1584 1507 1617 1535 γ.
1639 1508 1668 1535 C.

889 1556 1008 1584 Joannes
1024 1556 1165 1592 Vignolins
1182 1556 1249 1590 (92).
1276 1555 1338 1582 Prae
1363 1555 1474 1586 ca’leris,
1496 1554 1593 1588 inquit,
1612 1561 1671 1588 qua

889 1603 943 1637 ejus
969 1603 1084 1629 creditur
1095 1607 1201 1633 statua;
1228 1609 1307 1636 quam
1319 1605 1347 1627 ut
1368 1601 1450 1627 eidem
1475 1600 1561 1626 adhuc
1577 1600 1670 1626 viventi

887 1649 1001 1684 positam
1016 1648 1206 1680 existimemus,
1222 1655 1273 1673 non
1299 1646 1372 1673 illius
1393 1647 1441 1672 arvi
1468 1645 1574 1672 humilis
1592 1644 1670 1672 Chri-

888 1695 1035 1721 stianorum
1055 1692 1181 1726 conditio,
1203 1701 1284 1727 neque
1300 1692 1383 1727 ipsius
1403 1692 1453 1718 uiri
1468 1692 1595 1718 sanctitas
1611 1698 1668 1717 om-

889 1740 951 1766 nino
962 1740 1019 1774 pati
1040 1739 1151 1766 videtur.
1167 1739 1250 1773 Atque
1261 1739 1318 1773 ejus
1332 1738 1425 1764 deinde
1440 1738 1567 1764 librarum
1586 1737 1668 1769 tituli,

888 1793 998 1820 quorum
1024 1785 1052 1811 in
1071 1785 1189 1819 margine
1222 1784 1353 1811 cathedra:
1378 1784 1474 1810 mentio
1499 1787 1602 1815 exstat;
1626 1783 1670 1818 qui

889 1830 993 1856 nonnisi
1008 1834 1066 1864 post
1077 1829 1151 1856 illius
1174 1829 1273 1855 obitum
1288 1829 1320 1855 ab
1341 1828 1394 1855 alio
1406 1829 1518 1862 appositi
1531 1828 1612 1863 fuisse
1633 1829 1671 1854 ri-

888 1875 993 1909 dentur,
1009 1879 1039 1902 nt
1061 1875 1089 1902 in
1113 1876 1195 1909 ipsius
1219 1875 1341 1901 honorent
1367 1874 1521 1909 laudemque
1542 1874 1669 1901 cederent.

889 1919 966 1952 Quod
983 1928 1041 1946 cum
1066 1920 1105 1946 ita
1122 1919 1167 1951 sit,
1196 1919 1336 1946 verisimile
1357 1919 1499 1945 admodum
1522 1928 1576 1946 esse
1600 1928 1668 1949 reor.

890 1965 992 2000 aliquid
1016 1966 1044 1992 in
1056 1966 1146 1992 eodem
1171 1973 1269 1992 canone
1298 1966 1467 1993 commissum
1484 1966 1575 2000 fuisse.
1602 1966 1670 2000 quod

889 2010 962 2036 nullo
976 2015 1053 2044 pacto
1065 2015 1156 2036 sancto
1172 2010 1315 2045 Hippolyto
1330 2015 1368 2036 est
1381 2011 1575 2037 ascribendum.
1593 2010 1669 2037 Non-

889 2056 962 2083 nulla
977 2057 1027 2083 υἱνὶ
1041 2056 1190 2083 doctissimi
1209 2057 1267 2091 jam
1286 2062 1480 2090 prtenotarunt,
1497 2065 1554 2092 qua:
1572 2058 1670 2092 partim

888 2101 1029 2136 sculptoris
1053 2102 1198 2135 inscitiam,
1224 2103 1323 2136 partim
1341 2103 1450 2129 alterius
1474 2103 1604 2130 incuriam
1623 2112 1670 2129 ar-

889 2155 981 2183 guunt.
997 2148 1127 2176 (Italarum
1155 2156 1280 2175 canouem
1296 2148 1491 2183 Ilippolyteum,
1515 2153 1572 2182 post
1596 2148 1671 2176 lasc-

889 2195 967 2229 phum
984 2193 1148 2227 Scaliqerum
1176 2194 1242 2229 (93),
1264 2194 1420 2229 Dionysium
1451 2194 1588 2221 Patavium
1611 2195 1668 2229 (94)

888 2245 913 2268 et
927 2239 1064 2275 Egit/ium
1085 2240 1244 2267 Bue/teriam
1270 2240 1335 2273 (95),
1348 2240 1396 2267 alii
1420 2247 1520 2274 quoque
1547 2240 1670 2266 recentio-

890 2294 930 2313 res
955 2286 1021 2320 (96),
1048 2290 1075 2312 at
1099 2287 1213 2312 maxime
1243 2286 1358 2312 omnium
1389 2285 1420 2312 γ.
1447 2285 1478 2313 C.
1508 2284 1668 2312 Francicam

889 2350 949 2376 pag.
963 2341 1010 2376 79.1
1030 2346 1055 2368 et
1070 2349 1115 2376 seq

926 2375 982 2410 (9i)
998 2375 1100 2407 Petam,

926 2412 981 2446 (95)
995 2410 1121 2446 Boeben,
1132 2411 1183 2446 loc.
1201 2411 1247 2436 cit.

925 2446 981 2480 (96)
995 2445 1037 2472 Jo.
1055 2445 1131 2472 Dom.
1145 2445 1275 2472 Cassinus
1289 2445 1316 2471 in
1329 2446 1467 2473 academia
1482 2447 1565 2480 Regia
1578 2446 1665 2475 Paris.

890 2489 962 2508 anno
980 2481 1048 2507 1696
1068 2480 1316 2507 animadversiones
1334 2488 1398 2507 suas
1428 2482 1454 2508 in
1472 2482 1606 2516 Hippolyti
1619 2482 1668 2508 Ca-

890 2524 981 2543 nonem
993 2524 1007 2542 c
1022 2516 1122 2549 scripto
1136 2515 1268 2547 recitavit,
1284 2516 1316 2541 de
1325 2515 1423 2549 quibus
1441 2515 1596 2543 vide'Jnait.
1616 2516 1666 2543 Ba-

889 2552 998 2586 ptistam
1012 2551 1047 2586 du
1062 2550 1155 2577 Hamel
1170 2549 1196 2576 in
1221 2549 1308 2586 Rogita
1334 2551 1502 2577 scientiarum
1525 2551 1666 2578 academica

890 2585 1022 2617 Historia,
1040 2585 1086 2612 lib.
1116 2593 1151 2616 tv,
1180 2593 1239 2619 pag.
1260 2585 1311 2611 414
1335 2593 1392 2619 seq.
1414 2585 1560 2614 Adeundus
1584 2586 1664 2613 etiam

889 2621 1013 2647 Norisius
1028 2621 1165 2647 dissertat.
1178 2620 1196 2646 2
1223 2620 1260 2646 De
1279 2620 1381 2653 epochis
1397 2620 1664 2654 Syro-Macedonum,

888 2664 915 2690 p.
934 2655 1071 2684 ll'l-ll9:
1091 2656 1225 2682 Antonius
1247 2654 1416 2690 PagiiCritq
1439 2657 1538 2684 Annal.
1556 2656 1666 2683 Baronii

889 2689 921 2717 ad
938 2698 1037 2716 annum
1052 2690 1116 2721 222,
1133 2694 1160 2716 et
1182 2690 1291 2717 Samuel
1316 2689 1466 2723 Basnagius
1482 2691 1515 2717 ad
1540 2691 1664 2718 eumdem

888 2733 1006 2761 annum;
1035 2724 1285 2761 SamuelﬁPetitus;
1309 2724 1460 2759 Stephanus
1479 2726 1503 2753 le
1519 2726 1624 2761 Mnyne,
1640 2731 1668 2752 et

888 2760 1112 2794 prteclarissimus
1146 2760 1299 2795 Stephanus
1341 2761 1458 2788 Evodius
1499 2760 1667 2788 Assc’tnanus

888 2795 1106 2830 archiepiscopus
1122 2795 1258 2828 Apameae,
1277 2794 1302 2820 in
1318 2795 1474 2823 Praelatione
1499 2797 1616 2830 generali
1630 2797 1666 2824 ad

888 2829 1044 2865 Catalogum
1063 2830 1182 2857 codicum
1194 2838 1256 2856 mss.
1272 2830 1432 2861 bibliothccw
1451 2831 1594 2859 Vaticana'.

1118 2350 1154 2402 ῗίε
1169 2376 1290 2412 doctrina
1305 2382 1426 2411 tempor.,
1439 2376 1486 2403 lib.
1499 2384 1529 2409 tt,
1542 2384 1602 2412 pag.
1617 2378 1648 2404 6i
1658 2397 1666 2405 .
