1861 3052
207 104 262 134 295

208 164 256 200 lyti
272 164 314 192 sui
327 163 480 197 volumine;
501 163 546 199 qui
558 167 650 198 postea
667 163 769 191 codicis
787 162 909 191 Vaticani
928 171 994 198 apo-
1009 165 1028 193 Α

209 210 341 245 graphum
355 214 459 242 nactus,
475 209 546 244 quod
560 217 621 236 curn
635 216 668 236 eo
686 209 896 236 communicavit
909 208 997 235 Mont-

209 255 352 283 fauconius
365 254 397 281 V.
413 255 457 287 C.,
471 255 498 281 in
516 254 664 289 posteriore
679 253 772 281 Graece
787 259 814 281 et
835 254 930 282 Latine
950 262 996 282 eo-

209 301 271 329 dem
302 301 436 328 Turriano
458 301 603 335 interprete
626 307 695 335 opus
718 300 846 335 vulgavit.
869 300 939 328 Idem
959 301 994 328 cl.

211 348 299 375 editor
316 347 469 382 suspicatur
485 346 623 374 laudatam
638 347 892 373 Demanstrationem
903 347 997 374 adver-

208 402 252 421 sus
276 393 393 420 Judtzas’
412 400 472 420 esse
498 393 661 428 particulam
686 394 934 422 commentariorum
963 392 994 420 S.

209 439 347 475 Hippolyti
367 440 395 466 in
412 438 543 471 Psalmos,
558 447 621 467 cum
651 440 687 468 sit
711 440 794 468 veluti
820 441 994 476 paraphrasis

207 485 309 514 Psalmi
333 494 428 519 vani,
442 487 519 521 juxta
545 484 674 513 Hebraeos
686 488 760 520 ιω,
775 487 803 514 in
825 494 880 521 quo
904 486 994 521 passio

207 532 315 561 Christo
341 540 357 560 a
379 529 481 561 Iudaeis
495 532 635 561 inferenda
648 533 848 568 praenuntiatur
862 540 877 559 a
895 532 995 560 Davide

209 579 283 615 regio
297 579 394 614 psalle.

480 643 678 672 AIiTlCULUS
699 641 730 672 ν.

209 709 243 730 DE
256 709 335 730 LIBRO
353 710 364 728 (
377 709 512 729 Αυνειιειιε
530 709 648 732 ειη-2008.
662 710 710 729 εει]
731 709 836 729 CONTRA
855 708 993 730 PLATONEI

446 743 479 765 DE
495 745 577 765 CAUSA
593 745 723 764 UNIV‘EHSI.
741 745 750 763 ι

245 793 348 828 Quarto
361 794 421 821 loco
439 793 645 820 memorandum
663 794 783 821 occurrit
800 793 905 828 insigne
922 793 992 828 frag-

693 101 737 130 DE
755 102 837 130 VITA
852 102 897 130 ΕΤ
918 101 1075 130 SClilPTlS
1094 101 1123 129 S.
1141 99 1333 128 HIPPOLYTI.

1777 98 1840 128 296

1044 163 1100 194 ire;
1113 161 1178 197 quid
1195 161 1268 189 aliud
1289 161 1341 188 sibi
1360 160 1427 192 vult,
1445 160 1496 187 nisi
1518 159 1591 194 quod
1614 158 1696 187 Luca
1712 166 1774 190 xvi,
1809 157 1848 185 26

1048 209 1178 236 Dominus
1187 208 1424 243 pronuntiaverat:
1435 205 1469 232 Et
1484 207 1509 232 in
1525 206 1564 232 Iu‘s
1575 205 1696 232 omnibus
1705 205 1783 232 inter
1795 211 1847 231 nos

1045 259 1070 282 et
1084 263 1126 281 vos
1140 254 1217 280 chaos
1230 261 1352 288 magnum
1365 253 1500 287 firmatum
1511 251 1741 288 εδι,ὲστήρικται,
1756 255 1791 278 ut
1805 251 1847 283 hi,

1044 301 1089 335 qui
1102 300 1190 327 volunt
1200 300 1261 326 Itinc
1275 299 1387 326 transire
1398 298 1432 325 ad
1444 306 1497 330 vos,
1511 305 1563 324 non
1575 298 1688 332 possint,
1697 305 1786 332 neque
1802 297 1848 323 in-

1044 346 1076 373 de
1087 346 1137 372 huc
1150 345 1334 372 transmeare?

1083 400 1092 416 ι
1107 390 1160 418 Eos
1187 390 1276 418 dedita
1300 396 1383 424 opera
1406 396 1460 416 non
1484 387 1588 422 refello,
1609 388 1657 423 qui
1686 392 1847 415 tractatum

1045 435 1228 471 istuijaio,
1255 434 1379 468 Justino,
1403 435 1516 465 Irenaeo,
1541 433 1652 469 Origeni
1674 438 1702 461 et
1727 433 1848 460 Meletio

1044 481 1238 516 ascripserunt.
1264 480 1357 508 Satius
1371 480 1406 508 sit
1421 480 1510 513 nobis,
1529 480 1555 507 in
1571 480 1754 515 inscriptione
1770 480 1849 514 lapi-

1043 529 1092 556 dea
1106 528 1299 559 vetustissima.
1311 534 1372 562 qua:
1386 527 1534 554 etiamnum
1550 531 1648 558 exstat.
1663 527 1848 564 inter'opera

1045 574 1181 609 Hippolyti
1193 574 1352 602 Portueusis
1361 573 1481 609 episcopi
1496 575 1630 601 recenseri
1647 574 1751 601 librum
1768 573 1847 609 πρὸς

1044 621 1184 652 Πλάτωνα,
1202 619 1218 656 ἢ
1242 621 1306 657 περὶ
1328 620 1374 647 τοῦ
1399 619 1508 651 παντός,
1524 620 1558 646 ad
1576 619 1744 655 (adversus)
1771 619 1850 646 Pla-

1045 672 1140 698 tonem.
1153 676 1198 695 seu
1220 668 1252 695 de
1271 669 1402 699 universo,
1415 670 1449 694 ut
1470 666 1585 694 alterum
1600 667 1675 694 illius
1690 671 1849 701 parentem

1044 723 1097 742 non
1114 714 1279 749 quaeramus.
1299 714 1433 743 Nimirum
1456 715 1590 744 accidisse
1613 719 1723 749 oportet
1746 719 1783 741 ut
1814 714 1848 740 li-

1043 761 1162 792 brarius,
1183 768 1244 788 cum
1267 761 1294 788 in
1316 762 1419 795 codice,
1433 769 1514 797 quem
1529 769 1584 796 pra:
1596 761 1682 788 oculis
1703 760 1848 791 habebat.

1045 805 1147 840 primas
1165 805 1297 833 duntaxat
1316 806 1436 833 nominis
1451 805 1587 840 Hippolyti
1603 805 1707 834 litteras
1725 804 1849 832 Graecas

210 845 331 868 ηὶθηῐυιη
354 848 386 867 επ
408 840 474 866 “bra
495 840 619 867 αάυετεαδ
641 838 760 871 (ἶνατοδν
774 840 819 874 ι1²¹ί
842 839 994 866 imarum"
1009 848 1030 876 Β
1045 838 1252 883 legeret,"lr:rto,
1264 849 1358 878 deletis
1369 850 1411 877 vel
1420 838 1581 885 cotiipend-io
1593 849 1754 884 suppressis
1767 850 1848 882 aliis,

209 888 332 914 adversus
369 886 518 920 Platonem,
546 887 577 914 de
595 895 676 914 causa
691 887 822 919 uniuersi;
838 894 918 921 quem
932 886 993 921 qui-

209 935 270 962 dem
288 935 315 961 in
333 933 463 961 laterculo
485 934 591 969 lapideo
612 938 790 961 memoratum
805 933 908 965 videas,
925 932 993 969 πρὸς

210 980 343 1016 ’Έλληνας
362 980 408 1007 καὶ
431 972 499 1016 πρὸς
520 980 658 1013 Πλάτωνα,
674 980 690 1016 ἦ
708 980 755 1007 καὶ
777 979 840 1015 περὶ
856 979 901 1006 Ιιτοῢ
924 988 992 1006 παν-

209 1025 264 1058 τός.
281 1025 361 1053 Plura
377 1025 410 1053 de
424 1033 457 1053 eo
469 1026 574 1053 erudite
588 1025 729 1054 Fabricius
743 1025 810 1061 (22).
829 1024 926 1060 Scripti
943 1025 994 1052 hu-

210 1071 254 1105 ius
268 1070 419 1107 Hippolytei
440 1071 597 1106 praestantia
621 1071 675 1099 duo
691 1075 828 1106 excerpta,
843 1075 869 1097 et
883 1070 993 1105 quidem

210 1118 288 1146 editis
306 1116 500 1151 emendatiora,
517 1121 625 1146 exstant
640 1117 667 1144 in
685 1116 828 1144 Paralletia
850 1116 994 1144 Damasce-

210 1162 280 1190 nicis
305 1161 525 1197 Rupefucaldinis
550 1170 611 1197 pag.
630 1162 682 1190 755
705 1166 732 1189 et
754 1161 815 1194 789,
831 1162 994 1197 quibuscum

210 1213 352 1243 propterea
367 1209 469 1236 editum
487 1207 679 1236 Fabricianum
697 1208 814 1236 contulit
837 1208 870 1236 cl.
885 1208 995 1236 Gallam

209 1254 282 1282 dius.

245 1311 468 1347 Quandoquidem
486 1318 552 1340 vero
567 1312 600 1340 de
613 1311 694 1347 hujus
714 1312 804 1346 operis
821 1315 933 1339 auctore
947 1318 994 1338 vaé

211 1358 251 1385 ria
273 1364 331 1385 tum
356 1363 496 1391 veterum,
521 1363 579 1385 tum
598 1358 778 1386 recentiorum
803 1356 995 1386 circumfertur

211 1404 312 1439 opinio,
337 1404 364 1431 in
381 1405 500 1431 medium
518 1404 652 1432 adducere
668 1404 757 1439 placet
769 1402 910 1439 Lequienii
922 1403 995 1439 judi-

210 1449 297 1483 cium;
315 1449 393 1484 cujus
415 1449 523 1485 quidem
547 1449 597 1476 viri
621 1449 771 1476 doctissimi
785 1449 946 1476 sententiam
962 1448 995 1475 li-

210 1497 305 1524 benter
322 1496 519 1531 amplectimur.
546 1495 592 1522 Sic
619 1495 701 1530 igitur
723 1495 767 1522 ille
781 1495 836 1530 (‘23)
854 1506 859 1522 :
881 1505 890 1520 ι
905 1494 994 1522 Lucu-

210 1541 343 1569 brationis
363 1541 445 1576 hujus
460 1540 528 1576 Περὶ
550 1539 597 1566 τοῦ
619 1540 729 1571 παντός,
748 1540 784 1566 De
802 1541 931 1572 universo,
945 1547 993 1567 ex-

210 1594 332 1622 cerptum
354 1586 426 1613 aliud
442 1585 556 1612 habetur
572 1585 599 1612 in
617 1585 660 1612 his
673 1584 816 1612 Parallelis
832 1585 995 1620 Rupefucal—

210 1633 292 1664 diuis,
317 1632 368 1658 litt.
393 1638 419 1663 a,
435 1631 476 1658 tit.
493 1630 537 1662 7i,
563 1629 608 1657 ubi
631 1629 736 1657 Meletio
761 1631 920 1658 Antioc’lteno
946 1630 994 1658 tri~

211 1677 314 1704 buitur.
348 1675 460 1702 Photius
487 1674 542 1709 (24)
573 1675 623 1702 hoc
645 1675 713 1702 idem
743 1683 811 1710 opus
828 1677 994 1712 assignatum

211 1722 296 1750 fuisse
310 1726 403 1749 narrat
415 1721 516 1749 sanctis
527 1720 645 1755 Justino,
663 1721 766 1749 lreuzeo
778 1727 805 1750 et
817 1721 883 1750 Caio
896 1722 996 1750 Roma-

210 1775 253 1795 nae
275 1767 404 1795 Ecclesia:
417 1767 584 1803 presbytero.
607 1767 719 1803 Iosephi
741 1768 849 1804 quidem
865 1775 918 1795 non
935 1775 996 1796 esse

211 1813 297 1841 fetum
310 1813 372 1841 inde
384 1814 536 1842 certissime
550 1820 676 1842 constare
685 1815 812 1847 arbitror,
824 1815 894 1850 quod
909 1815 996 1842 ambae

211 1861 271 1888 istm
296 1860 410 1894 laciniae,
429 1861 484 1887 imo
509 1865 595 1888 totum
617 1861 808 1896 fragmentum,
833 1861 904 1896 quod
932 1860 995 1888 Ha:-

211 1906 330 1935 schelius
341 1907 367 1934 in
383 1907 455 1935 notis
470 1907 505 1935 ad
517 1907 646 1935 Photium
663 1907 755 1935 Graece
771 1908 862 1940 edidit,
876 1915 908 1934 ac
919 1907 995 1935 Grae-

211 1961 243 1981 ce
256 1952 403 1989 Latineque
414 1953 567 1989 Stephanus
577 1954 614 1982 Le
624 1954 720 1990 Moyne
732 1954 801 1982 inter
819 1953 899 1981 Varia
906 1962 994 1987 sacra,

211 1999 407 2033 Christianum,
419 2008 474 2028 non
491 1999 613 2029 Judaeum
631 2005 768 2028 auctorem
785 2000 910 2035 prodant.
926 1999 994 2028 Nam

211 2046 350 2074 Christum
363 2054 424 2075 esse
437 2046 523 2075 Deum
539 2046 660 2074 Verbum
676 2047 765 2078 docet,
779 2047 834 2073 imo
852 2046 936 2074 Deum
953 2046 994 2074 fa-

211 2100 285 2120 ctum
299 2093 448 2127 hominem,
461 2093 527 2121 Θεδν
541 2092 796 2130 ἐνανθρωπήσαντα.
821 2092 995 2128 Evangelicas

211 2139 324 2174 insuper
336 2139 487 2167 locutiones
509 2143 537 2167 et
559 2139 707 2167 sententias
724 2143 846 2173 usurpat.
862 2139 906 2166 Sic
922 2139 994 2166 enim

1007 1517 1028 1545 C

1046 895 1109 922 hinc
1125 895 1273 922 arbitratus
1288 895 1334 928 sit.
1350 896 1434 924 fuisse
1448 897 1579 931 scriptum
1601 895 1749 923 Ίωσίππου
1771 896 1849 932 (25),

1044 940 1116 967 unde
1137 949 1205 975 opus
1219 940 1337 975 Josepho
1359 941 1558 969 restituendum
1574 941 1706 969 intulerit.
1730 941 1849 968 Aucto-

1044 993 1100 1013 rem
1115 994 1196 1021 porro
1212 994 1263 1014 nun
1275 986 1397 1014 Platonis
1411 987 1554 1022 opiniones
1567 994 1773 1022 propugnasse,
1797 988 1849 1014 sed

1045 1032 1133 1067 potius
1147 1032 1329 1067 impugnasse.
1342 1032 1464 1067 adeoque
1480 1033 1622 1068 legendum
1638 1039 1700 1060 esse
1719 1033 1768 1067 (in
1791 1033 1849 1060 Pa-

1044 1078 1144 1105 ralielis
1165 1083 1190 1105 et
1207 1078 1234 1116 in
1255 1078 1344 1113 operis
1365 1078 1563 1114 inscriptione)
1587 1078 1657 1105 κατὰ
1675 1078 1846 1111 Πλάτωνος,

1045 1128 1072 1151 et
1087 1131 1140 1151 non
1158 1124 1227 1151 κατὰ
1243 1123 1385 1156 Πλάτωνα,
1398 1124 1455 1159 jam
1472 1124 1523 1151 viri
1544 1124 1616 1151 docti
1639 1125 1847 1152 observarunt.

1046 1170 1079 1198 Et
1090 1175 1162 1198 certe
1174 1171 1200 1197 in
1212 1171 1254 1198 his
1267 1170 1426 1206 fragmentis
1439 1169 1639 1198 Platonicorum
1655 1171 1848 1205 philosopho-

1045 1225 1106 1244 rum
1131 1217 1165 1244 dc
1189 1216 1295 1244 inferno
1311 1217 1408 1244 fabulae
1428 1223 1461 1244 ac
1478 1216 1572 1244 nantia:
1585 1216 1674 1244 dedita
1691 1223 1784 1251 opera
1802 1225 1847 1244 re-

1045 1263 1172 1291 felluntur
1188 1263 1434 1298 explodunturque,
1451 1263 1550 1290 horum
1580 1262 1640 1290 loco
1665 1263 1847 1296 substitutis,

1045 1318 1105 1345 qua:
1120 1310 1274 1337 Christiana
1292 1310 1357 1337 fides
1377 1309 1468 1342 tradit,
1482 1310 1505 1337 si
1520 1316 1606 1344 pauca
1619 1309 1728 1342 demas,
1745 1317 1818 1344 quae
1832 1317 1848 1336 a

1045 1356 1181 1384 communi
1193 1355 1390 1383 catholicorum
1400 1356 1524 1384 doctrina
1538 1356 1703 1390 discrepant.
1722 1355 1848 1384 Photius

1044 1403 1170 1430 observat
1180 1409 1249 1437 opus
1260 1402 1331 1429 istud
1345 1402 1371 1429 in
1387 1402 1455 1429 duas
1467 1406 1558 1437 partes
1573 1402 1755 1430 distributum
1775 1403 1848 1430 fuis-

1045 1457 1084 1481 se,
1104 1450 1134 1475 ὲν
1148 1448 1208 1476 δυσὶ
1221 1448 1346 1483 λογιδίοις
1356 1455 1363 1463 ⁸
1379 1449 1447 1484 quin
1460 1448 1542 1476 etiam
1558 1448 1587 1475 in
1605 1448 1781 1483 quibusdam
1796 1457 1847 1476 co—

1045 1494 1151 1521 dicibus
1166 1493 1299 1528 ejusmodi
1323 1493 1527 1528 inscriptionem
1549 1493 1689 1526 habuisse,
1705 1494 1778 1529 περὶ
1797 1495 1848 1529 τῆς

1045 1539 1092 1566 τοῦ
1107 1540 1205 1571 παντὸς
1219 1539 1317 1571 αἰτίας,
1335 1539 1366 1566 de
1380 1547 1461 1567 causa
1477 1540 1601 1573 universi,
1612 1544 1639 1567 et
1654 1540 1682 1566 in
1694 1540 1762 1567 aliis
1779 1541 1849 1577 περὶ

1044 1588 1094 1622 τῆς
1110 1587 1156 1613 τοῦ
1170 1586 1268 1618 παντὸς
1281 1586 1385 1618 οὐσίας,
1400 1587 1431 1614 de
1447 1586 1596 1614 substantia
1609 1587 1736 1614 universi.
1757 1587 1850 1614 Plura

1045 1634 1145 1660 videsis
1162 1633 1232 1668 apud
1246 1633 1370 1660 eumdem
1387 1632 1522 1660 Photium.
1541 1642 1549 1658 I
1568 1632 1706 1660 Hactenus
1723 1632 1760 1660 ν.
1779 1633 1816 1661 C.

1080 1678 1172 1713 Neque
1200 1679 1243 1706 hic
1270 1678 1406 1713 praeterire
1433 1678 1473 1706 fas
1496 1682 1538 1706 est
1565 1678 1654 1706 locum
1679 1686 1715 1706 ex
1739 1680 1848 1707 eodem

1045 1732 1125 1760 opere
1143 1724 1179 1751 De
1196 1733 1277 1751 causa
1296 1725 1410 1752 universi
1425 1730 1592 1760 excerptum,
1609 1724 1656 1760 qui
1673 1732 1730 1752 non
1748 1731 1849 1753 exstat

1045 1771 1072 1798 in
1096 1778 1129 1798 eo
1145 1770 1306 1806 fragmento,
1319 1771 1392 1807 quod
1407 1771 1488 1798 hodie
1503 1775 1636 1805 superest.
1653 1769 1742 1798 Nobis
1762 1771 1848 1799 illum

1045 1815 1290 1844 servavitJoanues
1304 1816 1554 1852 Philoponus,licet
1571 1817 1637 1852 ipse,
1653 1816 1693 1843 uti
1711 1820 1740 1843 ct
1755 1817 1848 1845 Joané

1045 1870 1093 1890 ucs
1112 1861 1233 1890 Zonaras
1252 1862 1308 1898 (26)
1333 1870 1486 1900 perperam,
1504 1867 1534 1889 ut
1555 1862 1685 1893 vidimus,
1714 1862 1848 1898 Josepho

1045 1909 1192 1936 ascribunt.
1208 1908 1257 1935 Est
1275 1913 1365 1936 autem
1379 1907 1515 1944 ejusmodi
1531 1908 1587 1944 (27)
1602 1917 1610 1936 :
1623 1908 1660 1935 Τὸ
1675 1905 1736 1940 οὖν,
1748 1917 1847 1942 γεγη-

1045 1955 1122 1989 θήτω
1130 1955 1321 1990 στερέωμαέν
1332 1954 1417 1990 μέσῳ
1435 1955 1488 1982 τοῦ
1502 1955 1620 1989 ὕδατος,
1638 1956 1669 1982 οὑ
1681 1954 1792 1991 μεταξὺ
1802 1956 1848 1982 λέ-

1044 2011 1087 2037 γει
1109 2001 1155 2028 τοῦ
1172 2001 1246 2028 κάτω
1262 1999 1358 2033 ὕδατος
1372 2001 1420 2037 τὴν
1430 2001 1476 2027 τοῦ
1494 2000 1682 2037 στερεώματος
1708 2001 1847 2035 γενέσθαι

1045 2044 1180 2082 etiamm;
1187 2046 1316 2082 Ἰώσηπος
1330 2047 1474 2082 ὁῈίίραϊος
1485 2048 1514 2074 ὲν
1527 2046 1566 2082 τῷ
1576 2047 1646 2081 Περὶ
1659 2046 1714 2074 τοῦ
1722 2048 1847 2081 παντὸς

1045 2095 1140 2127 αιτίας
1154 2094 1347 2130 συγγράμματι
1362 2093 1494 2127 βούλεται,
1515 2094 1554 2125 εἰς
1575 2093 1648 2129 τρία,
1661 2093 1765 2127 λέγων,
1785 2095 1847 2129 διη-

1047 2140 1145 2177 ρῆσθαι
1162 2141 1192 2167 τὸ
1208 2140 1289 2176 ὕδωρ,
1307 2141 1354 2167 καὶ
1369 2140 1400 2167 τὸ
1416 2140 1465 2175 μὲν
1482 2140 1571 2175 τρίτον
1592 2138 1675 2166 αὐτοῦ
1697 2139 1740 2170 εἰς
1762 2140 1847 2173 γένε-

211 2182 245 2212 de
257 2185 312 2213 Deo
327 2185 416 2213 Verbo
431 2193 512 2213 carne
525 2184 597 2213 facto
611 2185 732 2220 loquitur
746 2194 752 2212 :
766 2185 858 2220 Τούτῳ
869 2186 883 2211 ὁ
900 2185 992 2221 Πατὴρ

1069 2195 1087 2213 ,v
1100 2188 1275 2223 συμπαγῆναι
1289 2187 1338 2213 τοῦ
1355 2185 1542 2223 στερεώματος
1554 2206 1562 2218 ,
1578 2185 1608 2212 τὸ
1623 2185 1651 2212 δὲ
1666 2185 1764 2220 τρίτον
1782 2186 1846 2212 ἐνα-

211 2232 300 2259 πᾶσαν
325 2232 415 2268 κρίσιν
440 2231 550 2264 δέδωκε,
574 2231 644 2258 Huic
665 2230 748 2258 Pater
768 2239 841 2258 omne
860 2231 993 2265 judicium

211 2278 283 2305 dedit
300 2285 309 2304 :
323 2277 550 2313 quemadmodum
565 2277 667 2304 scilicet
681 2275 759 2304 Joan.
776 2285 801 2308 v,
814 2276 858 2310 22,
875 2277 971 2312 legerat
985 2287 992 2305 :

213 2324 303 2359 Neque
325 2325 394 2351 enim
419 2324 501 2351 Pater
524 2324 624 2354 iudicat
647 2331 818 2358 quamquam,
843 2325 888 2351 sed
915 2331 990 2353 omne

213 2365 345 2403 judicium
364 2371 435 2398 dedit
454 2369 535 2397 Filio.
557 2369 676 2404 Itemque
691 2370 737 2397 ubi
749 2369 815 2397 dicit
829 2379 835 2396 ε
851 2370 924 2401 Χάος
940 2370 994 2406 γὰρ

213 2416 280 2452 βαθὺ
291 2417 337 2443 καὶ
348 2416 419 2452 μέγα
428 2415 481 2443 ἆνὰ
493 2415 574 2452 μέσον
587 2417 755 2452 ἐστήρικται,
765 2416 833 2443 ὥστε
846 2417 882 2452 μὴ
893 2417 994 2444 δίκαιον

213 2463 427 2498 συμπαθήσαντα
442 2461 646 2498 προσδέξασθαι,
661 2462 728 2499 μήτε
742 2462 832 2489 ἄδικον
844 2463 994 2498 τολμήσαν-

211 2516 245 2535 τα
257 2508 379 2534 διελθεῖν.
389 2507 473 2535 Chaos
484 2508 643 2543 profundum
654 2512 677 2535 et
693 2516 815 2544 maguum
828 2509 896 2535 inter
907 2513 994 2535 utras-

211 2563 260 2590 que
271 2556 406 2589 ﬁrmatum
420 2559 468 2586 est,
487 2559 515 2581 ut
535 2563 616 2590 neque
633 2555 723 2590 justus
743 2555 802 2581 illos
817 2555 993 2582 miserationis

212 2601 307 2635 affectu
327 2601 445 2635 recipiat,
464 2609 544 2636 neque
557 2600 670 2635 injustas
683 2601 717 2628 ad
732 2601 777 2628 Iros
798 2601 892 2628 audeat
907 2606 994 2628 trans-

247 2677 304 2721 (βξ)
323 2677 475 2721 Fabricius.
490 2677 589 2706 Delect.
604 2686 706 2713 argum.
717 2682 753 2719 Γει
776 2676 877 2712 Syllab.
900 2678 991 2713 script.

212 2713 287 2743 εισι..
305 2721 329 2748 p.
346 2713 380 2739 62
393 2718 418 2740 et
432 2721 491 2748 seq.
717 2714 720 2719 ’

248 2748 302 2787 (ἓξ)
322 2747 358 2787 bc
372 2747 566 2787 Quiett.,_0pp.
580 2747 737 2787 Damascen.
755 2752 820 2775 tom.
838 2747 870 2782 Il,
887 2755 914 2782 p.
930 2747 991 2775 789.

248 2783 304 2816 (24)
325 2783 414 2815 Phot..
431 2783 500 2811 Bibl.
516 2784 577 2811 cod.
597 2791 688 2811 xuttt.

247 2817 456 2858 (315)8cribitur
484 2819 610 2855 Ἰώσηπος
636 2823 664 2847 et
686 2818 854 2856 Ίὼσηππος,
885 2819 932 2847 sed
966 2823 992 2847 ct

1045 2234 1172 2270 πομεῖναι
1192 2234 1282 2266 κάτω,
1300 2233 1330 2260 τὸ
1349 2233 1377 2259 δὲ
1399 2233 1489 2259 λοιπὸν
1507 2233 1596 2268 τρίτον
1613 2233 1642 2258 ἐν
1661 2233 1719 2264 τοῖς
1740 2232 1845 2265 νώτοις

1045 2280 1085 2312 εἰς
1105 2279 1170 2314 ὕψος
1196 2279 1475 2314 συνανακουφισθῆναι
1503 2278 1541 2314 τῷ
1567 2277 1749 2314 στερεώματι.
1785 2278 1845 2306 Hoc

1044 2330 1100 2352 est:
1117 2325 1201 2352 «Illud
1214 2325 1305 2360 igitur,
1319 2324 1383 2351 Fiat
1396 2325 1592 2359 ﬁrmamentum
1606 2324 1634 2350 in
1648 2324 1736 2350 medio
1746 2332 1843 2359 aqum.

1044 2378 1098 2398 non
1118 2372 1207 2406 arguit
1220 2376 1344 2398 naturam
1369 2370 1531 2397 ﬁrmamenti
1548 2369 1679 2397 exsistere
1695 2369 1724 2396 in
1743 2371 1843 2397 medio

1044 2424 1122 2451 aquae
1149 2417 1230 2452 hujus
1256 2417 1406 2448 inferioris,
1420 2421 1450 2443 ut
1467 2415 1602 2451 Josephus
1626 2415 1762 2443 Hebraeus
1781 2418 1844 2444 vnit.

1044 2464 1071 2490 in
1088 2463 1167 2495 libro,
1184 2471 1264 2498 quem
1277 2463 1439 2498 conscripsit
1452 2462 1490 2489 De
1502 2471 1583 2489 causa
1596 2462 1724 2494 universi,
1737 2462 1842 2491 dicens

1043 2517 1142 2544 aquam
1163 2509 1325 2543 tripartitam
1348 2516 1419 2542 esse,
1437 2512 1467 2535 et
1482 2515 1564 2535 unum
1588 2508 1700 2542 quidem
1724 2510 1841 2536 tertiam

1043 2554 1102 2589 ejus
1117 2555 1143 2581 in
1155 2554 1318 2581 ﬁrmamenti
1332 2554 1532 2589 generationem
1543 2553 1680 2581 coaluisse
1692 2562 1700 2583 :
1716 2554 1839 2582 alteram

1043 2607 1108 2627 vero
1119 2600 1225 2627 tertiam
1236 2599 1349 2627 inferius
1364 2600 1543 2632 remansisse;
1559 2599 1676 2634 denique
1691 2600 1839 2627 residuam

1048 2678 1170 2710 Ἰώσιπος
1184 2687 1216 2706 ac.
1238 2677 1389 2710 Ἰώσιππος.
1685 2702 1691 2708 ,

1042 2714 1134 2776 2ώὲϐ)
1154 2710 1252 2742 Zouar.
1270 2715 1296 2741 in
1312 2713 1408 2741 Annal.
1425 2713 1471 2742 lib.
1488 2723 1526 2748 νι,
1554 2713 1567 2751 ς
1583 2715 1610 2750 9,
1631 2725 1695 2753 pag.
1710 2717 1778 2751 2B7,
1796 2717 1835 2746 al.

1042 2769 1309 2854 Philopon.,
1331 2783 1368 2813 De
1380 2785 1472 2813 mundi
1485 2791 1565 2813 creat.
1580 2786 1626 2815 lib.
1643 2795 1689 2822 ιιι,
1704 2795 1767 2823 cap.
1787 2788 1834 2822 16,
