1861 3052
63 110 110 137 ἓῦἷ

559 111 602 138 DE
623 110 704 138 VITA
723 108 766 136 ET
785 107 941 136 SCRlPTlS
959 108 987 136 S.
1009 107 1201 136 lllPPULYTI.

1637 107 1690 135 298

67 170 141 196 aliam
157 169 279 200 tertiam.
294 177 346 204 per
370 169 576 196 rarefactioucm
601 169 628 196 in
649 169 766 196 sublime
801 176 854 194 una
866 172 887 198 Α
903 167 1006 202 primus
1027 168 1146 201 vulgavit
1166 166 1305 195 Fabricius
1319 175 1351 194 ex
1369 166 1470 194 codicis
1490 166 1610 194 Vaticani
1626 175 1691 202 apu-

67 221 124 240 cum
141 213 317 240 lirmamento
332 213 464 240 elevatam
477 220 546 239 esse.
563 222 572 238 ›
587 227 590 230 ~

98 260 232 286 therum
250 268 308 286 rem
325 268 375 288 acu
390 259 508 295 tetigisse
523 259 658 290 videntur,
671 259 717 293 qui
735 258 766 284 ad
781 258 852 285 istud

67 313 131 340 opus
157 304 353 340 Ilippolyteum
380 305 502 332 adversus
528 305 633 332 Grauius
655 310 680 331 ιι
703 304 851 336 Platonem,

65 350 222 377 existimant
249 351 403 384 respexisse
426 351 564 377 doctorem
589 350 761 381 maximum,
787 349 852 375 dum

66 397 100 423 ait
115 396 170 431 (28)
188 406 194 423 :
213 395 327 430 Scripsit
344 402 368 422 et
383 396 520 423 Miltiades
531 401 620 423 contra
637 401 721 430 gentes
734 395 852 422 volumen

63 443 205 477 egregium.
220 441 380 476 Hippolytus
394 450 504 477 quoque,
519 447 543 468 et
558 442 710 476 Apollonius
729 441 853 467 Romamn

64 487 134 514 urbis
158 492 278 518 senator,
294 488 401 522 propria
415 487 543 522 opuscula
559 487 743 514 condiderunt.
760 486 853 514 imita-

64 537 105 559 tus
121 540 222 567 nempe
243 532 326 560 fuerit
339 537 450 560 sanctus
464 533 545 560 Pater
560 533 632 560 viros
646 541 679 560 ea
693 537 852 568 tempestate

63 579 142 614 longe
163 579 351 611 doctissimos,
367 579 415 614 qui
430 579 601 606 ethnicorum
624 579 720 613 placita
744 579 852 614 seriptis

63 626 119 652 suis
144 631 269 653 evertere
286 626 406 660 aggressi
433 630 514 659 sunt;
532 625 709 658 Clementem,
728 626 850 661 inquam,

63 672 291 703 Alexandrinum,
307 672 403 700 Caium
418 672 537 699 sodalem
550 679 640 704 suum,
657 672 783 700 Ecclesia:
799 672 852 698 Ro-

63 725 151 744 manae
166 717 368 753 presbyterum,
383 723 410 746 et
427 718 508 745 alios.

174 803 180 805 _
326 773 526 802 ARTICULUS
543 773 587 802 Vl.

122 828 282 849 TBACTATUS
298 829 322 848 ὃ.
339 829 480 848 ιίιιοιιοιγτι
500 831 509 846 ι
525 830 628 849 CONTRA
646 829 762 849 NOETUI.
781 832 790 848 ι

79 877 93 914 §
109 878 127 904 Ι.
151 877 295 906 Tractatus
310 884 405 915 contra
423 878 536 915 Noctum
551 884 589 906 est
606 880 733 915 genuinus
747 881 834 906 sancti

344 913 481 949 Hippolyti
497 914 574 948 fctus.

99 970 233 1003 Quintum
248 971 338 997 locum
361 976 476 1006 occupat
490 972 596 1006 egregia
614 980 679 999 sane
701 972 853 1000 lucubratio

60 1024 154 1043 contra
166 1017 286 1043 ha'resim
300 1017 391 1044 Noeti.
405 1018 437 1054 Et
452 1019 595 1053 scripsisse
608 1019 716 1053 quidem
727 1018 852 1054 llippoly-

61 1069 117 1089 tum
135 1067 231 1089 contra
248 1070 343 1090 omnes
359 1063 485 1095 haereses,
504 1068 638 1091 testantur
650 1063 784 1092 Eusebius
797 1065 851 1099 (29)

61 1114 142 1142 atque
157 1108 340 1144 Hieronymus
354 1110 426 1145 (50);
444 1116 471 1136 at
487 1109 611 1142 Photius,
627 1110 672 1145 qui
696 1118 764 1145 opus
781 1110 852 1138 istud

61 1156 159 1190 l:-gisse
176 1156 354 1190 comperitur,
367 1164 417 1183 nos
431 1156 526 1183 edocet
537 1156 594 1191 (51)
606 1155 741 1191 llippolyti
752 1156 851 1183 lihrutn

60 1203 194 1228 adversus
210 1202 324 1230 haereses
338 1203 406 1229 duas
425 1208 452 1229 et
466 1202 575 1238 triginta
592 1208 732 1230 exaratum
749 1202 850 1235 fuisse;

61 1245 105 1271 ubi
123 1245 153 1271 S.
172 1245 252 1272 Pater
266 1246 371 1272 initium
385 1254 400 1273 a
413 1246 584 1273 Dosithcanis
598 1247 710 1279 ducens,
726 1247 752 1274 in
768 1247 852 1274 Noeto

60 1291 220 1323 desinebat;
247 1292 294 1326 qui
320 1292 449 1318 nimirum
468 1293 576 1326 prodire
591 1292 674 1327 cwpit
699 1293 851 1327 imperante

60 1336 218 1363 Alexandro
241 1337 292 1363 sub
317 1345 420 1364 annum
435 1336 498 1368 250,
519 1341 549 1364 ut
573 1337 696 1372 proinde,
710 1338 781 1372 quod
805 1345 852 1364 su-

60 1386 151 1415 perest
166 1382 241 1410 illius
258 1383 359 1417 operis,
375 1390 439 1417 pars
453 1383 548 1410 ultima
565 1383 654 1410 fuerit.
672 1384 712 1411 Ad
730 1383 790 1418 ejus
802 1391 851 1411 au-

60 1432 113 1454 tem
140 1428 325 1463 integritatem
350 1429 538 1462 astruendam,
554 1429 618 1456 illud
637 1429 664 1456 in
681 1430 776 1464 primis
804 1430 851 1457 ob-

59 1481 171 1501 servare
184 1478 306 1508 przestat,
321 1474 412 1502 locum
429 1474 563 1510 insignem
580 1475 702 1510 satisque
714 1475 848 1510 prolixum

903 214 1017 249 grapho,
1028 215 1101 249 quod
1115 215 1175 242 viro
1186 215 1413 250 prmstanlissimo
1427 213 1630 241 Montfauconio
1645 221 1691 240 ac-

903 265 1012 295 ceptum
1027 261 1129 288 retulit.
1146 261 1263 289 Alterius
1276 261 1378 289 codicis
1392 261 1478 288 Graeci
1493 260 1632 295 exemplar
1644 260 1690 287 de-

904 307 970 334 texit
992 307 1019 334 in
1036 307 1228 342 antiquissimo
1243 307 1271 335 S.
1289 306 1380 334 Basilii
1395 306 1561 334 monasterio
1577 305 1692 333 Guiliel-

904 361 965 380 mus
973 352 1120 380 cardinalis
1131 352 1245 380 Sirletus
1253 372 1260 385 ,
1277 353 1391 387 ejusque
1403 351 1527 379 meminit
1539 352 1565 378 in
1576 349 1691 385 epistola

904 398 1031 434 Liturgite
1045 398 1073 426 S.
1086 398 1168 426 Marci
1183 398 1354 434 evangelista:
1366 398 1505 433 praemissa
1524 397 1590 431 (54).

938 446 1070 473 Cancrum
1097 444 1187 478 operis
1212 444 1355 478 inscriptio
1370 443 1441 478 apud
1462 442 1628 469 Turrianum
1650 442 1690 468 sic

904 491 1000 526 legitur
1013 500 1019 517 :
1036 489 1156 517 Homilia
1168 489 1200 516 de
1212 489 1266 516 Deo
1283 491 1351 516 tritta
1366 494 1390 516 et
1404 497 1466 521 uno,
1478 494 1502 515 et
1518 488 1550 514 de
1565 488 1689 522 mysterio

904 535 1101 562 lncarnationic
1113 539 1205 561 contra
1217 534 1338 562 heresim
1353 534 1441 562 Nocti.
1455 534 1483 561 ln
1497 535 1590 562 codice
1598 539 1689 562 autem

906 580 1035 608 Vaticano
1056 584 1097 608 est
1122 580 1278 614 hujusmodi
1302 589 1308 606 :
1337 580 1442 615 Ὀμιλία
1471 580 1627 606 Ἱππολύτου
1650 581 1690 610 εις

903 627 951 661 τὴν
973 627 1079 661 αἵρεσιν
1091 627 1196 662 Νοήτου
1208 634 1289 658 τινος.
1313 625 1341 653 In
1356 634 1388 653 eo
1407 626 1544 653 enimvero
1566 625 1594 653 S.
1611 625 1690 652 Pater

903 673 995 699 lideles
1005 672 1140 699 interdum
1153 672 1312 707 alloquitur,
1323 677 1354 699 ut
1368 672 1394 698 in
1407 672 1527 698 homiliis
1541 671 1596 698 ﬁeri
1610 672 1689 699 solet.

904 716 956 742 Sed
976 716 1004 742 in
1023 716 1084 743 aliis
1107 723 1216 751 quoque
1231 716 1341 750 scriptis
1361 715 1455 743 eadem
1475 717 1602 743 methodo
1624 724 1690 745 usos

904 761 988 789 fuisse
1002 767 1105 790 Veteres
1122 763 1190 790 satis
1211 762 1307 797 liquet,
1323 767 1353 789 ut
1367 762 1481 790 advertit
1494 763 1619 791 laudatus
1634 763 1689 791 Fa-

904 807 1016 835 bricius.
1190 799 1195 804 ’

1076 853 1090 890 §
1103 853 1134 881 ll.
1151 854 1275 889 Analysis
1287 854 1365 889 hujus
1379 859 1518 882 tractatur.

939 921 1042 949 Noetus
1061 922 1140 957 juxta
1160 921 1192 949 S.
1208 922 1381 958 llippolytnm
1410 921 1461 950 fuit
1478 930 1576 958 genere
1593 923 1690 959 Smyr-

904 975 978 995 naus
996 968 1062 1004 (55).
1081 967 1154 995 Dixit
1167 968 1211 995 hic
1227 969 1371 996 hzereticus
1385 968 1525 996 Christum
1542 977 1602 997 esse
1613 978 1690 997 curn-

903 1015 963 1042 dem
988 1013 1108 1045 Patrem.
1135 1015 1280 1050 ipsumque
1306 1014 1413 1043 Patrem
1443 1017 1564 1050 genitum
1588 1024 1648 1043 esse
1663 1021 1690 1043 et

903 1068 1048 1095 passum...
1063 1060 1154 1087 aiebat
1166 1067 1195 1087 se
1210 1068 1270 1088 esse
1288 1060 1422 1096 Moysem.
1440 1065 1467 1088 et
1484 1061 1594 1088 fratrem
1609 1070 1688 1089 suum

903 1113 963 1133 csse
979 1106 1079 1133 Aaron.
1095 1105 1153 1134 Hoc
1163 1113 1224 1133 cum
1237 1107 1307 1134 beati
1321 1107 1469 1142 presbyteri
1485 1107 1626 1139 audirent,
1644 1116 1690 1135 ac-

903 1150 1033 1177 cersitum
1054 1157 1147 1177 coram
1169 1149 1291 1178 Ecclesia
1307 1151 1550 1184 examinaverunt;
1568 1153 1612 1180 ille
1626 1161 1688 1180 vero

904 1195 1018 1229 negabat
1041 1195 1185 1229 principio,
1207 1196 1247 1223 sic
1269 1204 1299 1223 se
1322 1197 1442 1229 sentire;
1467 1203 1559 1232 postca
1577 1206 1641 1225 vero
1661 1199 1689 1225 in

902 1240 1064 1274 quibusdam
1081 1240 1252 1274 delitescens,
1270 1245 1297 1268 et
1310 1241 1432 1269 collectis
1447 1242 1517 1275 aliis,
1533 1243 1580 1277 qui
1598 1243 1624 1270 in
1641 1250 1691 1270 eo-

903 1285 962 1311 dem
978 1293 1070 1313 errore
1084 1291 1180 1318 erant,
1199 1286 1306 1314 volebat
1325 1291 1417 1322 aperte
1431 1287 1528 1321 dogma
1544 1296 1623 1315 suum
1641 1289 1690 1316 de-

902 1329 1012 1358 fendere
1025 1339 1031 1362 ;
1049 1339 1130 1365 quem
1145 1339 1242 1359 rursus
1258 1333 1418 1359 accersitum
1435 1333 1583 1368 presbyteri
1597 1333 1690 1361 redar-

903 1380 1036 1410 guerunt;
1055 1377 1100 1404 ille
1114 1384 1180 1404 vero
1196 1378 1351 1409 resistebat,
1372 1378 1513 1413 inquiens,
1528 1379 1592 1414 quid
1607 1373 1690 1414 igitur

903 1422 966 1449 mali
995 1423 1074 1454 facio,
1100 1424 1124 1450 si
1146 1423 1285 1452 Christum
1305 1424 1429 1451 honoro?
1452 1425 1517 1452 huic
1540 1425 1688 1461 presbyteri

903 1470 1101 1503 responderunt
1131 1480 1138 1497 :
1164 1470 1199 1497 Et
1224 1478 1270 1497 nos
1296 1479 1378 1497 unum
1403 1470 1486 1497 Deum
1510 1479 1566 1498 vere
1591 1471 1688 1498 scimus

58 1528 90 1546 ex
105 1527 140 1546 eo
153 1520 333 1554 descripsisse
346 1525 470 1548 sanctum
487 1521 635 1553 Gelasium,
646 1521 690 1548 cui
702 1529 769 1555 opus
781 1521 848 1555 ejus-
864 1528 884 1556 ε
902 1514 1047 1549 Christum,
1067 1517 1163 1543 scimus
1180 1515 1280 1543 Filium
1295 1522 1401 1552 passum
1412 1537 1420 1550 ,
1442 1518 1510 1544 sicut
1527 1525 1621 1552 passus
1636 1522 1685 1548 est.

59 1565 132 1591 modi
147 1565 292 1592 brevitatis
306 1572 370 1600 ergo
386 1565 516 1592 Memoria
530 1566 658 1593 literarum
674 1566 785 1593 dicitur.
804 1565 850 1594 Sic

59 1610 130 1636 enim
148 1610 203 1642 ille,
220 1617 366 1637 recensens
384 1611 532 1636 testimonia
555 1615 670 1637 veterum
695 1610 726 1636 de
748 1611 850 1638 duabus

59 1657 86 1682 in
103 1655 213 1683 Christo
229 1657 334 1683 naturis
348 1656 404 1690 (52)
419 1666 425 1683 :
442 1656 580 1691 Hippolyti
590 1657 704 1691 episcopi
715 1661 740 1683 et
753 1661 851 1691 marty-

59 1702 96 1727 ris
118 1702 238 1728 Arabum
254 1702 403 1736 metropolis
418 1703 444 1728 in
459 1702 587 1729 Memoria
609 1702 735 1728 ha’resum
747 1709 755 1728 :
769 1711 779 1728 ι
799 1701 850 1729 Hic

58 1747 202 1781 procedens
217 1747 242 1773 in
254 1747 390 1779 mundum,
406 1747 476 1775 Deus
484 1753 508 1775 et
523 1748 599 1774 homo
614 1748 748 1782 apparuit,
768 1758 777 1773 ι
794 1753 848 1775 etc.

58 1793 125 1825 Quae
142 1793 254 1827 quidem
271 1794 352 1820 verba
363 1813 370 1825 ,
387 1795 511 1828 pauculis
529 1795 688 1826 immutatis,
704 1798 851 1821 occurrunt

59 1839 131 1873 apud
157 1844 283 1867 sanctum
305 1839 478 1875 Hippolytum
496 1848 555 1875 cap.
573 1840 615 1866 18.
630 1839 700 1872 Quid
721 1840 793 1874 quod
808 1840 850 1866 vel

60 1885 176 1919 ipsemet
200 1884 330 1918 Sandius,
350 1885 462 1920 reliquis
477 1885 643 1921 llippolytcis
658 1889 786 1920 tanquatn
801 1893 850 1912 no-

60 1931 116 1957 this
140 1931 261 1965 rejectis,
286 1931 337 1958 hoc
355 1939 437 1958 unum
460 1937 553 1958 contra
568 1931 679 1958 hu'resiu
697 1931 776 1958 Nocti
790 1940 850 1967 ger-

60 1983 172 2003 manum
189 1977 395 2012 agnoscendum
411 1976 551 2003 existimat
570 1977 637 2010 (55).

93 2021 260 2049 ΡτεςΙειι-υιη
284 2026 374 2048 autem
391 2022 463 2049 hunc
482 2022 705 2049 commentarium
721 2023 746 2048 in
762 2023 848 2049 lucem

58 2069 156 2095 extulit
168 2067 308 2095 Gerardus
322 2066 437 2094 Vossius
448 2066 615 2102 Tungrcnsis
630 2067 699 2093 inter
716 2067 850 2094 )liscella-

59 2121 107 2139 nea
120 2117 274 2139 sanctorum
288 2113 389 2147 aliquot
407 2112 521 2139 Patrum
535 2112 686 2139 ercorum
699 2118 723 2139 et
740 2113 849 2140 Latino-

58 2167 128 2190 rum,
148 2159 183 2185 ad
207 2158 309 2185 calcem
329 2158 446 2192 Operum
465 2157 494 2184 S.
510 2158 632 2193 Gregorii
652 2157 847 2193 Thaumaturgi

902 1567 1043 1595 mortuum,
1057 1562 1126 1588 sicut
1141 1567 1260 1589 ntortuus
1271 1567 1326 1594 est;
1337 1567 1361 1589 et
1375 1563 1531 1590 suscitatam
1546 1564 1626 1590 tertia
1640 1563 1682 1590 die

900 1613 924 1635 et
940 1608 1070 1635 sedentem
1097 1609 1132 1634 ad
1153 1609 1286 1636 dexteram
1312 1609 1415 1642 Patris,
1442 1613 1629 1644 venturumque
1652 1609 1687 1636 ad

896 1654 1071 1688 judicandum
1094 1655 1163 1681 vivos
1184 1659 1208 1682 et
1223 1659 1339 1682 mortuos
1352 1654 1427 1690 (36);
1450 1659 1532 1690 atque
1547 1655 1603 1683 hatc
1619 1656 1688 1683 dici-

902 1709 961 1727 mus
979 1709 1039 1735 qute
1057 1701 1212 1729 didicimus.
1229 1701 1306 1728 Tunc
1325 1701 1407 1729 istum
1424 1703 1580 1729 convictum
1600 1702 1688 1736 eiece-

900 1751 964 1773 runt
977 1755 1009 1774 ex
1023 1746 1158 1779 Ecclesia,
1172 1748 1218 1782 qui
1234 1755 1267 1775 eo
1283 1748 1431 1775 inﬂationis
1444 1751 1526 1781 venit,
1544 1753 1573 1774 ut
1589 1748 1688 1776 docere

900 1793 1064 1820 institueret.

934 1837 1085 1872 Antequam
1105 1837 1134 1864 S.
1155 1837 1313 1874 Hippolytus
1331 1839 1532 1866 distinctionem
1551 1839 1687 1866 Persona-

900 1890 960 1910 rum
982 1883 1009 1910 in
1027 1883 1130 1910 unitate
1143 1883 1242 1911 divinae
1255 1888 1359 1911 naturae
1373 1885 1399 1910 in
1418 1883 1468 1911 SS.
1487 1883 1621 1911 Trinitate
1636 1884 1686 1912 de-

900 1932 1044 1961 monstret,
1056 1929 1133 1964 prius
1145 1934 1305 1964 argumenta
1318 1929 1397 1956 Nocti
1410 1935 1505 1956 contra
1515 1929 1686 1962 Trinitatem.

900 1983 949 2003 seu
961 1975 1163 2003 distinctionem
1177 1976 1330 2003 divinarum
1342 1975 1524 2003 Personarum
1547 1976 1685 2011 proponit,

899 2027 924 2049 et
942 2021 1066 2048 dissolvit
1081 2022 1284 2055 interpretando
1300 2030 1393 2048 verum
1413 2021 1462 2049 SS.
1482 2022 1684 2056 Scripturarum

900 2076 1021 2100 sensum,
1038 2068 1137 2102 quibus
1157 2067 1280 2095 Noetiani
1296 2069 1494 2099 abolebantur,
1513 2069 1554 2095 vel
1567 2076 1683 2102 quarum

897 2111 1001 2141 textum
1019 2114 1152 2141 malitiose
1171 2114 1378 2141 detruncabant.
1401 2113 1533 2140 Refutatis
1551 2112 1627 2140 Nocti
1640 2121 1686 2140 ar-

900 2158 1035 2193 gumentis
1050 2158 1078 2186 S.
1095 2158 1254 2193 Hippolytus
1267 2159 1426 2186 Trinitatem
1441 2162 1468 2185 et
1482 2158 1683 2185 distinctionem

59 2205 122 2232 edit.
136 2204 305 2240 Moguntina:
325 2204 404 2236 1604,
417 2204 445 2235 ιί,
465 2212 496 2231 ex
520 2203 614 2230 Latina
628 2203 752 2231 versione
763 2203 849 2230 Fran-
867 2202 888 2229 Ι)
903 2206 1055 2233 divinarum
1076 2203 1258 2232 Personarum
1277 2205 1465 2232 demonstrare
1483 2205 1638 2239 aggreditur
1651 2212 1685 2232 ex

58 2251 122 2279 εἰς»ςὶ
147 2250 288 2283 Turriani,
316 2250 445 2285 subjectis
469 2250 549 2277 etiam
565 2250 847 2277 animadversionibus

58 2300 180 2334 ejusdem
200 2299 355 2334 interpretis
375 2307 435 2334 pag.
448 2299 541 2326 58-71.
564 2298 668 2326 Exinde
686 2306 750 2325 vero
763 2298 848 2325 editio

60 2347 170 2380 repetita
185 2347 212 2372 in
225 2345 401 2373 Bibliothecis
411 2344 522 2372 Patrum
534 2345 689 2373 Coloniensi
706 2345 784 2376 1618,
798 2344 848 2372 Pa-

60 2393 167 2420 risiensi
184 2391 264 2423 1644,
280 2397 308 2419 et
326 2391 499 2426 Lugdunensi
515 2391 594 2422 1677,
605 2399 655 2418 ttec
669 2393 762 2418 nonin
777 2391 847 2426 Sup-

59 2438 187 2474 plementi
199 2437 352 2465 Morelliani
366 2443 439 2465 torno
450 2438 472 2469 Ι,
483 2445 546 2472 pag.
561 2436 621 2464 620.
632 2436 724 2465 Grarce
737 2437 845 2464 deruunt

94 2517 151 2550 (28)
171 2516 344 2552 Hieronyrm,
361 2516 440 2552 epist.
458 2515 490 2542 70
505 2516 538 2542 ad
553 2515 653 2552 Magn.,
668 2522 738 2543 orat.
755 2515 768 2551 §
782 2516 808 2543 4.

93 2553 149 2586 ('39)
171 2551 285 2583 Euseb.,
301 2551 338 2578 Η.
357 2551 389 2577 Ε.
406 2551 452 2577 hb.
466 2559 504 2581 vr,
519 2558 580 2584 cap.
597 2551 641 2577 22.

93 2588 148 2622 (30)
170 2586 342 2622 ﬂieronytn.,
359 2586 395 2612 lle
412 2587 461 2612 vir.
478 2585 590 2617 illustr.,
610 2593 669 2620 cap.
683 2587 727 2612 61.

93 2623 149 2655 (Si)
171 2621 264 2653 Phot.,
280 2622 350 2648 Bibl.
369 2622 429 2648 cod.
448 2629 520 2648 cut.

93 2658 148 2691 (32)
169 2657 274 2688 Gclas.,
292 2657 328 2683 De
350 2656 452 2682 duabus
463 2656 577 2688 naturis,
598 2660 662 2682 lom.
678 2655 723 2689 iV,
739 2660 808 2690 part.
826 2664 843 2688 I,

60 2691 186 2719 Biblioth.
199 2691 258 2719 l’l’.
274 2692 338 2718 edit.
354 2691 441 2718 Paris.
469 2691 548 2724 1644,
564 2699 590 2725 p.
608 2691 670 2717 4'24.

93 2729 148 2761 (:15)
162 2727 247 2754 Saud.
272 2727 352 2754 Nurl.
378 2727 450 2754 Hist.
467 2726 543 2759 σεεμ,
558 2727 584 2753 in
608 2730 685 2753 tract.
710 2725 745 2752 De
765 2730 842 2753 veter.

60 2764 148 2796 lcripl.
161 2764 226 2789 εδει.
240 2771 302 2798 pag.
313 2763 358 2789 27.

95 2799 149 2832 (54)
165 2797 227 2825 Vid.
248 2798 375 2825 Btbliuth.
401 2797 459 2824 PP.
487 2797 575 2824 Parit.
599 2795 678 2829 1644,
704 2800 771 2824 tom.
788 2795 843 2828 XII,

62 2839 118 2869 pag.
136 2834 200 2862 265.

203 2885 337 2913 ιδλτηοι..
353 2882 409 2912 Gn.
427 2881 466 2910 Χ.

900 2252 965 2285 ipsis
982 2252 1067 2279 sacris
1081 2251 1238 2286 Scripturis,
1261 2256 1288 2278 et
1300 2252 1325 2277 in
1337 2251 1432 2285 primis
1449 2255 1527 2277 notat.
1541 2250 1597 2285 (57)
1612 2251 1682 2285 quod

899 2305 966 2324 unus
973 2297 1006 2323 sit
1016 2297 1096 2328 Deus,
1108 2305 1181 2332 quem
1193 2305 1243 2323 non
1256 2296 1362 2323 aliunde
1371 2296 1545 2331 agnoscimus.
1555 2305 1636 2331 quam
1650 2305 1684 2324 ex

899 2342 984 2369 sacris
1000 2341 1180 2377 Scripturis...
1206 2342 1380 2376 Qucecunque
1399 2349 1463 2376 ergo
1481 2341 1510 2369 S.
1535 2341 1682 2377 Scriptura:

897 2387 1055 2423 praedicant,
1083 2388 1217 2419 sciamus;
1235 2392 1261 2414 et
1281 2395 1451 2422 quotcunque
1471 2389 1578 2419 docent,
1597 2396 1682 2423 agno-

898 2443 1016 2468 scamus,
1036 2439 1063 2461 et
1079 2435 1147 2461 sicut
1163 2434 1220 2460 vult
1233 2433 1310 2460 l’ater
1324 2434 1409 2466 credi,
1427 2435 1465 2461 sic
1479 2435 1642 2467 credamus;
1655 2440 1682 2461 et

933 2515 988 2551 (35)
1004 2514 1138 2551 ilippolyt=
1156 2518 1248 2551 contra
1270 2512 1438 2551 Naft._mtm.
1517 2511 1678 2551 Theodoret.

897 2546 944 2579 lib‘.
966 2546 994 2577 Ill
1011 2546 1110 2577 Ηὶιίνειί
1125 2548 1221 2584 fubul.,
1237 2557 1296 2583 cap.
1309 2549 1336 2579 5,
1353 2548 1433 2584 itletn_
1442 2547 1556 2584 aliirtnut
1576 2546 1594 2572 ὃ
1620 2546 1680 2584 Epi-

896 2587 1013 2621 phanius
1027 2593 1090 2612 vero
1100 2581 1276 2621 Ephesinum'
1290 2583 1383 2621 stautit
1400 2591 1406 2608 :
1419 2581 1448 2608 1η
1463 2582 1525 2621 A_.sia
1540 2581 1679 2615 oriundus,

896 2617 958 2648 urbe
977 2621 1087 2655 Epheso.
1099 2617 1301 2655 Epiph.|Ia_-rcs.
1318 2618 1361 2649 57,
1381 2617 1500 2655 num.

932 2650 1049 2690 (56)’111
1071 2650 1177 2682 articuli
1202 2655 1366 2690 coincitlttnt
1381 2650 1596 2690 cum_§ymholo
1613 2660 1626 2677 a
1646 2650 1678 2690 l_).

895 2686 998 2719 Irenaeo
1012 2691 1125 2717 recitato
1141 2691 1188 2717 lib.
1215 2698 1240 2719 ι,
1265 2697 1324 2723 cap,
1352 2688 1380 2720 ‘2,
1405 2693 1429 2714 et
1449 2687 1494 2714 lib.
1511 2695 1551 2718 III,
1568 2695 1627 2723 t-ap:
1644 2686 1677 2720 4;

896 2727 1030 2754 habentur
1042 2726 1123 2752 etiam
1142 2726 1212 2760 apud
1229 2721 1423 2752 Tertullianum
1439 2723 1486 2749 lih.
1503 2726 1593 2748 contra
1611 2721 1677 2749 Prw

895 2769 982 2790 aream,
996 2768 1054 2794 «ap.
1070 2762 1096 2786 ‘2.

932 2796 986 2833 (57)
1001 2796 1135 2831 llippolyt.
1153 2799 1243 2821 contra
1261 2794 1339 2821 Noet.
1350 2814 1357 2827 ,
1373 2801 1449 2821 num.
1465 2792 1491 2820 9.

1483 2874 1520 2902 10
