1861 3052
184 100 238 128 299

674 99 717 127 DE
738 99 816 126 VITA
836 99 880 127 ET
903 99 1057 127 SCRIPTIS
1078 100 1106 127 S.
1128 98 1320 128 IIlPPOI.YTl.

1747 102 1803 128 500

186 158 257 185 sicut
268 157 325 184 vult
340 156 424 185 Filius
436 157 591 192 glorificari,
607 158 646 184 sic
659 157 860 192 gloriﬁcamus;
875 163 901 185 et
912 160 964 187 sic-
978 162 999 190 Α
1016 164 1123 192 varunt,
1143 159 1235 186 Grrcec
1261 159 1369 194 quidem
1394 158 1560 194 Nicephorus
1581 158 1635 186 (ΣΡ.
1655 159 1681 186 in
1709 159 1804 185 Antir-

187 208 216 230 ut
240 203 296 230 vult
311 203 405 230 donari
421 203 549 237 Spiritum
574 208 709 235 sanctum,
736 203 775 230 sic
786 205 964 238 accipiamus,

185 256 240 276 non
260 249 407 276 secundum
425 248 558 284 propriam
574 249 752 281 voluntatem,
768 258 855 284 neque
869 259 968 277 secun-

186 294 250 321 dum
264 295 400 329 proprium
414 302 535 327 sensum,
551 303 638 329 neque
651 296 703 322 vim
720 296 863 323 inferentes
878 297 903 323 in
923 305 954 324 ea

186 349 246 376 quae
271 341 305 368 ab
321 349 354 368 eo
374 341 435 368 data
452 346 533 374 sunt,
561 342 607 368 sed
631 343 768 376 quomodo
787 343 842 376 ipse
865 351 913 377 per
935 343 965 370 S.

187 387 340 420 Scripturas
352 386 448 413 docere
462 386 557 418 voluit,
578 387 617 413 sic
632 387 824 422 intelligamus.

229 429 356 458 Posthtec
364 430 396 457 de
408 430 580 465 generatione
595 435 693 457 :rterna
708 436 734 457 et
745 431 950 459 consubstantia
962 447 966 451 -

183 475 257 503 litate
267 476 326 503 Filii
338 477 448 503 disserit
459 476 609 512 (58),:ttque
620 477 804 504 incarnatione
812 477 890 504 Verbi
899 478 964 513 (59).

183 522 266 549 Docet
281 523 369 550 solum
385 523 506 550 Verbum
523 523 758 558 incarnatum(40)
771 524 896 558 idemque
906 532 967 551 esse

182 569 278 596 Filium
299 569 344 597 Dei
357 571 423 606 (Η),
440 570 521 605 idque
537 577 570 597 ex
587 570 748 605 Apocalypsi
763 570 843 597 etiam
860 570 965 604 probat,

181 623 262 650 quam
276 615 327 642 sub
343 616 453 642 nomine
468 615 581 643 Joannis
597 616 769 649 evangelista:
787 616 888 643 laudat.
908 616 964 644 Non

180 660 297 693 Patrem,
315 661 361 688 sed
380 660 483 687 Filium
500 661 587 688 solum
600 662 768 688 inearnatum
783 661 867 688 fuisse
878 662 966 689 decla-

180 711 222 733 rat
240 707 295 742 (42)
319 709 463 741 monetque
489 707 676 734 curiositatem
700 708 726 734 in
752 707 887 742 mysteriis
910 715 967 741 per-

180 751 334 779 scrutandis
350 752 487 778 vitandam
503 760 572 779 esse.
594 751 714 779 Tandem
733 752 813 778 tradit
827 751 896 778 duas
915 759 965 777 na-

180 802 255 824 turas
277 797 398 831 duasque
421 798 592 831 operationes
617 798 642 825 in
668 796 778 824 Christo
799 796 964 831 proﬁtendas

180 850 240 869 esse
257 841 312 876 (45)
323 861 332 872 ,
348 846 446 869 etcum
458 842 602 877 doxologia
621 842 754 870 concludit
769 850 848 869 suum
865 847 963 868 tracta-

179 891 248 913 tum.
265 885 398 913 Caeterum
415 886 624 918 observandum,
643 887 716 921 quod
735 891 842 914 notante
860 887 894 913 cl.
910 885 964 912 Til-

180 931 309 958 lemontio
331 932 386 966 (Μ)
411 931 578 966 Epiphanius
593 933 688 959 haeresi
703 933 747 965 57,
767 940 828 967 quzc
840 937 881 960 cst
896 931 966 959 Noe-

179 978 327 1011 tianorum,
343 985 376 1004 es
390 977 542 1013 llippolyto,
558 978 621 1004 licet
637 986 690 1004 non
706 978 857 1010 nominato,
879 977 963 1004 multa

172 1024 213 1050 ad
227 1024 338 1050 verbum
352 1027 453 1058 repetat
465 1030 515 1058 pro
533 1023 683 1050 refutandis
695 1024 747 1050 illis
763 1023 907 1055 hmreticis,
922 1027 964 1049 at-

180 1069 334 1103 quejutlice
347 1067 484 1095 Ceillierio
499 1068 554 1103 (45)
567 1069 714 1096 verisimile
729 1069 809 1096 etiam
825 1073 876 1100 est,
893 1068 964 1103 quod

179 1112 348 1148 Epiphanius
369 1121 401 1140 ex
423 1113 474 1140 hoc
489 1112 648 1149 Hippolyten
667 1113 820 1149 fragmento
835 1114 908 1141 illum
924 1115 965 1140 Io-

179 1167 242 1186 cum
265 1158 423 1186 historicum
446 1158 479 1185 de
502 1159 782 1186 excommunicationc
804 1159 879 1186 Nocti
902 1167 964 1186 mu-

180 1209 275 1232 tuatus
293 1204 383 1231 luerit.
400 1203 518 1231 Tandem
543 1205 593 1231 hoc
616 1204 757 1240 Hyppolyti
773 1205 963 1240 fragmentum,

179 1254 274 1276 contra
301 1248 445 1284 Dupiuium
468 1249 524 1284 (46)
556 1249 622 1275 illud
650 1250 824 1281 inliciantem,
859 1250 965 1284 egregie

178 1295 317 1322 vindicant
352 1300 476 1323 auctores
510 1295 637 1322 Historia:
670 1295 807 1322 litterario:
847 1295 965 1322 Franco-

185 1349 244 1367 rum
253 1340 320 1376 (t7).

452 1386 650 1414 ARTICULUS
669 1385 726 1412 Vll.

178 1438 212 1460 νς
232 1440 376 1459 τιιΑετΑτυ
393 1440 416 1460 S.
439 1440 580 1460 “IPPOLYTI
605 1441 636 1459 DE
661 1439 809 1458 TIIEOLOGIA
826 1439 859 1458 ΕΤ
876 1439 966 1458 INCAR-

277 1475 390 1495 NATIONE
404 1476 537 1495 ADVERSUS
550 1475 671 1494 BERONEM
688 1475 723 1494 ET
738 1475 863 1494 IIELICEI.

179 1510 226 1547 ξι.
239 1511 371 1547 Επεγρια
388 1511 458 1539 VIII
469 1520 500 1539 ex
519 1520 635 1539 sermone
650 1513 682 1538 de
694 1512 823 1545 theologia
839 1516 863 1538 et
875 1511 961 1538 incar-

370 1549 475 1574 natione
486 1548 544 1582 quis
557 1547 631 1573 nobis
644 1548 765 1573 servat-it.

215 1603 375 1629 Anastasius
397 1603 536 1637 presbyter
551 1609 584 1628 ac
607 1601 736 1628 Romana:
753 1601 879 1628 Ecclesiae
896 1609 962 1636 apo-

179 1647 320 1674 crisiarius
337 1648 409 1674 circa
419 1648 535 1674 medium
546 1647 636 1674 saeculi
647 1647 753 1681 septimi
769 1651 882 1674 testatur
895 1648 962 1682 (48),

179 1693 251 1728 quod
276 1700 337 1720 cum
368 1693 603 1727 Constantinopoli
621 1699 804 1720 commoratus
826 1700 908 1725 esset,
928 1695 962 1721 ad

179 1739 268 1772 ipsum
295 1738 399 1765 delatus
419 1738 500 1765 fuerit
527 1739 595 1765 liber
626 1739 654 1765 S.
684 1739 816 1774 Ilippolyti
843 1739 961 1774 episcopi

179 1783 276 1811 Portus
295 1783 410 1810 Romani
435 1792 466 1811 ac
486 1785 623 1820 martyris,
646 1785 672 1811 in
690 1793 744 1819 quo
759 1786 908 1820 anticipata
918 1794 962 1813 re-

181 1829 250 1856 fellit
267 1830 389 1857 haeresim
411 1829 664 1862 Monothelitarum;
689 1839 769 1865 quem
791 1839 852 1858 cunt
878 1836 962 1858 totum

179 1875 331 1902 describere
344 1876 433 1908 vellet,
457 1877 499 1902 vix
518 1876 601 1904 valuit
615 1885 647 1903 ex
665 1876 722 1910 ipso
735 1877 794 1910 plus
807 1885 888 1911 quam
902 1882 962 1904 octo

179 1921 239 1949 loca
256 1929 303 1949 seu
319 1922 473 1949 testimonia
488 1923 639 1954 extrahere,
660 1923 759 1949 invidia
777 1922 964 1950 Monothclila-

179 1967 304 2002 rum,qui
314 1968 438 1994 eumdem
452 1968 549 1995 librarii
562 1976 576 1995 c
587 1969 710 1995 manibus
720 1969 770 2002 ipsi
781 1969 961 2003 diripuerunt.

179 2011 246 2039 Octo
258 2013 315 2039 haec
326 2012 475 2047 fragmenta
489 2021 522 2040 cx
540 2021 665 2040 sermone
685 2013 720 2040 De
739 2014 866 2048 theologia
882 2019 905 2040 et
920 2015 962 2041 in-

179 2057 331 2083 carnatione
346 2061 441 2084 contra
467 2057 598 2084 Heronem
612 2063 639 2084 et
664 2057 781 2085 IIelicctn
799 2059 877 2086 nobis
905 2067 962 2086 ser-

285 2174 420 2218 Ilippqut.
431 2177 616 2218 εοηιηξένοει.
635 2186 709 2204 tnnn.
727 2178 768 2210 l0,
780 2178 821 2205 Il.

215 2211 270 2245 (59)
284 2210 322 2238 Id.
335 2210 413 2245 ibid.,
425 2220 500 2238 num.
517 2213 559 2239 12.

215 2245 270 2278 (40)
285 2245 324 2272 Id.
337 2246 413 2278 ibid.,
428 2255 503 2274 num.
522 2248 555 2273 Μ

316 2264 324 2272 α
337 2256 413 2279 II)I(I.,
428 2256 503 2274 llUlll.
522 2256 565 2274 14.

216 2280 419 2314 (41)Ι(1.ἰι›ἱι1.,
436 2290 511 2309 num.
525 2282 565 2308 15.

215 2316 271 2378 (4‘2;
286 2314 324 2342 Id.
335 2317 412 2348 ibid.,
427 2325 503 2344 num.
519 2317 561 2347 lli.
577 2317 620 2344 l7.

216 2350 260 2378 (45
286 2350 323 2376 Id.
339 2351 403 2378 ibid.
415 2371 423 2378 .
440 2359 515 2378 llum.
531 2352 562 2378 l7
579 2357 605 2378 et
620 2352 629 2378 l

317 2369 323 2375 .
339 2351 403 2378 ibid.
415 2371 423 2380 .
440 2359 515 2378 num.
531 2352 562 2378 Π
579 2357 605 2379 et
620 2352 661 2380 l8.

216 2354 271 2384 (43)
286 2354 323 2376 Id.
339 2354 403 2378 ibid.
415 2371 423 2383 ,
440 2359 515 2378 llum.
531 2354 562 2378 Π
579 2357 605 2379 et
620 2354 661 2380 l8.

217 2385 273 2422 (ait)
286 2384 451 2422 Tillemont”
473 2385 606 2418 Mémoir..
624 2393 690 2414 tom.
706 2387 749 2420 Ill,
767 2396 827 2422 pag.
843 2389 905 2416 107.

287 2419 612 2462 ρθίῌίειυιμξξιτθέηένη
632 2427 698 2449 ιοηι.
715 2423 746 2462 l_l,

215 2455 271 2492 (μέ)
286 2454 523 2492 Dupin,!)ibtiothl
541 2462 623 2492 auct.)
637 2462 704 2485 tom.
719 2454 743 2490 I,’
753 2454 812 2492 pag:
824 2459 883 2485 I77.

216 2489 361 2552 9292i“.
383 2490 466 2517 tittér.
488 2492 519 2518 de
543 2492 570 2518 tu
594 2491 706 2525 France,
727 2489 793 2520 tom.
809 2492 835 2526 I,
859 2499 926 2528 part.
941 2502 961 2525 ι,

199 2535 240 2552 aa.
254 2534 314 2552 θυι.

180 2534 456 2597 NﬁSjat‘br-mterea
467 2562 527 2589 misi
541 2561 573 2588 ad
584 2571 702 2597 prtescus
715 2570 776 2590 cum
788 2563 837 2589 hac
849 2563 963 2596 cpistola

181 2603 277 2636 inea“:
305 2595 424 2635 notulam
450 2595 592 2636 habenten]
616 2598 768 2636 testimonia
789 2606 821 2624 ex
838 2595 917 2624 dictis
933 2599 961 2625 S.

182 2629 319 2670 Hippolyti
340 2630 465 2670 episcopi
499 2631 595 2659 Portus
624 2632 738 2660 Romani
770 2640 801 2660 ac
827 2634 963 2670 .martyris

181 2664 287 2692 Christi
302 2664 347 2691 Dei
361 2667 464 2701 nostri,
488 2674 542 2700 quo
557 2673 583 2693 et
601 2675 648 2701 per
669 2675 699 2694 ea
723 2675 805 2694 nosse
827 2664 961 2700 habeatis,

181 2707 263 2735 quam
280 2700 451 2727 concorditer
470 2709 530 2728 cum
544 2700 607 2729 aliis
622 2703 749 2730 omnibus
760 2703 862 2730 sanctis
877 2701 963 2729 Patri-

180 2733 232 2762 lius
250 2733 399 2776 Salvatoris
413 2737 497 2776 nostri
508 2735 571 2764 Jesu
591 2736 693 2764 Christi
711 2737 838 2776 prtedicet
851 2742 963 2764 naturas

181 2776 208 2807 et
221 2771 401 2804 operationes.
414 2771 517 2798 refellat
531 2776 620 2799 autem
636 2780 693 2804 eos,
705 2771 751 2807 qui
768 2779 850 2800 unam
864 2779 960 2806 opera-

181 2806 282 2832 tionem
298 2810 323 2833 et
340 2810 462 2834 naturam
480 2814 561 2834 unam
578 2806 726 2835 divinitatis
741 2811 768 2834 et
788 2807 962 2834 humanitatis

1018 206 1122 232 rltetit‘is
1145 210 1238 233 contra
1256 204 1467 238 leouomachos;
1483 205 1644 232 Anastasius
1657 212 1720 231 vero
1736 212 1805 239 apo-

1015 251 1156 278 crisiarius
1176 252 1202 278 in
1227 251 1284 278 suis
1305 250 1475 278 Collectancis
1505 250 1599 277 Latine
1619 250 1735 277 reddita.
1765 249 1804 276 Ex

1017 296 1141 323 Turriani
1156 296 1282 323 versione
1293 296 1395 330 primus
1410 296 1453 322 illa
1472 296 1589 330 vulgavit
1602 294 1738 322 Henricus
1750 294 1805 321 Ca-

1016 342 1112 370 nisius.
1131 341 1223 369 Graeca
1242 342 1368 376 deineeps
1383 350 1416 368 ex
1432 341 1552 375 ejusdem
1565 340 1692 367 Turriani
1706 340 1806 367 codice

1015 387 1117 414 addidit
1140 386 1326 413 Anastasianzc
1351 387 1468 413 \ersioni
1495 385 1666 413 Sirmondus.
1705 384 1806 412 Gnece

1017 433 1079 460 item
1092 438 1118 459 et
1131 432 1224 459 Latine
1236 431 1354 467 Operum
1372 431 1400 459 S.
1413 432 1522 459 Maximi
1543 436 1615 458 tomo
1633 430 1643 457 l
1659 430 1805 465 praemissa

1015 479 1100 506 edidit
1117 478 1308 511 Combetisius,
1327 479 1373 513 qui
1393 483 1420 505 et
1434 477 1570 505 Anastasii
1587 477 1745 503 wrsionem
1762 483 1806 502 re-

1015 524 1131 552 censuit.
1153 524 1250 550 Eadem
1267 523 1363 550 exinde
1376 523 1403 550 iu
1423 531 1502 550 suum
1520 521 1691 557 Hippolytum
1709 525 1806 547 trans-

1017 570 1077 597 tuiit
1100 569 1252 596 Fabricius.
1286 569 1409 596 Posthmc
1434 577 1467 595 ex
1491 567 1645 594 Combelisii
1669 567 1803 598 editione,

1016 615 1108 642 Graeca
1126 614 1275 649 desumpsit
1302 613 1462 648 Basuagius,
1481 621 1512 640 ac
1532 612 1658 639 Turriani
1679 611 1806 638 versiont

1016 661 1137 695 ad-jumtit
1157 664 1223 686 tom.
1246 659 1255 686 Ι
1275 659 1401 685 Thesauri
1420 658 1575 690 Canisiani;
1593 659 1626 684 ad
1644 657 1724 691 cujus
1747 656 1806 682 cal-

1015 713 1074 734 cem
1100 710 1229 741 prmterea
1254 704 1286 731 V.
1309 704 1339 731 (Ζ.
1367 704 1471 731 Claudii
1492 702 1711 738 Cappcronnierii
1743 702 1826 728 aui-‘

1016 752 1217 779 madversioues
1243 751 1270 778 in
1293 750 1429 777 Anastasii
1451 749 1601 776 versionem
1619 755 1681 775 cum
1697 747 1806 774 Graecis

1017 798 1140 825 collatam
1165 797 1272 831 adjecit.
1300 795 1347 822 llis
1372 795 1501 822 subsidiis
1518 795 1666 821 instructus
1682 794 1717 821 cl.
1737 792 1806 820 Gal-

1017 843 1123 870 landius
1153 843 1298 870 editionem
1329 849 1406 868 suam
1439 840 1561 874 paravit;
1589 839 1803 874 praecedentium

1015 889 1147 915 editorum
1165 887 1367 915 observationes
1389 886 1512 920 subjecit,
1532 893 1618 920 neque
1635 889 1714 912 notas
1729 885 1806 911 omi-

1015 935 1059 966 sit,
1081 942 1149 969 quas
1164 934 1286 961 eruditus
1309 931 1562 959 Sirmondianorum
1578 931 1665 958 editor
1683 930 1804 964 margini

1015 981 1120 1011 allevit;
1138 979 1275 1006 Anastasii
1299 978 1419 1005 versioni
1442 977 1659 1005 testimoniorum
1673 975 1806 1010 llippoly~

1016 1030 1131 1056 tem-um,
1153 1024 1380 1052 Combetisianam
1400 1023 1588 1050 recensionem
1605 1022 1744 1056 apposuit,
1761 1027 1806 1048 at-

1014 1080 1067 1106 que
1089 1072 1207 1106 integras
1227 1069 1446 1104 Cappcronnierii
1467 1068 1717 1095 animadversiones
1736 1068 1806 1095 sul;-

1014 1118 1090 1146 didit.

1051 1163 1086 1190 De
1111 1161 1201 1197 operis
1224 1161 1375 1196 integritate
1399 1163 1509 1187 nonest
1525 1158 1646 1194 profecto
1663 1166 1714 1186 cur
1739 1157 1805 1192 jure

1015 1208 1138 1235 dubitare
1153 1207 1214 1241 quis
1229 1207 1326 1233 valeat.
1344 1205 1416 1232 Nihil
1431 1205 1530 1240 quippe
1543 1205 1570 1232 in
1583 1205 1624 1232 his
1640 1204 1805 1239 fragmentis

1015 1253 1102 1286 legere
1126 1257 1176 1283 est,
1199 1251 1272 1286 quod
1290 1250 1462 1285 Hippolytum
1480 1250 1600 1284 apprime
1617 1257 1669 1276 non
1684 1250 1803 1282 deccat;

1015 1298 1139 1332 quinimo
1156 1298 1212 1324 sive
1231 1301 1423 1332 argumentum
1440 1299 1555 1330 spectes,
1572 1295 1628 1322 sive
1641 1295 1804 1330 disputandi

1016 1344 1164 1376 rationem;
1198 1343 1287 1369 omnia
1319 1350 1387 1376 pene
1412 1341 1517 1376 gemina
1545 1348 1605 1368 cum
1637 1340 1803 1374 praecedenti

1016 1390 1147 1424 opusculo
1164 1394 1256 1416 contra
1273 1388 1387 1415 Nectum
1404 1387 1543 1421 reperias;
1566 1391 1595 1413 ut
1613 1387 1728 1421 proinde
1746 1387 1803 1414 fra-

1016 1440 1124 1469 gmenta
1149 1435 1282 1470 ejusmodi
1307 1434 1403 1460 merito
1425 1432 1561 1460 vindicent
1585 1431 1730 1468 Hippolyto
1750 1433 1801 1459 viri

1016 1481 1176 1513 doctissimi,
1193 1480 1285 1508 Bullus
1299 1480 1354 1515 (t9)
1375 1480 1400 1506 in
1410 1479 1516 1513 primis,
1535 1477 1726 1505 Tillemontius
1744 1477 1803 1514 (50)

1015 1525 1123 1560 aliique.

1049 1572 1101 1599 Sed
1126 1572 1166 1598 \‘ir
1194 1571 1370 1598 doctissimus
1384 1570 1466 1597 Ellies
1480 1569 1602 1605 Dupinus
1615 1570 1726 1597 dubitat
1736 1590 1746 1602 ,
1769 1579 1802 1597 an

1015 1617 1058 1644 illa
1073 1621 1197 1651 excerpta
1216 1617 1244 1643 S.
1258 1617 1426 1651 Hippolytum
1445 1616 1562 1642 habeant
1574 1620 1711 1643 auctorem
1723 1617 1801 1652 (5i);

1017 1662 1119 1689 Natalis
1131 1668 1219 1689 autem
1235 1662 1396 1694 Alexander,
1419 1661 1555 1693 Petavius,
1570 1661 1688 1689 Sandius
1701 1662 1762 1697 (5‘2)
1775 1668 1803 1689 et

1014 1708 1162 1743 Basnagius
1176 1708 1231 1743 (55)
1243 1709 1356 1743 probare
1370 1708 1610 1734 conanturlibrutn
1619 1707 1656 1734 De
1667 1708 1802 1742 theologia

1014 1760 1037 1781 et
1048 1754 1229 1781 incarnatione
1238 1761 1291 1780 non
1299 1761 1359 1780 esse
1369 1753 1396 1780 S.
1415 1753 1547 1789 Hippolyti
1561 1761 1628 1787 opus
1637 1752 1800 1788 genuinum.

1013 1800 1162 1826 Audiamus
1180 1800 1268 1833 ipsum
1284 1797 1405 1826 Natalem
1424 1799 1606 1826 Alexandrum
1623 1798 1681 1833 (54)
1704 1804 1801 1826 contra

1013 1845 1070 1872 hmc
1085 1850 1209 1879 excerpta
1222 1845 1272 1871 ista
1283 1845 1460 1871 disserentem
1476 1854 1482 1871 ε
1498 1854 1506 1870 ι
1523 1844 1602 1871 Liber
1615 1844 1652 1870 De
1667 1844 1801 1880 theologia

1013 1896 1036 1918 et
1051 1891 1231 1917 incarnatione
1252 1895 1345 1918 contra
1366 1890 1496 1917 Beronem
1512 1895 1539 1917 et
1552 1889 1670 1917 IIclice-m
1688 1892 1801 1918 haereti-

1013 1944 1094 1963 cos...
1111 1944 1165 1963 non
1190 1936 1295 1962 videtur
1309 1943 1369 1962 esse
1390 1936 1475 1963 sancti
1492 1935 1637 1970 Hippolyti,
1652 1935 1734 1970 cujus
1751 1944 1800 1963 no-

1014 1990 1074 2009 men
1091 1981 1207 2016 prmfert.
1225 1981 1279 2008 Nec
1292 1982 1364 2008 enim
1379 1982 1438 2015 ejus
1451 1981 1598 2008 meminere
1610 1985 1727 2014 veteres,
1749 1989 1800 2009 nec

1014 2027 1139 2062 congruit
1157 2027 1322 2060 temporibus
1339 2025 1485 2061 Hippolyti.
1503 2025 1612 2052 Rt-l'ellit
1628 2026 1700 2053 enim
1721 2034 1800 2054 erro-

1014 2081 1070 2099 rem
1085 2072 1248 2106 Apollinaris
1265 2077 1292 2099 et
1311 2072 1466 2107 Eutychetis
1478 2072 1512 2099 de
1529 2072 1681 2099 mutatione
1698 2073 1800 2100 divini-

1015 2179 1073 2214 ejus
1102 2180 1317 2217 dogmatizant...
1344 2180 1420 2208 Hunc
1447 2181 1544 2217 librum
1563 2181 1683 2217 Byzantii
1707 2182 1798 2213 nobis.

1014 2220 1157 2249 antequam
1180 2216 1251 2249 passi
1274 2215 1429 2248 fuissemus,
1445 2216 1574 2249 delatum,
1586 2215 1654 2243 ‘cum
1673 2217 1747 2244 hunc
1763 2224 1800 2244 to-

1014 2255 1070 2276 tum
1104 2251 1232 2277 vellemus
1262 2251 1456 2282 transcribere,
1479 2252 1569 2278 subito
1586 2251 1664 2286 juxta
1680 2259 1799 2279 COIISUC-

1014 2285 1132 2312 tudinem
1146 2293 1224 2312 suam
1237 2286 1392 2313 insistentes
1409 2287 1556 2313 adversarii
1572 2287 1707 2313 latronum
1721 2295 1799 2315 more

1014 2325 1171 2354 rapuerunt,
1197 2325 1224 2346 et
1249 2329 1302 2347 non
1328 2321 1461 2348 valuimus
1489 2329 1521 2348 ex
1549 2322 1608 2355 ipso
1631 2321 1692 2356 plus
1712 2330 1797 2356 quam

1013 2359 1074 2389 octo
1099 2355 1156 2382 haec
1175 2355 1327 2381 testimonia
1343 2356 1445 2382 tollere.
1473 2365 1482 2381 ι
1506 2355 1643 2388 Anastas.,
1668 2355 1750 2389 epist.
1764 2359 1797 2384 ad

1013 2388 1148 2452 Eiliegggs.
1155 2391 1281 2452 2‘p7rspsbyt.
1299 2390 1459 2426 Gaugtens.,
1471 2396 1536 2418 tom.
1549 2390 1583 2417 Ill
1593 2392 1661 2426 Opp.
1675 2388 1798 2419 Sirmon-

1243 2459 1348 2494 Defens.
1363 2460 1410 2495 ῥά.
1431 2460 1545 2494 Meam,
1561 2466 1627 2489 sect.
1641 2469 1670 2494 ιι,
1686 2469 1748 2497 cap.
1769 2464 1796 2495 8,

1052 2530 1108 2591 (15‘9")
1127 2529 1280 2563 Tillemont,
1293 2529 1415 2557 Mémoir.
1428 2531 1502 2563 eccl.,
1521 2537 1587 2559 tom.
1602 2531 1645 2563 lll,
1661 2539 1723 2566 pag.
1747 2531 1796 2558 tos

1012 2568 1039 2590 cl
1057 2565 1115 2591 “)9.

1049 2600 1106 2635 (51)
1121 2599 1220 2634 Dupin,
1234 2599 1302 2635 Bibl.
1320 2605 1402 2633 aurtz,
1416 2608 1477 2635 pag.
1491 2601 1550 2628 I78.

1049 2633 1104 2671 (se)
1119 2633 1214 2671 §aud.,
1234 2634 1289 2661 νει.
1306 2637 1398 2669 script.
1416 2633 1519 2666 ἓεὸιεεη
1536 2644 1596 2671 pag.
1609 2636 1655 2663 27.

1049 2669 1105 2703 (55)
1117 2668 1248 2703 Basnage,
1261 2668 1447 2698 Animadvers.
1457 2671 1490 2698 ad
1506 2668 1630 2698 Tliesaur.
1643 2671 1794 2703 Canisian.,

1013 2708 1080 2731 torti.
1092 2704 1112 2736 I,
1129 2713 1188 2739 pag.
1206 2705 1248 2736 10,
1262 2705 1305 2731 II.

1021 2773 1027 2776 Δ
1050 2739 1106 2776 (54)
1121 2738 1208 2776 Natat.
1227 2739 1382 2776 Alexandr.,
1397 2739 1467 2769 IIist.
1483 2741 1585 2775 eccm"
1599 2748 1661 2769 saec.
1679 2748 1721 2774 ιιι,
1734 2747 1793 2776 cap.

1014 2773 1041 2807 4,
1056 2775 1163 2802 articul.
1184 2775 1208 2808 l,
1226 2782 1284 2810 pag.
1303 2775 1344 2802 65.
