1861 3052
31 115 60 141 5⁵]
66 115 75 140 l

526 117 568 144 DE
587 116 668 144 νιτΑ
687 116 731 144 ΕΤ
751 117 904 146 SCRIPTIS
924 118 952 145 S.
972 112 1173 148 ΗΠ)ΡῦιῖΠύ

1597 125 1650 152 51τῖ

31 172 90 199 L'ttis
104 171 130 198 in
147 179 284 205 carnem,
306 175 350 201 vel
364 176 454 211 carnis
468 175 493 202 in
511 175 594 204 Deum
613 178 653 209 (ut
666 182 772 204 constat
786 186 817 204 ex
834 183 855 209 Α
870 178 1000 205 adversus
1022 178 1205 214 Eutychianos
1223 180 1378 214 protulisset
1405 181 1432 207 in
1462 181 1548 210 tribus
1565 183 1651 211 dialo-

31 219 81 245 illis
94 219 186 245 verbis
195 220 295 254 capJ)
315 229 322 247 :
342 220 429 252 Quam
442 223 590 256 essentiam,
604 223 702 258 inquit,
716 224 819 250 habebit

30 265 256 298 eorumfopinione
266 266 354 300 [actus
363 267 439 293 homo
453 273 552 295 mutata
566 270 703 296 divini/ate
717 270 744 296 in
760 279 819 296 ear-

30 318 84 336 nem
94 311 106 336 1’
116 310 151 336 Et
167 320 252 344 quam
265 312 369 339 habebit
380 313 448 340 Deus
463 320 564 341 mutata
579 323 656 342 carne
672 317 698 342 in
713 316 794 342 Deum
807 317 819 343 .9

31 357 144 384 Mutatio
153 359 228 384 enim
241 360 356 386 duarum
366 362 592 388 naturaruminter
599 370 635 392 se,
648 362 769 389 interitus
779 368 817 390 est

29 405 182 430 ambarum.
212 403 268 431 Nec
293 404 381 431 soluat
403 410 463 439 post
479 405 592 432 haereses
612 406 774 441 Apollinaris
791 411 817 434 et

29 447 195 483 Eutychetis
209 449 266 483 jam
280 454 365 481 ortas,
382 458 473 476 verum
489 451 569 477 etiam
584 457 645 485 post
658 450 817 478 Monotheli-

27 498 114 520 tarum
127 493 262 520 haeresim
276 494 388 521 offusam
400 516 407 527 ,
424 496 592 530 conscriptus
608 497 712 523 videtur
724 497 773 524 iste
784 498 816 524 li-

25 538 79 565 ber.
98 538 171 565 Nam
192 540 218 565 in
234 547 267 566 eo
279 540 397 567 maxima
413 548 474 574 pars
487 540 545 575 ejus
560 547 690 575 versatur,
710 548 737 570 ut
748 543 816 570 duas

25 585 50 610 in
69 585 190 611 (lhristo
204 586 378 620 operationes
392 587 502 621 prohet;
519 587 638 622 alioquin
657 594 814 616 naturarum

24 630 222 658 confusionem
247 637 416 667 secuturam;
439 633 478 660 sic
498 642 594 669 nempe
610 635 689 662 habet
701 644 760 670 cap.
775 637 791 663 5
806 646 812 662 :

25 676 138 703 Carnem
157 685 175 703 a
203 677 286 704 Verbo
300 684 470 713 assumptum,
487 687 566 706 unam
584 686 607 707 et
623 681 739 708 eamdem
756 691 815 716 ope-

25 723 157 748 rationem
175 723 281 756 habere,
297 732 374 758 quam
389 725 524 758 divinitas,
539 732 643 760 propter
654 729 814 762 assumptio-

25 776 97 798 nem;
111 768 283 795 divinitatem
294 778 353 796 vero
368 771 484 797 eamdem
494 773 652 806 passionem,
664 782 742 808 quant
751 783 812 801 caro

24 819 131 848 propter
149 815 375 848 exinanitianem;
395 818 432 843 sic
446 820 616 846 mutationem
632 821 712 846 simul
725 826 750 848 et
763 823 812 847 mi-

24 861 138 887 stionem
160 869 194 887 ac
212 862 407 896 confusionem,
424 869 448 891 et
468 865 604 892 ambarum
616 872 772 894 naturarum
786 869 812 894 in
829 854 849 880 η

24 906 127 939 εείρεαε
141 909 337 934 conversionem
349 910 468 936 tradunt.
487 910 517 937 Si
546 913 615 938 enim
630 921 691 938 caro
708 922 812 940 assunt-

25 958 66 985 pla
81 953 206 979 eamdem
223 955 400 988 operationem
414 956 505 988 habet,
521 966 599 992 quant
617 959 741 986 divinitas
755 969 764 992 ,'
779 961 813 987 li-

25 1003 82 1032 quet
111 999 214 1033 [uetant
240 1008 296 1027 esse
314 1007 411 1028 natura
435 1002 519 1030 Deum
543 1004 685 1040 habereque
713 1008 811 1040 omnia,

25 1053 82 1072 cum
97 1046 196 1080 quibus
214 1049 374 1074 naturaliter
390 1049 547 1084 intelligitur
561 1050 646 1083 Deus;
662 1056 686 1078 et
701 1052 724 1078 si
743 1053 811 1079 divi-

25 1091 93 1118 nitas
106 1092 251 1118 exinanita
261 1094 379 1120 eamdem
389 1095 536 1128 passionem
548 1095 631 1127 subit,
640 1105 717 1131 quam
731 1106 810 1132 caro;

25 1138 105 1172 liquet
129 1139 235 1172 [actam
256 1147 311 1166 esse
337 1146 432 1167 natura
455 1149 571 1174 carnem,
596 1143 738 1178 habereque
763 1145 811 1171 illa

24 1185 123 1214 omnia,
149 1192 212 1210 eum
239 1184 333 1220 quibus
356 1187 515 1213 naturaliter
534 1189 606 1214 nosci
633 1194 716 1222 po'est
738 1199 809 1217 caro.

26 1229 90 1261 Qute
102 1230 174 1256 enim
191 1231 262 1256 inter
274 1239 301 1257 se
318 1236 380 1258 sunt
390 1233 505 1266 ejusdem
520 1235 688 1267 operationis,
711 1241 734 1261 et
759 1236 810 1270 effi-

25 1277 139 1309 cientia,
166 1285 198 1303 ac
224 1279 393 1312 cognitionis.
416 1283 440 1306 et
456 1281 561 1308 omnino
578 1281 646 1308 idem
660 1283 807 1316 patiuntur,

25 1321 127 1348 nullam
148 1329 254 1349 natura
272 1323 447 1357 (li/ferentium
464 1325 618 1353 admittunt.
634 1326 666 1354 Et
685 1336 744 1362 cap.
765 1330 781 1355 6
800 1338 806 1355 :

26 1367 76 1398 Qui
101 1368 221 1394 eamdem
250 1369 426 1396 onerationem
451 1371 559 1398 diversis
587 1374 690 1400 naturis
711 1374 810 1401 Christi

24 1412 135 1444 tribuit,
152 1413 335 1447 confusionem
351 1420 506 1443 naturarum
522 1418 602 1444 simul
620 1419 773 1454 introducit,
785 1427 808 1447 et

23 1459 179 1486 divisionem
195 1468 385 1494 personarum;
409 1471 466 1488 cum
486 1464 616 1490 naturalis
630 1467 741 1492 essentia
757 1475 808 1493 na-

24 1510 147 1531 turarum
168 1514 215 1539 per
236 1508 409 1534 mutationem
428 1510 616 1543 proprietatum
631 1513 734 1545 penitus
746 1515 807 1540 sub-
821 1524 830 1548 ι

23 1551 79 1577 lata
93 1553 138 1578 sit.
156 1551 189 1578 Et
204 1560 264 1587 cap.
282 1553 296 1579 7
314 1565 319 1580 :
337 1553 447 1580 Creator
463 1556 579 1582 onmiunt
595 1564 626 1582 e1
640 1563 732 1584 sancta
754 1558 807 1585 Vir-

22 1597 81 1629 gine
106 1597 197 1623 .llaria
217 1598 242 1624 in
255 1603 378 1633 conceptu
395 1608 471 1634 puro,
494 1602 550 1627 sine
567 1603 726 1635 mutatione,
748 1605 806 1631 ani-

25 1650 94 1668 mum
116 1643 306 1677 intelligentem
331 1653 389 1671 cum
407 1654 513 1680 corpore
535 1649 659 1675 sentiente
673 1650 724 1676 sibi
746 1653 805 1677 sult-

23 1689 190 1716 siantialiler
214 1690 317 1721 aniens,
336 1691 422 1724 [actus
444 1697 482 1719 est
501 1693 591 1726 homo,
608 1700 702 1722 natura
719 1706 734 1723 a
748 1705 806 1730 pec-

24 1740 82 1760 cato
98 1736 214 1764 alienus.
235 1735 306 1762 Deus
328 1736 448 1771 Verbum,
467 1738 534 1765 idem
549 1739 616 1766 Deus
632 1745 717 1772 totus,
738 1743 806 1768 idem

25 1781 87 1806 item
103 1781 182 1807 homo
198 1786 279 1814 totus,
308 1782 443 1809 divinitate
464 1785 568 1818 quidem
593 1786 680 1812 divina
696 1795 806 1821 operans

23 1834 69 1859 per
86 1831 206 1853 sanctam
225 1835 339 1860 carnem,
356 1836 412 1862 qua:
428 1835 525 1856 natura
544 1838 595 1857 non
613 1836 687 1858 erant
701 1834 805 1865 carnis;

23 1873 191 1899 humanitate
205 1881 263 1899 vero
276 1873 402 1905 humana,
422 1884 480 1910 qua:
497 1883 593 1903 natura
612 1886 663 1904 non
673 1884 747 1905 erant
762 1880 805 1905 di-

23 1918 160 1949 rinitatis;
177 1920 280 1952 patiens
297 1922 485 1947 sustentatione
503 1922 666 1956 divinitatis,
686 1925 751 1951 nihil
764 1926 806 1951 di-

23 1964 109 1990 tinum
128 1965 230 1990 nudum
255 1973 360 1999 corpore
383 1974 500 2000 oper-aus,
523 1968 638 2002 nihilque
662 1970 806 1996 humanum

23 2018 113 2045 expers
130 2011 299 2044 divinitatis;
313 2021 418 2040 servans
433 2014 483 2040 sibi
504 2022 595 2040 novum
615 2016 736 2048 modum,
754 2025 805 2051 quo

24 2061 144 2090 utraque,
167 2056 258 2082 diuina
279 2057 377 2084 scilicet
401 2062 427 2084 et
448 2058 562 2085 humana
577 2066 696 2093 operatus
713 2065 761 2090 est.
778 2067 804 2088 ut

24 2101 49 2126 ia
64 2107 158 2128 neutra
173 2107 270 2128 natura
283 2103 394 2129 mutatio
409 2104 491 2138 ﬁeret.
506 2104 584 2132 Certe
599 2114 660 2133 cutn
678 2107 733 2134 inec
750 2108 806 2134 Illo—

25 2148 219 2174 nothelitarum
249 2156 381 2179 errorem,
401 2151 507 2177 unicam
522 2152 547 2176 in
561 2151 669 2179 Christo
681 2153 805 2179 volunta-

871 224 921 258 εἰς.
933 231 1002 258 (tuos
1018 229 1112 251 contra
1127 225 1199 259 ipsos
1211 227 1378 261 composuit:
1396 227 1512 254 maxime
1523 236 1584 255 cum
1597 229 1651 257 alia

869 276 902 295 es
918 267 1049 303 Opt'l‘lbus
1066 269 1198 305 Hippolyti
1220 271 1278 298 loca
1300 277 1447 306 recenseat,
1468 274 1595 301 nimirum
1618 283 1652 302 ca:

870 315 987 340 oratione
1002 314 1033 341 de
1050 315 1233 342 distributione
1249 316 1417 349 talentorum,
1439 325 1471 344 ea:
1487 319 1598 353 epistola
1615 319 1650 346 ad

868 361 1009 393 quamdam
1025 362 1152 396 reginam,
1172 370 1203 388 ex
1219 371 1336 390 sermone
1353 364 1379 389 in
1396 363 1541 391 Helcanam
1557 371 1581 392 et
1595 367 1650 392 An-

869 413 946 437 nam,
970 414 1029 441 qute
1044 407 1134 434 minus
1150 408 1287 442 splendida
1304 416 1367 436 sunt
1383 414 1409 437 et
1432 410 1531 438 diserta
1543 432 1550 441 .
1566 420 1648 447 quam

868 458 910 482 ea,
927 460 987 486 qua:
1007 453 1128 487 proxime
1148 455 1319 483 adduximus.
1338 456 1396 484 Non
1415 458 1552 485 omisisset
1575 463 1649 486 certe

870 497 1093 532 diligentissimus
1118 500 1234 534 scriptor
1255 502 1407 529 testimonia
1434 503 1591 538 deprompta
1613 513 1647 532 ex

867 543 935 569 libro
948 543 984 570 De
1001 545 1130 580 theologia
1147 551 1171 572 et
1188 546 1379 581 incarnatione,
1398 553 1424 575 et
1443 549 1468 575 in
1488 558 1566 577 suum
1588 559 1648 578 sco-

866 596 929 622 pum
944 594 997 616 tam
1013 591 1113 618 directe
1125 591 1306 624 collineantia,
1327 601 1377 620 suo
1391 598 1444 620 tam
1461 597 1646 624 convenientia

865 642 1034 669 argumento,
1051 637 1073 664 si
1085 638 1111 664 itt
1124 645 1214 664 rerum
1230 643 1324 665 natura
1347 639 1414 666 liber
1429 640 1582 674 hujusntodi
1604 651 1648 670 ex-

865 681 987 708 stitisset.

902 735 911 751 l
929 726 1049 761 Denique
1061 727 1173 756 Bcronis
1184 733 1210 755 et
1226 729 1328 757 llcliccs
1342 731 1540 764 luercticorutn,
1552 738 1646 760 cotttra

864 779 932 806 quos
944 773 1032 800 editus
1049 773 1143 806 fertur,
1159 775 1230 802 nulla
1249 781 1291 803 est
1313 776 1339 803 in
1362 781 1416 804 tota
1436 782 1508 805 retro
1526 779 1646 814 antiqui-

865 822 919 845 tate
937 819 1078 846 memoria.
1100 830 1108 846 ι
1133 819 1269 848 Hactenus
1286 821 1317 849 V.
1331 823 1362 850 (Σ.
1380 822 1433 850 Nec
1449 825 1518 851 valet
1533 833 1646 860 respou-

863 871 924 890 sum
946 864 1048 892 Canisii
1069 870 1095 892 ct
1113 865 1271 900 Posscvini,
1297 875 1414 896 errorem
1441 871 1473 897 de
1498 872 1647 898 mutatione

863 910 1011 938 divinitatis
1027 912 1054 938 in
1076 912 1282 946 lnnnanitatem,
1303 915 1344 941 vel
1364 912 1540 944 humanitatis
1557 918 1582 944 in
1602 919 1646 945 di—

862 956 1018 989 vinitatem,
1041 965 1101 984 esse
1124 959 1302 992 antiquiorem
1319 959 1466 995 Eutychete
1488 971 1519 990 ac
1544 964 1646 998 Apolli-

863 1003 931 1034 nari,
950 1011 1011 1030 cum
1034 1004 1093 1038 ejus
1114 1006 1267 1032 meminetit
1286 1011 1395 1034 sanctus
1413 1007 1535 1036 Justinus
1551 1010 1577 1037 in
1591 1010 1646 1038 Ea;—

861 1050 988 1084 positione
1001 1050 1074 1084 ﬁdei,
1090 1051 1209 1086 adeoque
1222 1060 1275 1079 non
1289 1060 1348 1080 esse
1361 1054 1569 1089 ahjltdicandum
1584 1065 1646 1084 san—

861 1099 905 1121 clo
920 1093 1062 1130 Hippolyto
1076 1096 1173 1123 librum
1198 1098 1230 1124 dc
1254 1106 1307 1132 quo
1324 1099 1440 1133 agimus,
1462 1101 1534 1135 quod
1550 1110 1644 1129 eorum

861 1149 980 1169 errorem
996 1142 1110 1169 refellat.
1129 1142 1195 1170 Nam
1210 1145 1300 1171 statim
1317 1147 1461 1180 respondet
1472 1147 1575 1175 Natalis
1593 1149 1647 1175 Er-

861 1187 1015 1221 positionem
1029 1188 1091 1222 ﬁdei
1114 1197 1167 1216 non
1190 1197 1250 1217 esse
1273 1191 1418 1224 genuinum
1441 1194 1528 1221 sancti
1545 1194 1643 1222 Justini

861 1232 896 1259 M.
914 1241 992 1268 opus,
1014 1235 1135 1269 adeoque
1155 1237 1359 1270 responsionem
1382 1236 1484 1266 Canisii
1507 1244 1533 1267 et
1547 1240 1645 1268 Possc-

860 1279 914 1306 vini
933 1279 959 1306 in
972 1288 1053 1308 auras
1070 1289 1241 1308 evanescere.

894 1337 952 1372 §ll.
969 1337 1322 1377 Respondetttr_arguiiterztis
1340 1341 1432 1369 Natal.
1446 1342 1602 1377 Alexandri,
1618 1350 1642 1371 et

980 1373 1128 1399 vindicatur
1144 1373 1286 1409 Hippolyto
1301 1376 1347 1402 hoc
1361 1378 1524 1410 opusculum.

897 1418 995 1445 Verum
1020 1419 1076 1446 lucc
1092 1418 1194 1446 Natalis
1217 1427 1374 1455 argumenta
1395 1430 1444 1457 pro
1461 1424 1643 1458 abjudicattdo

861 1464 889 1491 S.
915 1464 1057 1500 llippolyto
1086 1469 1218 1494 tractatu.
1241 1467 1267 1493 in
1289 1468 1368 1501 cujus
1391 1471 1561 1503 possessione
1582 1473 1643 1506 plus

859 1519 938 1545 quatit
951 1511 1024 1538 mille
1039 1519 1125 1538 annos
1141 1512 1200 1542 fttit,
1215 1520 1268 1539 non
1279 1518 1342 1540 sunt
1356 1516 1421 1542 satis
1433 1517 1534 1550 gravia.
1550 1517 1642 1546 Primo

860 1556 929 1583 enim
955 1557 1051 1583 mirutn
1075 1558 1153 1584 nobis
1167 1559 1288 1592 videtur,
1305 1568 1353 1586 cur
1372 1569 1425 1587 non
1449 1564 1533 1596 possit
1549 1570 1644 1592 auctor

859 1602 1009 1629 catholicus
1025 1603 1173 1636 primorum
1197 1605 1275 1631 triutu
1292 1607 1449 1634 s;ecnlorum
1468 1608 1537 1635 idem
1560 1612 1642 1644 proli-

860 1649 910 1676 teri
931 1657 963 1676 ac
986 1648 1129 1677 defendere
1144 1650 1338 1686 quodvscmper
1349 1653 1481 1680 creditum
1503 1654 1553 1681 fuit
1573 1657 1599 1683 in
1617 1663 1643 1684 et

859 1695 893 1721 ab
908 1694 1026 1723 Ecclesia
1051 1700 1104 1722 tam
1127 1700 1188 1722 ante
1201 1716 1207 1727 ,
1225 1704 1304 1730 quant
1322 1703 1382 1732 post
1394 1706 1502 1728 exortas
1514 1701 1640 1730 ha-reses.

859 1739 988 1767 Fatcmur
1002 1741 1110 1774 quidem
1126 1749 1173 1768 eos
1188 1741 1297 1773 Patres,
1313 1744 1358 1776 qui
1381 1749 1440 1778 post
1456 1751 1550 1774 enatos
1565 1755 1642 1774 erro-

859 1794 914 1818 res,
929 1794 998 1820 quos
1014 1787 1094 1813 etiam
1111 1795 1347 1822 oppugnaverunt,
1365 1792 1502 1823 vixerunt,
1524 1793 1642 1827 plerum-

859 1838 912 1864 que
926 1831 1080 1857 accuratius
1095 1831 1167 1859 circa
1183 1833 1310 1860 veritates
1326 1834 1352 1860 in
1367 1838 1579 1864 controversiam
1595 1839 1642 1865 ad-

859 1876 954 1903 ductas
967 1884 1026 1903 sese
1040 1877 1215 1911 expressisse,
1231 1887 1312 1913 quam
1330 1881 1400 1913 illos,
1413 1882 1458 1916 qui
1471 1887 1533 1910 ante
1548 1892 1642 1911 enatas

859 1923 1045 1950 contentiones
1068 1924 1211 1959 scripsere.
1235 1927 1270 1953 At
1286 1935 1348 1954 vero
1372 1928 1433 1955 inde
1457 1929 1528 1956 haud
1549 1932 1640 1958 statim

859 1967 1037 2002 colligmdum
1051 1974 1102 2002 est,
1127 1971 1251 2003 loquendi
1275 1971 1418 2006 formulas,
1438 1983 1498 2009 quae
1517 1981 1578 2010 post
1592 1978 1642 2004 ali—

859 2012 936 2046 cujus
949 2009 1081 2041 haereseos
1093 2015 1222 2050 originem
1233 2017 1440 2050 adhibebantur,
1454 2028 1507 2047 non
1521 2022 1642 2055 potuisse

859 2058 983 2091 usurpari
1004 2059 1100 2085 saltem
1115 2060 1149 2086 ab
1164 2060 1300 2095 aliquibus
1324 2069 1387 2090 ante
1411 2065 1483 2092 illius
1508 2066 1641 2096 haereseos

858 2102 945 2130 initia.
965 2103 1043 2131 Ccrte
1059 2103 1086 2131 S.
1106 2105 1288 2139 Athanasius,
1306 2109 1352 2142 qui
1369 2110 1413 2136 ditt
1438 2116 1499 2138 ante
1516 2112 1641 2140 haeresim

859 2148 1110 2182 Mouothelitarum.
1127 2151 1348 2181 Nestoriauorum
1366 2160 1392 2182 et
1410 2155 1639 2192 Eutychianorum

25 2197 74 2218 tem
89 2194 331 2228 propugnantium,
343 2196 444 2222 directe
458 2201 563 2230 petant;
583 2198 804 2225 verisimillinmm
820 2202 844 2228 ι]
859 2194 1013 2228 scripserat,
1031 2196 1208 2224 nihilominus
1225 2200 1382 2233 mysterium
1396 2200 1593 2231 lncarnationis
1608 2212 1639 2231 ea

25 2244 72 2268 cst,
89 2239 192 2265 librum
209 2239 282 2266 illum
299 2247 361 2267 ante
377 2242 519 2275 septimum
538 2243 676 2273 saeculum,
692 2251 745 2278 quo
760 2252 806 2270 cx-

25 2285 74 2311 orti
90 2290 156 2312 sunt
173 2285 374 2318 Monothelitac,
391 2287 578 2315 elucubratum
605 2296 658 2315 non
677 2289 768 2316 fuisse.

59 2330 189 2358 cDeinde
212 2332 235 2358 si
259 2333 407 2359 exstitissot
432 2337 551 2367 tempore
578 2334 806 2362 Chalcedonensis

26 2377 128 2403 concilii
140 2397 147 2409 ,
171 2376 360 2405 Theodoretus
376 2378 420 2405 illa
436 2381 530 2413 procul
549 2380 633 2407 dubio
652 2381 806 2408 testimonia

59 2487 113 2520 (55)
137 2497 147 2513 ι
165 2488 292 2523 Cumque
308 2489 504 2527 ait_Christus:
523 2491 617 2522 Pater,
641 2493 663 2518 si
686 2493 807 2527 possibile

27 2528 70 2553 est.
83 2527 200 2550 transeat
216 2532 232 2549 a
247 2531 286 2549 me
305 2523 377 2550 calin:
391 2526 456 2551 iste:
483 2532 659 2553 verumtamen
678 2523 728 2554 non
750 2537 806 2555 mea

29 2557 151 2589 uoluntas,
165 2559 212 2585 sed
225 2563 272 2584 tua
287 2560 351 2596 ﬁat;
367 2564 408 2586 et:
428 2559 542 2593 Spiritus
556 2563 660 2596 quidem
673 2571 806 2596 promptus

29 2598 72 2628 est,
86 2601 146 2619 caro
159 2600 249 2620 autent
268 2595 394 2628 inﬁrma:
411 2595 480 2622 duas
496 2597 647 2624 voluntates
663 2595 699 2624 ibi
716 2604 807 2625 osten—

29 2626 79 2657 dit;
97 2629 208 2655 alteram
230 2626 397 2660 luunauam,
418 2639 477 2664 quae
499 2637 541 2657 est
563 2633 668 2663 carnis;
695 2634 806 2660 alteram

31 2663 149 2694 aivinam,
167 2672 230 2698 qua:
247 2664 294 2691 Dei
309 2669 359 2691 est.
376 2674 385 2688 ι
396 2663 536 2698 Athanas,
550 2666 585 2692 De
598 2667 735 2694 Incarnal.
749 2676 807 2695 con-

33 2700 67 2734 tra
78 2698 200 2731 Arianos,
217 2707 281 2734 pag.
299 2699 362 2726 88?.
383 2708 392 2723 ι
404 2699 495 2734 Itaque
509 2708 587 2727 verus
601 2707 641 2729 est
654 2703 699 2729 Dei
710 2703 805 2734 Filius,

33 2732 176 2767 priusquam
202 2732 287 2761 homo
313 2736 410 2766 ticrct;
438 2732 464 2761 et
487 2740 629 2769 postquam
654 2739 739 2766 factus
755 2732 806 2768 esti

33 2768 150 2801 incutiatur
174 2769 222 2796 Dei
246 2775 275 2796 et
300 2770 441 2796 hominum
467 2768 695 2800 homOCChristus
717 2774 804 2801 Jesus-

33 2798 77 2828 “0c
90 2805 171 2836 enim,
186 2810 229 2832 est
240 2805 316 2838 quod
334 2805 410 2836 dicit,
423 2809 533 2840 etquem
544 2808 616 2834 misit
628 2798 807 2836 .ie’slim'ciﬁ-i—

33 2839 100 2872 ttttm,
115 2841 221 2867 un’itum
236 2840 317 2867 Patri
331 2840 478 2868 secundant
492 2840 621 2875 Spiritum
646 2844 724 2872 nobis
742 2852 805 2871 vero

857 2240 961 2267 ratione
985 2242 1111 2276 exponit,
1135 2251 1188 2277 qua
1211 2252 1306 2271 omnes
1330 2246 1425 2273 ltorutu
1450 2247 1638 2276 hteretioorum

856 2293 961 2312 errores
974 2287 1113 2320 aequaliter
1130 2288 1323 2322 impugnantur
1341 2295 1367 2317 et
1382 2292 1550 2326 jugulantur.
1572 2295 1639 2321 Pro-

857 2331 948 2357 litctur
964 2333 1035 2359 enim
1059 2333 1127 2360 duas
1152 2335 1304 2362 voluntates
1319 2337 1376 2371 (55)
1393 2343 1420 2364 et
1439 2339 1507 2366 duas
1528 2345 1639 2368 naturas

857 2376 883 2402 in
896 2375 958 2403 Jesu
975 2377 1084 2404 Christo
1101 2379 1159 2405 sine
1171 2379 1331 2407 confusione
1341 2401 1349 2414 ,
1374 2387 1421 2409 aut
1440 2384 1615 2418 permistionc
1630 2407 1637 2419 ,

857 2502 1004 2529 secundum
1018 2510 1145 2536 carnem;
1161 2510 1188 2531 et
1204 2504 1242 2531 sic
1256 2506 1431 2534 mediatorem
1451 2509 1495 2536 Dei
1508 2517 1534 2538 et
1551 2511 1639 2538 humi--

858 2545 932 2572 nam,
956 2538 1001 2571 qui
1019 2546 1072 2564 tton
1089 2539 1175 2565 solutn
1193 2540 1283 2571 homo,
1302 2543 1348 2567 sed
1365 2543 1444 2569 etiam
1462 2544 1533 2572 Deus
1556 2551 1607 2572 est.
1626 2557 1635 2572 ι

858 2571 923 2609 Ibid.
940 2592 947 2604 ,
962 2580 1021 2609 pag.
1036 2573 1098 2600 888.
1127 2583 1136 2599 ι
1155 2574 1253 2609 Sicque
1266 2576 1396 2604 dicendus
1412 2578 1492 2606 fuerit
1513 2571 1638 2608 Christus

857 2606 991 2648 perfectus
1006 2608 1076 2648 Deus
1089 2612 1116 2634 ot
1133 2606 1267 2643 perfectus
1281 2611 1378 2648 homo;
1398 2621 1449 2639 non
1463 2606 1534 2648 quod
1546 2606 1636 2644 divina

858 2640 996 2684 perfectio
1013 2642 1038 2668 in
1060 2640 1204 2684 humanam
1231 2640 1420 2679 pct‘lectiouicm
1451 2640 1637 2684 uiolata-sit:

857 2676 926 2715 quod
942 2685 955 2716 ξι
971 2677 1070 2711 pietate
1084 2679 1200 2716 alienum
1215 2676 1269 2713 est;
1287 2689 1372 2715 neque
1384 2690 1430 2716 per
1443 2676 1638 2714 incrementum

857 2711 1200 2750 virtutis,_et_accessione
1217 2711 1339 2749 jttstitim,
1357 2711 1444 2750 alisit,
1468 2711 1639 2749 sedrratioti’o

857 2746 1021 2789 ettsisteutiae
1035 2746 1225 2789 i-ndcticietttis,
1240 2755 1270 2777 ut
1283 2746 1396 2789 utraque
1410 2746 1480 2780 unus
1494 2746 1635 2789 sititioiti:

857 2780 922 2806 nino
937 2781 1070 2826 perfectius
1083 2783 1152 2810 idem
1166 2785 1239 2826 ligus
1254 2791 1280 2814 et
1297 2780 1387 2815 honio.
1406 2799 1414 2815 ν
1435 2780 1636 2826 Αιιιείιλὲίξίῶ.

857 2821 959 2843 tcontr.
975 2817 1088 2853 Arta/lin.
1100 2839 1106 2851 ,
1122 2827 1148 2853 p.
1165 2819 1226 2847 955.
