1861 3052
209 120 269 148 303

705 121 748 148 DE
768 122 849 149 VlTA
869 121 912 148 ET
934 121 1088 148 SCRIPTIS
1107 121 1136 148 S.
1156 119 1345 147 lllPPULYTl.

1776 119 1820 145 501

217 183 259 209 vel
284 182 431 210 mutatione
446 192 452 216 ;
479 188 504 209 et
521 183 626 210 beatam
650 182 786 217 Virginem
813 183 925 210 Mariam
951 183 1003 210 fre-
1018 188 1041 214 Α
1054 187 1147 211 contra
1164 182 1321 218 Eutychetis
1334 181 1469 213 hatresim,
1489 183 1584 214 przeter
1600 179 1663 206 illas
1679 178 1822 205 Tertulliani

218 233 331 264 quenter
345 229 421 255 titulo
435 228 528 255 Matris
544 228 589 255 Dei
606 229 723 255 honorat
738 229 804 264 (56).
823 229 1004 256 Tertullianus

217 275 367 301 Athanasio
381 282 412 301 ac
426 274 525 301 Basilio
537 274 618 310 longe
633 275 783 309 antiquior,
802 275 1003 302 distinctionem

218 320 332 346 duarum
357 325 525 351 naturarum,
551 327 583 346 ac
607 319 738 346 unitatem
752 320 833 347 unitts
856 320 881 346 in
897 320 1004 347 Christo

218 364 281 392 Jesu
299 372 418 400 personat
433 370 486 392 tam
503 366 575 393 clare
591 366 698 398 astruit,
724 374 755 393 ac
776 366 798 393 si
822 366 878 401 jam
895 370 950 393 tum
976 366 1004 393 in

219 416 352 437 certamen
364 417 425 437 cum
440 411 536 438 haeresi
552 410 668 438 Nosterii
684 415 710 438 ct
724 411 878 446 Eutychetis
894 411 1005 438 descen-

218 455 400 484 dissetJDeus
413 476 419 488 ,
438 456 525 490 inquit
541 455 599 491 (57)
610 477 616 488 ,
634 465 714 491 neque
731 457 825 483 desinit
838 465 908 488 esse,
927 465 1005 491 neque

218 502 292 530 aliud
306 506 387 537 potest
405 510 470 529 esse.
489 501 580 529 Sermo
596 508 684 530 autent
697 502 784 534 Deus;
806 507 830 529 et
853 511 936 530 sermo
953 502 1006 529 Do-

220 549 284 575 mini
297 553 383 574 manet
400 548 425 574 in
443 553 580 580 retentum,
598 547 784 582 perseverando
799 548 898 574 scilicet
917 549 943 574 iu
958 557 1007 574 sua

220 595 316 630 forma.
335 594 417 627 Quem
432 595 454 621 si
473 603 523 620 non
539 595 608 629 capit
633 594 831 628 transﬁgurari,
851 602 1006 628 consequens

220 645 269 673 est,
286 645 314 667 ut
331 640 368 667 sic
380 648 442 666 caro
457 640 542 674 factus
555 639 730 674 intelligatur,
748 640 809 665 dum
825 640 855 674 ﬁt
874 639 901 665 in
918 647 1006 671 carne,

220 690 244 712 et
268 686 463 720 manifestatur,
484 690 508 711 et
530 685 642 717 videtur,
656 690 679 711 ct
695 689 870 711 contrectatur
888 693 932 718 per
948 693 1008 711 car-

222 740 295 763 nem;
305 732 366 766 quia
377 737 399 758 et
415 736 509 758 cratera
522 731 559 757 sic
575 731 656 765 accipi
668 731 784 766 exigunt.
798 730 827 758 Si
841 731 909 757 enim
923 738 1007 757 sermo

222 776 453 811 transﬁguratione
469 780 494 802 et
510 776 689 802 demutatione
709 775 873 809 substantiaz,
890 785 952 802 caro
968 776 1008 810 fa-

222 828 279 850 ctus
292 827 341 856 est,
357 822 473 856 unajrtm
485 823 534 848 erit
549 822 698 848 substantia
712 821 788 848 Iesus
802 830 833 849 ea:
847 821 959 855 duabus,
976 829 1008 848 ex

222 877 316 900 carne,
339 875 371 894 ea:
396 868 491 902 spiritu
511 868 622 894 mistura
649 867 841 902 qtta'tlam,.....
859 873 882 894 et
905 868 1009 894 tertium

222 915 284 950 quid
304 915 421 950 e/ﬁcttur.
453 913 544 949 Neque
567 921 627 948 ergo
650 913 719 940 Deus
743 915 792 940 erit
815 913 904 945 Iesus,
926 921 1009 940 sermo

222 961 291 988 enim
305 961 381 988 desiit
398 968 461 992 esse,
477 960 522 994 qui
536 968 597 986 caro
613 959 699 993 factus
714 964 751 986 est
762 980 769 992 ,
791 968 870 994 neque
886 968 964 991 caro,
982 960 1010 986 id

222 1011 260 1033 est
281 1007 371 1037 homo;
384 1014 445 1032 caro
458 1007 526 1032 enim
538 1013 588 1032 non
603 1006 706 1040 proprie
719 1010 769 1037 est,
791 1006 836 1040 qui
850 1014 933 1032 sermo
947 1005 1009 1039 fuit,

222 1054 262 1079 ita
276 1061 308 1079 ea;
324 1057 432 1086 utroque
450 1055 570 1078 neutrum
583 1055 639 1083 est;
660 1051 734 1077 aliud
748 1051 822 1086 longe
840 1051 944 1077 tertium
959 1056 1009 1083 est,

223 1107 303 1134 quam
323 1103 470 1133 utrumque.
494 1097 544 1124 Sed
562 1097 631 1123 enim
646 1097 790 1123 invenimus
807 1097 882 1123 illum
901 1097 1010 1129 directo,

223 1147 248 1169 et
273 1142 371 1174 Deum,
392 1147 416 1168 et
436 1142 566 1168 hominem
587 1142 732 1176 expositum
745 1162 752 1174 ,
769 1142 826 1176 ipso
846 1142 892 1168 hoc
910 1142 1011 1176 psalmo

225 1189 538 1225 suggerente:Quoniam
554 1189 625 1217 Deus
641 1191 722 1217 homo
739 1195 819 1218 natus
835 1194 875 1218 est
890 1190 916 1217 in
933 1191 1009 1218 illa...

232 1236 352 1263 Videmus
376 1236 505 1271 duplicem
528 1241 625 1263 statum
649 1244 698 1262 non
720 1236 867 1270 confusum,
883 1238 926 1263 sed
952 1244 1014 1262 cort-

226 1282 348 1316 junctum
370 1282 397 1308 in
412 1290 463 1308 una
484 1290 603 1316 persona,
619 1282 699 1309 Deum
722 1286 746 1308 et
769 1282 898 1308 hominem
909 1281 1009 1309 Jesum.

227 1326 263 1353 Et
279 1326 344 1353 adeo
369 1327 442 1354 salva
457 1331 494 1353 est
517 1328 654 1362 utriusque
678 1327 823 1360 proprietas
841 1327 1012 1359 substantiat,

225 1378 254 1399 ut
267 1377 292 1400 et
307 1372 422 1408 Spiritus
442 1381 481 1399 res
496 1381 558 1400 suos
574 1378 659 1409 ageret
673 1375 700 1399 in
713 1373 768 1406 illo,
782 1373 809 1399 id
825 1379 878 1404 est,
894 1374 1012 1407 virtutes,

226 1424 251 1446 et
266 1426 354 1453 opera,
369 1423 393 1446 et
410 1419 495 1454 signa,
515 1424 539 1445 et
561 1428 621 1446 raro
638 1420 773 1454 passiones
787 1427 849 1446 suas
863 1419 954 1453 functa
967 1419 1012 1452 sit,

226 1465 341 1491 esuriens
356 1464 402 1491 sub
419 1463 535 1495 diabolo,
561 1473 570 1488 ›
583 1466 636 1490 etc’.
654 1463 783 1498 Origenes
799 1468 891 1489 contra
910 1462 1014 1490 Celsum

226 1511 284 1538 suis
301 1511 328 1537 in
344 1510 430 1543 libris,
447 1509 475 1537 S.
493 1510 639 1545 Gregorius
653 1508 839 1536 Nazianzenus
871 1509 897 1535 in
919 1508 1014 1536 litteris

225 1557 284 1584 suis
299 1556 333 1584 ad
353 1555 530 1586 Cledonium,
554 1563 607 1582 non
626 1556 715 1582 minus
732 1555 804 1581 clare
825 1554 953 1589 rejiciuut
968 1561 1012 1581 er-

226 1608 302 1629 rores
323 1605 415 1635 postea
439 1608 485 1634 per
500 1599 654 1626 Nestorium
677 1603 703 1626 et
727 1598 903 1633 Eutychetem
926 1598 1014 1626 disse-

228 1647 356 1674 minatus.
371 1646 404 1673 Et
417 1647 460 1673 cui
473 1653 591 1680 unquam
604 1645 760 1672 criticorum
773 1645 846 1671 venit
857 1644 883 1671 iu
898 1649 1014 1671 mentem

228 1693 262 1719 de
285 1693 383 1719 horum
410 1699 568 1726 magnorum
597 1691 716 1718 virorum
742 1690 850 1725 scriptis
874 1694 1015 1725 propterea

229 1738 429 1765 contentionem
452 1744 570 1768 movere,
583 1737 646 1771 quia
667 1736 723 1771 pari
742 1736 847 1763 ratione
861 1743 890 1763 se
903 1743 1014 1770 expres-

229 1788 322 1811 serant
345 1787 371 1810 et
391 1790 498 1810 errores
517 1782 602 1809 multo
614 1787 674 1816 post
691 1782 750 1808 illos
768 1782 893 1809 subortos
909 1786 963 1808 tam
975 1782 1016 1808 di-

229 1833 300 1855 serte
312 1835 344 1855 ac
356 1827 496 1862 perspicue
512 1827 776 1854 condemnaverant?
793 1826 863 1854 Falsi
881 1834 945 1854 sane
961 1826 1016 1854 fue-

230 1879 293 1901 runt
304 1873 430 1901 Canisius
445 1878 472 1900 et
490 1873 654 1900 Possevinus
675 1873 702 1900 itt
719 1880 762 1905 eo,
779 1873 850 1908 quod
864 1872 1017 1907 Expositio-

230 1926 288 1946 r.ent
313 1918 375 1952 ﬁdei
401 1917 430 1945 S.
457 1917 564 1944 Justino
584 1918 694 1952 martyri
716 1917 877 1950 tribuerint;
895 1924 1015 1943 errorem

231 1969 321 1991 tanten
338 1964 371 1991 de
384 1964 557 1997 permistione
572 1969 729 1990 naturarum
752 1964 779 1990 in
794 1963 902 1991 Christo
916 1963 1017 1998 Apolli-

231 2009 290 2037 nari
316 2014 343 2036 et
365 2009 512 2045 Eutycltete
534 2009 715 2042 antiquiorem
741 2015 818 2041 esse,
841 2009 907 2043 quin
931 2012 959 2035 et
983 2008 1017 2035 ab

230 2053 357 2081 Ecclesiae
372 2053 530 2081 doctoribus
541 2074 549 2087 ,
566 2054 611 2088 qui
637 2053 810 2089 Hippolytum
830 2058 1015 2086 antecessere,

232 2101 418 2135 impugnatum
435 2099 530 2131 fuisse,
548 2107 580 2127 ex
600 2100 742 2127 Athanasii
757 2104 782 2127 et
800 2099 958 2126 Tertulliani
973 2107 1018 2126 διι-

231 2154 280 2180 pra
304 2145 393 2173 allatis
408 2146 475 2173 locis
490 2145 692 2173 evidentissime
708 2150 789 2180 patet.
816 2145 849 2172 Et
870 2153 935 2172 sane
952 2144 1018 2172 Ter-

233 2192 362 2219 tullianus
376 2192 402 2218 in
418 2192 527 2218 laudato
546 2191 615 2218 libro
632 2191 704 2218 circa
719 2191 787 2218 duas
808 2191 835 2218 in
847 2191 956 2218 Christo
970 2198 1018 2217 na-

235 2243 310 2265 turas
331 2243 447 2265 tuentem
467 2245 544 2265 suam
563 2238 656 2265 eodem
672 2237 751 2264 modo
766 2237 860 2264 Latine
874 2236 1017 2271 exprimit,

234 2291 288 2318 quo
302 2282 331 2310 S.
348 2282 507 2318 Hippolytus
523 2284 581 2311 suis
595 2283 622 2309 in
639 2282 797 2317 fragmentis
812 2282 917 2314 Grrece;
936 2282 1017 2309 nihil-

234 2337 288 2364 que
307 2330 463 2364 expressius
485 2333 530 2356 aut
553 2328 688 2356 cllicacius
711 2328 813 2355 dictum
835 2334 954 2362 unquam
970 2327 1020 2353 fuit

271 2415 328 2451 (56)
351 2425 361 2441 ι
379 2416 448 2443 Hinc
462 2416 519 2451 ipse
534 2423 668 2451 apparens
682 2415 803 2451 attgehts,
826 2422 863 2451 ser
874 2422 889 2441 a
906 2413 1020 2451 Domino

236 2449 350 2478 missum
367 2459 427 2478 esse
449 2449 559 2483 fati-tur;
571 2449 606 2478 fut
620 2449 729 2478 Gabriel
754 2450 899 2482 Zachariae,
914 2455 941 2476 et
961 2449 1023 2475 Dei-

238 2494 308 2521 para:
323 2486 465 2521 (Θεοτόκῳ)
481 2486 581 2517 Mariae,
604 2486 745 2513 confessus
770 2489 831 2521 est.
842 2495 851 2511 ι
869 2485 1001 2521 Athanas.
1012 2503 1020 2514 ,

239 2519 305 2549 tom.
330 2521 339 2547 Ι
362 2519 450 2556 Upp.,
464 2530 524 2557 pag.
546 2521 614 2552 565,
631 2521 692 2553 5ῖ9,
706 2521 767 2551 585,
786 2520 849 2553 (ΞΗ,
865 2519 928 2551 8ἳ5,
944 2524 1009 2552 etc.,

273 2567 330 2603 (57)
350 2566 509 2594 Tertulliau.
521 2587 527 2599 ,
546 2567 591 2593 lib.
606 2571 690 2593 contr.
708 2566 790 2593 Prax.
801 2586 808 2598 ,
822 2573 882 2599 cap.
897 2564 942 2592 27.

274 2612 331 2648 (58)
352 2612 424 2639 Hist.
437 2613 517 2639 littér.
532 2612 563 2639 de
575 2613 602 2639 la
615 2612 729 2640 France.
743 2612 875 2644 Mémoir.,
887 2615 906 2639 t.
919 2612 940 2644 1,
953 2615 1023 2646 part.

240 2654 259 2680 t,
275 2656 338 2683 pag.
354 2648 416 2675 582.

285 2694 331 2729 59)
350 2693 478 2729 Basnag.,
494 2694 512 2721 l.
529 2701 634 2729 c.,pag.
650 2693 692 2720 τῇ.

287 2726 331 2763 60)
352 2726 549 2762 ΤίιΙθιιῐοιιιὶυε,
565 2726 685 2755 Μέῆιοίτ.
698 2749 706 2761 ,
721 2733 788 2756 tom.
804 2727 847 2761 lll,
865 2735 924 2763 pag.
940 2726 1002 2754 109.

277 2732 321 2764 (60
352 2732 549 2762 'l'illetuoutius,
565 2732 685 2755 Mentoir.
698 2749 706 2761 ,
721 2733 788 2756 tom.
804 2732 847 2761 Ill,
865 2735 924 2763 pag.
940 2732 1002 2754 109.

276 2732 332 2800 (till
356 2774 365 2790 ι
388 2764 457 2791 Bero
478 2764 674 2800 euimrquidam
690 2772 783 2798 nuper,
797 2768 824 2791 et
841 2764 889 2800 alii
904 2763 1026 2800 quidam,

242 2799 375 2827 Valentini
390 2800 530 2835 phantasia
547 2799 664 2835 deserta,
683 2799 810 2826 deteriori
840 2799 937 2835 irrctiti
964 2802 1028 2835 sunt

243 2831 405 2869 pravitattx't
422 2834 498 2862 Tom.
517 2834 527 2861 ι
549 2834 617 2869 Opp.
637 2834 755 2869 llippol.,
773 2842 832 2869 pag.
851 2833 914 2867 2‘28,
930 2837 957 2860 ct
970 2831 1028 2860 Col-

1038 229 1211 269 \sententias.
1232 228 1299 261 Quis
1321 232 1411 254 tamen
1434 233 1482 261 pro
1507 226 1613 261 egregio
1630 225 1748 260 sophista
1761 225 1822 251 illutn

1055 283 1109 301 non
1126 275 1247 306 haberet,
1265 274 1310 309 qui
1327 273 1390 300 hinc
1405 273 1586 304 concluderet,
1601 272 1699 299 librum
1714 271 1822 298 adversus

1058 320 1190 347 Praxram
1215 320 1374 347 Tertulliani
1387 327 1439 346 non
1453 327 1521 352 esse,
1538 319 1583 346 sed
1600 319 1718 346 auctoris
1731 319 1773 353 qui
1786 320 1823 346 de-

1055 375 1129 394 mum
1153 371 1213 402 post
1230 366 1404 402 Eutychctem
1426 365 1553 400 scripsit?
1579 365 1630 392 Sed
1647 365 1780 396 nimirum,
1801 370 1824 392 ut

1056 414 1082 441 in
1106 414 1216 446 mundo,
1242 414 1276 440 ita
1302 413 1328 440 in
1347 412 1467 440 Ecclesia
1482 411 1574 439 eadem
1597 419 1703 445 semper
1723 413 1825 438 recurrit

1059 459 1162 490 fabula,
1185 464 1211 486 et
1227 467 1294 494 quas
1317 458 1450 494 posterior
1467 462 1532 485 aetas
1555 465 1638 484 novas
1658 458 1770 484 haereses
1786 465 1825 492 ap-

1056 506 1147 539 pellat,
1163 512 1200 531 eae
1217 508 1280 531 sunt
1295 511 1387 531 revera
1401 503 1505 538 pristini
1519 506 1623 529 tantum
1638 509 1744 529 errores
1757 510 1822 530 reuo-

1057 551 1121 580 vati.
1141 556 1220 584 atque
1236 550 1270 577 ab
1285 549 1355 577 Orco
1371 549 1500 576 revocati.
1707 574 1712 579 ,

1091 595 1183 631 Neque
1197 596 1295 622 mirttm
1311 596 1389 622 nobis
1403 594 1487 621 videri
1502 594 1591 626 debet,
1610 594 1632 621 sl
1648 594 1676 620 in
1689 597 1762 620 tanta
1775 600 1828 627 ope-

1058 651 1118 670 rum
1135 642 1307 669 multitudine
1320 649 1335 668 a
1353 640 1382 668 S.
1397 640 1540 675 Hippolyto
1557 645 1741 671 exaratorum,
1756 647 1827 665 unum

1058 692 1104 714 aut
1126 687 1238 714 alterum
1257 686 1423 722 diligentiam
1446 685 1573 713 indefessi
1590 685 1750 722 Theodoreti
1767 684 1828 718 ltth-

1058 734 1102 760 rit.
1133 733 1204 760 Sane
1227 733 1271 760 hic
1295 720 1391 759 auctor
1415 732 1517 759 nullam
1541 732 1574 759 de
1597 720 1667 758 libro
1688 731 1830 757 Antichristi

1059 779 1223 806 mentionem
1245 778 1317 810 facit,
1337 779 1399 805 licet
1421 778 1443 806 is
1464 782 1593 805 tractatus
1614 778 1674 804 loca
1696 778 1779 812 magis
1791 777 1830 804 de-

1060 825 1174 851 cretoria
1190 825 1384 859 complectatur
1405 832 1484 858 quam
1501 824 1546 850 alii
1568 824 1629 850 libri
1642 823 1670 850 S.
1697 822 1829 858 Hippolyti,

1026 861 1047 890 Β
1060 879 1092 898 ex
1108 871 1206 906 quibus
1220 872 1376 898 testimonia
1392 871 1416 897 in
1433 871 1551 898 medium
1564 870 1684 897 adducit.
1703 869 1767 896 Nunt
1780 878 1831 904 pro-

1061 923 1151 953 pterea
1165 918 1226 952 quis
1255 917 1398 945 aﬂirmabit
1413 916 1484 951 qttod
1510 917 1553 944 ille
1576 921 1709 944 tractatus
1733 924 1782 943 non
1804 916 1833 942 sit

1062 964 1143 998 hujus
1161 963 1189 990 S.
1213 963 1357 999 martyris?
1379 963 1506 994 Accedit,
1524 963 1595 998 quod
1612 963 1727 997 ipsemet
1744 961 1833 988 Basna-

1061 1009 1130 1044 gius,
1145 1013 1174 1035 ut
1186 1008 1253 1036 bene
1273 1009 1417 1035 observant
1429 1007 1594 1035 Benedictini
1608 1015 1623 1034 e
1639 1007 1832 1042 congregatione

1063 1054 1092 1081 S.
1110 1053 1195 1081 Mauri
1209 1054 1279 1088 (58),
1297 1054 1413 1081 fateatur
1431 1054 1486 1088 (59)
1502 1053 1703 1080 Theodoretum
1717 1053 1766 1079 alia
1782 1060 1834 1087 pro-

1063 1100 1134 1127 ferre
1151 1100 1305 1127 testimonia
1321 1108 1353 1126 ex
1370 1099 1398 1127 S.
1415 1099 1549 1135 Hippolyti
1567 1100 1707 1134 operibus,
1724 1108 1780 1134 quae
1792 1101 1833 1126 ali-

1063 1154 1143 1181 quam
1158 1145 1419 1173 verisimilitudinem
1436 1145 1552 1172 habeant
1571 1153 1633 1173 cum
1660 1145 1696 1173 iis
1709 1166 1718 1178 ,
1737 1145 1768 1172 dc
1786 1146 1834 1179 qui-

1063 1193 1114 1220 bus
1128 1192 1172 1219 hic
1195 1192 1291 1227 agitur.
1313 1192 1378 1225 Quae
1397 1191 1531 1218 confessio
1547 1191 1674 1226 Basnagii
1694 1191 1796 1223 sullicit,
1810 1199 1834 1217 ne

1063 1239 1088 1266 ei
1102 1238 1159 1265 haec
1171 1243 1233 1265 octo
1247 1242 1371 1272 excerpta
1387 1237 1585 1271 abjudicemus.

1100 1282 1166 1310 Dein
1193 1283 1215 1309 si
1242 1282 1327 1309 Beron
1354 1287 1380 1309 et
1397 1281 1476 1308 Helix
1494 1281 1559 1316 (60)
1583 1288 1636 1307 non
1662 1280 1770 1307 fuerant
1790 1280 1834 1306 noli

1064 1329 1163 1357 saeculo
1180 1328 1269 1361 tertio,
1284 1328 1370 1355 ntulto
1384 1327 1474 1354 minus
1497 1327 1524 1354 id
1548 1332 1627 1354 erunt
1647 1327 1756 1354 smculis
1776 1326 1834 1352 inse-

1064 1375 1221 1411 quentibus.
1249 1375 1282 1401 Et
1309 1379 1376 1409 quot
1405 1374 1480 1400 fuere
1507 1373 1624 1400 haeretici
1648 1373 1833 1407 particulares.

1065 1421 1186 1457 quinitno
1200 1424 1227 1448 et
1242 1425 1321 1448 sectae
1342 1421 1461 1454 integra},
1476 1420 1509 1446 de
1527 1419 1626 1454 quibus
1638 1427 1672 1446 es
1689 1419 1767 1446 unico
1780 1425 1835 1452 stepe

1067 1467 1201 1493 duntaxat
1214 1465 1283 1492 libro
1299 1465 1423 1491 notitiant
1444 1463 1616 1497 accepimus?
1634 1461 1688 1489 Sed
1704 1463 1782 1488 audio
1797 1461 1835 1487 ali-

1028 1527 1048 1556 C
1066 1519 1146 1546 quem
1170 1511 1305 1538 dicentem
1326 1509 1456 1536 Beronem
1473 1512 1500 1535 et
1521 1507 1638 1535 Helicem
1663 1515 1726 1534 esse
1743 1505 1836 1532 nomina

1067 1558 1138 1584 ﬁcta.
1161 1557 1195 1583 At
1210 1563 1273 1583 vero
1290 1560 1410 1589 tempore
1426 1553 1563 1581 Anastasii
1582 1553 1745 1588 presbyteri,
1760 1552 1835 1581 idest,

1064 1602 1137 1629 circa
1152 1601 1271 1628 medium
1286 1600 1377 1628 szeculi
1399 1599 1506 1634 septimi
1524 1599 1556 1633 (si
1576 1606 1648 1625 antto
1662 1598 1717 1625 666
1731 1601 1837 1624 tnortuus

1066 1648 1117 1675 fuit
1133 1647 1176 1674 hic
1195 1648 1337 1682 scriptor).
1356 1653 1435 1672 nento
1452 1643 1585 1671 dubitarit
1600 1643 1666 1678 quin
1685 1643 1722 1669 illi
1736 1640 1837 1669 haeretici

1065 1691 1165 1720 saeculo
1181 1691 1260 1718 tertio
1274 1690 1435 1717 exstiterint.
1458 1689 1545 1723 Atque
1563 1692 1670 1719 auctor,
1689 1688 1735 1722 qui
1749 1695 1791 1713 eos
1804 1694 1837 1712 re-

1066 1737 1171 1770 futavit,
1186 1737 1287 1764 diserte
1308 1736 1373 1763 dicit
1395 1735 1451 1770 (6i)
1470 1735 1542 1770 quod
1558 1734 1644 1761 Bcron
1660 1741 1717 1760 non
1738 1733 1772 1759 ita
1791 1732 1836 1766 pri-

1065 1784 1126 1810 dem
1140 1787 1240 1810 sectam
1253 1781 1503 1808 Valentinianorum
1515 1779 1681 1812 deseruerit;
1695 1784 1722 1806 et
1736 1778 1838 1813 profecto

1065 1830 1144 1856 valde
1161 1829 1254 1856 dubito
1267 1835 1327 1855 cum
1344 1827 1378 1854 cl.
1394 1825 1567 1853 Tillemoutio
1581 1824 1647 1860 (6‘2),
1666 1833 1732 1851 num
1749 1823 1836 1850 ostendi

1066 1876 1154 1911 possit
1177 1875 1249 1910 quod
1272 1874 1382 1900 haeresis
1399 1871 1649 1899 Valentittianorunt
1673 1871 1708 1897 ad
1726 1869 1836 1897 saeculum

1067 1930 1153 1956 usque
1177 1920 1320 1955 septimum
1335 1918 1504 1953 perdurarit,
1520 1924 1574 1952 quo
1590 1921 1736 1943 tractatum
1759 1920 1837 1943 contra

1067 1967 1198 1994 Beronem
1221 1971 1248 1993 et
1261 1964 1379 1992 llelicem
1399 1963 1577 1998 compositum
1601 1962 1688 1989 fuisse
1707 1966 1777 1996 putat
1794 1959 1837 1986 Na-

1067 2014 1129 2040 talis
1146 2013 1306 2040 Alexander.
1333 2011 1397 2038 Erat
1412 2010 1483 2037 enim
1508 2013 1581 2036 secta
1599 2007 1840 2035 Valentinianorunh

1067 2064 1136 2086 teste
1158 2059 1288 2094 Gregorio
1308 2055 1626 2091 Nazianzeno(63),ante
1651 2056 1734 2081 tinem
1762 2050 1837 2079 saeculi

1067 2106 1207 2140 velutjam
1228 2105 1372 2132 exstincta.
1397 2102 1513 2129 Notante
1533 2107 1621 2128 tamen
1645 2098 1839 2134 diligentissimo

1068 2151 1240 2178 Tillemoutio
1252 2150 1317 2185 (6t),
1328 2149 1533 2184 reperiebantur
1548 2147 1636 2174 adhuc
1650 2146 1758 2180 exigua:
1777 2149 1838 2178 qua:-

1035 2194 1055 2222 D
1070 2198 1131 2233 dam
1149 2197 1222 2223 illius
1234 2195 1355 2230 reliquim
1369 2194 1535 2229 temporibus
1548 2192 1576 2220 S.
1593 2191 1644 2218 Nili
1661 2191 1720 2226 (65)
1732 2195 1758 2217 et
1769 2188 1839 2214 Theo-

1069 2241 1155 2268 doreti
1171 2240 1238 2275 (66).

1105 2286 1177 2313 Nihil
1199 2292 1264 2320 ergo
1282 2292 1332 2312 nos
1351 2283 1462 2318 impedit
1485 2283 1630 2318 quominus
1642 2281 1703 2307 hazc
1722 2283 1780 2307 octo
1796 2276 1839 2304 fra-

1070 2337 1178 2368 gmenta
1192 2331 1221 2359 S.
1234 2331 1376 2366 Hippolyto
1390 2330 1585 2365 atljudicemus.
1602 2327 1739 2354 Debemus
1751 2325 1792 2352 illa
1807 2323 1840 2350 in-

1071 2411 1165 2438 lectan.
1181 2409 1316 2436 Anastasii
1330 2415 1389 2443 pag.
1402 2407 1465 2439 2‘25,
1481 2415 1540 2441 cap.
1553 2406 1582 2443 β,

1108 2446 1161 2481 (6‘2)
1182 2441 1355 2481 TillemoutI,
1367 2441 1389 2469 "l.
1405 2451 1515 2481 c._,_pag.
1533 2441 1592 2467 109.

1108 2472 1250 2516 (δεήιΕυῃ
1266 2472 1406 2516 quondam
1425 2472 1629 2516 illuditetupus‘.
1644 2482 1708 2502 cum
1722 2474 1759 2514 ab.

1073 2507 1133 2544 sum
1145 2507 1425 2550 procellis-tranquilla
1440 2513 1530 2550 omnia
1542 2507 1721 2540 habebamus,
1736 2507 1840 2550 videlit‘t‘t

1073 2541 1324 2581 cunilb‘i’monesv“
1349 2541 1560 2575 Valentiniani...
1583 2552 1663 2579 atque
1678 2551 1773 2572 omnes
1794 2541 1840 2567 illo-

1075 2594 1134 2614 rtttn
1147 2594 1257 2619 nugae...
1275 2589 1381 2611 suomet
1395 2584 1513 2614 tandem,
1541 2586 1576 2619 ut‘
1588 2588 1696 2619 mqtultll
1711 2583 1778 2610 erat,
1790 2583 1840 2619 prlt‘

1075 2622 1159 2649 fundo
1182 2614 1314 2654 absorpta:
1333 2627 1364 2646 ac
1386 2619 1492 2654 silentio
1511 2616 1614 2654 traditae
1629 2615 1749 2642 fuerunt.
1766 2621 1775 2638 ι
1788 2614 1838 2638 Grc'

1076 2651 1279 2693 gor._Na1i:tni.
1291 2675 1298 2687 ,
1317 2659 1385 2693 orati.
1399 2653 1444 2685 ‘23,
1463 2661 1523 2687 pag.
1537 2651 1597 2678 414.

1113 2691 1168 2726 (GL)
1188 2690 1358 2726 Tillcmont.,
1375 2689 1391 2715 l.
1409 2697 1434 2726 cz

1111 2721 1167 2762 (65)
1187 2725 1257 2762 git.
1273 2725 1318 2762 tu).
1335 2732 1352 2755 ι,
1366 2723 1564 2762 ενι-Ξῑίιηρειελ
1583 2721 1627 2762 s7:
1699 2755 1704 2760 _

1078 2754 1168 2825 21ἓϐϐ)
1188 2754 1349 2788 Tlteodorct.
1362 2779 1369 2791 ,
1383 2754 1524 2785 'llwretic.
1541 2754 1667 2791 Tabular.
1687 2754 1735 2782 tib.
1755 2761 1773 2785 t,
1793 2756 1840 2785 ιιδῧι
