1861 3052
44 108 83 138 505
499 105 541 132 DE
561 105 640 132 VITA
658 105 701 132 ET
722 104 878 132 SCRIPTIS
897 105 925 132 S.
947 104 1138 132 HIPPOLYTI.
1581 110 1636 137 δυσ

43 168 128 195 dustria:
142 165 288 198 Anastasii,
308 165 475 200 apocrisiarii
502 165 616 193 Romani
638 165 790 200 pontiﬁcis,
806 171 828 198 Α
843 165 985 192 humanum
998 166 1066 192 idem
1087 166 1140 200 ipse
1155 166 1287 199 privatum
1302 166 1439 194 divinitate
1457 176 1557 202 gerens,
1575 177 1632 195 rer-

42 214 75 248 qui
88 221 113 240 ea
127 211 272 247 naufragio,
287 220 344 246 quo
363 212 497 246 reliquum
513 211 604 246 operis
616 211 729 243 interiit,
745 211 799 239 eri-
846 220 911 238 vans
925 211 1027 238 sibimet
1041 213 1146 239 modum
1163 213 1305 239 secundant
1321 219 1458 248 utrumque
1477 214 1632 242 immutabi-

42 259 91 293 puit.
106 256 209 284 'llustris
223 257 268 284 hic
281 257 342 283 fidei
354 257 388 284 de
402 257 508 284 duabus
526 257 712 285 voluntatibus
726 265 793 284 con-
846 256 906 288 lem.
918 266 964 292 per
978 266 1054 292 quem
1067 264 1187 293 operatus
1203 265 1241 286 est
1258 264 1367 294 utraque
1379 260 1478 287 decenti
1494 261 1581 291 modo,
1598 262 1632 287 ad

43 311 71 331 Ira
82 303 256 330 Monothelilas
270 302 411 329 confessor
434 307 460 329 et
481 302 593 335 athleta,
612 311 672 330 cum
686 303 742 337 jam
767 303 794 330 in
846 304 1059 338 approbationem
1082 305 1214 339 perfecte,
1232 314 1263 332 ac
1279 314 1354 338 verte,
1378 306 1493 342 nihilque
1513 307 1632 334 habentis

43 357 66 376 eo
79 353 148 379 esset.
160 354 187 375 ut
201 353 286 375 totum
306 349 377 375 hunc
392 347 421 375 S.
436 347 570 384 Hippolyti
588 353 733 376 tractatum
749 349 795 375 de-
844 349 983 384 pravitatis
998 350 1222 377 initumanalionis
1247 359 1311 378 sum.
1341 350 1434 381 Itaque
1446 351 1513 378 Bero
1528 352 1633 387 quidem

40 396 132 423 scribere
144 395 280 429 inciperet,
303 394 403 422 invidia
419 395 592 423 inimicorum
606 395 728 422 veritatis
742 394 795 422 im-
844 395 882 422 sic
901 403 928 422 se
945 395 1052 426 habens.
1071 400 1099 422 ut
1115 395 1183 429 dixi,
1204 397 1362 431 operationis
1382 397 1494 424 monude
1508 397 1633 424 deitatem

40 442 123 476 petitus,
142 448 191 467 non
214 440 266 467 nisi
285 440 342 467 haec
364 444 426 467 octo
447 441 507 468 loca
529 448 673 476 excerpere
695 440 791 475 potuit.
845 440 944 469 Christi
958 447 982 468 et
993 442 1184 469 huntanitatem
1197 443 1354 470 naturaliter
1365 444 1444 470 simul
1460 444 1632 478 confundens,

39 487 135 514 Profecto
156 487 178 513 si
200 487 258 514 inec
272 491 398 522 excerpta
416 488 488 515 velut
504 492 606 522 partem
622 488 711 522 operis
726 486 792 522 Hip—
843 492 868 514 et
889 490 1005 523 partiens
1020 489 1194 524 personaliter
1206 510 1213 521 ,
1237 490 1358 518 dissolvit
1383 491 1465 518 vitam
1476 512 1484 524 ,
1508 492 1632 526 ignorans

38 534 113 569 polytei
127 541 175 560 non
195 534 409 568 susciperemus,
430 534 521 569 injurii
542 541 666 562 essemus
680 534 708 560 in
722 537 794 561 hunc
844 534 926 561 solius
943 535 1157 562 cortnaturulium
1173 543 1347 569 personarum
1360 537 1543 563 connaturalis
1557 537 1632 563 iden-

38 579 195 607 doctissimum
209 580 316 612 virum;
333 580 484 615 praesertim
497 587 560 607 cum
576 580 649 606 nulla
663 579 734 607 adsit
747 587 794 614 po—
845 580 930 607 titatis
954 581 1072 607 eamdem
1097 582 1180 616 ipsam
1204 582 1381 616 operationem
1403 591 1458 610 esse
1476 583 1631 618 signiﬁcati-

38 626 97 653 sitiva
116 626 190 658 ratio,
206 634 260 660 qua
276 626 428 654 elevaretur
443 626 592 653 auctoritas
606 631 660 653 tam
682 633 794 653 venera-
844 634 913 653 vam.
1166 639 1170 644 ι

37 674 92 700 tione
104 673 169 708 digni
195 672 355 707 scriptoris.
378 672 467 707 qualis
489 677 531 699 est
552 671 730 704 Anastasius,
746 671 792 706 qui
1100 673 1298 701 AHTICULUS
1316 674 1381 702 Vlll.

39 720 146 754 integrum
156 726 222 753 opus
237 719 265 745 in
279 719 407 746 manibus
420 718 525 746 habuit.

916 727 938 746 Ε.
954 726 1095 747 IIIPPOLYTI
1112 728 1270 748 TRACTATUS
1286 729 1319 748 DE
1336 729 1562 755 CHARISIATIBUS,
1591 719 1592 722 Ἰ

140 764 153 800 §
167 763 208 790 lll.
223 764 348 799 Analysis
361 764 454 790 horum
468 769 660 799 excerptorum.

1028 763 1062 782 ΕΤ
1080 762 1188 782 HOIILIA
1207 763 1231 782 ΙΝ
1248 764 1445 784 ἸἮΕΟΡΗΔΝΙΛΜ.

62 797 153 836 initium
168 809 245 844 hujus
260 797 394 837 tractatus
408 810 485 845 juxta
503 797 678 837 Anastasium
691 808 793 836 Biblio-
896 798 910 834 ᾗ
930 797 952 826 Ῐ·
969 797 999 828 δ·
1017 799 1154 834 Πίρροιυιὶ
1170 805 1299 828 “dum”
1316 800 1352 828 De
1367 801 1582 829 flla’ismalibuso

37 855 156 882 tbecarium
172 855 206 882 ita
222 855 320 882 habet:
337 856 448 890 Ἄγιος,
464 855 550 890 ἅγιος,
568 856 645 889 ἅγιος
664 854 772 881 Domina

898 856 938 884 Eon
952 857 1040 885 solum
1057 865 1090 885 ex
1109 858 1271 886 auctoritate
1287 860 1458 887 monumenti
1477 861 1633 891 marmorei.

37 900 136 933 Sabaoth,
151 902 290 929 incessanti
313 910 373 929 voce
388 902 534 929 clamantes
558 902 690 936 seraphim
711 900 794 928 Deum
846 902 893 929 sed
911 903 993 930 etiam
1011 910 1044 930 ex
1063 903 1220 931 testimonio
1242 904 1493 939 manuscriptorum
1510 905 1634 933 codicum

37 946 164 981 gloriﬁcent.
846 947 1018 982 Viennensis,
1037 956 1085 976 seu
1112 948 1339 982 Vindobonensis,
1365 954 1392 976 et
1415 949 1579 979 Oxoniensis
1601 951 1634 978 ad

62 992 130 1019 Beron
143 998 167 1020 et
179 993 251 1020 illius
267 1000 402 1028 sequaces
416 992 593 1020 admittebant
605 992 792 1020 confusionem
846 993 874 1020 S.
899 993 1072 1030 Hippolytum
1097 1003 1112 1022 a
1137 995 1203 1022 viris
1226 995 1340 1023 eruditis
1360 995 1509 1024 Pearsonio
1530 997 1586 1033 (74)
1607 1002 1635 1024 et

38 1039 125 1066 duarum
146 1046 303 1067 naturarum
329 1040 357 1066 in
379 1039 498 1072 Christo,
516 1044 543 1066 et
564 1047 618 1066 non
636 1039 689 1067 nisi
711 1047 773 1066 una:

899 1041 968 1068 ricio
989 1041 1044 1076 (75)
1064 1041 1180 1069 refertur
1202 1041 1272 1075 Περὶ
1296 1042 1485 1077 χαρισμάτων
1506 1043 1634 1070 ἀποστυ-

38 1087 186 1118 agnoscebant
203 1087 230 1113 in
250 1093 285 1113 eo
307 1086 502 1120 operationem.
528 1086 682 1113 Credebant
697 1085 793 1113 divini-
842 1086 913 1120 λικὴ
930 1086 1111 1121 παράδοσις,
1134 1087 1171 1114 De
1186 1089 1391 1115 charismatibus
1412 1090 1558 1124 apostolica
1580 1094 1634 1116 tra-

39 1135 98 1157 latem
111 1139 164 1159 esse
178 1131 349 1168 passibilem,
369 1135 397 1159 et
417 1132 614 1159 humanitatem
635 1132 793 1159 earumdem
843 1132 921 1166 ditio,
942 1139 996 1159 una
1016 1140 1078 1159 cum
1097 1133 1158 1160 aliis
1184 1134 1339 1164 nonnullis.
1363 1143 1424 1169 qua:
1444 1136 1555 1170 quidem
1577 1137 1633 1171 jam

38 1178 200 1211 operationum,
213 1186 274 1213 qua:
289 1178 341 1206 soli
350 1176 439 1205 Verbo
453 1182 649 1213 competerent,
664 1186 791 1213 capacem
842 1178 946 1212 pridem
960 1178 1031 1206 edita
1049 1177 1159 1206 fuerunt
1170 1179 1196 1205 in
1208 1179 1277 1206 libro
1291 1185 1387 1207 octavo
1410 1180 1635 1209 Constitutionum

39 1223 86 1250 iure.
107 1223 160 1251 Haec
177 1224 268 1259 opinio
292 1231 325 1251 eo
347 1223 408 1251 illos
427 1223 551 1256 adduxit,
571 1229 601 1251 ut
618 1224 793 1252 defenderent
843 1224 1060 1258 apostolicarum,
1074 1232 1154 1259 quas,
1173 1232 1234 1252 cum
1249 1233 1282 1252 ex
1295 1226 1379 1253 variis
1392 1226 1503 1254 secundi
1520 1231 1547 1254 et
1562 1227 1634 1254 tertii

39 1268 128 1297 Verbum
144 1271 278 1298 hominem
304 1271 406 1298 factum
428 1278 489 1299 esse
508 1271 658 1298 mutatione
678 1279 734 1299 sua:
751 1271 792 1299 di-
842 1270 934 1297 saeculi
953 1271 1136 1298 monumentis
1154 1272 1351 1298 consarcinata:
1367 1271 1431 1303 sint,
1448 1271 1634 1300 Clementinas

37 1315 128 1343 vinitatis
140 1317 165 1343 in
179 1322 306 1344 naturam
324 1318 484 1350 humanam,
499 1322 525 1344 et
541 1317 678 1345 hominem
689 1317 789 1345 factum
841 1316 922 1350 vulgo
942 1323 990 1343 seu
1005 1316 1168 1351 apostolicas
1193 1316 1313 1344 solemus
1333 1317 1480 1351 appellare,
1497 1318 1523 1344 in
1545 1318 1632 1346 lucem

37 1361 179 1389 luissebeum
198 1363 352 1390 mutatione
368 1363 608 1390 humameuatura:
623 1363 650 1390 in
663 1363 790 1391 divinita-
840 1367 931 1389 tamen
953 1362 1114 1397 prodierunt
1134 1363 1193 1390 sine
1212 1363 1322 1390 nomine
1343 1362 1372 1390 S.
1395 1362 1542 1400 Hippolyti.
1563 1363 1634 1397 Quia

37 1412 83 1434 tem.
102 1406 132 1434 lit
149 1408 314 1443 impietatem
332 1409 402 1435 hanc
419 1407 549 1436 refutaret
568 1407 597 1435 S.
617 1407 788 1444 Hippolytus,
839 1414 904 1434 vero
928 1407 955 1434 in
979 1408 1073 1435 codice
1087 1415 1153 1435 mss.
1168 1407 1293 1435 Caesareo
1310 1407 1525 1442 Vindobonensi,
1547 1414 1574 1436 et
1592 1410 1632 1436 al-

38 1451 55 1476 l'
67 1452 130 1480 docet
144 1453 256 1481 Verbum
276 1454 346 1489 (67)
360 1454 481 1482 divinum
499 1454 665 1482 assumendo
678 1461 788 1482 carnem
839 1460 897 1487 iero
912 1451 1071 1487 Oxouiensi,
1094 1454 1121 1480 in
1137 1454 1237 1488 quibus
1257 1453 1392 1490 Hippolyti
1409 1462 1507 1482 nomen
1522 1463 1634 1490 expres-

36 1503 54 1524 et
64 1504 167 1527 naturam
181 1501 329 1528 humanam
343 1501 445 1528 nullam
466 1501 493 1528 in
509 1501 650 1528 divinitate
661 1509 710 1528 sua
726 1509 787 1528 mu-
807 1530 824 1536 η
842 1506 902 1525 sum
916 1503 968 1531 est,
984 1500 1107 1534 quaedam
1123 1500 1201 1526 aliter
1215 1500 1352 1534 leguntur,
1373 1508 1454 1535 quam
1471 1501 1499 1528 in
1513 1501 1627 1536 vulgatis

36 1545 136 1572 talionem
151 1555 259 1581 passum
276 1547 379 1580 fuisse;
393 1547 421 1574 ‘2'
440 1547 509 1575 duas
522 1551 635 1574 naturas
653 1547 751 1574 astruit
763 1547 790 1574 in
804 1530 825 1558 α
844 1543 1067 1572 Camtitutionum
1092 1545 1178 1575 libris,
1195 1546 1322 1573 Aibertus
1337 1546 1479 1573 Fabricius
1496 1546 1550 1574 illis
1563 1547 1633 1574 inter

35 1590 191 1628 Chri.~to(68),
211 1594 332 1621 divinam
357 1599 385 1620 et
400 1593 546 1621 humanam
572 1594 745 1626 inconfusus,
766 1599 792 1621 et
842 1598 924 1625 opera
939 1590 968 1618 S.
986 1590 1122 1627 Hippolyti
1137 1591 1226 1618 locum
1247 1592 1385 1620 concessit
1396 1600 1428 1619 ex
1441 1593 1567 1620 versione
1581 1593 1633 1620 La-

35 1636 84 1664 duas
94 1636 250 1673 operatiOnes
258 1648 294 1668 ac
304 1640 472 1673 voluntates;
487 1641 515 1667 5°
529 1641 638 1675 exponit
655 1641 792 1676 quomodo
844 1637 899 1663 tina
915 1636 987 1664 Guil.
1011 1636 1117 1664 Ernesti
1133 1636 1238 1670 Grabe,
1264 1645 1346 1672 quam
1372 1638 1527 1665 versionem
1551 1639 1631 1666 etiam

36 1682 86 1710 Deus
98 1692 139 1719 per
152 1693 258 1712 carnem
284 1689 412 1720 operetur
430 1685 508 1720 (69);
533 1685 559 1712 lt"
580 1693 612 1712 ex
635 1685 742 1713 duabus
764 1686 790 1712 in
841 1682 960 1710 Joannes
975 1683 1125 1711 Cotclerius
1146 1684 1298 1711 adornavit.
1313 1685 1410 1719 Agitur
1424 1689 1514 1712 autem
1531 1685 1558 1712 in
1581 1686 1633 1712 hoc

35 1726 116 1756 Christo
133 1731 233 1758 naturis
249 1730 442 1765 proprietates,
462 1735 489 1757 ct
508 1730 681 1764 operationes
693 1730 791 1757 distin-
843 1733 959 1756 tractatu
992 1729 1025 1756 de
1056 1729 1268 1757 cbarismatibus
1303 1731 1420 1765 Spiritus
1450 1731 1558 1764 sancti,
1587 1731 1632 1758 cui

35 1777 76 1800 etas
90 1775 190 1803 ulterius
209 1776 309 1811 probat
324 1775 352 1802 S.
367 1775 527 1811 Hippolytus
543 1775 617 1811 (70);
632 1776 660 1803 5°
676 1776 791 1803 demon-
841 1774 938 1802 deinde
951 1775 1041 1810 aliqua
1056 1775 1107 1802 alia
1126 1783 1158 1802 ex
1176 1776 1249 1803 dicto
1261 1776 1330 1803 libro
1344 1781 1441 1804 octavo
1456 1776 1632 1804 Constitutio-

34 1825 84 1846 slrat
103 1828 187 1849 contra
209 1822 345 1850 Beronem
365 1827 392 1849 et
413 1822 473 1856 ejus
499 1830 631 1857 sequaces
654 1831 736 1850 unam
763 1822 790 1849 in
841 1830 902 1848 num
920 1823 1126 1856 apastolicarum
1141 1823 1335 1857 subjiciuntur.

33 1864 116 1892 Christo
133 1874 189 1894 esse
209 1875 357 1902 personam
377 1867 450 1903 (7i);
475 1868 572 1895 deinde
593 1869 711 1896 ostendit
727 1877 789 1896 car-
876 1868 1009 1895 Caeterum
1038 1869 1183 1896 observant
1206 1869 1301 1897 Patres
1323 1869 1439 1896 Maurini
1457 1869 1532 1904 (76),
1558 1871 1631 1905 quod

33 1917 77 1936 nem
91 1911 112 1937 in
126 1917 245 1940 naturam
266 1913 388 1940 divinam
406 1913 506 1940 mutari
523 1913 595 1940 haud
611 1921 707 1948 posse;
724 1921 790 1948 ope—
841 1919 951 1942 sanctus
968 1914 1128 1950 Hippolytus
1145 1916 1170 1942 in
1188 1920 1304 1942 tractatu
1319 1915 1356 1942 De
1377 1916 1581 1944 charismatibus
1597 1918 1630 1944 ad

34 1956 184 1993 rationemque
195 1959 473 1987 bumanamadivina
484 1960 642 1987 distinctam
654 1961 787 1996 essc(72).
840 1968 901 1995 cap.
927 1969 963 1987 xu
987 1962 1101 1995 apostoli
1130 1961 1205 1988 I’auli
1231 1961 1358 1996 Epistola:
1380 1961 1389 1988 l
1415 1962 1448 1989 ad
1472 1962 1631 1991 Corinthios

33 1999 123 2030 Tandem
134 2012 164 2031 ex
181 2005 223 2032 bis
240 2005 382 2032 concludit
393 2010 504 2032 sanctus
515 2005 593 2032 Pater
606 2005 641 2032 ita
653 2006 724 2040 (75):
743 2005 790 2033 [δίε
841 2006 957 2034 fortasse
980 2008 1145 2041 respexerit,
1165 2008 1192 2034 in
1219 2015 1274 2042 quo
1297 2008 1372 2034 Varia
1398 2007 1517 2042 Spiritus
1543 2011 1630 2037 sancti

32 2053 74 2080 ergo
91 2050 216 2084 conﬁtetur
239 2050 367 2083 credens,
391 2050 453 2084 quia
476 2056 582 2085 propter
608 2051 720 2078 salutem
743 2060 790 2078 no-
839 2053 911 2080 dona
945 2058 1195 2080 commemorantur
1223 2055 1250 2080 in
1282 2054 1464 2081 ministerium
1499 2055 1630 2083 Ecclesiae

32 2096 101 2125 stram,
118 2101 138 2121 et
154 2100 180 2122 ut
199 2096 234 2122 ad
254 2095 534 2122 inconversibilitatem
551 2096 644 2131 ligaret
663 2098 790 2124 universi-
839 2100 912 2126 data.
932 2099 1050 2134 Indeque
1066 2100 1168 2134 colligit
1185 2098 1330 2134 perdoctus
1345 2099 1466 2135 Scaliger
1485 2101 1513 2127 S.
1530 2101 1630 2136 Hippo-

33 2142 99 2171 talem,
121 2141 298 2168 universorum
310 2142 438 2169 Conditor
451 2151 482 2168 ea:
497 2143 665 2169 sanctissima
691 2152 790 2179 semper
840 2145 924 2179 lytum
950 2149 1085 2177 nostrum,
1113 2153 1166 2172 non
1190 2146 1216 2172 in
1236 2145 1356 2180 integros
1373 2145 1520 2180 Scriptura:
1544 2155 1629 2176 sacra:

37 2182 114 2219 l'irgine
137 2187 221 2215 Maria
246 2196 296 2223 per
316 2189 507 2222 conceptionem
531 2188 709 2215 inviolabilem
732 2191 788 2217 sine
805 2201 825 2228 ο
841 2192 934 2223 libros,
960 2190 1007 2218 sed
1033 2192 1061 2217 in
1077 2191 1177 2218 selecta
1192 2192 1323 2219 duntaxat
1337 2192 1396 2219 loca
1415 2195 1628 2222 commentarios

31 2233 217 2261 mntersibilitate
243 2233 427 2261 substantiam
445 2233 547 2260 sibimet
566 2235 684 2261 animum
708 2235 786 2262 intel-
837 2245 974 2265 exarasse.
994 2237 1218 2272 Sapientissimus
1235 2238 1425 2266 Tillcmoutius
1440 2240 1522 2274 bujus
1537 2241 1627 2275 operis

32 2274 139 2305 intentent
163 2288 221 2307 cum
245 2281 373 2308 Μεηεὶιίυο
398 2288 515 2313 corpore,
528 2286 623 2308 natura
645 2281 731 2316 factus
748 2287 786 2308 est
838 2284 945 2311 titulum
971 2292 1034 2311 cum
1060 2285 1253 2319 subsequentis
1282 2285 1309 2312 in
1340 2285 1449 2313 laudato
1473 2294 1627 2314 marmoreo

31 2322 94 2356 l«tino,
106 2326 206 2353 malitia:
222 2327 344 2359 alienus,‘
363 2332 432 2354 totus
447 2327 517 2354 Deus
532 2328 603 2362 ipse,
621 2332 690 2354 totus
709 2328 786 2354 homo
837 2336 1014 2358 monumento
1036 2331 1098 2358 libri
1116 2331 1195 2358 titulo
1210 2331 1363 2366 conjungit,
1381 2340 1462 2367 quem
1479 2333 1515 2360 ita
1534 2337 1625 2360 trans-

32 2367 80 2395 ίαεπι
90 2371 152 2405 ipse;
171 2378 240 2400 totus
264 2373 334 2400 Deus
350 2378 450 2407 pariter
468 2379 575 2406 natura,
590 2378 614 2400 et
628 2373 704 2400 homo
717 2373 767 2400 idet

893 2378 923 2408 it,
939 2381 969 2404 ut
982 2378 1160 2412 posteriorem
1172 2377 1260 2412 primo
1276 2377 1347 2411 loco,
1361 2383 1387 2405 et
1402 2379 1519 2413 primum
1531 2379 1625 2406 ultimo

32 2416 78 2446 ipse.
95 2419 188 2448 Deitate
200 2422 307 2457 quidem
322 2422 412 2449 divina
425 2430 470 2456 per
484 2430 560 2449 suam
573 2422 658 2456 ipsius
673 2422 786 2448 sanctis-
837 2424 896 2450 loco
913 2428 1006 2458 ponat,
1030 2430 1111 2458 atque
1126 2431 1158 2450 ex
1174 2424 1282 2451 duobus
1300 2432 1384 2450 unum
1407 2425 1539 2452 duntaxat
1560 2425 1625 2451 titu-

33 2461 103 2489 3imam
115 2474 211 2493 carnem
222 2475 276 2494 non
289 2467 443 2494 exsistt'ntla
455 2473 550 2494 natura
563 2467 650 2493 carnis
664 2475 784 2501 ορεταηδ,
837 2471 892 2499 lum
916 2472 1013 2503 faciat,
1042 2472 1085 2499 cui
1120 2471 1192 2498 hunc
1225 2478 1336 2498 sensum
1364 2473 1482 2498 astruit:
1506 2472 1625 2498 Traditio

34 2507 165 2539 humanitate
177 2522 235 2540 vero
249 2514 367 2540 humana
381 2522 432 2540 nan
446 2514 599 2541 exsistentia
618 2518 715 2540 natura
733 2513 787 2539 dei-
837 2518 982 2552 apostolica
1006 2517 1037 2544 de
1060 2516 1262 2543 charismatibus
1283 2516 1459 2544 uerisimiliter
1477 2526 1524 2552 ρνο
1553 2519 1626 2553 ref"-

35 2555 88 2582 Iulis.
109 2557 176 2586 Nihil
198 2561 317 2587 divinum
337 2561 437 2587 nudum
457 2569 563 2596 corpore
583 2565 725 2596 operatur,
749 2560 786 2586 nil
838 2564 924 2591 tandis
942 2563 1111 2590 Montanistis
1125 2562 1193 2598 (77).
1222 2562 1255 2589 Hi
1272 2562 1342 2589 tituli
1360 2563 1396 2589 ita
1413 2563 1518 2591 aduniti
1541 2564 1626 2592 habe-

118 2626 245 2665 Hippolyt.
261 2629 406 2664 fragment.
420 2630 443 2658 l.
871 2630 926 2663 (74)
946 2629 1087 2662 Pcarson.,
1111 2628 1332 2665 Vindioxlgnatq
1347 2633 1418 2665 part.
1435 2637 1453 2661 I,
1467 2637 1527 2664 cap.
1542 2630 1570 2657 4.

60 2660 103 2700 lﬁj)
118 2660 183 2700 idem
196 2660 339 2700 fragment.
356 2665 384 2692 2.
527 2673 529 2677 ‘
872 2660 928 2700 (75)
947 2665 1054 2692 Fabric.
1067 2660 1085 2697 ,’
1098 2669 1163 2691 tom.
1182 2664 1190 2689 l
1206 2660 1274 2699 Opp.
1299 2660 1329 2691 δέ
1347 2660 1472 2699 llippol.,
1497 2660 1624 2700 Praefat.,

69 2695 105 2736 (ἐξ)
120 2696 185 2736 idem
201 2695 344 2736 fragment,
361 2702 388 2736 ᾗ.

204 2695 344 2736 fra'gment,
361 2702 388 2736 ᾗ.
837 2695 897 2736 pag.
915 2695 939 2727 ’7.

120 2732 185 2772 idem
199 2729 344 2772 fragment.
359 2735 389 2772 ρ.
837 2729 844 2736 ’
861 2729 927 2772 ("76)
948 2734 1021 2762 Hist.
1038 2734 1169 2762 littéraire
1183 2735 1214 2762 de
1229 2735 1254 2761 tu
1271 2734 1385 2769 France,
1399 2741 1464 2763 tum.
1479 2735 1523 2764 cit.
1535 2757 1542 2770 ,
1561 2743 1625 2772 pag.

63 2765 106 2805 (ﬂ)
123 2768 187 2805 idem
202 2765 344 2805 fraiment.
358 2770 384 2798 5.
837 2765 899 2798 586.

63 2798 107 2842 (23)
123 2803 187 2842 idem
203 2798 267 2842 ibid.
373 2841 381 2842 ί
873 2806 929 2842 (77)
947 2805 1100 2834 Tillemont.
1112 2825 1119 2839 ,
1135 2806 1152 2832 l.
1170 2813 1206 2840 c.,
1223 2813 1283 2841 pag.
1302 2805 1361 2833 106.

65 2833 108 2870 H5)
125 2838 188 2866 ldcm
203 2840 353 2875 fragmento
369 2841 396 2868 8.
