1861 3052
200 111 251 139 :07

687 108 730 135 DE
748 108 828 136 VITA
847 107 891 134 ET
912 107 1065 135 SCRIPTIS
1085 107 1113 134 S.
1135 104 1325 133 HIPPOLYTI.

1778 103 1841 129 308

203 175 264 197 rent
286 177 350 196 sane
365 168 534 203 aptissimum
554 167 734 202 signiﬁcatum
750 167 782 194 ad
800 167 899 194 multos
912 166 981 194 dilii-
996 171 1018 196 Α
1035 167 1111 193 theca
1138 165 1284 192 Bodleiano
1312 164 1382 190 inter
1407 163 1512 190 codices
1531 162 1721 189 Baroccianos
1747 168 1838 186 num.

203 215 333 241 t-ultatum
346 214 430 241 nodos
439 213 580 244 secandos,
593 212 740 246 dummodo
752 213 808 240 haec
820 212 982 239 Tillemontii

203 261 358 295 conjectura
385 265 439 287 tam
464 264 536 288 certa
552 264 623 286 esset
636 267 668 286 ac
685 259 835 294 ingeniosa.
863 257 935 286 Ordo
956 266 984 284 e—

204 308 269 338 nim,
294 314 373 342 quem
389 307 415 332 in
433 314 463 332 ea
479 306 576 333 tabella
596 306 784 336 observamus,
808 313 860 332 non
879 305 984 332 videtur

203 361 262 380 eam
286 352 520 386 transpositionem
544 352 694 379 admittere.
719 351 784 378 Post
803 351 908 378 titulum
931 356 985 377 tra-

203 403 290 425 ctatus
307 397 343 424 De
357 398 574 430 cltarismatibus,
599 398 670 424 illico
692 397 805 431 legimus
827 402 983 432 sequentem

203 443 230 470 ιη
247 443 356 470 laudato
376 443 482 478 lapideo
495 448 689 470 monumento:
709 442 885 477 Ἀποστολικὴ
901 442 985 477 παρά-

201 498 290 521 δοσις,
317 490 461 524 apostolica
486 489 604 516 traditio.
631 489 775 515 Doctorum
799 489 905 515 animos
929 488 986 515 hac

202 536 331 570 quaestio:
353 543 433 570 quem
458 536 555 562 librum
572 536 594 562 is
611 535 707 562 titulus
725 535 880 567 annuntiet,
895 534 985 560 varias

203 582 230 608 in
245 582 388 615 opiniones
403 581 529 608 detraxit.
547 580 713 608 Sententiam
725 580 889 608 Tillemontii
905 580 984 614 paulo

203 632 281 654 antea
298 628 485 662 exposuimus.
501 627 619 662 Scaliger
635 627 689 661 (78)
704 631 798 654 censet
812 625 983 661 Hippolytum

203 678 325 700 nostrum
345 673 395 700 hoc
416 673 466 699 sub
488 673 566 700 titulo
591 673 660 700 idem
676 677 863 707 argumentum
883 678 985 706 pet-tra-

203 724 308 751 classe,
326 719 398 753 quod
416 718 443 746 S.
463 719 578 746 lrcnzeus
597 719 665 745 libro
685 719 763 745 tertio
782 719 840 745 adu.
863 719 983 750 luereses,

206 773 266 799 cap.
282 765 299 791 2
313 770 339 792 et
352 765 368 792 3
381 765 474 799 paucis
485 764 616 792 duntaxat
627 768 785 799 persecutus
799 768 850 791 est.
865 763 901 790 Le
913 763 985 798 Moy-

205 811 268 838 nius
288 818 342 837 non
359 811 493 845 discrepat
510 811 544 837 ab
560 811 610 838 hac
624 811 763 844 opinione,
782 810 844 837 dum
867 810 984 836 arbitra-

1034 212 1068 239 26
1082 216 1108 238 et
1122 211 1172 238 185
1188 214 1276 237 exstat
1290 217 1371 236 manu
1387 213 1495 235 exarata
1517 212 1583 235 teste
1598 207 1758 234 Pearsoniu
1776 205 1838 238 (80)

1034 262 1060 283 et
1076 255 1176 284 Grabio
1190 255 1257 290 (8i),
1273 259 1353 288 atque
1374 254 1400 279 in
1425 253 1609 286 manuscripto
1634 252 1738 279 Grch
1756 251 1838 284 apud

1035 302 1207 329 Lambecium
1217 300 1271 336 (82)
1281 301 1352 327 hunc
1369 307 1457 334 prmse
1470 299 1520 326 fert
1533 299 1640 326 titulum
1655 308 1661 325 :
1675 297 1840 329 Διατὰξεις

1034 348 1088 375 τῶν
1098 348 1182 382 ἁγίων
1199 346 1352 374 ἀποστόλων
1366 345 1410 372 διὰ
1430 344 1595 372 Ἱππολύτου.
1610 342 1796 371 Pearsonius
1813 347 1841 369 et

1035 393 1190 421 Dodwellus
1216 396 1372 420 asseverant
1406 391 1457 418 hoc
1490 390 1625 425 Hippolyti
1652 389 1839 424 opusculum

1036 440 1122 474 quoad
1150 439 1296 465 maximam
1327 441 1428 472 partem
1456 437 1511 471 jam
1541 436 1679 470 vulgatum
1715 441 1791 461 esse
1811 433 1840 459 in

1022 487 1131 512 ‘octavo
1149 484 1371 511 Constitutionum
1388 482 1592 517 apostolicarum
1615 481 1702 512 libro,
1725 487 1842 514 quam-

1036 533 1076 559 vis
1089 531 1217 558 nonnulla
1231 530 1308 557 aliter
1324 529 1486 564 quandoque
1502 527 1638 560 leguntur,
1658 530 1688 552 ιιι
1703 524 1843 551 Grabius

1037 576 1151 606 monuit,
1165 575 1211 609 qui
1233 582 1294 609 pag.
1309 573 1362 601 286
1377 573 1421 600 illa
1452 571 1593 606 Sptcilegto
1614 571 1737 596 Patrum
1757 569 1842 596 tertii

1036 622 1126 650 s:cculi
1141 622 1302 648 inserturunt
1320 628 1349 647 se
1368 618 1504 654 pollicitus
1518 622 1559 645 est
1586 617 1653 651 (85).
1672 617 1714 642 At
1730 620 1766 642 ut
1789 623 1842 642 ve-

1036 677 1096 696 rum
1122 668 1266 697 fateantur,
1291 665 1423 700 quidquid
1450 663 1550 691 laudati
1569 663 1656 689 critici
1683 663 1843 688 disserere

1035 717 1192 749 potuerunt,
1209 716 1238 739 ut
1252 712 1329 739 nobis
1342 711 1484 745 aliqualem
1502 709 1588 736 ideam
1603 707 1843 742 suppeditaret”,

1035 760 1100 795 quid
1119 759 1207 786 isthoc
1220 758 1247 784 in
1262 765 1343 792 opere
1363 755 1391 783 S.
1409 755 1542 790 Hippolyti
1555 755 1769 784 contineretur,
1790 760 1843 778 ne-

1036 813 1173 841 quaquam
1198 803 1305 831 excedit
1330 803 1461 837 sphmratu
1486 808 1620 827 tncrarum
1645 798 1844 832 conjectura-

204 860 251 882 tur
265 858 315 883 hoc
330 864 399 891 opus
415 857 548 883 disserere
571 857 604 882 de
629 856 750 883 doctrina
773 863 820 883 seu
843 855 985 881 traditione
1002 855 1023 882 Β
1038 859 1114 883 rum;
1130 858 1216 885 neque
1239 849 1315 876 nobis
1338 847 1403 875 satis
1429 846 1522 873 ellieax
1538 845 1644 872 videtur
1670 850 1844 891 argumen—

205 901 367 935 apostoliea;
383 902 453 936 quod
471 902 531 928 inde
545 902 654 936 colligit,
668 901 729 936 quia
742 905 860 935 tempore
876 896 904 927 S.
921 899 986 934 Hip-

205 948 289 982 polyti
306 947 380 974 varia
395 947 474 981 hujus
489 948 595 982 generis
606 968 614 978 ,
637 953 663 974 et
677 946 784 981 quidem
800 946 882 972 multa
899 951 985 973 exsta-

207 993 272 1020 bant
288 1000 379 1027 opera.
396 997 476 1027 atque
492 993 580 1020 adltnc
597 992 819 1019 conﬁciebantur.
839 991 906 1018 Nam
924 999 985 1018 cum

207 1038 323 1065 lucretici
337 1038 427 1073 [verba
441 1042 504 1065 sunt
514 1037 663 1064 doctissimi
676 1037 700 1063 le
711 1036 809 1071 Moyoii
820 1035 888 1072 (79)]
902 1036 986 1062 multa

204 1083 347 1116 jactareut,
366 1091 426 1118 qua:
445 1088 572 1118 tanquam
591 1083 625 1110 ab
641 1083 770 1117 apostolis
785 1083 882 1109 hausta
896 1082 986 1109 omni-

208 1130 257 1156 bus
269 1129 486 1160 obtruderentur,
499 1129 653 1160 orthodoxi,
672 1133 701 1155 ut
713 1129 848 1164 grassanti
859 1129 904 1155 isti
916 1128 986 1155 malo

207 1180 317 1209 possent
331 1176 401 1202 viam
423 1175 615 1206 intercludere,
641 1179 669 1203 et
690 1175 821 1210 impedire
841 1175 987 1210 quominus

207 1223 342 1257 simplices
359 1228 385 1250 et
407 1222 529 1249 rudiores
545 1221 634 1257 specie
656 1222 787 1249 doctrina:
803 1221 986 1256 apostolorum

206 1267 377 1294 ﬂecterentur
398 1272 424 1294 et
448 1267 657 1298 seducerentur,
675 1274 766 1293 veram
792 1270 819 1293 et
842 1266 986 1301 genuinam

207 1313 362 1345 apostolicae
388 1312 542 1339 traditionis
566 1313 663 1340 seriem
686 1317 929 1346 repraesentarunt,
955 1320 988 1338 ne

208 1359 346 1392 splendida
362 1359 544 1392 apostolorum
561 1359 721 1386 auctoritate
734 1359 794 1386 aliis
812 1359 890 1386 fucus
903 1358 985 1389 ﬁeret,

207 1409 233 1430 et
257 1404 310 1432 illis
333 1404 503 1432 illuderetur.
526 1404 594 1431 Hine
615 1405 724 1431 traditio
749 1404 931 1438 apostolorum
955 1403 989 1430 ab

210 1449 309 1476 Irenaeo
330 1457 390 1477 vera
412 1454 600 1484 reprznseutata
618 1450 687 1476 libro
704 1457 745 1480 Ill,
761 1457 821 1483 cap.
835 1450 866 1480 -5,
885 1449 912 1480 4,
935 1453 986 1475 etc.

208 1494 280 1522 Nam
305 1504 361 1522 cum
393 1495 571 1522 Valentiniani
583 1500 606 1522 et
622 1494 737 1522 Gnostici
758 1494 840 1521 multa
865 1495 988 1529 ﬁgmenta

206 1544 233 1567 et
251 1539 344 1567 Ilelirt'o
369 1541 495 1567 credenda
512 1540 681 1570 venditorem.
701 1544 789 1574 utpote
810 1539 842 1565 ab
863 1539 987 1574 apostolis

207 1587 270 1620 ipsis
287 1587 445 1613 annuntiata
463 1592 488 1613 et
511 1587 644 1617 derivata;
669 1585 786 1612 Irentvus
806 1593 892 1612 veram
916 1590 988 1620 urget

207 1628 386 1662 apostolorum
397 1628 564 1655 traditionem
576 1633 600 1654 et
615 1628 772 1658 doctrinam,
788 1636 868 1662 quant
887 1627 918 1653 ab
935 1629 989 1660 epi-

208 1675 292 1707 scopis
315 1674 493 1708 apostolorum
519 1674 710 1700 sttccessmibus
735 1677 760 1699 et
779 1672 920 1706 Ecclesiis,
945 1673 989 1700 ubi

209 1719 386 1753 apostolorum
407 1719 530 1753 discipuli
547 1719 700 1750 docuerunt,
717 1719 856 1746 eruendam
872 1723 897 1745 et
919 1719 990 1745 deri-

209 1764 321 1790 vundam
334 1764 477 1792 contendit.
492 1763 526 1789 Et
543 1764 626 1797 primo
641 1769 713 1798 urget
727 1764 849 1791 Rantame
866 1763 991 1791 Ecclesia:

209 1809 391 1840 traditionem,
408 1809 452 1835 ubi
468 1809 573 1843 prec/itit
596 1808 731 1841 Clemens;
747 1808 923 1844 Smyrnensis,
945 1809 989 1836 ubi

209 1855 298 1882 docuit
316 1854 494 1889 Polycurpus;
511 1854 658 1889 Epltesinaz,
671 1855 714 1881 ubi
732 1854 865 1889 apostolus
875 1854 990 1882 Joannes

210 1901 381 1936 Evangelium
397 1905 434 1927 tot
449 1901 524 1927 annis
539 1905 562 1927 et
576 1905 648 1927 tanto
664 1908 722 1926 cum
734 1901 821 1935 fructu
832 1901 991 1935 praedicave-

210 1952 251 1973 ναι
266 1952 289 1973 et
305 1951 480 1981 promoverat.
495 1946 546 1977 ,δίε
560 1946 639 1980 paulo
652 1951 708 1980 post
725 1946 868 1978 Ircnwum,
890 1945 991 1980 Hippo-

210 1994 280 2027 lytus
297 1993 375 2019 etiam
386 1992 491 2027 scripsit
505 2000 580 2018 suam
591 1991 760 2026 Παράὸοσιν
775 1993 990 2026 ἀποστολικήν,

209 2044 239 2066 ut
261 2039 442 2066 haereticorum
462 2038 558 2065 delirio
579 2043 603 2065 et
626 2039 728 2065 somnia
745 2038 880 2072 refutaret,
897 2044 922 2066 et
944 2039 992 2065 do—

210 2084 323 2111 ctrinam
341 2089 490 2118 perpetuam
511 2084 700 2118 apostolorum,
723 2085 751 2110 in
771 2084 923 2118 ﬂorentibus
938 2084 991 2110 Ec-

210 2130 296 2158 clesiis
310 2131 474 2165 superstitem
489 2135 512 2157 et
529 2130 656 2157 sinceram
674 2130 792 2157 omnibus
813 2131 871 2157 istis
891 2131 991 2157 deliriis

209 2182 234 2203 et
254 2176 385 2204 erroribus
409 2181 603 2211 opponeret.....
634 2175 703 2202 Hinc
723 2177 803 2203 etiam
823 2176 990 2210 Παράδοσις

209 2222 392 2256 ἀποστολική
412 2221 444 2248 ab
461 2220 602 2256 Hippolyto
617 2221 756 2253 adornata,
778 2222 805 2248 id
822 2226 860 2248 est
871 2223 989 2249 narratio

211 2268 377 2303 dugntatum,
393 2276 451 2303 qua:
463 2268 574 2302 apostoli
596 2267 785 2295 successoribus
803 2269 857 2295 suis
876 2268 991 2295 tradide-

212 2319 285 2346 rant,
304 2313 425 2347 posteris,
451 2314 484 2340 ad
507 2313 601 2340 ultima
622 2314 712 2340 mundi
735 2313 802 2348 fata,
826 2314 952 2341 tradenda
967 2319 992 2340 et

212 2360 441 2386 communicanda.
456 2358 591 2386 Hactenus
607 2359 780 2386 doctissimus
799 2359 824 2386 le
840 2359 972 2395 Moynius.

248 2405 300 2431 Alii
313 2410 477 2432 censuerunt
494 2413 540 2439 per
552 2410 697 2432 tractatum
719 2406 769 2433 sub
781 2405 857 2432 titulo
874 2405 992 2432 Traditio

213 2451 359 2486 apostolica
387 2452 577 2479 annuntiatum
611 2453 721 2487 intelligi
753 2460 833 2488 posse
865 2453 992 2479 διδασκα-

213 2496 283 2529 λίαν,
299 2504 346 2524 seu
362 2496 509 2523 doctrinam
523 2498 608 2524 sancti
626 2497 771 2532 Hippolyti,
787 2505 846 2532 qua:
858 2497 884 2524 in
897 2497 994 2524 biblio-

216 2584 306 2645 τἣὲζῖε)
328 2583 457 2619 Scaliger,
481 2585 520 2611 De
544 2585 671 2612 emendat.
695 2590 772 2620 temp.
795 2585 843 2612 lib.
859 2593 907 2617 vn,
933 2593 992 2621 pag.

327 2653 364 2681 Le
381 2653 490 2690 Moyne,
513 2655 593 2682 Varia
609 2663 695 2687 sacra,
709 2660 775 2683 tom.
801 2655 832 2689 ΙΙ,
851 2664 911 2690 pag.
927 2656 995 2682 1062

215 2694 239 2717 Ν
324 2724 466 2760 Pearson...
487 2725 586 2752 Vindic.
604 2725 703 2759 Ιςιιιίιι.Ι
716 2734 777 2760 pag.
795 2725 829 2752 60
842 2731 867 2753 et
881 2726 924 2752 62.

252 2759 306 2796 (81)
327 2759 426 2796 Grube,
444 2766 498 2788 tom
527 2761 546 2792 l,
575 2760 697 2796 Spicileg.
714 2759 835 2791 Patrum,
852 2769 912 2795 pag.
930 2760 995 2796 283i.

217 2794 312 2856 “(’83.)-
327 2794 465 2829 Lambec.,
487 2797 534 2823 ill).
549 2794 608 2828 vui,
625 2794 686 2832 pag.
701 2796 769 2829 μεθ,
785 2794 911 2824 Bibliot/t.
933 2794 996 2822 Vin-

1037 901 1095 923 tum
1113 895 1177 922 illud
1194 902 1226 921 ex
1239 898 1355 927 utroque
1376 890 1559 924 manuscripto
1573 887 1802 925 Vindobonensi
1818 891 1846 914 et

1037 941 1183 970 Oxonieusi
1200 940 1325 975 petitum,
1339 938 1411 973 quod
1427 937 1553 964 nimirum
1570 936 1596 962 in
1622 939 1752 968 utroque
1767 942 1845 960 mss.

1037 989 1084 1015 lib.
1118 995 1166 1014 VIII
1194 985 1419 1013 Constitutionum
1447 982 1653 1016 apostoliearum
1678 981 1845 1015 praeﬁxum

1037 1034 1135 1061 habeat
1150 1040 1247 1059 nomen
1266 1031 1295 1058 S.
1312 1029 1447 1065 ilippolyti
1474 1029 1524 1056 hoc
1546 1028 1597 1055 sub
1628 1027 1726 1058 titulo,
1748 1025 1847 1052 Διδα-

1037 1079 1149 1106 σκαλίαι
1168 1078 1226 1104 τῶν
1255 1077 1345 1112 ἁγίων
1369 1076 1547 1103 ἀποστόλων
1575 1073 1641 1108 περὶ
1674 1071 1846 1107 χαρισμά-

1036 1135 1103 1153 των.
1124 1125 1262 1159 Siquidem
1292 1130 1360 1157 opus
1389 1120 1611 1148 Constitutionum
1634 1127 1650 1145 a
1674 1118 1844 1153 p0stcricri

1038 1179 1119 1198 manu
1131 1175 1157 1197 et
1173 1170 1206 1197 ab
1222 1173 1333 1196 auctore
1360 1167 1451 1195 saeculi
1468 1166 1558 1202 quarti
1583 1164 1743 1200 profectum
1776 1171 1845 1191 esse

1038 1216 1138 1252 passim
1153 1214 1251 1242 eruditi
1269 1213 1445 1240 arbitrantur.

1040 1273 1054 1308 ᾗ
1072 1272 1103 1299 ll.
1129 1271 1167 1298 De
1182 1278 1298 1298 sermone
1327 1269 1355 1296 S.
1366 1268 1509 1308 Hippolyti
1531 1276 1540 1292 ι
1555 1268 1582 1293 in
1597 1266 1730 1293 Sanctam
1747 1264 1846 1291 Theo—

1344 1305 1478 1339 phaniam.
1493 1312 1501 1328 ι

1074 1352 1218 1379 Homiliam
1234 1351 1260 1378 in
1277 1349 1491 1384 Theophaniam,
1504 1348 1560 1375 sive
1582 1347 1608 1374 in
1628 1345 1738 1373 Christi
1773 1344 1845 1372 Sal-

1040 1397 1331 1432 vatorishaptismum,
1344 1395 1423 1422 edere
1436 1394 1520 1421 voluit
1535 1394 1570 1421 cl.
1586 1392 1751 1419 Holstenius
1767 1396 1847 1418 teste

1042 1443 1188 1470 Lambecio
1217 1448 1288 1468 tonio
1315 1439 1473 1479 l_Biblioth.
1505 1437 1663 1468 Vindobon.,
1683 1444 1754 1471 pag.
1772 1436 1845 1462 Ml.

1041 1489 1225 1523 Eamdemque
1243 1486 1380 1514 homiliam
1407 1484 1561 1513 Christiano
1579 1483 1694 1510 Daumio
1713 1482 1750 1509 ad
1776 1490 1847 1508 ma-

1002 1530 1022 1558 C
1039 1542 1091 1562 nus
1104 1534 1187 1561 fuisse
1202 1537 1276 1560 notat
1287 1532 1392 1567 ltligius
1412 1531 1439 1558 in
1456 1530 1645 1557 dissertatiOue
1663 1529 1703 1555 De
1720 1527 1848 1555 Nativa}-

1040 1581 1102 1608 tatis
1117 1580 1215 1608 Christi
1231 1579 1307 1613 festo,
1324 1586 1383 1612 pag.
1408 1577 1470 1608 595,
1488 1580 1548 1611 post
1563 1575 1746 1610 appendicem
1764 1575 1847 1601 diss.

1040 1627 1079 1654 De
1093 1625 1286 1653 Itwresiarcltis.
1308 1623 1394 1656 Quam
1409 1621 1504 1649 ltabuit
1525 1621 1605 1648 etiam
1636 1619 1769 1646 Thomas
1785 1619 1848 1646 Ga-

1040 1674 1100 1700 leus
1119 1676 1187 1699 teste
1211 1670 1300 1698 Caveo
1316 1669 1383 1704 (84).
1405 1667 1502 1702 Incipit
1526 1670 1636 1693 autem:
1660 1664 1765 1690 Πάντα
1790 1665 1848 1699 μὲν

1041 1718 1111 1746 καλὰ
1127 1717 1173 1744 καὶ
1189 1715 1259 1743 καλὰ
1271 1715 1341 1741 λίαν.
1355 1714 1393 1740 Ex
1405 1713 1498 1740 codice
1513 1712 1624 1740 Thomas
1641 1709 1720 1738 Galei
1735 1709 1848 1736 Graece

1042 1764 1202 1798 descriptam
1215 1761 1318 1796 accepit
1331 1759 1451 1787 eamdem
1476 1758 1614 1785 homiliam
1631 1765 1645 1783 a
1660 1756 1772 1783 Wolﬁo
1793 1757 1849 1783 Al—

1041 1811 1135 1838 bertus
1160 1809 1311 1839 Fabricius,
1334 1813 1448 1840 eamque
1473 1803 1624 1832 collectioni
1652 1810 1781 1837 operum
1812 1802 1845 1829 S.

1042 1854 1175 1890 Hippolyti
1195 1853 1317 1881 inseruit.
1335 1851 1434 1878 Sancto
1460 1849 1522 1877 huic
1543 1848 1654 1884 martyri
1679 1848 1847 1875 aseriben-

1042 1902 1102 1929 dam
1116 1908 1176 1928 esse
1186 1908 1218 1926 ex
1243 1899 1302 1925 solo
1318 1897 1373 1924 fere
1400 1895 1477 1923 titulo
1502 1894 1611 1930 probari
1636 1898 1741 1928 potest,
1774 1901 1848 1928 quae

1041 1946 1214 1980 conjectura,
1245 1951 1306 1971 cum
1334 1941 1518 1969 omnimodam
1547 1939 1742 1967 eertitudinem
1782 1947 1845 1965 non

1042 1992 1176 2027 prabeat,
1202 1989 1324 2017 ulteriori
1349 1989 1413 2016 erisi
1447 1987 1613 2015 eruditorum
1646 1985 1845 2020 relinquitur.

1045 2038 1115 2065 Sane
1132 2037 1198 2064 nihil
1216 2037 1245 2063 ὃ.
1265 2036 1408 2071 Hippolyto
1427 2035 1605 2069 incongruum
1623 2032 1846 2065 complectitur,

1043 2089 1069 2111 et
1085 2082 1254 2118 pra-sentiam
1268 2081 1315 2108 Dei
1343 2080 1492 2108 Salvatoris
1510 2078 1594 2106 nostri
1611 2085 1660 2112 per
1684 2085 1774 2104 suam
1795 2079 1845 2104 in-

1045 2129 1228 2156 carnationem
1243 2127 1361 2154 maxime
1383 2127 1410 2153 in
1439 2125 1572 2160 baptismo
1595 2131 1644 2151 suo
1660 2131 1711 2158 per
1734 2130 1846 2150 vocem

1043 2175 1133 2202 Patris
1161 2174 1194 2202 de
1217 2174 1286 2200 coelo
1315 2173 1452 2207 delapsam
1485 2169 1685 2198 manilcstatam
1713 2169 1847 2196 demon-

1042 2226 1119 2249 Sll'al.

1077 2266 1227 2294 Observant
1256 2265 1407 2292 doctissimi
1444 2263 1559 2291 Maurini
1590 2262 1644 2296 (85)
1683 2261 1846 2289 homiliam

1042 2316 1114 2340 hanc
1128 2314 1177 2340 abs
1193 2312 1221 2339 S.
1236 2312 1379 2348 Hippolyto
1401 2310 1601 2346 pronuntiatam
1630 2309 1719 2335 fuisse
1736 2316 1847 2336 coram

1044 2360 1199 2394 gentilibus.
1216 2359 1277 2386 Haec
1290 2358 1445 2393 singillatim
1473 2360 1619 2392 pertractat
1631 2355 1664 2382 de
1690 2355 1848 2390 baptismo

1044 2407 1107 2433 Jesu
1121 2406 1232 2438 Christi,
1250 2405 1363 2440 ejusque
1391 2403 1531 2431 eﬂ‘ectibus
1546 2402 1628 2429 relate
1642 2401 1677 2428 ad
1701 2401 1847 2429 homines

1044 2453 1204 2487 praesertim.
1224 2453 1324 2478 Auctor
1339 2451 1488 2477 orationem
1511 2456 1587 2476 suam
1603 2447 1685 2474 modo
1696 2448 1733 2474 ad
1748 2455 1846 2475 unam

1046 2499 1187 2530 duntaxat,
1206 2497 1286 2524 tnodo
1309 2497 1342 2524 ad
1367 2497 1457 2531 plures
1474 2495 1563 2529 dirigit
1582 2502 1729 2529 personas.
1759 2493 1846 2520 Nihil

1082 2589 1137 2624 (83)
1157 2588 1197 2615 Cl.
1229 2587 1350 2624 Grabius
1372 2591 1458 2614 morte
1482 2588 1642 2624 prpeyentus‘
1660 2584 1843 2624 promissum

1045 2618 1183 2651 exsuli-ere
1206 2630 1259 2649 non
1279 2623 1378 2657 potuit;
1399 2618 1490 2648 verum
1509 2620 1606 2657 Albert.
1623 2618 1772 2657 Fabricius
1787 2627 1844 2645 na-

1046 2663 1106 2685 ctus
1121 2659 1212 2684 eadem
1228 2658 1260 2684 ad
1279 2654 1338 2690 'jam
1359 2657 1446 2684 dictos
1465 2663 1530 2682 mss.
1555 2655 1651 2690 libros
1663 2654 1805 2690 recensita
1826 2661 1845 2680 ξι

1046 2694 1162 2725 Grabio,
1190 2693 1236 2727 qui
1259 2689 1352 2718 Latina
1379 2691 1501 2727 versione
1521 2690 1601 2727 etiam
1626 2689 1670 2715 illa
1698 2689 1847 2721 donavit,

1047 2733 1120 2755 torno
1134 2728 1142 2753 l
1157 2725 1272 2761 Operum
1287 2726 1419 2761 ilippolyli
1436 2725 1558 2761 inseruit.

1084 2764 1139 2796 (Sit)
1158 2759 1237 2795 Cave.
1256 2759 1519 2796 llisti’titt'érltom.
1537 2759 1556 2785 l.

1083 2792 1138 2834 (85)
1159 2792 1229 2825 .‘lt‘st.
1248 2797 1325 2824 litter.
1344 2796 1375 2824 de
1389 2796 1415 2823 la
1432 2795 1543 2828 France,
1561 2797 1625 2822 tom.
1648 2793 1670 2826 Ι,
1688 2801 1753 2828 pag.
1768 2792 1847 2820 ὄπι
