1861 3052
59 115 107 142 509

553 120 595 147 DE
616 121 695 148 VITA
715 121 759 149 ET
779 120 933 149 SCRIPTIS
952 121 981 148 ὃ.
1002 120 1190 148 lllPPOLYTl.

1624 123 1675 151 5l0

61 182 169 209 quoque
184 175 212 202 in
231 177 287 204 hoc
314 178 442 206 discursu
461 184 507 207 aut
530 181 677 215 doctrinm,
707 187 753 209 aut
779 184 849 210 aetati
865 186 885 213 Α
901 182 1006 210 Domini
1023 183 1102 215 tsst,
1116 192 1147 210 ex
1179 191 1244 218 agro
1257 182 1364 210 Verano
1384 191 1437 210 non
1461 184 1555 218 procul
1569 184 1602 211 ab
1624 185 1680 212 aede

61 220 88 248 S.
102 220 240 257 Hippolyti
273 223 469 253 inconveniens
487 227 639 261 reperitur;
658 229 780 263 quiuimo
793 229 850 256 sive

61 266 158 301 stylum
172 273 293 301 spectes,
306 269 364 297 sive
379 271 481 298 dicendi
495 273 602 299 modum
620 274 645 299 in
655 274 718 300 aliis
733 281 850 308 opuscu-

60 311 103 343 lis,
121 320 185 348 qua:
200 313 314 341 indubie
331 315 417 349 ipsius
445 321 517 348 sunt,
542 318 701 350 adhibitum,
725 320 849 347 eumdem

62 358 232 391 ipsissimum
257 360 285 387 in
314 361 365 388 bac
380 362 490 390 homilia
510 364 696 392 observamus.
715 364 849 393 Notatin-

61 411 143 437 super
156 405 338 432 doctissimus
354 406 491 442 Remigius
507 409 614 436 Ccillicr
637 410 694 445 (86)
712 411 847 440 laudatam

62 449 203 476 bomiliam
222 459 284 478 esse
304 452 428 486 nitidam,
458 454 670 488 mditicatoriam,
687 457 850 492 dignamque

64 500 159 522 tancto
170 496 312 531 episcopo,
328 505 432 524 necnon
448 503 475 526 ct
498 500 563 526 satis
578 501 753 533 elaboratam.
770 508 850 538 atque

61 541 142 576 longe
165 543 321 576 politiorem
335 545 439 572 caeteris
460 547 641 574 communiter
663 553 784 576 veterum
799 549 850 577 Pa-

61 592 133 615 trum
148 589 282 617 homiliis.

96 634 211 661 Addunt
228 641 356 669 praeterea
376 637 489 664 Mauriui
505 638 572 674 (87),
599 640 731 674 quosdam
757 641 849 668 erudi—

61 685 104 708 tos
118 681 295 709 existimasse
320 683 455 710 laudatam
484 684 620 711 bomiliam
647 686 768 712 eamdem
790 694 849 714 esse

61 733 144 759 quam
172 725 200 752 S.
221 726 402 763 Hieronymus
429 729 497 756 inter
522 731 575 757 divi
603 730 739 767 Hippolyti
769 741 847 768 opera

62 772 113 797 hoc
128 772 181 798 sub
194 773 273 799 titulo
286 773 425 800 denotavit
442 784 448 801 :
462 774 581 802 Humilia
602 777 705 804 scilicet
720 778 752 804 de
772 779 849 806 laude

62 816 226 844 Saltatoris.
245 817 345 845 Verum
371 820 397 846 in
423 821 534 855 prmfata
552 822 663 849 homilia
680 831 732 850 non
750 824 848 859 legitur

62 863 137 896 illud,
171 864 245 898 quod
280 865 310 892 1).
337 865 515 901 Hieronymus
542 868 690 904 subjungit,
718 870 844 897 nimirum

62 914 189 936 sanctum
215 915 338 938 nostrum
364 911 390 938 in
413 913 553 946 praesentia
571 914 693 949 Origenis
722 917 844 944 eamdem

61 957 266 990 pronuntiasse.
282 957 410 984 Fatemur
422 959 543 993 quidem,
571 961 642 994 quod
660 961 692 987 ad
704 962 847 990 dilliculta-

61 1006 114 1028 tem
132 1001 206 1028 hanc
219 1002 403 1030 extricandam
431 1005 540 1038 quidam
564 1006 720 1038 obtendant,
746 1007 845 1035 factum

61 1047 112 1074 hoc
124 1047 176 1074 abs
191 1047 222 1074 Ι).
240 1047 404 1084 Hieronymo
434 1051 569 1084 proditum
594 1059 697 1079 merum
722 1061 781 1080 esse
804 1062 846 1081 er-

60 1099 150 1118 rorem
163 1099 197 1119 ex
216 1094 286 1120 male
301 1094 435 1122 intellecto
459 1097 547 1130 capite
564 1097 598 1124 25
619 1098 679 1125 libri
706 1107 730 1125 vi
760 1099 845 1126 Eusc-

61 1137 97 1163 bii
109 1143 234 1172 enatum,
252 1147 388 1175 quemque
400 1141 543 1169 clarissimi
556 1143 607 1169 viri
627 1143 739 1172 lluetius
754 1150 781 1172 et
794 1146 846 1172 Va-

62 1182 145 1210 lesius
169 1185 333 1212 refutaruut.
364 1185 463 1214 Verum
493 1188 544 1215 hoc
568 1197 621 1216 non
651 1194 705 1217 tam
730 1197 845 1223 certum,

61 1229 290 1262 quemadmodum
306 1232 468 1264 vcnditatur,
482 1234 633 1262 habendum
646 1241 696 1264 est.
707 1236 844 1272 Siquidem

62 1272 245 1309 Hieronymus
258 1276 301 1303 hic
315 1285 368 1304 non
383 1280 531 1306 secundum
548 1280 694 1308 Eusebium
715 1282 844 1317 loquitur.

63 1318 119 1351 lpse
134 1321 208 1346 enim
224 1321 257 1348 de
274 1321 350 1349 libris
370 1330 384 1349 a
396 1325 485 1358 seipso
502 1325 578 1353 lectis
589 1326 713 1361 disserit;
729 1336 847 1363 quapro-

62 1369 120 1397 pter
134 1366 321 1394 veresimilius
335 1368 391 1395 haec
411 1370 459 1397 abs
485 1376 579 1398 sancto
607 1372 716 1400 doctore
739 1373 846 1402 laudata

63 1410 174 1436 bomilia
189 1419 251 1437 cum
280 1413 403 1446 pluribus
426 1415 486 1441 aliis
509 1416 630 1450 ejusdem
661 1419 780 1446 auctoris
806 1420 847 1446 in-

60 1454 152 1488 teriit,
192 1458 422 1491 quemadmodum
461 1462 542 1495 paulo
582 1462 696 1491 inferius
735 1464 844 1492 docebi-

60 1508 130 1528 mus.
416 1513 418 1516 '

320 1549 518 1578 AHTICULUS
535 1551 579 1580 ιχ,

199 1611 233 1630 DE
249 1612 350 1632 CANONE
363 1615 486 1636 PASCEALI
508 1618 530 1637 S.
553 1619 703 1639 HIPPOLYTI.

62 1647 76 1680 ᾗ
93 1647 112 1674 Ι.
127 1648 158 1675 S.
176 1648 318 1686 Hippolyti
329 1652 421 1690 canon
437 1663 482 1681 seu
505 1655 599 1690 Cyclus
619 1657 758 1686 Paschalis
775 1665 843 1687 mte-

289 1695 333 1721 yre
346 1688 465 1716 itwentus
481 1688 536 1717 an:
545 1691 623 1718 1551.

93 1729 230 1757 Cononem
254 1732 415 1767 paschalem,
442 1743 489 1762 seu
518 1736 627 1771 Cyclum
651 1740 810 1773 paschalem,
828 1749 843 1767 a

62 1773 89 1800 S.
107 1774 255 1812 Hippolyto
273 1780 465 1813 compositum,
489 1782 568 1817 cujus
580 1784 724 1812 Anatolius
742 1785 842 1814 Laodi-

62 1822 150 1849 censis
168 1823 237 1857 (88),
256 1823 390 1852 Eusebius
416 1827 472 1862 (89)
490 1832 517 1854 et
543 1828 571 1856 S.
595 1828 773 1866 Hieronymus
788 1833 843 1868 (90)

61 1868 255 1900 meminerunt,
276 1869 368 1898 Graece
391 1876 417 1898 et
441 1872 536 1900 Latine
552 1875 698 1909 interprete
716 1877 844 1905 eruditis-

60 1912 128 1940 simo
152 1913 303 1943 Francisco
328 1916 496 1951 Blanchinio,
514 1920 640 1955 notisque
661 1921 762 1957 IEgidii
791 1923 843 1951 Bu—

59 1960 143 1986 cherii
158 1965 186 1987 et
200 1961 318 1988 aliorum
335 1964 456 1991 virorum
479 1966 699 1995 doctissimorum
721 1969 842 1996 illustra-

60 2007 124 2035 tum,
139 2004 238 2031 ultimo
253 2006 360 2034 tandem
381 2008 450 2039 loco,
478 2010 540 2037 licet
558 2011 593 2038 ob
617 2020 693 2039 suam
709 2019 842 2048 praestan-

60 2048 121 2075 tiam
139 2054 166 2076 et
184 2050 367 2084 integritatem
393 2053 462 2081 inter
474 2053 631 2091 Hippolyten
658 2058 745 2092 primo
760 2059 842 2087 collo-

58 2095 161 2122 candus
172 2100 248 2122 esset
262 2096 332 2129 loco,
350 2105 533 2127 recensemus.
554 2100 674 2130 Perierat
688 2104 739 2131 iste
751 2104 842 2132 Cunon

58 2149 117 2167 cum
135 2142 245 2169 ctetcris
277 2143 396 2177 ejusdem
416 2144 550 2181 Hippolyti
572 2150 766 2183 monumentis,
792 2159 842 2179 nec

57 2187 116 2220 ejus
131 2188 283 2221 quidquam
299 2194 397 2222 praeter
412 2198 509 2218 nomen
527 2198 686 2228 supererat;
705 2203 766 2222 cum
780 2204 842 2225 ecce

58 2232 128 2259 bono
143 2233 202 2265 Dei,
216 2238 244 2260 et
263 2242 359 2266 magna
375 2237 543 2264 eruditorum
560 2239 681 2266 omnium
694 2241 796 2274 laetitia,
814 2249 842 2271 ut

57 2278 202 2313 Baronius,
229 2281 359 2318 Scaliger,
391 2283 578 2320 Gruterusque
603 2291 747 2322 testantur,
771 2298 842 2318 anno

91 2337 162 2378 (86)-
179 2338 257 2365 Remi
273 2339 402 2378 _Qeillier,
434 2341 505 2369 Uisl.
533 2344 620 2378 génér.
651 2346 695 2371 des
722 2351 840 2378 auteurs,

58 2377 120 2399 tom.
141 2374 173 2405 ll,
192 2381 254 2408 pag.
272 2374 335 2402 529.

57 2408 237 2476 p:(875l_gist.
261 2409 314 2437 litt.
341 2411 373 2437 de
400 2410 427 2438 la
446 2411 559 2445 France,
590 2417 656 2440 tom.
688 2415 710 2449 Ι,
731 2420 801 2450 part.
819 2425 837 2449 ι,

89 2450 114 2476 g.
152 2453 159 2469 Α
184 2463 191 2470 .

89 2450 114 2476 g.
128 2450 191 2470 mu.

179 2479 288 2506 Anatol.
320 2479 404 2507 Laod.
427 2482 522 2516 episc.,
542 2483 646 2518 prmfat.
676 2485 708 2511 ad
738 2484 839 2513 Canon-

92 2547 145 2586 ςξξὶ)
163 2548 274 2586 Euseb”
289 2549 337 2576 lib.
353 2558 378 2576 vt
400 2550 434 2586 Η.
453 2551 498 2582 Ε.,
514 2560 572 2586 cap.
591 2553 635 2579 22.

58 2582 333 2644 ωωοὲιιίίενοιιγηι.
351 2586 377 2612 in
396 2585 517 2622 Catalog.
547 2582 579 2614 de
614 2589 705 2623 script.
728 2591 820 2618 eccles.
833 2611 840 2623 ,

91 2625 116 2644 o.
171 2638 177 2644 .

91 2625 116 2650 p.
134 2625 177 2644 bl.

93 2651 146 2686 (91)
173 2653 305 2692 Buc_her..
327 2654 471 2692 Derdactr.
490 2661 612 2692 tempor.,
640 2665 698 2692 par.
726 2659 790 2692 ‘292,
813 2660 839 2686 in

60 2690 247 2746 (frumentario
266 2697 318 2717 suo
345 2691 379 2717 ad
408 2690 545 2719 Canonemv
560 2690 710 2727 paschalem
724 2690 836 2722 Victorii

82 2728 188 2754 qmtant.

92 2757 144 2788 (92p
171 2758 293 2794 Vignol.,
317 2759 461 2788 Dissertat.
482 2762 514 2789 de
535 2769 607 2790 anno
628 2770 636 2788 ι
655 2761 748 2790 Severi
775 2764 838 2791 Ale-

61 2793 155 2826 xandri,
174 2793 234 2828 pag.
258 2796 305 2823 94.
317 2810 319 2812 τ

89 2827 138 2863 (93)
165 2829 313 2866 Scaliger.,
345 2829 384 2856 De
408 2831 535 2859 emendat.
563 2837 681 2868 tempor.,
711 2833 758 2861 lib.
787 2839 834 2867 ut,

902 228 930 256 S.
942 228 1080 256 Laurentii
1095 228 1129 255 ad
1143 228 1241 256 Urbem
1257 237 1271 256 e
1287 230 1424 256 memoriae
1448 229 1582 264 Hippolyti
1607 230 1680 257 anti-

900 282 960 309 quas
976 274 1122 302 ruderibus
1135 274 1233 302 eﬂ‘ossa
1252 276 1351 310 prodiit
1369 276 1479 310 antiqua
1507 284 1522 302 e
1543 283 1680 302 marmore
1708 282 1710 285 '

901 325 1000 352 statua,
1030 321 1098 348 solio
1128 321 1263 354 insidens,
1293 321 1394 349 Graecis
1429 322 1555 357 utrinque
1584 322 1681 349 litteris

901 366 1039 400 inscripta.
1061 365 1169 393 Littera‘
1187 367 1214 393 in
1233 367 1305 394 binis
1332 367 1466 394 cathedrze
1483 368 1620 394 laterculis
1633 375 1680 403 cy-

899 412 957 440 clos
986 412 1127 447 paschales
1163 420 1296 439 annorum
1326 413 1461 440 sexdecim
1500 413 1680 444 exhibebant;

900 462 1058 491 quartarum
1067 458 1235 485 decimarum
1246 458 1351 490 dextro,
1360 457 1561 485 Dominicarum
1571 459 1682 492 pascha-

900 503 966 530 lium
995 503 1117 535 sinistro,
1144 509 1275 538 utrosque
1295 508 1404 530 centum
1432 504 1575 530 duodecim
1601 504 1680 531 annis

900 548 1048 575 universim
1077 548 1299 583 comprehensos,
1331 556 1386 583 qua
1411 556 1544 575 annorum
1568 548 1680 583 periodo

901 594 983 621 ferias
1000 595 1108 622 easdem
1124 595 1149 621 in
1161 595 1252 621 orbem
1269 594 1356 621 redire
1379 595 1493 621 credidit
1510 594 1678 630 Hippolytus.

900 638 958 666 Non
971 646 1030 668 erat
1045 641 1155 675 quidem
1170 648 1329 674 expressum
1359 639 1494 675 Hippolyti
1509 648 1619 670 nomen,
1634 641 1680 667 sed

901 684 979 712 facile
995 686 1053 720 ipsa
1067 686 1342 713 hecczedecaeteridos
1355 686 1491 717 methodo,
1508 690 1535 713 et
1550 685 1679 712 librorum

900 730 1036 763 lemmate,
1068 730 1139 765 quod
1167 730 1293 757 dextrum
1323 731 1481 758 laterculum
1508 730 1678 762 continebat,

901 777 1037 811 proditum
1059 781 1116 809 est;
1131 784 1226 804 eorum
1241 777 1312 802 enim
1334 777 1455 804 omnium
1473 782 1611 804 auctorem
1626 776 1681 802 Eu-

900 823 1004 854 sebius,
1021 822 1209 857 Hieronymus,
1224 822 1324 856 aliique
1338 821 1509 857 Hippolytum
1523 822 1680 856 episcopum

898 868 1009 895 faciunt.
1025 868 1090 895 Tam
1104 868 1216 899 illustre,
1230 872 1285 894 tam
1300 876 1391 894 rarum
1402 868 1545 903 primitirte
1556 868 1682 895 Ecclesia:

897 920 1104 942 monumentum
1120 913 1246 940 Marcello
1261 914 1378 941 Cervino
1397 919 1462 942 tunc
1477 914 1505 942 S.
1524 914 1556 941 lt.
1574 914 1604 940 E.
1618 922 1680 941 car-

897 959 992 991 dinali,
1006 963 1099 994 postea
1113 959 1194 986 etiam
1209 959 1329 992 ejusdem
1346 959 1464 986 nominis
1488 967 1563 994 papa:
1588 958 1620 988 ll.
1638 959 1681 986 di-

897 1005 1060 1039 gnissimum
1079 1005 1167 1031 visum
1185 1003 1256 1038 quod
1274 1003 1386 1031 Romam
1408 1005 1469 1031 inde
1491 1003 1641 1031 deferretur
1654 1008 1682 1030 et

896 1051 923 1077 in
943 1051 1069 1078 Vaticana
1098 1051 1259 1078 bibliotheca
1285 1051 1461 1081 conderetur;
1478 1050 1561 1077 edidit
1585 1051 1681 1077 deinde

897 1097 1000 1128 Grmce,
1014 1100 1043 1123 ut
1054 1101 1124 1128 erat,
1149 1103 1211 1122 cum
1237 1095 1356 1130 antiquis
1383 1096 1440 1122 suis
1458 1095 1680 1129 inscriptionibus

897 1141 1047 1174 Gruterus;
1080 1141 1199 1174 Scaliger
1227 1141 1308 1167 etiam
1336 1141 1407 1168 notis
1425 1140 1580 1167 illustravit.
1611 1139 1678 1175 Ego,

897 1188 985 1222 inquit
1012 1187 1179 1219 Bucherius,
1204 1188 1245 1213 hic
1273 1186 1365 1214 Latine
1394 1186 1508 1221 ﬁdeliter
1536 1186 1679 1218 redditum,

896 1242 947 1260 non
961 1239 1014 1260 tam
1037 1234 1069 1260 de
1096 1241 1159 1260 novo
1186 1233 1327 1267 prIicare,
1355 1241 1432 1267 quam
1447 1232 1614 1268 paschalibus
1632 1231 1679 1257 Vi-

897 1279 974 1306 ctorii
999 1279 1083 1306 nostri
1111 1278 1318 1312 Latinorumque
1353 1278 1498 1312 primorum
1532 1277 1678 1304 rationibus

897 1325 1068 1359 conformem,
1093 1324 1185 1358 paucis
1214 1324 1346 1351 ostendere
1376 1323 1510 1350 constitui.
1542 1322 1679 1349 Hactenus

896 1370 1070 1398 doctissimus
1085 1369 1210 1405 Egidius
1224 1369 1374 1397 Bucberius
1385 1368 1452 1404 (9i).

934 1425 988 1453 Hos
1012 1429 1101 1453 autem
1129 1425 1207 1452 binos
1230 1425 1439 1452 sexderennales
1455 1432 1573 1452 canenes
1593 1424 1618 1451 in
1633 1432 1678 1452 ea-

896 1470 956 1498 dem
973 1470 1101 1497 cathedra
1126 1470 1230 1505 lapidea
1255 1470 1404 1505 iusculptos
1432 1469 1527 1501 fuisse,
1545 1477 1597 1497 non
1624 1477 1691 1496 una:

860 1518 881 1546 C
899 1517 978 1551 plane
1003 1517 1074 1544 ratio
1095 1517 1200 1550 suadet,
1226 1521 1256 1544 ut
1282 1522 1354 1544 recte
1374 1516 1565 1544 animadvertit
1590 1515 1623 1543 ν.
1646 1517 1674 1544 C.

896 1561 1015 1589 Joannes
1030 1561 1171 1597 Vignolins
1189 1562 1256 1596 (92).
1283 1562 1344 1589 Prw
1370 1562 1481 1594 crrteris,
1503 1561 1600 1596 inquit,
1619 1569 1678 1596 qua

895 1607 950 1642 ejus
975 1608 1090 1634 creditur
1102 1612 1207 1639 statua;
1235 1616 1313 1642 quam
1326 1612 1353 1634 ut
1374 1607 1456 1634 eidem
1482 1608 1567 1634 adhuc
1584 1609 1677 1634 viventi

894 1654 1007 1688 positam
1023 1653 1212 1686 existimemus,
1228 1661 1279 1680 non
1305 1653 1377 1679 illius
1389 1654 1448 1680 'ccvi
1475 1653 1580 1680 humilis
1599 1652 1676 1680 Chri-

894 1699 1041 1725 stianorum
1061 1698 1187 1732 conditio,
1209 1707 1289 1733 neque
1306 1699 1389 1733 ipsius
1410 1699 1459 1725 viri
1474 1699 1601 1725 sanctitas
1617 1707 1674 1725 ont-

894 1745 957 1771 nino
968 1745 1024 1779 pati
1045 1745 1157 1771 videtur.
1173 1745 1256 1780 Atque
1267 1745 1324 1779 ejus
1338 1745 1431 1771 deinde
1446 1745 1573 1771 librorum
1592 1745 1674 1778 tituli,

894 1797 1004 1825 quorum
1029 1790 1058 1816 in
1076 1790 1194 1824 margine
1227 1791 1358 1818 cathedra:
1383 1791 1479 1816 mentio
1505 1795 1607 1822 exstat;
1631 1791 1676 1825 qui

895 1835 998 1861 nonnisi
1013 1839 1071 1869 post
1082 1835 1156 1861 illius
1180 1835 1278 1861 obitum
1293 1835 1325 1861 ab
1347 1835 1399 1861 alio
1411 1836 1523 1869 appositi
1536 1835 1617 1870 fuisse
1639 1837 1677 1862 υἰ-

893 1880 998 1914 dentur,
1014 1884 1044 1906 ut
1067 1880 1094 1906 in
1118 1881 1200 1915 ipsius
1224 1881 1346 1907 honorem
1372 1881 1526 1916 laudemque
1547 1881 1674 1909 cederent.

894 1923 971 1956 Quod
988 1932 1046 1951 cum
1071 1925 1110 1951 ita
1127 1925 1171 1957 sit,
1201 1925 1341 1952 verisimile
1362 1925 1503 1952 admodum
1527 1935 1581 1953 esse
1605 1935 1674 1957 reor,

894 1970 996 2005 aliquid
1021 1971 1048 1997 in
1061 1971 1150 1997 eodem
1176 1979 1274 1998 canone
1303 1973 1472 1999 commissum
1489 1973 1579 2007 fuisse,
1607 1974 1675 2008 quod

893 2015 966 2041 nullo
981 2020 1057 2049 pacta
1070 2020 1160 2042 sancto
1177 2015 1319 2050 Hippolyto
1334 2021 1372 2043 est
1385 2018 1579 2045 ascribendum.
1597 2018 1674 2045 Non-

893 2061 966 2088 nulla
981 2062 1031 2088 υἰτὶ
1045 2061 1194 2089 doctissimi
1213 2063 1272 2096 jam
1290 2068 1483 2097 promatur-unt,
1500 2073 1558 2099 qua:
1576 2066 1674 2100 partim

892 2106 1033 2141 sculptoris
1057 2108 1202 2141 inscitiam,
1228 2110 1327 2142 partim
1345 2110 1453 2136 ulterius
1477 2111 1608 2137 incuriam
1627 2119 1674 2137 ar-

893 2159 984 2188 guunt.
1001 2153 1131 2180 Caeterum
1158 2162 1283 2181 canonem
1299 2154 1494 2190 Ilippolyteum,
1518 2161 1576 2190 post
1600 2156 1674 2184 Ioso-

892 2199 970 2233 plmm
988 2198 1152 2232 Scaliqerum
1179 2200 1246 2234 (93),
1267 2201 1423 2235 Dionysium
1455 2201 1592 2228 Patavium
1615 2202 1671 2237 (94)

892 2244 1067 2279 etzEgitlium
1088 2246 1247 2273 Bac/teriam
1274 2246 1339 2279 (95),
1351 2247 1399 2273 alii
1423 2255 1523 2282 quoque
1550 2248 1673 2274 recentio-

893 2299 932 2318 res
958 2291 1024 2325 (96),
1051 2296 1078 2317 at
1102 2293 1216 2319 maxime
1245 2293 1362 2318 omnium
1392 2291 1423 2319 ν.
1449 2292 1480 2320 C.
1510 2291 1671 2320 Franciscus

892 2355 952 2381 pag.
967 2346 1013 2372 721
1033 2352 1058 2373 et
1073 2355 1146 2381 seqq.

998 2381 1103 2420 fetam,
1122 2382 1157 2420 [te
1171 2382 1292 2420 doctrina
1308 2389 1429 2418 tempor.,
1441 2383 1489 2410 lib.
1501 2392 1531 2417 tt,
1544 2392 1604 2420 pag.
1620 2385 1668 2413 6|.

928 2417 984 2451 (9.3)
997 2415 1124 2451 Bucher.,
1134 2417 1185 2443 loc.
1204 2417 1249 2443 cit.

928 2450 1048 2488 (96)».{91
1057 2451 1133 2488 Dom.
1147 2451 1277 2488 Cassinus
1291 2452 1318 2478 in
1331 2453 1469 2481 academia
1484 2454 1567 2488 Regia
1580 2454 1667 2483 Paris.

892 2494 964 2512 anno
983 2486 1050 2512 1696
1070 2486 1318 2525 animadversiones
1336 2495 1399 2525 suas
1430 2490 1456 2516 in
1474 2486 1609 2525 Hippolyti
1621 2490 1670 2517 Ca-

892 2529 984 2547 nonem
995 2529 1010 2547 e
1024 2521 1124 2556 scripto
1138 2521 1270 2553 recitavit,
1286 2522 1318 2548 de
1326 2523 1425 2556 quibus
1443 2521 1599 2552 vide-Joau.
1617 2525 1668 2552 Ba—

891 2557 1000 2590 ptistam
1014 2556 1049 2582 du
1064 2555 1157 2582 Hamel
1171 2555 1198 2582 iu
1223 2556 1309 2590 Regiw
1335 2558 1504 2585 scientiarum
1528 2560 1668 2586 academia-

892 2590 1023 2626 [Iistoria,
1042 2590 1087 2617 lib.
1117 2598 1153 2622 tv,
1182 2599 1240 2625 pag.
1261 2591 1313 2617 414
1337 2600 1393 2626 seq.
1415 2593 1562 2622 Adeundus
1586 2595 1666 2622 etiam

890 2625 1015 2662 Norisius
1030 2625 1167 2662 dissertat.
1180 2627 1197 2652 ‘2
1223 2626 1263 2662 De
1280 2625 1382 2660 epochis
1399 2627 1665 2662 Syro—Macedonum,

889 2668 916 2694 p.
936 2660 1073 2690 H7—tt9;
1092 2661 1226 2687 Antonius
1249 2660 1311 2695 Pagi
1330 2660 1427 2694 Crtt.,~'
1441 2664 1539 2692 Annal.
1557 2660 1666 2692 Baronii

890 2696 922 2721 ad
939 2695 1117 2730 annumﬂﬂ,
1134 2699 1161 2722 et
1183 2696 1292 2722 Samuel
1318 2696 1467 2730 Basuagius
1483 2699 1516 2724 ad
1541 2699 1666 2726 eumdem

889 2737 1009 2769 annum,
1036 2729 1286 2769 Samuelchtitus;
1309 2730 1461 2769 Stephanus
1480 2733 1504 2760 le
1520 2734 1625 2769 Moyne,
1641 2739 1668 2760 et

888 2764 1113 2800 prmclarissimus
1148 2765 1300 2800 Stephanus
1341 2764 1458 2794 Evodius
1498 2764 1667 2796 Asse'manus

889 2799 1111 2837 archiepiscopus
1118 2799 1259 2837 Apameae,
1277 2800 1303 2827 in
1317 2801 1475 2829 Prmiatione
1499 2805 1616 2837 generali
1630 2805 1667 2833 ad

888 2833 1044 2870 Calalogum
1061 2833 1182 2862 codicum
1195 2844 1256 2862 mss.
1272 2837 1432 2868 bibliotheca
1452 2833 1594 2867 Vaticana'.
