1861 3052
49 105 98 120 ξιτ

48 115 100 131 ιλὶῦ

553 109 596 136 DE
616 108 697 137 Vl'l’A
717 110 762 137 ET
781 110 936 138 SCRIPTIS
953 111 982 139 S.
1003 111 1194 139 lllPPOLYTl.

1626 113 1679 140 3H

49 168 98 196 cst,
111 163 177 199 quia
202 163 233 191 S.
258 163 434 202 Hippolytus,
457 168 685 202 quemadmodum
704 173 731 196 et
745 169 844 202 Latini,
861 174 883 201 Α
895 171 1040 206 explicatio
1056 171 1089 198 ad
1108 175 1226 197 mentem
1248 170 1276 197 S.
1298 169 1436 205 Hippolyti
1451 179 1523 206 aegre
1537 175 1680 207 cognosri‘

49 218 101 236 nou
117 210 267 238 voluerunt
282 215 313 238 ut
333 212 438 239 Pascha
452 220 485 240 eo
510 213 553 240 die
578 219 703 248 ageretur
717 223 772 250 quo
790 215 844 242 Do-

48 255 139 281 minus
153 260 248 282 noster
260 258 412 284 cruciﬁxus
431 257 490 286 fuit.
507 258 654 286 Christiani
669 260 842 287 Alexandrini

47 300 131 326 alium
155 302 347 335 sequebamur
363 303 514 335 calculum,
534 304 560 330 hi
578 304 648 331 enim
672 305 844 333 celebrabant

46 345 154 373 Pascha
177 354 193 373 a
214 348 322 374 decima
335 349 430 383 quinta
453 349 533 382 luna;
556 358 618 377 cum
637 356 748 378 econtra
766 352 843 386 juxta

46 392 155 426 cyclum
176 392 205 420 S.
223 392 359 429 Hippolyti
375 399 399 421 ct
419 394 528 422 Victorii
545 396 601 430 (l5)
621 397 728 424 nonnisi
742 404 757 424 τι
771 398 844 424 deci-

45 445 89 464 ma
104 443 184 465 sexta
206 439 400 466 celebrandum
427 445 510 467 esset.
538 440 690 468 Notandum
720 442 842 477 insuper,

44 484 118 518 quod
134 485 217 518 juxta
229 486 356 512 eumdem
373 486 445 513 hunc
463 487 569 521 cyclum
588 487 692 515 Pascha
716 489 843 516 omnibus

43 529 233 557 Dominicisa
256 531 363 557 decima
387 531 466 558 tertia
491 531 672 560 Kalendarum
698 533 842 568 Aprilium,

43 582 91 602 seu
107 583 123 601 a
140 575 274 602 vicesima
291 575 380 603 Martii
396 584 484 611 usque
498 577 531 604 ad
548 578 719 605 undecimam
741 578 842 606 Kalen-

42 619 144 646 darum
169 620 245 652 Maii,
261 629 309 648 seu
328 621 487 648 vicesimam
509 622 610 656 Aprilis
632 623 762 650 celebrari
782 632 845 658 pos-

42 671 95 692 sel.
113 665 183 694 Inde
198 667 338 701 colligitur
352 667 381 694 S.
396 666 567 702 Hippolytum
577 668 780 702 aequinoctium,
796 676 842 696 seu

43 713 112 739 s‘ulis
128 712 157 738 in
173 713 295 740 Arietem
318 713 469 748 ingressum
486 722 539 741 non
554 721 616 741 cum
633 722 679 741 xxr
698 715 796 747 Martii,
815 720 844 742 ut

42 757 151 785 Nic-mni
168 757 276 792 Patres,
293 767 381 794 neque
395 767 456 786 cum
476 768 544 792 xxii,
561 767 590 787 ut
601 761 702 794 passim
717 760 844 787 Anatolio

43 804 190 836 tribuunt;
205 805 252 832 sed
268 812 330 832 cum
351 813 418 832 xvtll
434 805 522 832 Martii
536 814 710 840 comparasse
725 813 757 833 ex
771 814 838 833 lloll-

894 222 948 250 tur,
965 225 1038 249 cum,
1053 217 1092 244 uti
1105 217 1206 244 dictum
1230 217 1291 250 fuit,
1315 222 1456 250 tractatus,
1481 226 1561 252 quem
1584 219 1616 245 de
1637 219 1682 246 ηιμ

894 264 951 298 ipse
965 264 1098 297 exaravit,
1125 264 1283 299 deperditus
1305 265 1371 297 fuit;
1398 266 1459 292 ideo
1481 265 1560 292 multi
1582 267 1681 293 eruditi

895 309 956 341 viri,
970 310 1008 336 uti
1026 309 1157 344 Scaliger,
1180 309 1317 343 Petavius,
1341 309 1502 342 Bucherius,
1528 310 1680 344 Vignolius,

894 355 919 382 le
933 354 1057 391 Moynius
1072 360 1100 383 et
1118 355 1303 390 Blanehinius,
1321 357 1348 383 in
1363 357 1410 384 illo
1429 357 1589 392 explicando
1606 357 1682 384 labo-

894 408 998 434 rarunt,
1009 411 1125 437 quorum
1143 404 1244 438 scripta
1258 408 1283 430 ct
1301 409 1380 430 notas
1397 404 1525 431 Albertus
1539 403 1681 431 Fabricius

894 449 1050 476 collectioni
1075 456 1187 483 operum
1212 449 1298 476 sancti
1323 449 1457 484 llippolyti
1485 450 1611 476 inseruit.
1628 449 1682 476 Pio

894 500 989 522 nostro
1011 499 1101 522 autem
1129 495 1253 522 instituto
1278 495 1391 522 sullicict
1409 503 1439 522 ea
1473 496 1517 522 hic
1539 497 1679 528 adnotare,

894 548 955 574 quze
965 541 997 567 ad
1015 545 1119 567 rectum
1135 540 1217 574 hujus
1231 541 1347 567 Cononis
1363 541 1527 568 intellectum
1544 549 1575 568 ex
1591 542 1681 569 citatis

894 585 1053 612 auctoribus
1066 585 1156 620 colligi
1175 591 1299 620 possunt.

926 630 1003 658 Non
1024 631 1054 658 ll.
1076 631 1153 658 Prior
1168 632 1251 666 igitur
1272 632 1362 659 tabula
1384 632 1409 658 l“
1427 632 1545 659 ostendit
1566 633 1682 666 plenilu—

894 678 938 704 nia
954 677 1102 711 paschalia,
1119 677 1272 712 incipiendo
1289 678 1323 705 ab
1335 686 1408 705 anno
1423 678 1525 705 Christi
1543 678 1606 709 2'22,
1621 680 1680 714 qui,

895 723 932 749 uti
951 721 1090 757 Viguolius
1105 723 1131 749 in
1151 723 1342 750 dissertatione
1359 723 1396 750 De
1412 732 1480 749 anno
1497 724 1581 758 primo
1600 725 1682 759 impe-

894 769 928 794 rii
952 768 1041 795 Severi
1065 768 1223 800 Alexandri,
1251 768 1427 796 Valsecchius
1453 774 1480 796 et
1506 769 1647 804 Philippus
1666 779 1681 798 a

894 813 981 841 Turre
996 814 1194 845 demonstrant,
1219 818 1261 841 est
1283 822 1372 841 annus
1387 815 1492 848 primus
1512 814 1603 841 Severi
1619 814 1682 842 Ale-

46 851 192 877 nuliorum
207 855 329 878 veterum
344 857 371 878 et
388 851 535 878 celebrium
558 852 756 887 astrologorum
780 859 834 879 seni

930 859 990 886 ndri
1011 859 1191 894 imperatoris.

45 897 213 931 tenuat”),
232 897 382 931 praesertim
407 897 522 925 Metonis
537 903 564 924 et
579 897 696 930 Eudoxi,
717 897 764 932 qui
784 898 840 932 jani

45 949 110 970 ante
125 951 218 970 annos
245 943 307 978 plus
322 951 404 978 quam
429 944 481 971 £00
504 949 566 971 ante
591 944 758 971 nativitatem
777 943 842 971 Jesu

44 989 148 1016 Christi
175 990 371 1024 aequinoctium
400 991 508 1017 vernale
537 991 569 1018 ad
594 998 658 1018 xvnr
685 991 774 1018 Martii
799 999 842 1018 re-

45 1037 230 1063 strinxerunt.
250 1035 320 1063 Cum
337 1037 436 1071 quibus
450 1036 557 1064 Iudaeos
573 1038 746 1065 consensisse
766 1037 843 1064 Jose-

47 1081 117 1116 phus
131 1090 232 1110 eorum
260 1083 409 1110 historicus
433 1083 564 1111 insinuat.
580 1082 655 1111 Adeo
674 1091 767 1111 verum
789 1089 841 1115 est,

47 1135 136 1162 neque
150 1127 254 1155 Judaeis
270 1129 415 1162 veteribus,
433 1137 521 1165 neque
539 1129 703 1156 Christianis
724 1136 771 1164 per
787 1129 842 1156 duo

48 1173 141 1207 priora
158 1173 260 1200 sascula
279 1175 495 1201 astronomicum
507 1175 664 1210 aequinoctii
678 1175 749 1202 diem
766 1174 843 1208 agni-

47 1223 116 1251 tum,
134 1227 190 1246 non
214 1224 288 1247 certe
306 1225 382 1247 tanto
406 1221 535 1255 scrupulo
560 1220 731 1248 observatum
751 1230 757 1247 :
779 1228 842 1247 cum

47 1266 73 1293 hi
90 1266 168 1293 nullo
181 1266 216 1293 ad
230 1274 277 1293 eas
297 1266 382 1294 tricas
397 1267 463 1298 otio,
482 1267 526 1294 vix
543 1267 596 1294 ulla
614 1275 629 1294 a
645 1271 685 1294 tot
712 1274 842 1302 persecu-

47 1312 170 1344 tionibus
187 1312 380 1346 respiratione,
403 1313 472 1340 nihil
495 1321 577 1348 supra
601 1314 640 1347 id,
658 1313 731 1348 quod
751 1313 843 1340 hacte-

47 1367 99 1386 nus
113 1367 128 1386 a
146 1357 292 1394 Synagoga
314 1363 473 1393 usurpatum
490 1360 627 1393 videbant,
647 1360 839 1394 inquirendum

47 1409 184 1439 potarent,
212 1410 382 1437 curarentve,
403 1412 451 1432 nec
468 1413 582 1432 mensem
597 1414 734 1438 novorum,
754 1406 841 1433 solum

47 1459 61 1477 a
90 1451 235 1484 Scriptura
266 1451 520 1484 memoratum,alio
541 1459 624 1487 quam
647 1451 733 1480 Judaei
757 1461 840 1480 sensu

49 1498 310 1532 interpretarentur.

79 1543 135 1571 Nec
148 1544 217 1571 illud
235 1543 280 1571 hic
298 1544 489 1576 omittendum,
511 1543 685 1580 Hippolytum
700 1546 839 1573 constituti

49 1597 62 1615 a
78 1590 185 1625 synodo
205 1589 370 1616 Caesariensi
394 1590 488 1617 limitis
514 1590 651 1624 paschalis
680 1591 760 1617 linem
787 1598 840 1618 non

50 1636 190 1669 excedere,
215 1636 278 1663 licet
297 1636 405 1663 initium
423 1636 506 1664 biduo
533 1641 695 1665 antevertat.
711 1637 747 1664 Ea
768 1638 839 1665 enim

52 1684 170 1718 synodus
193 1683 229 1710 ab
257 1691 284 1710 χι
307 1682 420 1710 Kalend.
438 1683 536 1718 April.,
551 1691 599 1711 Seu
615 1692 672 1712 χχιι
692 1684 790 1716 Martii,
808 1685 840 1712 ad

53 1736 76 1756 ιι
95 1729 233 1756 Kalendas
250 1729 324 1761 Maii,
342 1737 390 1756 seu
412 1737 456 1756 im
480 1729 579 1764 Aprilis
597 1730 730 1757 inclusive
741 1738 788 1765 per
807 1731 838 1757 51

52 1775 105 1801 dies
118 1774 226 1802 Pascha
245 1775 442 1810 ἁναστάσιμον,
460 1783 507 1802 seu
525 1775 683 1804 Dominicas
698 1777 841 1810 paschales

53 1822 196 1854 concludit,
226 1821 388 1856 Hippolytus
411 1822 445 1849 ab
475 1830 524 1849 xtn
545 1821 657 1849 Kalend.
678 1822 775 1856 April.,
793 1831 839 1850 seu

53 1867 135 1894 Martii
151 1876 199 1900 xx,
219 1869 253 1894 ad
276 1876 304 1895 χι
326 1867 462 1895 Kalendas
495 1867 558 1895 Maii
579 1875 627 1903 per
651 1868 710 1896 dies
730 1869 841 1897 omnino

52 1915 83 1940 35
99 1914 234 1941 extendit.
532 1924 541 1937 ο

77 1968 90 2003 §
109 1968 152 1996 Ill.
170 1968 245 1995 Nota
258 1968 292 1995 ad
311 1968 443 1996 Cononem
458 1969 610 2002 paschalem
624 1969 654 1997 S.
679 1968 819 2004 Hippolyti

278 2004 384 2038 [acilius
403 2005 611 2039 intelligendum.

84 2047 159 2075 Non
175 2049 197 2075 l.
216 2048 308 2075 Canon
325 2048 458 2083 paschalis
483 2048 510 2076 S.
537 2048 674 2084 Hippolyti
698 2049 840 2077 hodiernis

54 2094 156 2128 quidem
177 2094 276 2121 usibus
290 2102 339 2128 pro
355 2095 516 2122 inveniendo
540 2102 604 2122 vero
629 2094 771 2122 Paschatis
795 2095 840 2123 die

55 2141 150 2167 servire
162 2141 209 2168 vix
224 2145 322 2175 potest,
335 2148 397 2167 cum
411 2141 494 2168 modo
509 2145 570 2175 post
582 2145 724 2168 accuratas
742 2141 839 2169 obser-

927 905 955 931 2"
975 903 1084 932 Litterae
1106 904 1241 939 alphabeti
1264 904 1395 931 denotant
1414 905 1512 932 seriem
1533 905 1682 932 hebdoma-

893 949 944 982 daz,
961 950 986 976 in
998 958 1079 985 quam
1091 950 1191 977 dictum
1203 950 1379 984 plenilunium
1392 950 1495 976 incidit.
1518 949 1549 977 V.
1565 959 1590 985 ε.
1610 959 1682 977 anno

893 996 994 1024 Christi
1009 997 1073 1029 222,
1090 997 1267 1031 plenilunium
1285 998 1411 1032 paschale
1435 999 1608 1033 euntingebat
1629 997 1684 1025 ldi-

893 1042 945 1070 bus
963 1042 1074 1078 Aprilis,
1086 1047 1112 1069 et
1122 1043 1210 1070 littera
1225 1043 1246 1069 G
1260 1044 1383 1078 apposita
1404 1044 1470 1071 illud
1485 1045 1512 1071 in
1530 1045 1600 1072 diem
1615 1045 1683 1072 Sabu-

894 1089 948 1116 bati
964 1088 1092 1116 incidisse
1105 1089 1216 1116 indicat.

928 1133 956 1161 5°
985 1133 1012 1160 In
1040 1135 1127 1168 prima
1153 1134 1280 1161 colurrma
1309 1134 1498 1162 descendendo
1530 1140 1682 1170 sequuntur

894 1180 1029 1207 sexdecim
1046 1180 1110 1207 anui
1131 1180 1282 1214 incipiendo
1302 1181 1336 1207 ab
1354 1189 1425 1207 anno
1441 1181 1502 1213 “2-22,
1521 1189 1568 1215 per
1584 1190 1683 1209 nume-

893 1233 940 1252 ros
955 1225 1097 1260 designati,
1109 1229 1136 1252 et
1149 1225 1274 1253 similiter
1288 1226 1315 1253 in
1335 1226 1446 1260 reliquis
1462 1234 1508 1253 sex
1528 1227 1682 1256 columnis.

893 1279 954 1306 qua:
970 1276 1072 1306 septem
1082 1272 1363 1305 heccaedecaeterides,
1377 1280 1424 1299 seu
1434 1273 1606 1306 sedeccnnia,
1627 1281 1678 1300 an-

894 1326 944 1345 nos
961 1318 1011 1345 “2
1023 1318 1151 1346 eiIieiunt.

929 1364 957 1391 4·
989 1363 1054 1392 Post
1082 1365 1199 1399 primum
1226 1364 1416 1392 sedeeennium
1448 1365 1625 1399 plenilunium
1653 1365 1680 1392 in

894 1410 1018 1437 eumdem
1033 1410 1141 1444 quidem
1161 1410 1244 1442 diem,
1259 1410 1364 1437 scilicet
1379 1409 1442 1437 ldus
1457 1410 1559 1444 Aprilis
1574 1410 1679 1442 incidit,

891 1456 968 1491 juxta
987 1457 1146 1491 hypothesin
1162 1456 1191 1483 S.
1209 1455 1354 1491 llippolyti,
1369 1465 1425 1489 non,
1436 1463 1500 1483 vero
1515 1456 1541 1482 in
1558 1457 1679 1483 eamdem

857 1511 877 1538 α
894 1503 1001 1535 leriam,
1015 1503 1061 1530 sed
1073 1511 1125 1530 una
1140 1502 1206 1530 feria
1221 1503 1301 1530 citius
1312 1502 1441 1529 occurrit.
1459 1501 1488 1529 V.
1505 1511 1531 1537 ε.
1550 1502 1576 1528 in
1593 1502 1681 1536 primo

892 1547 1054 1575 sedecennio
1071 1547 1251 1582 plenilunium
1273 1547 1299 1573 in
1316 1546 1349 1580 G,
1373 1547 1398 1573 id
1426 1550 1476 1579 est,
1501 1546 1621 1573 Sabbato
1635 1554 1681 1574 oc-

890 1594 989 1626 currit;
1005 1594 1030 1620 in
1049 1594 1169 1620 secundo
1186 1593 1348 1620 sedecennio
1362 1593 1414 1619 erit
1429 1592 1456 1618 in
1478 1591 1508 1625 F,
1524 1593 1549 1618 id
1569 1596 1620 1620 est.
1639 1592 1680 1619 le-

891 1639 930 1665 ria
943 1638 1070 1672 sexta;iu
1095 1639 1174 1665 tertio
1196 1638 1222 1664 in
1241 1637 1272 1670 Ε,
1298 1646 1346 1664 seu
1369 1636 1435 1664 feria
1461 1637 1569 1671 quinta,
1588 1641 1615 1663 et
1640 1637 1680 1664 sic

890 1685 1018 1718 deinceps
1033 1692 1041 1716 ;
1059 1683 1192 1710 absolutis
1203 1689 1293 1710 autem
1312 1687 1414 1717 septem
1436 1682 1614 1714 sedecenniis,
1632 1690 1680 1709 seu

891 1729 942 1756 “2
958 1730 1047 1761 annis,
1063 1729 1089 1756 in
1110 1729 1235 1755 eumdcm
1248 1729 1319 1755 diem
1340 1732 1367 1755 et
1380 1728 1503 1755 eamdem
1525 1727 1621 1754 feriant
1637 1736 1680 1754 re-

890 1780 990 1803 curret.

927 1824 954 1851 5°
971 1823 1023 1851 Per
1036 1830 1115 1850 voces
1129 1823 1189 1849 illas
1215 1821 1325 1853 Esdros,
1347 1821 1454 1848 Genesis
1479 1821 1589 1853 Christi,
1610 1819 1679 1846 Eze-

889 1871 975 1901 chias,
993 1874 1058 1900 etc.,
1082 1869 1159 1903 juxta
1176 1867 1366 1894 Blanchinium
1385 1867 1521 1902 praecipua
1547 1866 1679 1894 Paschata

890 1917 1079 1951 designantur,
1091 1923 1206 1949 quorum
1221 1913 1250 1940 S.
1267 1913 1405 1947 Scriptura
1426 1913 1558 1945 meminit,
1576 1913 1680 1940 scilicet

892 1963 977 1991 Exodi
997 1969 1046 1989 xtl.
1074 1961 1196 1987 Primum
1225 1959 1330 1987 Pascha
1358 1967 1384 1985 IV
1413 1957 1483 1985 Non.
1512 1959 1611 1992 April.,
1635 1959 1677 1985 Vel

887 2011 965 2044 juxta
983 2007 1132 2040 Danielem,
1157 2006 1241 2033 Nonis
1260 2006 1345 2040 April.
1364 2005 1519 2032 Secundum
1535 2005 1562 2031 in
1584 2013 1676 2032 eremo

888 2054 969 2081 Num.
983 2062 1021 2081 ix.
1039 2053 1160 2081 Tertium
1173 2053 1223 2080 sub
1235 2051 1328 2083 Josne,
1347 2060 1394 2078 seu
1408 2051 1482 2083 Jcsu,
1498 2051 1555 2078 Jos.
1577 2059 1618 2083 llt,
1639 2060 1679 2079 xu

888 2101 949 2127 Kal.
962 2100 1047 2134 April.
1058 2099 1122 2126 Item
1136 2099 1238 2126 Pascha
1249 2099 1300 2126 sub
1309 2098 1434 2130 Ezechia,
1444 2097 1464 2124 ll
1474 2098 1592 2132 Paralip.
1605 2106 1656 2124 xxx
1669 2107 1679 2130 ;

889 2147 940 2174 sub
959 2145 1044 2178 Josia,
1068 2145 1101 2172 IV
1118 2144 1283 2180 Regum";
1299 2145 1350 2172 sub
1375 2143 1472 2175 Esdra,
1491 2143 1501 2169 Ι
1524 2143 1617 2170 Esdra:
1639 2151 1678 2172 vi.

55 2186 170 2213 iationes
186 2186 404 2218 astronomicas,
420 2186 600 2221 aequinoctio,
623 2191 649 2213 et
663 2187 745 2222 cyclis
770 2187 834 2214 solis
853 2195 873 2220 υ
888 2192 955 2219 [rem
984 2191 1011 2218 in
1040 2191 1149 2223 Genesi,
1175 2194 1202 2217 et
1224 2190 1355 2218 Passione
1371 2190 1482 2216 Christi.
1507 2188 1592 2215 Verba
1615 2196 1680 2215 vero

55 2236 78 2257 et
91 2232 170 2264 lunae,
182 2232 297 2265 epactis,
311 2236 337 2258 et
349 2231 444 2259 litteris
456 2231 670 2260 Dominicalibus
687 2233 736 2259 rite
751 2233 838 2259 deter-

56 2279 170 2310 minatis,
187 2282 214 2304 et
243 2277 441 2305 correctionem
462 2277 655 2312 Gregoriauam
683 2278 838 2306 Calendarii

58 2322 146 2351 iactam
162 2324 263 2350 tabula).
291 2323 431 2358 paschales
450 2324 586 2350 moderua:
610 2324 644 2350 ab
664 2323 715 2350 hoc
732 2323 837 2351 Canoue

59 2377 104 2396 non
119 2377 215 2404 parum
231 2369 369 2396 dillerant.
394 2368 462 2402 Quia
490 2373 579 2396 tamen
600 2369 645 2396 hic
669 2368 772 2402 Conon,
794 2376 838 2396 ut-

60 2416 147 2449 potein
164 2415 287 2442 Ecclesia
309 2415 414 2449 primus
439 2420 465 2442 et
482 2415 702 2450 antiquissimus,
724 2423 837 2442 venera-

61 2462 104 2489 bile
115 2467 155 2490 est
169 2462 344 2496 antiquitatis
359 2466 574 2494 monumentum,
588 2466 615 2488 et
634 2466 762 2489 accurata
778 2462 837 2496 ejus

89 2551 138 2585 (15)
170 2550 312 2577 Victorius
343 2550 565 2582 Lemoviccnsis,
600 2550 717 2584 scriptor
745 2550 837 2577 smcnli

61 2586 133 2619 quinti
149 2591 267 2613 testatur
295 2587 369 2619 quod
389 2587 412 2612 is
433 2591 491 2612 erat
501 2586 603 2612 Latinae
612 2584 738 2612 Ecclesiae
757 2594 836 2612 mos:

65 2631 71 2645 ι
83 2622 121 2647 Sin
135 2628 222 2648 autem
236 2621 409 2656 dierSabbati
431 2621 603 2656 plenilunium
620 2629 675 2647 esse
689 2621 836 2655 contigerit,

62 2661 81 2681 ιι
94 2657 254 2692 «insequenti
280 2655 420 2692 Dominico
445 2656 534 2692 lunam
554 2657 730 2692 xvrrepcriri;
746 2656 837 2692 eadem

63 2691 97 2717 lile
107 2690 204 2719 .omode
221 2691 396 2721 transmissa,
407 2691 433 2717 in
446 2691 557 2717 alteram
573 2691 643 2717 diem
657 2690 836 2723 Dominiram,

62 2726 136 2760 “est,
157 2728 250 2754 lunam
273 2733 333 2752 xxu
358 2725 497 2753 transferri
520 2726 617 2752 debere
633 2724 737 2752 Pascha
759 2725 836 2751 dixe-

61 2768 118 2789 runt.
129 2759 144 2789 Vr
163 2761 268 2789 Victor.
287 2760 360 2794 apud
384 2760 496 2788 Buclier.
516 2760 553 2787 De
565 2759 638 2795 Cycl.
654 2760 755 2794 pass/4.,
767 2768 794 2794 p.
808 2760 835 2786 4.

62 2795 110 2824 Han:
130 2799 221 2832 praxis
245 2796 341 2823 adhuc
356 2795 394 2832 _in
418 2803 466 2832 usu
487 2800 554 2832 erat
578 2801 698 2832 tempore
714 2795 836 2832 Grcgprii

62 2830 222 2866 Turonensis,
239 2830 475 2867 quemadmodum
486 2831 530 2859 ille
543 2830 636 2859 scribit
650 2831 696 2858 lib.
721 2839 737 2857 ι
764 2830 835 2857 Hist.

889 2239 945 2271 illa,
959 2237 1100 2264 secundum
1121 2236 1268 2267 Danielem,
1291 2236 1447 2270 signiﬁcant
1465 2235 1544 2262 aliam
1558 2234 1678 2261 chrono-

888 2284 987 2319 logiam
1018 2283 1116 2310 horum
1142 2281 1316 2315 Pascharum,
1335 2289 1395 2309 cum
1414 2285 1446 2308 ex
1466 2280 1585 2307 Danielis
1607 2280 1678 2307 libro

888 2331 1065 2366 ejusdemque
1083 2328 1298 2356 hebdomadibus
1320 2326 1502 2354 diversirnode
1527 2326 1677 2353 numeratis

888 2376 1018 2411 epocham
1031 2375 1180 2410 superioris
1189 2374 1274 2401 aetatis
1286 2382 1300 2400 a
1309 2374 1408 2407 templo
1417 2373 1526 2400 condito
1533 2373 1566 2399 ad
1574 2377 1678 2399 restau-

888 2426 975 2447 ratum
990 2428 1004 2446 a
1018 2420 1088 2455 Cyro
1108 2419 1189 2453 paulo
1211 2418 1344 2445 diversam
1360 2418 1519 2452 chronologi
1539 2417 1676 2451 colligant.

923 2464 1000 2492 Non
1013 2464 1057 2491 Ill.
1068 2464 1160 2491 Altera
1174 2463 1264 2490 tabula
1276 2462 1385 2489 exhibet
1395 2461 1550 2489 Dominicas
1560 2461 1678 2488 Pascha-

888 2554 1064 2585 Francorum,
1078 2561 1152 2579 num.
1167 2552 1212 2578 9.2.
1230 2551 1416 2578 Observantur
1430 2551 1455 2578 in
1468 2550 1549 2583 Cyclo
1565 2550 1592 2576 S.
1613 2549 1679 2584 Hip-

889 2590 970 2624 polyti
991 2589 1067 2623 plura
1085 2588 1208 2624 exempla
1225 2586 1354 2624 translati
1370 2586 1520 2617 Paschatis,
1533 2593 1594 2611 cum
1610 2586 1674 2612 illud

887 2625 915 2651 in
936 2622 1006 2651 diem
1024 2631 1059 2650 xv
1085 2623 1156 2650 luna:
1178 2622 1319 2650 incideret.
1334 2629 1372 2648 sc.
1391 2627 1463 2647 anno
1478 2629 1496 2653 r,
1520 2628 1556 2652 IV,
1571 2627 1597 2653 Χ,
1614 2628 1676 2650 xm.

889 2667 943 2688 im,
965 2667 1006 2695 Ill.
1028 2657 1273 2695 I‘luncrpcragimns
1297 2656 1400 2695 Pascha
1419 2664 1453 2682 xv
1471 2657 1550 2695 lupae,
1567 2656 1679 2695 quando

888 2694 981 2721 incidit
997 2694 1023 2720 in
1042 2690 1253 2726 Dorniuicani,in
1271 2700 1325 2727 quo
1340 2691 1458 2719 rationes
1479 2690 1679 2718 Alexandrino-

888 2737 947 2756 rum
964 2729 1115 2762 sequimur.

924 2765 978 2799 (M)
992 2763 1051 2790 Vid.
1066 2762 1197 2799 Columel.
1214 2763 1261 2799 lib.
1276 2770 1315 2799 ix,
1328 2769 1387 2796 cap.
1401 2761 1445 2793 14,
1459 2761 1548 2799 et_l‘ih.
1563 2769 1601 2795 ιι,
1616 2769 1678 2796 cap.

888 2796 933 2826 20.
951 2799 1065 2826 Bttcher.
1083 2799 1119 2825 De
1134 2798 1207 2832 cyclo
1225 2797 1391 2830 Judworunt,
1409 2805 1468 2833 pag.
1482 2796 1544 2824 545.
