1861 3052
179 102 232 131 515

182 167 222 190 tes
254 171 301 198 p-r
327 168 429 198 septem
460 161 620 189 sedeceuuia
646 180 652 186 .

181 209 284 236 Christi
299 209 361 241 2-22,
375 209 468 236 eodem
484 207 564 234 modo
586 214 639 240 quo
662 205 809 240 plenilunia
831 204 969 239 paschalia

183 254 210 282 in
231 254 314 288 priori
333 254 422 280 tabula
439 256 502 279 sunt
524 252 673 285 disposita;
696 251 741 277 ubi
767 254 857 277 tamen
873 255 971 276 notan-

183 302 258 332 dum.
279 300 350 334 quod
365 300 387 327 si
413 300 592 334 plenilunium
620 299 645 324 in
664 297 812 324 Sabbatum
834 296 969 327 inciderit,

183 346 322 373 Dominica
337 353 454 381 sequens
466 353 519 372 non
530 345 562 372 sit
580 345 726 379 paschalis,
739 344 777 371 uti
794 342 970 370 Alexandrini

181 393 372 425 observabant,
401 393 447 419 sed
475 399 551 419 more
577 391 735 418 Latinorum
760 390 863 417 Pascha
886 389 969 416 altera

181 439 321 467 Dominica
339 448 398 467 eam
413 440 596 474 subsequente
612 439 777 466 celebratum
794 438 858 464 olim
873 437 964 464 fuerit.

181 485 237 518 Sic,
256 494 282 512 ν.
300 494 337 520 g..
353 494 424 512 anno
439 485 503 515 2‘22.
518 485 695 518 plenilunium
709 484 844 511 incidebat
859 483 885 509 in
905 482 967 508 ldus

179 531 280 565 Aprilis
299 532 436 565 Sabbato;
458 531 598 558 Dominica
613 531 749 565 paschalis
761 538 814 556 non
828 534 885 556 erat
900 536 965 555 mn

180 577 240 604 Kal.
257 577 329 607 Maii.
353 585 427 604 more
449 577 704 609 Alexandrinorum,
727 576 772 603 scd
795 583 871 602 more
892 573 966 600 Lati—

181 632 278 652 norum
302 632 329 651 11
350 624 408 651 Kal.
431 624 504 651 Maii.
530 624 609 650 Anno
623 623 686 656 2'25,
709 622 886 658 plenilunium
908 625 966 648 erat

676 98 718 125 DE
739 98 819 125 VITA
841 97 884 124 ΕΤ
905 95 1060 124 SCRIPTIS
1079 95 1108 123 S.
1128 93 1320 122 HIPPOLYTI.

676 159 829 194 incipiendo
850 159 883 186 ab
895 166 967 185 anno
982 161 1003 188 Α
1019 165 1044 184 tv
1058 157 1149 184 Nonas
1170 156 1280 190 Aprilis,
1303 153 1381 186 feria}
1394 155 1507 187 quarta,
1526 149 1667 176 Dominica
1694 147 1825 182 pascha-

1766 85 1826 112 3l6

1024 205 1056 231 lis
1076 211 1122 230 vnt
1141 203 1202 229 ldus
1216 201 1325 235 Aprilis.
1344 198 1409 226 Item
1424 199 1450 225 in
1469 197 1588 225 secunda
1605 195 1752 224 columna,
1771 200 1824 218 seu

1023 248 1143 276 secundo
1161 246 1330 276 sedecennio.
1344 245 1400 272 sive
1413 250 1484 270 anno
1497 241 1597 269 Christi
1613 239 1677 271 258,
1694 237 1826 273 plenilu-

1024 296 1098 322 nium
1121 299 1180 320 erat
1205 292 1296 319 ldibns
1314 291 1423 325 Aprilis.
1438 289 1502 316 feria
1523 292 1610 319 sexta,
1626 291 1654 313 et
1668 284 1826 311 Dominiea

1024 341 1161 377 paschalis
1185 348 1237 368 xvn
1261 338 1320 365 Kal.
1335 337 1416 370 Maii;
1432 340 1459 362 et
1468 336 1511 368 _ita
1534 333 1663 367 deinceps
1682 339 1736 365 per
1754 330 1827 357 reli-

1023 396 1075 423 qua
1102 386 1273 418 sedecennia,
1294 384 1394 419 quibus
1419 381 1549 409 absolutis
1574 378 1763 414 plenilunium
1795 377 1825 402 in

1022 433 1146 461 eumdem
1164 433 1234 458 diem
1257 430 1336 465 primi
1358 426 1522 456 sedecenuii.
1543 430 1569 451 et
1587 424 1695 454 feriam,
1709 428 1738 449 et
1750 428 1826 448 con-

1021 483 1169 515 Sequeuter
1190 478 1272 505 etiam
1305 475 1444 503 Dominica
1469 471 1604 508 paschalis
1629 471 1656 498 in
1683 469 1825 497 eumdem

1020 514 1091 553 diem
1110 524 1235 552 recurrit.
1249 523 1338 557 Atque
1349 522 1400 548 hoc
1423 520 1530 547 videtur
1545 526 1606 546 esse
1627 521 1752 553 systema
1771 514 1827 541 Ca-

1020 573 1094 599 nonis
1118 570 1250 606 paschalis
1272 568 1301 595 S.
1325 566 1469 603 llippolyti.
1495 565 1576 592 Plura
1591 564 1676 592 videri
1696 565 1826 597 possunt

1019 619 1088 654 apud
1100 618 1224 645 laudatos
1242 620 1377 643 auctores.

979 719 1018 729 ..-

378 895 426 924 ΒΕ
451 892 707 923 FRAGMENTlS
738 890 900 921 OPERUM
928 890 958 920 S.
987 887 1202 919 Hll’POLYTl
1227 886 1276 916 ET
1302 884 1352 914 DE
1378 881 1624 913 DEPERDITIS.

458 954 655 983 All'l‘liIULUS
675 954 692 980 1,

182 1031 218 1052 DE
237 1031 433 1052 COMMENTARIIS
455 1031 478 1049 S.
496 1030 635 1048 lllPP(‘I.\'Tl
658 1029 682 1047 ΙΝ
704 1029 795 1047 LIBROS
809 1028 920 1046 VETERS
935 1028 969 1046 ΕΤ

444 1066 504 1084 κονι
526 1064 707 1084 ΤΕδΪᾹΜΕΝΤΙ.

203 1128 216 1162 ξ
234 1128 253 1156 l.
274 1128 484 1155 Commentarius
498 1127 526 1153 S.
546 1125 683 1160 Hippolyti
703 1125 729 1151 in
746 1123 855 1150 Genesi):
880 1129 903 1150 et
925 1125 951 1150 in

471 1162 661 1189 Hexaemeron.

221 1221 340 1256 Exiguus
354 1225 396 1248 est
415 1220 591 1254 scriptorum,
612 1226 672 1253 quae
686 1221 803 1250 exstant,
825 1216 853 1244 S.
874 1216 972 1251 Hippo-

183 1267 230 1303 lyti
247 1275 388 1299 numerus,
409 1268 430 1293 si
448 1274 508 1293 cum
527 1266 560 1292 iis
587 1264 724 1295 conferas,
747 1271 808 1298 qua;
831 1263 900 1290 inter
925 1263 972 1290 de—

185 1315 288 1349 perdita
306 1321 491 1340 numeramus.
506 1311 568 1339 Herc
588 1316 660 1338 certe
674 1311 791 1345 jactura,
810 1317 869 1344 qua:
889 1309 972 1336 senti-

183 1367 229 1388 tur
243 1360 328 1395 magis
348 1368 395 1394 per
410 1358 558 1392 subjectam
575 1357 762 1384 collectionem
780 1355 932 1387 titulorum,
945 1359 972 1381 et

183 1408 383 1434 enarrationem
416 1406 583 1433 succinctam
618 1411 700 1438 quam
727 1408 790 1438 post
810 1407 915 1430 veteres
939 1401 972 1428 de

184 1454 290 1481 cunctis
303 1453 352 1480 viri
372 1453 459 1480 sancti
479 1450 758 1478 commentationibus
775 1449 854 1476 hodie
867 1448 972 1476 deside-

184 1500 250 1526 ratis
270 1499 469 1529 exhibebimus,
494 1505 586 1532 quzeve
605 1496 736 1530 stupenda
761 1495 876 1521 videtur.
894 1493 971 1520 Nulla

182 1553 268 1580 prope
281 1544 428 1579 Scriptum
445 1551 518 1578 pars.
535 1542 579 1569 cui
595 1551 649 1569 non
664 1541 830 1576 explicandae
846 1545 892 1567 aut
906 1547 972 1566 eno-

184 1591 282 1618 dandis
312 1591 338 1617 in
365 1598 396 1616 ea
421 1589 624 1616 difficultatibus
648 1587 785 1622 ingenium
809 1585 970 1616 exercuerit,

185 1637 269 1662 multa
282 1643 390 1670 quoque
413 1635 483 1661 idem
509 1634 542 1661 de
560 1634 640 1660 rebus
654 1633 716 1660 aliis
733 1632 870 1666 religionis
882 1635 907 1658 et
922 1630 972 1658 Ee-

183 1682 274 1708 clesia:
290 1680 458 1715 gravissimis
473 1680 647 1707 elucubratus
665 1683 718 1706 est.
740 1677 865 1704 lneamns
879 1684 973 1704 nume-

184 1735 245 1754 rum
261 1737 268 1754 Ζ

222 1771 354 1799 Eusebius
367 1772 423 1807 (15)
438 1776 465 1799 et
484 1771 512 1799 S.
533 1771 714 1806 Hieronymus
733 1770 789 1806 (l6)
806 1777 854 1797 nos
874 1769 972 1797 certio-

183 1825 227 1844 res
243 1817 358 1844 reddunt
373 1821 497 1845 sanctum
510 1817 681 1852 Hippolytmu
694 1823 822 1843 exarasse
836 1822 973 1842 commen-

185 1864 285 1890 tarium
305 1863 332 1889 in
348 1862 544 1894 Hexaemeron,
561 1871 608 1889 seu
626 1867 772 1889 tractatum
794 1861 826 1888 de
850 1869 897 1888 sex
917 1861 972 1888 die—

184 1907 236 1935 bus
251 1908 397 1935 ereationis
411 1908 513 1935 mumli.
530 1908 571 1934 Cl.
587 1909 611 1934 le
627 1907 752 1943 Moynius
765 1906 907 1941 praetendit
922 1906 972 1932 hoc

184 1962 254 1989 opus
268 1962 327 1981 esse
343 1954 460 1988 primum
481 1954 551 1980 inter
572 1961 613 1986 ea,
630 1961 691 1987 quae
709 1953 736 1979 in
755 1952 847 1979 tabula
868 1951 972 1981 Graeca.

185 2009 246 2027 1-11111
262 2005 348 2027 statua
366 2001 450 2027 uestri
473 2000 558 2027 sancti
576 2008 590 2026 e
610 2000 689 2026 terris
705 1999 814 2030 ellossa,
836 2003 864 2025 et
886 1998 972 2025 conti—

184 2052 265 2073 m-nte
285 2047 403 2080 plurium
426 2047 541 2073 aliorum
571 2046 656 2080 ipsius
674 2046 835 2079 scriptorum
864 2044 971 2076 titulos,

185 2092 201 2118 d
214 2093 376 2126 signantur;
398 2097 479 2126 atque
496 2092 652 2126 suspicatur
671 2091 781 2118 ultimas
796 2090 912 2126 syllabas
927 2098 973 2117 vo-

185 2146 246 2165 cum
263 2138 342 2165 lUYC
357 2143 384 2164 et
398 2137 487 2168 NIAC.
512 2146 544 2164 ex
560 2138 660 2172 quibus
681 2137 802 2171 Scaliger
824 2141 851 2163 et
869 2136 973 2164 Buche-

184 2186 243 2211 rius
274 2185 376 2211 faciunt
402 2184 572 2211 ‘l'AAMOTC
610 2182 826 2216 METANOIAC,
851 2183 973 2210 Psalmos

184 2229 385 2264 pmnitenliales
404 2229 471 2263 (l7),
486 2236 545 2255 esse
561 2229 690 2263 reliquias
711 2236 807 2255 vocum
824 2229 863 2260 εἰς
878 2237 974 2263 προτο-

186 2274 329 2307 πλάστους,
346 2278 372 2301 et
385 2276 449 2310 περὶ
465 2275 652 2310 κοσμογονίας,
678 2275 720 2302 vel
738 2274 892 2308 ζωογονίας,
915 2282 974 2308 qua:

223 2357 278 2391 (υἱ)
297 2366 306 2381 ί
333 2355 435 2381 Eodem
460 2359 580 2391 tempore
599 2357 627 2391 et
646 2352 839 2391 llipp‘olytusn
863 2350 972 2391 scripsit

185 2385 284 2427 εἰς’τὴῖθ
300 2391 460 2425 ἑξαήμερον,
473 2385 522 2415 καῖ
539 2389 578 2419 εἰς
600 2388 635 2414 τὰ
649 2385 724 2423 ξμέτὲὰ
742 2385 789 2421 ’ἑὴν
812 2385 972 2420 ἐξαήμερον,

187 2422 290 2461 ineptis
303 2433 348 2452 sex
360 2422 474 2461 dierum,
487 2425 597 2461 e_t_in_‘ea‘
606 2432 663 2457 qua'
679 2427 736 2457 post
759 2422 869 2461 sexndies
886 2428 974 2446 conse-

187 2457 247 2488 cuui
262 2466 351 2487 sunt.)
366 2459 477 2488 Euseb..
495 2459 528 2485 II.
542 2458 573 2485 Ε.
593 2459 639 2485 1111.
655 2466 691 2488 \‘t.
706 2465 764 2492 cap.
780 2457 825 2483 ‘22.

223 2498 278 2531 (l6)
302 2506 311 2521 1
340 2495 533 2531 Hippolytus...
553 2494 661 2531 scripsit
685 2490 827 2531 nonnullos
850 2492 881 2531 in_
899 2490 972 2531 Scri-

187 2525 283 2566 pturas
306 2525 526 2566 commentarios,
552 2537 566 2556 e
597 2525 770 2566 qu;_bus__hos
794 2527 882 2561 reperi
910 2535 916 2552 :
943 2525 970 2552 In

188 2562 386 2596 Hexaemeron,
404 2570 430 2591 et
445 2565 471 2590 in
488 2562 621 2595 Exodunf,
644 2564 670 2590 in
690 2563 831 2590 Canticum
851 2562 971 2588 cantico-

188 2611 260 2632 rum.
280 2602 305 2627 in
319 2599 444 2627 Genesium
471 2605 498 2626 et
511 2601 537 2626 in
555 2599 724 2626 Zachariam.
743 2608 752 2623 1
773 2597 928 2632 llicronym.
944 2597 969 2622 in

188 2637 260 2667 (ξιιμ,
275 2637 319 2662 (Si.

237 2672 280 2700 17)
301 2670 396 2697 Merito
419 2670 464 2697 alii
483 2670 580 2697 eruditi
601 2670 670 2696 hanc
685 2667 813 2702 Scaligeri
832 2667 970 2700 conjectu-

188 2715 246 2734 ram
274 2711 413 2739 respuunt,
439 2706 502 2740 quia
524 2706 550 2732 111
579 2705 658 2732 tertio
685 2703 868 2740 ἡδί-Υψιφηίξ
892 2709 970 2728 versu

189 2743 289 2768 mentio
300 2738 340 2767 eet
357 2738 488 2774 operisiin
503 2739 636 2771 Psalmos,
650 2744 676 2767 et
691 2739 788 2774 divisio
800 2738 971 2764 Psahnortnn

188 2778 216 2804 in
232 2773 427 2810 punnitentiales
440 2776 571 2809 posterior
583 2780 624 2802 est
635 2779 712 2801 aelate
726 2773 871 2810 Hippolyti.

225 2807 279 2845 (18)
299 2810 334 2837 Ea
354 2811 377 2838 le
392 2807 490 2847 Moynii
512 2812 668 2846 conjectura
687 2811 720 2838 cl.
737 2807 871 2843 Busnagio
892 2807 972 2833 etiam

985 1621 1006 1648 C

1061 951 1163 985 signent
1175 947 1308 983 Hippolyti
1325 947 1526 973 lucubrationes
1549 945 1589 974 εις
1609 947 1644 968 τα
1673 940 1746 977 μετὰ
1771 940 1828 975 τὴν

1021 997 1181 1032 ἐξαήμερον,
1200 998 1226 1021 et
1251 994 1290 1025 si;
1304 992 1354 1028 τὴν
1370 991 1530 1026 ὲξαήμερον.
1546 989 1626 1016 Juxta
1645 988 1719 1014 Italic
1733 987 1827 1021 igitur

1021 1040 1268 1076 interpretationem
1289 1039 1313 1065 le
1339 1037 1439 1072 Moynii
1456 1035 1609 1069 scripsisset
1631 1034 1660 1060 S.
1683 1032 1828 1067 Hippoly-

1022 1093 1065 1115 tns
1081 1085 1275 1114 commentaria
1298 1084 1323 1110 in
1348 1082 1467 1117 [rimum
1493 1086 1519 1107 et
1549 1079 1700 1107 secundum
1733 1082 1827 1112 caput

1021 1131 1165 1163 Genescos,
1175 1138 1221 1157 seu
1230 1131 1255 1156 in
1264 1129 1470 1158 llexaemcrum,
1481 1126 1550 1153 etde
1565 1126 1598 1152 iis
1607 1132 1667 1159 qua:
1681 1123 1758 1150 Deus
1772 1131 1825 1150 sex

1020 1179 1116 1205 diebus
1130 1176 1297 1206 condiderat,
1309 1179 1335 1201 et
1347 1174 1379 1200 de
1391 1173 1424 1199 iis
1436 1181 1496 1207 qua:
1510 1171 1616 1206 proprie
1632 1171 1782 1197 hominem
1797 1175 1827 1195 et

1022 1224 1094 1250 illius
1112 1223 1138 1249 in
1154 1221 1310 1256 paradisum
1332 1219 1540 1246 collocationem
1556 1216 1736 1251 spectabant;
1756 1222 1824 1246 seu,

1022 1275 1052 1296 ut
1067 1269 1160 1304 paucis
1173 1268 1273 1300 dicam,
1287 1267 1364 1302 juxta
1378 1266 1402 1292 le
1414 1263 1552 1299 Moynium
1567 1262 1727 1296 scripsisset
1743 1268 1827 1287 com-

1023 1317 1185 1342 mentarium
1211 1314 1244 1341 de
1267 1318 1339 1340 statu
1363 1314 1595 1347 protoparcntum,
1620 1308 1652 1335 de
1674 1307 1825 1334 creatione

1023 1362 1127 1393 mundi,
1152 1365 1179 1388 et
1204 1361 1238 1387 de
1263 1360 1343 1386 rebus
1357 1357 1522 1384 viventibus.
1544 1355 1655 1386 Verum,
1672 1353 1739 1380 licet
1759 1354 1825 1379 haec

1023 1409 1113 1443 Opinio
1126 1407 1161 1434 sit
1176 1406 1341 1441 ingeniosior
1357 1408 1383 1431 et
1403 1403 1488 1438 magis
1510 1401 1640 1428 naturalis
1662 1407 1747 1434 qnam
1772 1399 1824 1426 illa

1023 1454 1152 1489 Scaligcri
1173 1454 1205 1480 de
1220 1452 1335 1480 Psalmis
1352 1448 1592 1485 pmnitentialilms.
1611 1447 1755 1473 fatendum
1777 1452 1824 1472 ta-

1022 1508 1084 1527 men
1108 1503 1232 1526 neutram
1261 1498 1317 1533 (18)
1339 1496 1482 1525 certiorem
1498 1503 1568 1522 esse.
1592 1492 1716 1526 Utraque
1740 1493 1823 1518 enim

1022 1546 1101 1573 unice
1115 1545 1246 1580 dependet
1261 1545 1294 1571 ab
1309 1544 1515 1578 imaginatione;
1537 1546 1563 1568 et
1576 1541 1615 1568 sic
1632 1539 1746 1574 quidem
1765 1544 1826 1566 ter-

1023 1592 1087 1622 tius,
1112 1590 1158 1624 qui
1182 1590 1226 1616 hic
1250 1589 1357 1624 ingenio
1383 1595 1433 1615 suo
1456 1587 1595 1620 indulgere
1613 1584 1704 1616 vellet,
1724 1584 1824 1611 adhuc

1023 1637 1095 1664 aliud
1112 1641 1205 1671 posset
1215 1643 1321 1666 eruere.
1338 1634 1409 1669 quod
1427 1633 1496 1659 forte
1512 1632 1598 1666 magis
1609 1631 1641 1656 ad
1655 1638 1755 1656 verum
1773 1638 1825 1656 ae-

1022 1683 1136 1709 cederet.
1153 1681 1186 1708 Et
1201 1689 1266 1708 sane
1279 1681 1419 1708 doctorqu
1432 1679 1551 1705 virorum
1569 1677 1682 1703 Thema).
1697 1676 1779 1703 Galei
1794 1681 1824 1702 et

1022 1731 1141 1757 Eduardi
1162 1729 1310 1757 Bernhardi
1334 1729 1508 1763 conjecturre,
1525 1726 1571 1761 qui
1586 1733 1618 1752 ex
1635 1724 1765 1759 reliquiis
1780 1724 1824 1750 lit-

1022 1782 1140 1804 terarum
1157 1775 1236 1803 IOYC
1257 1776 1413 1802 divinantur
1434 1773 1584 1804 Ἰουδαίους,
1606 1772 1643 1798 ita
1667 1776 1697 1798 ut
1714 1778 1823 1798 sensus

1022 1824 1127 1859 integer
1140 1824 1173 1850 sit
1196 1821 1343 1854 Ἀπόδειξις
1357 1821 1424 1856 πρὸς
1436 1821 1497 1851 τοὺς
1520 1817 1671 1849 Ἰουδαίους,
1687 1816 1731 1842 vel
1744 1817 1822 1842 κατὰ

1022 1870 1084 1901 τοὺς
1106 1868 1257 1900 Ἰουδαίους,
1271 1867 1459 1895 demonstratio
1475 1866 1598 1891 adversus
1612 1863 1735 1893 Judcws,
1754 1870 1823 1888 eru-

1023 1917 1087 1944 ditis
1105 1915 1230 1951 pluribus
1247 1921 1300 1941 non
1318 1910 1462 1948 displicent
1474 1912 1542 1946 (19).
1561 1909 1594 1936 Ut
1608 1913 1637 1936 ut
1648 1914 1743 1935 autent
1759 1908 1823 1935 haec

1022 1963 1086 1995 sint,
1106 1962 1158 1989 hoc
1178 1960 1356 1988 nihilominus
1379 1966 1471 1985 verum
1502 1961 1557 1989 est,
1583 1956 1612 1983 S.
1635 1956 1821 1990 H'ppolytum

1023 2008 1211 2042 composuisse
1223 2006 1418 2033 Hexaemeron.
1440 2004 1555 2031 Sanetus
1577 2002 1699 2029 Joannes
1715 2001 1821 2028 Dama-

1023 2062 1121 2082 scenus
1135 2053 1192 2081 suis
1211 2053 1237 2079 in
1256 2050 1398 2078 Parallelis
1415 2051 1494 2077 nobis
1506 2050 1686 2083 fragmentum
1702 2047 1821 2081 aliquod

1024 2100 1105 2133 hujus
1117 2098 1210 2132 scripti
1228 2095 1411 2127 conservavit,
1436 2095 1507 2129 quod
1527 2093 1721 2127 complectitur
1741 2091 1822 2118 refu-

1023 2145 1150 2172 tationem
1167 2151 1259 2170 eorum
1275 2142 1321 2177 qui
1343 2141 1497 2176 paradisum
1520 2143 1673 2166 terrestrem
1697 2138 1724 2163 in
1745 2138 1820 2164 emlo

1023 2190 1210 2221 collocabant,
1239 2194 1320 2222 atque
1340 2187 1437 2214 eximie
1465 2185 1656 2212 inticiabantur
1686 2184 1820 2210 eumdem

1023 2243 1083 2262 esse
1098 2243 1113 2261 e
1139 2241 1252 2261 numero
1277 2238 1465 2260 creaturarum
1488 2230 1570 2264 hujus
1599 2229 1721 2255 universi
1745 2228 1818 2262 (20).

990 2293 1010 2320 ο
1025 2281 1153 2314 Quinimo
1183 2283 1293 2306 sanctus
1318 2285 1426 2313 quoque
1447 2275 1610 2303 Ambrosius
1629 2278 1737 2309 partem
1763 2274 1819 2300 ali-

1026 2356 1079 2375 non
1104 2347 1213 2374 arridet.
1242 2346 1346 2380 Quippe
1363 2353 1427 2371 vero
1452 2344 1606 2378 proximum
1632 2346 1685 2371 est.
1711 2349 1821 2380 germa-

1026 2391 1075 2410 nos
1092 2391 1202 2417 operum
1220 2377 1354 2417 Hippolyti
1378 2377 1471 2406 titulos
1486 2383 1583 2417 statuae
1597 2384 1759 2417 marmorea:
1776 2377 1820 2403 in-

1027 2412 1142 2453 seripths
1166 2412 1262 2444 fuisse:
1274 2412 1339 2442 'llo's
1356 2423 1427 2453 vero
1451 2414 1517 2453 suis
1533 2412 1707 2453 Hippolytum
1719 2419 1819 2453 pperi—

1028 2448 1233 2484 bus-indidisse,
1247 2460 1315 2486 quos
1330 2451 1441 2477 adduxit
1455 2450 1481 2486 le
1495 2448 1629 2486 Moynius.
1647 2455 1701 2486 11011
1719 2448 1818 2486 liquet,

1027 2497 1114 2523 neque
1137 2488 1217 2514 etiam
1228 2482 1231 2484 ’
1244 2482 1271 2513 Iit
1287 2486 1424 2513 credibile.
1452 2482 1583 2518 Basnage,
1600 2482 1699 2509 Annal.
1719 2483 1754 2509 ad
1770 2491 1818 2509 an-

1027 2531 1089 2550 num
1102 2523 1164 2553 222,
1179 2530 1239 2556 pag.
1259 2523 1321 2548 28$).

1061 2559 1115 2593 (l9)
1137 2553 1227 2583 ΝΙᾹΟῘ
1258 2555 1400 2583 Eduardus
1423 2554 1576 2593 Bernartius
1595 2554 1661 2593 legit
1684 2553 1751 2593 rep}
1768 2561 1817 2580 κο-

1025 2589 1181 2629 σμογονίας,
1199 2597 1227 2629 ut
1243 2592 1405 2625 intelligatur
1420 2591 1491 2629 quod
1508 2597 1610 2629 \eteres
1625 2590 1696 2614 inter
1715 2589 1817 2622 [lippo-

1024 2624 1069 2664 lyzi
1085 2624 1184 2662 scripta
1204 2628 1312 2664 laudant
1327 2624 1472 2664 complent.
1486 2626 1511 2664 l_lt
1530 2624 1717 2664 Hexaemeron
1731 2645 1739 2657 ,
1767 2630 1815 2649 aut

1024 2659 1087 2690 vero
1105 2658 1167 2698 :s‘o‘t
1191 2663 1291 2698 κᾲςμοο
1309 2661 1472 2698 συνπλείας.
1490 2660 1608 2687 Thomas
1628 2658 1732 2686 Calcus
1752 2659 1816 2693 legit

1022 2699 1085 2734 περὶ
1102 2696 1259 2734 ἡγᾲμονίας,
1280 2697 1315 2723 De
1332 2696 1465 2734 regirnine_.

1037 2770 1041 2774 _
1060 2729 1212 2774 (animum.
1232 2729 1436 2760 Damascltom.
1454 2730 1485 2763 ll,
1501 2738 1559 2765 pag.
1571 2729 1622 2757 787
1637 2729 1743 2757 noviss.
1760 2730 1815 2756 edi-

1025 2775 1115 2797 llOIIlS.
