1861 3052
85 111 132 138 517

573 113 616 140 DE
636 114 715 142 VITA
734 114 778 141 ET
799 113 951 142 SCRIPTIS
969 115 997 142 S.
1018 115 1206 144 HIPPOLYTI.

1640 120 1694 148 5l8

84 179 162 206 quam
178 171 262 206 hujus
277 177 412 201 tractatus
424 174 449 200 in
465 173 647 202 Hexaemeron
666 176 744 203 nobis
758 183 867 203 eonser—
881 179 904 207 Δ
918 176 1051 204 Caeterum
1074 177 1271 205 observandum
1294 179 1364 212 quod
1385 179 1413 206 S.
1428 178 1588 215 Hippolytus
1602 189 1652 208 suo
1668 182 1697 208 in

84 217 164 247 vavit,
185 225 245 247 seu.
277 223 306 246 ut
328 224 404 246 notat
424 219 455 247 D.
478 219 668 257 Hieronymus,
687 221 821 258 Hippolyti
840 227 867 250 ct

83 261 174 289 Basilii
187 264 312 299 vestigiis
334 265 432 291 inslilit
451 265 622 298 Ambrosius,
645 268 671 294 in
694 269 728 295 iis
749 277 808 303 qua:
833 269 866 296 de

81 315 112 334 eo
123 309 174 334 lem
190 314 355 343 argumento
367 311 473 344 scripsit
486 311 552 346 (21).

116 353 218 380 Praeter
233 362 303 388 opus
315 356 479 388 praecedens,
496 358 589 383 eodem
605 356 634 383 Ι).
650 356 814 393 Hieronymo
829 363 867 385 te-

81 403 120 425 ste
144 398 215 432 (9.2),
237 400 371 427 discimus
398 399 425 427 S.
444 401 615 436 Hippolytum
640 408 762 430 nostrum
784 405 864 432 etiam

81 447 310 473 commentarium
345 447 486 482 scripsisse
509 449 537 475 in
562 449 688 476 Gcnesin.
733 450 865 479 Eusebius

81 490 192 523 quidem
218 491 300 526 hujus
320 493 410 526 operis
424 502 478 520 non
495 495 636 528 meminit;
662 503 753 523 verum
771 503 865 524 sancto

81 535 250 572 Hieronymo
277 539 428 566 rectissime
454 539 505 567 hoc
525 541 596 567 credi
613 546 709 575 potest,
730 543 774 576 qui
789 542 863 569 al'lir-

80 586 137 608 mat
158 583 243 617 quod,
271 583 342 610 sicut
364 585 415 612 alia
439 593 498 619 qua:
518 591 639 613 recenset
660 587 732 614 illius
745 589 864 616 auctoris

81 635 175 661 opera,
202 628 256 656 hoc
276 629 355 655 etiam
373 630 475 664 legerit.
506 630 636 658 Praeterea
659 632 803 659 admodum
819 640 864 659 ve-

79 672 196 699 risimile
219 678 260 700 est
282 674 427 701 Eusebium
444 676 682 709 comprehendisse
701 676 773 703 hunc
788 684 863 703 com-

80 718 247 745 mentarium
266 719 290 745 in
306 727 348 750 eo,
366 727 445 754 quem
459 720 486 746 S.
504 719 673 756 Hippolytus,
687 722 862 755 quemadmo-

79 763 144 790 dum
162 763 278 797 ipsemet
294 765 359 791 dicit
377 764 519 797 Eusebius,
538 766 684 800 scripserat
697 767 723 793 iu
738 776 778 799 ea,
804 775 862 802 qum

79 813 135 841 post
151 816 199 835 se:
213 809 269 835 dies
283 815 420 836 consecuta
435 816 505 843 sunt,
527 812 551 838 id
566 816 616 842 est,
643 816 671 838 ut
692 812 770 846 vulgo
783 812 858 838 intel-

918 221 1027 248 Ccnesin
1052 223 1236 249 commentario
1261 223 1315 250 fere
1338 225 1428 252 omnia
1444 226 1587 260 allegorice
1613 227 1698 253 inter-

917 273 1045 302 pretetur.
1072 267 1169 295 Verum
1186 276 1238 295 non
1258 269 1293 296 ita
1310 274 1398 296 tamen
1422 271 1542 297 animum
1562 271 1594 298 ad
1620 272 1697 299 inve-

916 313 1042 339 niendum
1065 313 1090 339 in
1104 313 1197 348 ﬁguris
1216 313 1318 340 Veteris
1332 315 1496 342 Testameuti
1520 315 1586 344 Novi
1601 317 1698 345 Frede-

915 358 954 385 ris
969 359 1095 386 veritates
1117 359 1238 391 intendit,
1260 365 1289 386 ut
1307 368 1359 387 non
1375 361 1522 395 aliquando
1537 363 1618 389 etiam
1632 371 1696 390 sen-

916 411 974 430 sum
1005 404 1146 431 litteralem
1169 405 1304 432 illustrare
1324 404 1452 435 studeat.‘
1472 407 1501 434 Ιιι
1520 408 1642 442 pluribus
1656 408 1697 436 lo-

915 450 954 476 cis
971 450 1173 484 Scripturarum
1189 452 1328 479 versiones
1340 453 1373 479 ab
1385 454 1481 487 Aquila
1493 460 1519 481 et
1530 454 1695 489 Symmacho

915 495 1059 523 adornatas
1077 497 1198 524 adhibuit
1214 497 1280 532 (‘29).
1304 497 1445 526 Fabricius
1468 500 1524 526 lucc
1545 499 1696 534 fragmenta

915 542 1103 570 Commentarii
1117 545 1143 570 in
1157 544 1277 577 Genesin,
1302 553 1362 579 qua‘.
1377 546 1472 577 edidit,
1488 554 1520 573 cx
1538 548 1696 574 collectione

914 588 948 615 88
966 589 1073 616 Patrum
1088 590 1113 616 in
1131 589 1246 617 Genesin
1262 591 1342 621 eruit,
1360 599 1420 625 quae
1434 592 1557 618 collectio
1570 600 1694 620 asserva-

914 639 958 660 tur
976 635 1002 661 in
1017 637 1203 670 manuscripto
1221 636 1248 663 in
1262 636 1422 664 bibliotheca
1445 637 1613 672 imperatoris
1631 637 1696 665 Vin-

913 680 1025 707 dobomc
1037 681 1061 707 in
1076 681 1194 708 Austria.

965 726 978 761 ᾗ
996 727 1027 754 ll.
1044 727 1254 754 Commentarius
1271 727 1300 755 S.
1319 727 1453 762 Hippolyti
1468 728 1492 754 in
1506 729 1638 755 Exedunt.

949 771 1065 799 Sanctus
1076 771 1256 807 Hieronymus
1274 773 1362 799 adltuc
1381 773 1503 799 attribuit
1520 772 1547 799 S.
1566 772 1694 808 Hippoly-

914 823 942 844 to
957 817 1178 844 Commentarium
1197 818 1223 844 ἱιι
1238 817 1356 844 Exedunt
1370 818 1436 852 (50),
1466 826 1544 853 quem
1560 818 1694 846 Eusebius

80 854 181 887 ligitur,
199 855 226 881 in
244 856 346 889 reliqua
363 857 497 884 Geneseos
512 858 609 891 capita.
628 857 668 884 Cl.
686 857 806 885 Valesius
824 864 863 885 1³·
878 858 898 885 Β
913 864 982 891 forte
999 865 1148 899 generatim
1165 864 1333 898 designavit,
1364 865 1427 891 dum
1456 865 1600 891 al'lirmavit
1618 886 1625 897 ,
1653 865 1693 891 uti

80 906 140 924 men
166 899 345 927 nihilominus
360 905 386 927 et
404 900 521 935 Scaliger
539 907 600 928 ante
612 909 672 928 eum
691 902 761 928 hunc
776 901 862 928 Eusc-

81 945 117 970 bii
133 945 225 971 locum
243 946 276 972 de
292 946 410 973 socurulo
424 947 555 974 duntaxat
570 947 705 974 Gcncseos
718 948 805 982 capite
820 948 862 973 iii-

79 994 266 1024 terpretanlur
282 992 347 1026 (25).

112 1038 146 1063 At
159 1045 225 1064 vero
239 1038 330 1064 nullus
345 1042 388 1064 est
401 1038 553 1072 ambigendi
569 1038 655 1070 locus,
669 1039 734 1073 quin
752 1039 774 1066 is
791 1047 862 1065 coui-

79 1083 241 1115 nientarius,
258 1083 291 1110 de
301 1091 356 1118 quo
373 1083 417 1111 ltic
428 1083 569 1118 qumritur,
593 1084 619 1110 in
637 1088 718 1110 totam
735 1083 860 1111 Genesim

79 1136 106 1155 sc
127 1130 269 1161 extendat,
297 1135 440 1164 postquam
465 1129 590 1157 Albertus
614 1130 756 1157 Fabricius
785 1131 860 1164 plura

79 1175 161 1208 hujus
189 1175 380 1201 commentarii
411 1175 560 1209 fragmenta
589 1175 682 1202 Graece
708 1183 739 1202 ac
767 1175 861 1202 Laline

77 1220 215 1255 evolgavit
231 1219 299 1255 (24).
329 1221 374 1248 Sic
386 1221 422 1248 ibi
437 1223 613 1248 observamus
624 1221 818 1255 explicationes
833 1221 860 1247 in

78 1274 97 1297 t.
114 1275 145 1293 ιιι
161 1272 254 1302 caput,
276 1272 303 1294 et
323 1274 417 1294 omnes
440 1266 496 1294 fere
525 1267 673 1294 versiculos
690 1267 771 1302 capit.
799 1275 861 1293 xttx

78 1312 226 1341 Geneseos.
252 1313 362 1340 Accedit
385 1313 456 1348 quod
479 1312 507 1339 S.
523 1311 712 1348 Hieronymus,
736 1313 798 1340 dum
814 1321 860 1340 co-

79 1359 194 1384 nabatur
221 1357 437 1391 explanationem
458 1357 522 1383 dare
534 1357 567 1384 dc
581 1356 804 1389 Mclchisedecho,
820 1358 861 1384 di-

78 1408 147 1430 serte
159 1404 233 1430 dicat
245 1411 276 1430 se
288 1403 459 1430 consuluisse
469 1409 590 1430 sanctum
606 1403 774 1439 Hippolytum
787 1405 859 1439 (‘25);

79 1450 191 1483 proinde
204 1449 311 1476 videtur
325 1457 372 1483 per
384 1449 435 1475 hoc
450 1449 587 1476 testiﬁcari
602 1451 673 1484 quod
690 1454 800 1477 sanctus
815 1458 862 1477 n0-

77 1499 132 1522 ster
148 1495 175 1521 in
191 1499 339 1529 caputxtv,
350 1495 376 1521 in
393 1503 446 1530 quo
457 1495 489 1522 de
501 1495 694 1523 Melchisedech
715 1503 804 1522 sermo
820 1496 858 1528 ﬁt,

77 1545 279 1568 commentatus
305 1540 396 1567 fuerit.
423 1541 493 1567 Idem
517 1541 611 1568 doctor
636 1541 771 1568 maximus
794 1542 859 1568 alle-

77 1591 121 1621 gat
149 1587 239 1614 adhuc
260 1586 440 1622 fragmentum
465 1587 529 1614 satis
555 1587 662 1621 longum
688 1587 720 1614 de
744 1588 819 1614 lsaac
833 1592 859 1614 et

77 1631 212 1665 Rebecca,
238 1633 264 1659 id
284 1637 334 1664 est,
358 1641 439 1667 super
460 1637 540 1667 caput
567 1640 638 1659 xxvtt
665 1632 800 1659 Geneseos
824 1640 856 1659 ex

77 1677 171 1703 eodem
188 1679 387 1704 commentario
401 1676 465 1712 (26».
482 1676 602 1705 Isidorus
616 1677 696 1703 etiam
719 1677 858 1711 Hispalen-

78 1723 115 1749 sis
127 1722 184 1757 (27)
198 1722 322 1748 eamdem
336 1721 541 1755 explicationem
556 1721 727 1756 allegoricam
738 1721 770 1748 de
784 1720 860 1749 Isaac

78 1774 103 1796 et
118 1768 242 1795 Rebecca
257 1776 291 1795 ex
303 1767 331 1795 S.
347 1767 488 1803 Hippolyto
503 1768 593 1795 refert.
619 1768 695 1802 Apud
716 1767 857 1795 Leontium

78 1822 186 1849 quoque
200 1813 378 1849 Byzantinum
395 1814 508 1841 habetur
528 1814 653 1849 exiguum
679 1813 857 1847 fragmentum

78 1861 266 1888 commentarii
291 1860 318 1887 S.
347 1860 479 1895 Hippolyti
505 1861 532 1887 in
556 1860 754 1887 benedictiones
772 1860 859 1887 Abra-

79 1906 118 1933 hae
133 1906 201 1941 (28).
227 1905 315 1941 Super
333 1914 440 1934 versum
463 1906 497 1932 ‘27
518 1906 612 1940 capitis
628 1913 690 1932 thx
711 1905 856 1938 Genescos,

77 1960 132 1987 quo
157 1953 334 1980 continentur
358 1952 559 1980 benedictiones
587 1953 702 1979 Abrahae
723 1960 771 1986 pro
796 1952 858 1979 [iliis

77 1999 146 2031 suis,
165 2005 278 2026 sanctus
302 1998 462 2034 Hippolytus
477 2002 570 2026 sancto
591 1999 713 2033 apostolo
726 1997 809 2024 Paulo
824 1998 856 2024 il-

78 2043 122 2071 lud
138 2045 172 2072 de
186 2045 251 2079 lupo
266 2052 373 2079 rapace,
391 2046 463 2079 quod
476 2045 662 2079 Benjaminum
681 2048 793 2078 spectat,
812 2052 857 2071 ac-

77 2090 250 2122 commodat;
275 2097 357 2124 quam
377 2089 651 2117 accommodatiouem
668 2095 757 2123 postea
776 2089 856 2115 etiam

78 2135 262 2163 adhibuerunt
277 2135 305 2162 S.
318 2136 486 2170 Augustinus
507 2140 533 2162 et
551 2135 596 2161 alii
610 2134 735 2162 Ecclesire
752 2134 855 2161 Patres.

112 2234 167 2269 (2i)
191 2244 201 2259 ε
216 2234 306 2268 Nuper
319 2235 348 2261 S.
363 2233 521 2261 Ambrosinus
537 2234 581 2269 sic
590 2233 771 2261 Hexaemeron
785 2235 856 2262 illius

77 2268 222 2330 ﬁOrigenis)
236 2269 402 2303 compilavit,
419 2273 448 2295 ut
461 2269 545 2303 magis
562 2268 695 2304 Hippolyti
710 2270 856 2297 sententias

99 2305 223 2330 asiliiuue
233 2311 401 2330 semieretttr.
419 2313 427 2329 ι
445 2303 599 2330 Hicrouvm.
612 2324 619 2330 .
635 2312 677 2330 eo.
689 2304 721 2330 41
736 2304 769 2330 ad
781 2304 856 2330 Patit-

99 2305 223 2338 asiliique
233 2311 401 2338 sequeretur.
419 2313 427 2329 ι
445 2303 599 2339 Hieronym.
611 2324 619 2337 ,
635 2303 677 2338 ep.
689 2304 721 2330 41
736 2304 769 2330 ad
781 2304 858 2331 Patit-

78 2340 166 2365 mach.
180 2344 206 2365 et
216 2339 317 2366 Ocean.
804 2343 808 2348 '

113 2374 168 2409 (22)
189 2373 388 2409 Hieronymiin
405 2373 536 2408 Catalog.,
554 2381 613 2407 cap.
629 2372 671 2400 6|.

111 2407 167 2443 ('25)
188 2407 299 2436 Henricf
336 2408 423 2436 Vales.
452 2409 479 2435 in
501 2407 565 2443 cap.
592 2408 627 2435 2'2
651 2409 697 2436 lib.
716 2415 741 2435 vr
767 2407 802 2436 II.
821 2408 854 2436 E.

78 2442 196 2470 Eusebii.

101 2445 196 2471 usebii.

111 2479 165 2513 (-25)
186 2478 305 2510 Fabric.,
322 2477 389 2512 Opp.
403 2478 536 2512 Hippolyt.
554 2477 665 2513 tomrll,
677 2486 737 2512 pag.
753 2478 797 2505 22.

111 2515 165 2549 (25)
190 2523 199 2539 ι
223 2513 294 2549 Vetti
310 2522 362 2549 tne?
373 2514 404 2540 ad
420 2513 602 2548 Hippolytum,
620 2512 758 2543 Irenaeum.
776 2522 784 2538 ι
803 2516 856 2541 etc.

79 2547 184 2575 Hieron.
200 2549 233 2576 ad
248 2548 411 2582 Evangclum
435 2547 628 2583 presbyterum.
648 2556 689 2582 ep.
703 2548 736 2575 75
751 2550 852 2576 noviss.

78 2584 137 2618 edit.
151 2583 246 2611 Venet.
266 2584 354 2616 iri-4°,
366 2584 433 2611 alias
442 2583 503 2616 126,
515 2584 593 2618 epist.
606 2583 666 2610 crit.
683 2591 710 2618 p.
719 2583 770 2611 570
785 2585 854 2618 apud

78 2616 238 2646 Benedictin.

111 2654 163 2687 (26)
184 2654 358 2687 Hieronym,
378 2653 456 2685 epist.
474 2653 506 2680 ad
524 2652 668 2679 Damasum
694 2652 727 2679 56
751 2653 852 2680 noviss.

78 2688 148 2720 edit.,
165 2690 233 2716 alias
248 2689 311 2718 125,
331 2696 357 2722 p.
372 2688 424 2714 569
436 2689 504 2722 apud
517 2687 714 2714 Heriediclinos.

110 2723 162 2755 (27)
181 2724 278 2751 Isidor.
298 2722 402 2756 Hispal.
419 2723 444 2748 in
459 2730 517 2756 cap.
530 2730 595 2749 xxttl
612 2722 708 2756 Gcncs.

109 2758 160 2793 (28)
180 2759 278 2786 Leont.
294 2755 426 2793 Βμξῃιιμ..
453 2755 498 2784 lib.
518 2766 526 2784 ι
543 2763 635 2793 centra
663 2755 852 2793 Honorium}!

78 2790 224 2828 Euge/tem,
249 2790 507 2828 tomleVBibliot/t.
524 2791 581 2828 l’_P.
598 2791 719 2828 Lugdun.
738 2799 769 2828 p._
780 2791 850 2828 682;

76 2827 100 2856 in
112 2826 235 2858 versione
252 2828 354 2856 Latina
378 2827 458 2863 hujus
473 2827 524 2856 loci
541 2826 645 2855 Leontii
661 2826 800 2861 Byzantini
817 2827 851 2854 le-

912 909 992 943 paulo
1007 913 1084 936 antca
1096 909 1225 940 diximus,
1239 915 1361 936 sanctum
1375 916 1497 937 nostrqu
1515 910 1541 936 in
1563 918 1593 936 ea
1609 910 1690 937 etiarn

912 959 1122 982 commentatum
1141 954 1226 982 fuisse
1237 963 1298 989 qua:
1313 959 1372 989 post
1388 963 1434 982 sex
1449 955 1507 982 dies
1520 962 1694 989 consequun-

912 1004 956 1026 tur
977 1000 1003 1026 in
1024 1000 1100 1027 libris
1124 1000 1225 1035 llloysis
1242 1001 1308 1036 (51).
1342 1000 1415 1027 Vidit
1438 1001 1510 1028 hunc
1529 1006 1694 1028 commenta-

911 1047 981 1073 rium
995 1046 1023 1073 S.
1039 1045 1235 1081 Hieronymus;
1251 1052 1331 1082 atque
1345 1052 1486 1081 propterea
1498 1047 1622 1074 dubitare
1637 1055 1692 1074 non

911 1099 1057 1126 possumus
1080 1092 1113 1119 de
1139 1093 1211 1119 illius
1238 1092 1302 1118 olim
1324 1092 1492 1119 exsistentia.
1518 1091 1558 1118 Cl.
1581 1091 1691 1126 quidem

913 1137 938 1163 le
953 1137 1077 1172 bloynios
1101 1137 1156 1172 (52)
1180 1138 1205 1164 in
1222 1137 1334 1164 dubium
1352 1146 1480 1165 revocare
1504 1138 1556 1164 hoc
1572 1138 1690 1170 videtur,

911 1183 974 1209 dum
999 1183 1100 1217 absque
1125 1183 1299 1210 fundamento
1313 1184 1434 1210 obtendit
1448 1189 1571 1210 sanctum
1596 1183 1692 1210 Hiero-

912 1236 1022 1263 nymum
1046 1236 1099 1255 non
1115 1229 1166 1256 nisi
1179 1237 1211 1255 ex
1227 1229 1297 1255 male
1312 1229 1455 1256 intellectis
1475 1228 1583 1255 Eusebii
1600 1229 1691 1256 verbis

911 1274 1134 1301 commentarium
1158 1274 1183 1300 in
1210 1274 1331 1300 Exodum
1353 1275 1514 1301 astruxissc.
1541 1274 1590 1300 Hic
1616 1274 1690 1301 enim

911 1320 1076 1355 (Eusebius),
1098 1321 1239 1355 subjungit
1261 1321 1285 1348 le
1307 1320 1440 1356 Moynius,
1462 1325 1604 1355 postquam
1618 1320 1692 1347 desi-

911 1366 1002 1400 gnavit
1013 1365 1206 1396 Hexaemeron,
1223 1366 1297 1398 dicit,
1311 1366 1382 1400 quod
1399 1365 1427 1392 S.
1444 1365 1602 1400 Hippolytus
1621 1365 1692 1392 scri-

910 1410 993 1445 pserit
1013 1411 1093 1437 etiam
1110 1411 1135 1437 in
1156 1419 1187 1437 ea
1205 1419 1265 1445 qua:
1279 1415 1427 1446 sequuntur
1452 1419 1497 1438 sex
1515 1411 1582 1442 dics,
1601 1411 1640 1442 εἰς
1656 1410 1689 1437 τὰ

912 1455 979 1492 μετὰ
992 1455 1040 1491 τὴν
1057 1455 1206 1491 ὲξαήμερον
1223 1465 1230 1483 :
1246 1464 1293 1490 per
1304 1464 1363 1490 quae
1379 1456 1470 1487 verba,
1483 1457 1568 1491 pergit
1581 1457 1604 1482 le
1615 1455 1689 1491 Moy-

911 1502 982 1535 nius,
1010 1501 1054 1528 hic
1075 1505 1202 1528 notantur
1225 1501 1450 1536 protoplastorutn
1465 1505 1561 1533 status,
1585 1501 1689 1527 habita-

911 1551 957 1580 tio,
970 1547 1092 1579 tentatio,
1108 1547 1210 1581 lapsus,
1228 1551 1254 1573 ct
1269 1547 1341 1573 varia
1360 1555 1420 1582 qua:
1433 1547 1577 1580 Adamunt,
1593 1547 1687 1579 Evam,

909 1593 1076 1628 paradisum,
1099 1599 1261 1627 serpentem,
1283 1593 1393 1619 arbores
1405 1593 1466 1620 vitae
1479 1599 1505 1620 ct
1516 1593 1646 1625 scientiae,
1662 1597 1689 1619 et

909 1640 962 1666 alia
985 1639 1027 1666 liis
1049 1639 1174 1673 adjuncta
1201 1644 1322 1673 spectare
1336 1639 1469 1666 videntur.
1498 1639 1532 1666 At
1547 1647 1610 1666 vero
1624 1647 1688 1665 eru-

910 1686 982 1713 ditus
1006 1685 1050 1711 hic
1072 1691 1166 1711 auctor
1187 1693 1241 1711 non
1264 1685 1330 1712 satis
1348 1685 1469 1711 animum
1487 1685 1600 1711 attendit
1615 1684 1688 1718 quod

909 1735 1019 1758 sanctus
1047 1730 1226 1765 Hieronymus
1250 1738 1304 1757 non
1324 1731 1471 1758 secundum
1489 1729 1634 1757 Eusebium
1648 1730 1690 1756 lo-

909 1782 1018 1812 quatur,
1042 1777 1089 1804 sed
1111 1777 1225 1804 evolutis
1248 1777 1325 1811 ipsis,
1350 1784 1419 1811 quos
1438 1777 1569 1809 nominat,
1586 1777 1662 1803 libris
1678 1784 1688 1804 :

909 1823 932 1849 E
946 1823 1050 1857 quibus,
1074 1823 1162 1858 inquit
1184 1823 1251 1858 (55),
1273 1823 1318 1849 hos
1339 1822 1432 1857 reperi,
1447 1823 1474 1849 in
1487 1821 1647 1857 ἑξαήμερον,
1663 1825 1688 1848 et

908 1869 936 1895 in
951 1868 1082 1895 Exodum.
1110 1868 1167 1895 Hoc
1181 1877 1229 1903 per
1239 1876 1268 1895 se
1282 1868 1465 1901 manifestum,
1482 1874 1508 1894 et
1521 1868 1622 1894 trullam
1636 1866 1689 1893 dif-

910 1915 1054 1942 licultatem
1071 1915 1180 1949 patitur.
1203 1915 1336 1942 Cteterum
1353 1915 1420 1941 nihil
1434 1915 1550 1949 amplius
1564 1914 1597 1940 de
1610 1913 1690 1940 Cont—

908 1961 1034 1987 mentario
1051 1959 1079 1987 S.
1092 1960 1226 1995 Hippolyti
1250 1961 1277 1987 in
1298 1959 1420 1986 Exodum
1441 1960 1520 1987 hodie
1544 1959 1686 1986 habemus.

908 2006 984 2041 Stepe
999 2007 1105 2042 quidem
1122 2007 1251 2041 allegalur
1274 2006 1300 2032 in
1317 2007 1513 2034 commentario
1528 2005 1644 2031 Arabico
1658 2004 1686 2031 in

906 2052 1118 2079 Pentateuchum
1135 2052 1191 2087 (54)
1206 2060 1317 2086 operum
1346 2051 1498 2078 collectioni
1518 2051 1570 2077 divi
1587 2049 1687 2084 Hippo-

907 2099 953 2134 lyti
969 2099 1070 2125 inserto
1083 2099 1149 2134 (55).
1172 2098 1224 2125 Sed
1248 2098 1394 2125 verisimile
1413 2097 1524 2124 omnino
1539 2102 1588 2128 est,
1613 2096 1684 2130 quod

908 2150 1002 2173 auctor
1016 2145 1097 2180 hujus
1112 2145 1300 2173 commentarii
1325 2153 1422 2172 nomen
1446 2145 1473 2171 S.
1492 2143 1636 2178 Hippolyti,
1653 2141 1685 2170 S.

907 2234 978 2273 gitur
992 2233 1103 2275 Balaam
1116 2234 1170 2275 hoc
1184 2234 1285 2275 modo_3
1304 2244 1313 2260 ‹
1334 2233 1423 2275 Sancti
1441 2233 1573 2275 Hippolyti
1589 2237 1615 2259 et
1629 2232 1686 2267 epi-

907 2269 980 2302 scopi
1004 2274 1029 2295 ct
1055 2270 1179 2303 martyris
1206 2277 1239 2295 ex
1265 2269 1500 2295 Bent-dictionibus
1524 2268 1644 2294 Balaam.
1672 2277 1683 2294 ι

908 2303 1017 2330 Videtur
1029 2304 1079 2331 hoc
1094 2312 1169 2330 error
1180 2312 1239 2331 esse
1253 2304 1435 2334 librariorum,
1449 2309 1528 2337 atque
1544 2303 1684 2336 legenduim

906 2347 965 2365 essu
986 2339 1111 2368 Abraum,
1129 2339 1302 2365 confortniter
1324 2339 1405 2365 textili
1432 2338 1523 2365 Cra-c0
1542 2347 1548 2364 :
1571 2339 1617 2364 Ἐκ
1631 2337 1686 2368 τῶν

906 2373 1033 2435 εὐλογῗθν
1062 2373 1108 2400 τοῦ
1142 2373 1273 2408 Ἀϐραάμ.
1304 2373 1381 2400 Tom.
1401 2374 1422 2400 ll
1452 2373 1519 2408 Opp.
1547 2372 1684 2409 Hippolyt.

906 2415 967 2435 pan.
1001 2418 1027 2435 ο.

925 2417 967 2435 illo
983 2417 1027 2435 40.

905 2415 1151 2478 puf‘i9joilippolyt.
1168 2442 1236 2477 Opp.
1250 2448 1314 2469 tom.
1332 2442 1364 2475 ll,
1381 2451 1442 2477 pag.
1459 2444 1504 2475 22.
1521 2444 1566 2476 25,
1584 2443 1629 2470 26.

941 2479 996 2512 (50)
1015 2478 1170 2513 Hieronym.
1190 2479 1215 2504 in
1232 2478 1363 2512 Catalog.,
1381 2487 1439 2512 cap.
1453 2479 1497 2505 (il.

939 2514 995 2547 (5i)
1016 2512 1126 2544 Eu5clt.,
1142 2512 1178 2539 ll.
1195 2512 1226 2539 E.
1243 2514 1289 2540 lib.
1305 2521 1341 2544 vt,
1359 2521 1416 2546 cap.
1434 2514 1478 2540 ‘22.

940 2548 994 2584 (52)
1014 2548 1051 2574 Le
1063 2547 1168 2583 Moync,
1190 2547 1269 2584 Varia
1285 2556 1371 2579 sacra,
1390 2553 1454 2575 tom.
1472 2547 1502 2580 ll,
1518 2555 1578 2582 pag.
1594 2547 1656 2574 990.

939 2584 995 2618 (55)
1016 2583 1169 2617 Hicronym.
1189 2583 1239 2610 loc.
1257 2584 1303 2610 cit.

940 2618 995 2654 (54)
1014 2619 1116 2654 Auctor
1132 2619 1211 2651 hujus
1227 2618 1412 2644 commentarii
1428 2619 1512 2646 Arabs
1528 2618 1577 2646 sub
1592 2619 1681 2645 nomi-

903 2659 937 2679 ne
953 2652 1038 2681 saiicti
1056 2652 1189 2687 Hippolyti
1207 2654 1302 2688 allegat
1318 2654 1493 2687 quadraginta
1514 2654 1582 2687 loca,
1606 2661 1683 2680 eum—

903 2695 955 2723 que
980 2688 1323 2723 ordinario"EIpositorcm
1351 2689 1559 2723 Targhumislam
1591 2693 1681 2716 vocat.

902 2721 1053 2784 7Y_}d.t0pp.
1071 2723 1100 2749 S.
1114 2721 1248 2758 Hippolyt.
1263 2723 1334 2758 apud
1356 2721 1461 2752 Fabric.
1484 2729 1549 2751 tum.
1566 2723 1598 2755 ll,
1617 2731 1679 2758 pag.

951 2765 965 2783 c
996 2765 1052 2784 seu.

951 2763 978 2784 ct
996 2765 1052 2786 seu.

951 2767 978 2784 et
996 2767 1052 2792 seq.

938 2793 992 2828 (53)
1012 2793 1128 2828 Fabric.,
1141 2794 1158 2820 l.
1175 2801 1198 2821 c.
