1861 3052
174 94 226 121 511)

660 94 702 120 DE
722 93 803 121 VlTA
819 93 863 120 ET
883 93 1038 121 SClthTlS
1058 92 1086 120 S.
1107 91 1298 119 HIPPOLYTI.
1735 91 1780 118 5’20

175 151 289 184 Basilii,
314 151 458 187 Epiphanii
484 157 511 179 et
533 152 647 179 aliorum
670 151 779 178 Patrum
790 172 797 183 ,
820 159 891 186 quos
918 151 960 178 hic
977 155 997 180 A
1013 151 1113 178 ultimae
1129 149 1239 185 syllabae
1253 149 1307 176 sint
1321 148 1396 175 vocis
1412 147 1590 181 ΨΑΛΜΟΥΟ,
1609 151 1689 182 atque
1701 148 1782 182 proin-

174 198 251 230 citat,
278 198 338 225 ideo
362 199 494 225 duntaxat
509 202 647 225 mutuatus
666 197 759 229 fuerit,
783 202 811 224 ιιι
824 198 897 232 operi
911 205 960 225 suo

175 243 294 278 aliquam
308 245 476 280 dignitatem,
500 252 582 279 quam
599 244 625 270 in
639 251 668 271 se
682 252 736 270 non
752 243 876 276 habebat,
893 252 959 271 con-

176 289 294 316 ciliaret.

212 334 265 362 Nec
292 335 389 361 desunt
415 339 574 369 argumenta
601 343 650 371 pro
676 336 837 364 ascrihendo
865 339 960 363 sancto

175 379 318 415 Hippolyto
342 381 449 415 aliquod
474 381 636 415 opusculum
662 388 709 408 seu
732 381 959 408 commentarium

173 425 200 452 in
217 426 338 460 quoidam
362 425 442 460 primi
457 425 560 460 Regum
577 426 637 452 libri
656 426 727 459 loca,
749 427 774 453 in
789 426 887 460 quibus
903 434 960 453 scr-

172 478 218 498 mo
243 471 356 497 habetur
377 471 410 498 de
434 470 552 498 Helcana
576 476 652 506 patre
676 477 702 499 et
715 479 784 498 anna
804 471 888 498 Matre
910 470 959 498 Sa-

173 515 269 542 tnuclis
286 516 353 551 (56).
375 515 561 544 Tbeodoretus
584 517 641 543 suis
655 517 681 544 in
701 517 821 552 Dialogis
835 518 958 552 quaedam

173 559 254 593 hujus
280 561 373 595 scripti
401 561 459 588 loca
490 562 567 588 nobis
591 563 764 589 conservavit
787 571 846 597 qua:
869 571 885 590 a
908 562 960 589 Fa-

171 604 258 632 bricio
283 606 309 632 in
334 606 452 634 editione
475 615 587 642 operum
614 609 701 635 nostri
724 608 815 636 Sancti
837 608 959 635 referun-

171 655 217 677 tur
234 650 301 684 (57).

173 693 188 730 ᾗ
215 694 257 723 lll.
297 695 507 733 Commentaries
540 697 569 724 S.
596 697 730 733 Hippolyti
762 700 788 725 in
814 697 919 725 Saulem
934 703 959 725 et

463 732 660 766 l’ytltonissam.

206 787 278 813 Idem
294 786 322 814 S.
340 787 500 824 Hippolytus
528 790 681 825 composuit
696 790 768 817 aliud
790 790 872 818 etiam
891 797 958 825 opu-

171 832 277 859 sculum
296 833 322 860 in
338 834 390 860 alia
407 835 489 870 hujus
507 835 535 862 S.
554 835 702 870 Scriptum
727 836 787 863 libri
803 836 872 869 loca,
897 844 957 871 qua:

172 879 321 913 respiciunt
337 879 444 907 Saulem
459 886 484 907 ot
501 881 695 916 l’yt/tanissam.
726 881 902 910 Observatum
916 889 958 911 est

170 929 259 952 autem
286 933 300 952 a
322 926 389 953 viris
413 927 500 954 doctis
515 928 571 963 (58)
589 927 761 964 Hippolytum
784 936 847 956 raro
862 936 957 956 susce-

170 970 243 1004 pisse
267 971 402 1006 integrum
433 973 531 1000 librum
551 973 698 1008 Scriptura:
715 975 955 1009 interpretandum,

171 1016 218 1044 sed
236 1017 363 1045 sclectum
385 1025 585 1054 argumentum,
612 1022 840 1055 quemadmodum
854 1030 888 1049 ex
899 1022 955 1056 jam

170 1069 253 1096 supra
267 1063 356 1097 dictis,
384 1069 465 1099 atque
479 1065 569 1093 adhuc
585 1066 718 1100 dicendis,
744 1067 844 1094 invicte
858 1068 957 1095 conﬁr—

170 1114 271 1137 matur.
301 1110 522 1139 Commentarios
537 1113 569 1139 de
585 1113 667 1140 Saule
682 1121 713 1140 ac
728 1112 890 1149 Pythonissa
905 1123 956 1142 no.

169 1159 245 1181 tatur
269 1155 302 1181 ab
327 1155 492 1191 Hieronymo
518 1156 573 1192 (39)
595 1157 665 1184 inter
695 1158 747 1184 alia
767 1158 854 1186 sancti
869 1160 955 1187 nostri

170 1200 293 1227 doctoris
309 1210 401 1236 opera.

206 1247 376 1274 Conveiiiuut
388 1248 468 1274 etiam
485 1248 533 1274 viri
549 1248 632 1281 docti,
652 1249 724 1283 quod
741 1249 869 1284 przrl'atus
884 1250 953 1285 Hip-

170 1292 253 1327 polyti
281 1294 492 1320 commentarius
509 1294 534 1320 iu
551 1295 640 1321 tabula
656 1295 748 1323 Graeca
774 1304 821 1330 per
836 1297 955 1324 vocabu-

170 1338 227 1364 lum
241 1338 291 1365 lioc
305 1337 383 1366 lTAC
398 1339 575 1367 ΤΡΙΜΥΘΟΝ
589 1341 756 1375 designetur,
768 1350 800 1368 ex
813 1349 866 1376 quo
879 1349 953 1368 com-

170 1392 271 1418 ponere
288 1385 381 1412 volunt
398 1385 694 1420 ΕΓΓΑΟΤΡΙΜΥΘΟΝ,
708 1388 779 1422 quod
795 1395 894 1415 nomen
908 1387 955 1415 Se-

171 1430 309 1464 ptuaginta
330 1429 490 1465 lnterpretcs
514 1432 682 1467 Pythonissze
699 1433 725 1459 in
739 1432 830 1460 Endor
849 1433 954 1460 indide-

170 1481 243 1508 runt,
267 1484 328 1510 qua:
350 1485 364 1504 ει
384 1477 465 1504 Saule
481 1478 656 1512 interrogata,
683 1478 787 1506 artibus
810 1484 836 1506 et
850 1479 954 1514 praesti-
969 1490 989 1517 ρ

170 1523 222 1558 giis
256 1523 333 1554 suis.
364 1523 499 1551 Samuelis
534 1524 658 1551 umbram
695 1525 834 1552 excitavit.
875 1525 957 1552 Extra

169 1575 278 1594 omnem
296 1568 474 1595 dubitationis
497 1569 582 1596 aleam
608 1569 727 1604 positum
746 1570 824 1597 nobis
841 1571 956 1603 videtur,

172 1619 316 1640 tractatum
342 1613 372 1640 S.
395 1613 530 1649 Hippolyti
559 1619 695 1649 spectasse
712 1616 803 1650 potius
818 1616 888 1644 hanc
907 1617 958 1653 Py-

171 1659 334 1692 thonissam,
357 1668 438 1694 quam
459 1661 543 1691 illam,
564 1661 597 1688 de
618 1669 671 1695 qua
687 1661 816 1688 Actorum
831 1670 891 1697 cap.
909 1671 952 1690 xvr

171 1705 272 1731 mentio
289 1705 421 1739 habetur;
439 1706 500 1733 licet
516 1706 636 1741 Scaliger
652 1707 756 1742 putarit
770 1707 841 1736 hanc
854 1709 955 1736 intelli-

170 1749 288 1785 gendam
304 1758 375 1776 esse.

301 1795 313 1830 §
334 1795 376 1822 IV.
415 1795 625 1823 Commentarius
642 1797 669 1823 in
686 1797 818 1825 Psalmos.

206 1839 235 1867 S.
254 1839 445 1876 Hieronymus,
464 1842 615 1877 cataloguni
630 1850 741 1877 operum
768 1843 796 1871 δ.
819 1843 954 1880 Hippolyti

170 1896 348 1923 prosequens,
366 1894 488 1916 recenset
503 1891 584 1917 etiam
605 1891 828 1919 Commentariun:
839 1893 865 1920 in
875 1891 953 1919 Psal-

171 1942 226 1960 mos
241 1934 307 1969 (40).
331 1935 435 1962 Asserit
451 1936 484 1963 cl.
501 1937 526 1963 le
540 1936 664 1972 Moynius
683 1938 828 1965 Eusebium
846 1947 954 1974 quoque

170 1979 243 2007 hunc
265 1984 490 2008 commentarium
514 1982 543 2009 S.
556 1982 699 2018 Hippolyto
714 1985 883 2019 ascripsisse.
901 1987 953 2014 Sed

170 2027 203 2052 dc
217 2026 268 2053 hoc
280 2026 336 2053 sive
349 2026 501 2054 Eusebiano
519 2033 602 2061 textu,
622 2028 678 2056 sive
695 2030 720 2055 in
744 2030 816 2057 illius
828 2032 953 2058 versione

171 2071 244 2098 nulla
266 2071 325 2098 vola
342 2072 535 2107 habeturul).
567 2073 593 2099 ld
608 2081 671 2101 vero
695 2079 770 2102 extra
796 2082 953 2104 controver-

172 2120 251 2149 siam,
277 2118 349 2153 quod
366 2119 393 2145 in
408 2119 497 2146 tabula
511 2119 603 2147 Gra'ca
622 2121 662 2147 hac
679 2121 788 2157 syllabae
800 2122 952 2155 ΑΛΜΟΥΣ,

206 2185 262 2222 (56)
283 2185 436 2222 Ῑίιιθιηυιιι,
453 2185 674 2222 Μέιιιιρίνρεηῑοηι
691 2187 733 2219 Ill,
750 2195 812 2222 pag.
827 2188 888 2216 108.

207 2221 262 2257 (Si)
282 2221 400 2253 Fabric”
420 2226 485 2257 tom.
502 2221 589 2255 lOpp.
606 2221 722 2255 llippol.,
739 2221 766 2257 p.
785 2223 846 2250 267.

206 2256 262 2290 (38)
284 2257 426 2290 Scaliger.,
443 2255 583 2282 Observat.
599 2257 624 2283 in
642 2255 774 2284 Canoném
788 2258 953 2290 Pana/talem.

170 2292 240 2327 apud
252 2290 369 2321 Fabric..
379 2296 445 2327 tom.
459 2290 467 2316 l
481 2291 549 2327 Opp.
564 2291 680 2326 Hippol.,
691 2301 750 2327 pag.
764 2292 794 2319 8l
808 2293 951 2326 ;Maurini,

200 2326 395 2363 ishjlittéraire
417 2326 448 2352 de
467 2329 500 2363 jla
527 2326 640 2359 France,
673 2326 738 2354 tom;
765 2327 785 2358 Ι,
813 2336 874 2363 pag.
890 2329 952 2356 57L

207 2361 266 2398 (59)
283 2360 438 2398 Hiei'onym.
466 2361 491 2387 in
515 2362 650 2398 (Catalugu
675 2371 735 2395 cap.
763 2360 820 2395 (il,—
836 2360 881 2398 qili
910 2373 953 2390 re-

170 2394 413 2433 lerLHippolytunt
425 2397 567 2433 scripsisse
582 2394 644 2433 πέρ).
662 2394 732 2424 Sub).
747 2394 945 2432 καὶνΠῦθωνος,

169 2431 202 2457 de
214 2430 293 2457 Saule
309 2437 333 2456 et
351 2430 521 2464 l’yt/touissu.

206 2465 261 2500 (40)
283 2464 453 2499 Hieronqu
471 2467 488 2492 Ι.
503 2475 527 2493 c.

154 2519 155 2524 η
182 2535 189 2544 1
207 2501 263 2535 (41)
278 2500 432 2544 ‘Eusebius,
449 2507 558 2544 notante
570 2502 605 2529 cl.
617 2502 762 2544 _Ceillicrio
778 2502 849 2530 Hist.
864 2505 952 2544 gener.

171 2535 216 2561 des
239 2540 450 2574 autcurs,__tom.
473 2536 507 2574 ill,
532 2545 592 2572 pag.
617 2537 679 2570 522,
705 2543 760 2565 ιιοῑ.
775 2546 798 2570 e,
828 2535 952 2574 exiguam

172 2578 283 2604 operum
304 2571 331 2596 S.
345 2569 478 2606 Hippolyti
502 2569 603 2605 partem
622 2579 752 2604 recenset.
780 2569 902 2601 addendo
918 2579 954 2601 ta-

171 2609 365 2643 mennotanter
376 2608 433 2643 [nec
447 2606 526 2634 verba
542 2615 548 2633 :
563 2616 572 2632 ι
585 2607 636 2634 Sed
649 2612 675 2634 et
687 2609 738 2634 alia
755 2609 869 2642 plurima
883 2609 954 2643 apud

169 2641 238 2668 alios
262 2646 399 2701 asgséervata
416 2641 478 2668 licet
493 2643 620 2675 reperire.
640 2652 649 2668 ι
675 2643 786 2675 Euseb.,
803 2643 839 2670 II.
854 2644 887 2671 Ε.
900 2641 952 2671 ιιι).

170 2681 199 2701 v.
213 2682 272 2701 can.
325 2695 332 2701 .

170 2681 199 2707 ν,
213 2682 272 2708 cap.
287 2681 332 2702 22.

207 2709 265 2746 (4‘2)
285 2710 440 2746 Hieronym.
459 2712 484 2738 in
499 2711 633 2746 Cutulog.,
651 2720 710 2746 cap.
727 2713 770 2740 Gl.

208 2744 264 2782 (ᾧ)
285 2745 321 2782 ξε
336 2744 443 2782 Moyne,
466 2747 526 2773 Var.
544 2744 611 2778 soci,
629 2744 694 2774 tom.
711 2747 743 2778 ll,
759 2756 819 2782 pag.
836 2749 898 2776 992.

210 2757 264 2779 (ω)
285 2757 321 2772 ne
336 2757 443 2782 amynta,
467 2757 526 2773 var.
544 2757 611 2778 διιε..
629 2757 694 2774 tt-ttl.
712 2757 743 2778 ιι.
759 2757 790 2781 pa
813 2769 819 2775 .
836 2757 898 2776 U‘JZ.

210 2779 266 2814 (44)
286 2780 448 2817 Thcodorct.
464 2783 564 2816 dialog.
585 2783 595 2808 l
613 2788 638 2809 et
653 2783 679 2813 2,
700 2790 760 2817 pag.
774 2757 829 2815 85;
858 2783 953 2817 Hippo-

173 2814 221 2849 lyt.
241 2820 306 2842 tom.
327 2817 334 2843 l
360 2816 428 2851 Opp.
454 2818 524 2851 apud
540 2814 667 2849 Fabric,
690 2814 757 2852 pagi.
780 2814 842 2845 268.
861 2814 953 2846 Fabri-

1010 196 1042 222 de
1051 195 1214 230 originarius
1224 195 1317 222 titulus
1330 194 1410 221 fuerit
1424 196 1463 226 εἰς
1471 193 1682 228 τοὺςΨαλμούς.
1701 193 1735 220 Ex
1747 194 1782 220 lo-

1009 241 1107 276 quendi
1139 241 1219 267 modo
1249 240 1279 268 Ι).
1310 240 1466 275 Hieronymi
1495 239 1641 267 verisimile
1673 239 1780 271 videtur.

1009 286 1081 319 quod
1110 285 1154 312 ille
1180 285 1342 311 intellexerit
1366 284 1591 312 commentarium
1616 283 1642 310 in
1658 283 1782 318 integrum

1009 330 1185 362 Psalterium;
1203 331 1240 356 ait
1257 330 1328 357 enim
1348 339 1354 356 ι
1370 329 1527 364 Hippolytus
1541 348 1548 356 .
1565 349 1571 356 .
1584 349 1591 356 .
1610 330 1713 363 scripsit
1727 337 1783 356 nait-

1009 375 1094 401 milloa
1110 375 1135 401 in
1153 374 1305 409 Scriptttros
1319 375 1532 406 conmentarios,
1551 382 1565 400 e
1582 374 1676 409 quibus
1691 375 1734 400 hos
1749 383 1784 401 re-

1009 416 1087 455 peri:
1100 421 1128 448 in
1142 421 1324 448 Hexaemeron
1336 441 1344 448 .
1358 440 1365 446 .
1380 440 1386 447 .
1403 421 1433 447 de
1446 420 1562 447 Psalmis
1576 420 1642 456 (42).
1670 419 1784 454 Quapro-

1008 471 1069 501 pter
1095 466 1215 501 Scaliger
1240 471 1266 493 et
1292 467 1316 494 le
1338 466 1462 502 Moynius
1489 466 1643 493 nullatenus
1656 465 1783 497 dubitant,

1008 512 1073 547 quin
1103 511 1131 539 S.
1145 512 1306 548 Hippolytus
1330 517 1422 540 noster
1444 513 1471 539 in
1496 512 1656 540 enarrandis
1678 511 1784 539 Psalmis

1008 566 1117 593 operam
1145 567 1221 586 suam
1247 559 1398 586 collocarit.
1425 558 1507 586 Addit
1522 563 1651 593 praeterea
1673 558 1698 585 le
1717 557 1784 593 Moy-

1008 606 1071 633 nius
1083 604 1138 641 (45)
1152 606 1177 632 id
1192 610 1266 632 certo
1281 605 1381 632 certius
1402 604 1491 639 colligi
1506 612 1586 639 posse
1600 612 1633 631 ex
1647 604 1747 632 Catena
1761 606 1784 632 in

1008 650 1140 683 Psalmos,
1166 658 1227 684 quae
1241 651 1333 677 codice
1347 649 1397 677 ills.
1413 654 1570 677 asservatur
1583 649 1610 676 in
1628 650 1784 677 bibliotheca

1008 696 1126 724 Medicea
1154 696 1308 724 Florentite.
1346 695 1533 723 Theodoretus
1558 696 1620 723 bina
1642 695 1784 731 fragmenta

1009 741 1105 768 exinde
1127 741 1208 768 etiam
1223 741 1333 768 exhibet
1348 741 1416 776 (Ill),
1438 740 1556 774 primum
1576 748 1608 767 ex
1620 740 1785 768 Commenta-

1008 786 1057 813 riis
1084 787 1110 813 in
1128 787 1263 821 psalmum
1297 794 1332 819 ιι,
1357 786 1506 813 secundum
1525 794 1559 813 ex
1584 786 1786 814 Commentariis

1009 831 1034 858 in
1057 832 1190 866 psalmum
1218 835 1306 865 xxni,’
1325 840 1372 860 seu
1394 840 1466 859 xxiv.
1497 831 1577 860 Teste
1606 833 1716 860 Alberto
1740 833 1786 860 Fa—

1009 878 1094 905 bricio
1106 878 1161 913 (45)
1184 879 1266 905 etiam
1287 878 1421 914 Hippolyti
1440 878 1572 912 expositio
1588 879 1683 913 psalmi
1702 887 1729 905 Ix
1741 879 1786 906 ha’

1008 923 1088 950 betur
1111 923 1182 950 inter
1206 932 1273 951 mss.
1298 924 1466 951 bibliothecae
1491 924 1653 951 Bodleianaz.
1698 924 1787 959 Operis

1008 969 1090 1004 hujus
1105 970 1267 1005 hypothesin
1286 971 1343 998 sive
1360 971 1544 1005 prtefationcm
1568 980 1634 999 mss.
1649 979 1680 999 se
1694 972 1787 999 habere

1008 1018 1122 1042 testatus
1150 1019 1192 1042 est
1212 1014 1330 1043 Thomas
1346 1015 1455 1043 Galcus.
1479 1015 1577 1043 Habuit
1598 1021 1624 1044 et
1640 1017 1787 1044 Alexander

1007 1059 1109 1093 Morus,
1136 1061 1181 1095 qui
1198 1060 1288 1088 laudat
1301 1061 1373 1088 notis
1386 1062 1419 1088 ad
1433 1061 1538 1088 Novum
1552 1061 1662 1094 Fmdus,
1684 1063 1717 1089 ad
1740 1061 1786 1089 He-

1007 1105 1094 1134 braeos
1113 1115 1140 1138 ι,
1155 1107 1180 1133 5.
1207 1106 1361 1142 Stephanus
1377 1108 1401 1134 le
1415 1107 1510 1143 llloync
1531 1113 1556 1135 et
1567 1109 1719 1136 Alexander
1734 1109 1787 1135 illo.

1007 1160 1055 1179 rus
1071 1153 1123 1180 hoc
1137 1152 1272 1189 Hippolyti
1290 1159 1478 1189 argumentum
1493 1155 1659 1182 enarrationi
1677 1156 1704 1181 in
1718 1154 1787 1182 Psal-

1007 1208 1065 1227 mos
1080 1201 1250 1233 praemissum
1273 1201 1352 1235 primi
1373 1202 1569 1236 produxerunt,
1583 1202 1629 1229 sed
1641 1202 1733 1229 minus
1747 1202 1786 1229 in-

1007 1249 1121 1280 tegrum,
1143 1246 1288 1281 minusque
1309 1247 1482 1274 emendatum
1499 1247 1566 1283 (46),
1582 1247 1723 1274 Fabricius
1743 1255 1787 1275 au-

1008 1296 1059 1318 tem
1071 1295 1097 1318 et
1107 1291 1266 1319 Gallandius
1276 1301 1291 1319 e
1303 1301 1369 1320 mss.
1383 1294 1416 1320 cl.
1429 1294 1481 1320 viri
1493 1294 1602 1321 Thema:
1613 1294 1688 1321 Galei
1701 1302 1787 1321 emen-

1006 1337 1096 1365 datius
1122 1338 1255 1365 dederunt
1277 1339 1345 1374 (47).
1370 1338 1465 1367 Iudice
1498 1340 1626 1374 perdocto
1656 1340 1787 1367 Ceillierio

1007 1381 1074 1417 (48),
1099 1381 1296 1410 Demonstratio
1317 1390 1409 1410 contra
1434 1383 1542 1412 Judwos
1564 1393 1578 1412 a
1595 1385 1730 1412 Tun'iano
1741 1385 1787 1412 La-

1008 1428 1062 1454 tine
1072 1435 1099 1455 et
1111 1429 1159 1456 abs
1175 1429 1298 1456 Fabricio
1315 1430 1370 1464 (49)
1387 1429 1479 1457 Graece
1493 1431 1575 1463 edita,
1592 1433 1786 1459 consectarium

1006 1481 1066 1500 esse
1080 1474 1187 1501 videtur
1205 1474 1392 1502 Commentarii
1409 1475 1438 1503 S.
1458 1476 1592 1512 Hippolyti
1607 1478 1633 1503 iu
1648 1477 1787 1509 Psalmos;

1010 1528 1071 1547 nam
1097 1521 1204 1555 proprie
1230 1521 1365 1556 loquendo
1388 1522 1431 1549 illa
1457 1522 1653 1550 demonstratio
1669 1531 1724 1550 non
1740 1529 1787 1557 est,

1009 1569 1060 1597 nisi
1082 1569 1255 1604 paraphrasis
1279 1570 1374 1604 psalmi
1392 1570 1552 1604 sexagesimi
1570 1571 1668 1598 octavi.
1701 1570 1788 1606 Neque

1008 1614 1052 1641 hic
1073 1615 1183 1649 aliquod
1209 1615 1368 1641 observatur
1395 1615 1526 1649 judicium
1543 1616 1632 1649 operis
1648 1616 1787 1651 cujusdam

1007 1661 1069 1687 data
1094 1667 1175 1695 opera
1196 1660 1323 1688 conlecti.
1354 1659 1405 1687 Sed
1418 1668 1450 1688 ex
1463 1662 1616 1694 occasione,
1632 1670 1685 1696 qua
1699 1667 1787 1689 auctor

1007 1707 1146 1733 veritatem
1173 1707 1312 1741 religionis
1337 1706 1498 1735 Christianae
1524 1708 1654 1735 adversus
1681 1708 1784 1735 Judaaos

1006 1752 1111 1786 probat,
1136 1752 1169 1779 ad
1191 1753 1271 1779 verba
1295 1753 1377 1787 hujus
1391 1753 1487 1787 psalmi
1509 1753 1609 1780 Judzcis
1631 1754 1786 1788 exponenda

1006 1798 1166 1825 naturaliter
1198 1798 1381 1832 trahebatur;
1418 1804 1498 1833 atque
1529 1803 1671 1833 propterea
1715 1800 1787 1833 juxta

1006 1852 1114 1871 omnem
1132 1844 1397 1871 verisimilitudinem
1414 1846 1523 1879 quidam
1539 1846 1648 1879 copista:
1661 1846 1727 1872 huic
1739 1846 1788 1872 ira-

1006 1895 1114 1925 gmento
1129 1891 1313 1924 ascripserunt
1330 1891 1437 1918 titulum
1455 1892 1492 1918 De
1506 1891 1730 1918 demonstratione
1744 1892 1788 1918 ad-

1004 1943 1091 1961 versus
1105 1934 1222 1962 λιλαίεαι.
1236 1945 1244 1960 ι
1261 1935 1375 1968 Quidam
1388 1936 1563 1963 nihilominus
1576 1936 1625 1962 viri
1640 1936 1712 1963 docti
1730 1944 1788 1971 per-

1004 1981 1160 2007 suasionem
1190 1981 1328 2014 habentes,
1357 1982 1444 2016 pergit
1468 1982 1628 2015 Ceillierius,
1655 1985 1731 2017 quod
1757 1982 1784 2009 S.

1005 2026 1162 2062 Hippolytus
1188 2031 1331 2054 tractatum
1360 2028 1492 2062 integrum
1526 2028 1656 2056 adversus
1682 2029 1787 2056 .ludazos

1004 2074 1160 2106 elaborarit,
1185 2074 1310 2101 eumdem
1338 2074 1507 2109 designatum
1531 2075 1678 2102 credebant
1703 2076 1729 2102 in
1747 2080 1784 2102 ta-

1005 2121 1067 2148 bula
1084 2127 1195 2155 operum
1220 2119 1325 2153 lapidea
1346 2120 1420 2147 hisce
1444 2126 1560 2154 quatuor
1573 2120 1675 2148 Graecis
1688 2121 1783 2148 litteris

969 2171 990 2198 ι)
1006 2166 1096 2199 lOYC,
1110 2174 1178 2200 quas
1194 2166 1303 2193 ultimas
1317 2174 1378 2194 esse
1389 2167 1512 2193 vocabuli
1533 2167 1678 2199 Ἰουδαίους
1695 2167 1786 2194 existi-

1005 2236 1064 2263 cius
1077 2237 1170 2269 etiam,
1195 2244 1255 2270 pag.
1274 2235 1337 2267 ‘269,
1364 2235 1462 2270 allegat
1480 2243 1513 2263 ex
1528 2235 1699 2263 Theodoreto
1720 2245 1787 2263 coni-

1005 2272 1166 2298 mentarium
1186 2271 1211 2297 in
1228 2271 1360 2305 psalmum
1374 2279 1468 2303 cxvni,
1492 2271 1568 2304 juxta
1586 2279 1645 2303 nos,
1669 2276 1698 2298 et
1714 2280 1785 2303 cxix.

1002 2307 1080 2341 juxta
1094 2306 1237 2338 Hebraaos;
1253 2306 1298 2333 sed
1314 2310 1342 2332 ut
1357 2311 1470 2341 censent
1482 2305 1596 2333 Mauriui
1612 2307 1699 2333 nostri
1717 2307 1785 2333 Hist.

1004 2339 1086 2368 littér.
1110 2342 1142 2368 de
1157 2343 1183 2367 la
1199 2341 1313 2373 France,
1342 2345 1406 2367 tom.
1421 2339 1440 2372 l,
1459 2349 1518 2374 pag.
1544 2341 1605 2373 57-4,
1627 2347 1685 2368 not.
1707 2342 1731 2372 l,
1755 2349 1786 2368 ex

1005 2377 1075 2403 male
1091 2376 1234 2404 intellectis
1258 2375 1337 2409 hujus
1352 2375 1440 2402 Patris
1454 2376 1552 2408 verbis,
1576 2384 1636 2410 qua:
1648 2385 1703 2403 non
1720 2378 1787 2403 hunc

1004 2410 1153 2444 Psalmum,
1170 2412 1217 2438 sed
1231 2410 1373 2437 Canticum
1389 2411 1556 2437 canticorum
1575 2411 1702 2438 innuunt.
1730 2411 1785 2437 \‘id.

1005 2446 1113 2473 llenric.
1129 2446 1229 2478 Vales.,
1247 2450 1303 2472 not.
1319 2454 1343 2472 ο.
1357 2445 1383 2471 in
1397 2444 1496 2473 Euseb.
1513 2445 1549 2472 Η.
1565 2446 1598 2473 E.
1611 2446 1660 2473 lib.
1677 2455 1714 2480 vr,
1729 2454 1784 2480 cap.

1006 2482 1038 2508 εὶ
1063 2489 1124 2517 pag.
1138 2482 1200 2509 249.

1041 2501 1174 2578 (ιδέὒιέιι).
1199 2516 1324 2549 Fabrie.,
1355 2516 1480 2543 Biblioth.
1505 2515 1608 2547 Critia,
1636 2521 1704 2543 tom.
1728 2516 1783 2546 cit.,

1006 2559 1066 2578 D32.
1142 2571 1155 2578 μ

1005 2559 1066 2586 pag.
1086 2559 1138 2578 anu

1040 2586 1095 2626 (ig)
1115 2571 1273 2626 ξέὲ-Μιογιιθ,
1296 2586 1357 2626 Var:
1376 2595 1442 2626 3.130.,
1460 2590 1525 2626 tom.
1553 2584 1583 2626 ll.
1601 2593 1663 2620 pag.
1680 2585 1764 2626 9ης.-

1042 2621 1097 2656 (47)
1118 2620 1236 2654 Fabrici,
1263 2627 1326 2648 tom.
1343 2621 1353 2647 Ι
1383 2621 1450 2656 Opp.
1466 2620 1611 2656 Hippolyt,
1638 2628 1698 2655 pag.
1714 2620 1782 2650 267;

1005 2656 1140 2686 Galland..
1156 2657 1281 2683 Biblioth.
1301 2656 1356 2684 PP.
1373 2655 1437 2683 tom:
1453 2655 1485 2685 ΙΙ,
1499 2664 1560 2690 pag.
1577 2655 1638 2682 486.

1040 2692 1096 2726 (48)
1116 2691 1191 2718 Hemi
1216 2693 1333 2724 Ccillier,
1359 2697 1426 2718 toni.
1442 2692 1464 2717 ll
1491 2690 1561 2717 llist.
1578 2693 1665 2725 géue’r.
1680 2691 1725 2717 des
1740 2697 1784 2715 au-

1007 2731 1089 2757 leurs.
1104 2735 1164 2761 pag.
1181 2727 1242 2753 522.

1041 2758 1234 2796 (dm-Fabric”
1257 2760 1325 2796 Opp.
1349 2760 1378 2787 S.
1399 2760 1535 2797 Hippolyt.
1554 2765 1620 2789 tom.
1639 2759 1670 2792 ιι,
1693 2767 1754 2795 pag.
1768 2758 1786 2785 '2

1005 2801 1031 2824 et
1045 2804 1103 2832 seq.
