1861 3052
70 120 118 146 5!!

560 123 602 149 DE
622 122 701 151 VITA
720 122 763 150 ET
784 123 942 151 SCRIPTIS
962 122 991 150 S.
1012 122 1205 151 ll.PPOLYTl.

1635 132 1690 159 32‘!

71 185 158 208 r‘ant.
175 186 206 208 ut
221 182 290 209 adeo
309 182 374 209 inde
387 183 493 210 laudata
518 184 543 210 in
559 184 649 210 tabula
665 185 806 219 legendum
823 185 858 211 sit
873 187 894 214 Α
909 183 965 210 sius
990 183 1079 210 locum
1101 184 1168 211 satis
1184 184 1409 212 considerahilem
1422 193 1455 213 ex
1472 194 1504 213 eo
1526 188 1604 216 nobis
1621 197 1689 215 col:-

76 227 229 259 Ἀπόδειξις
239 229 308 263 πρδς
317 230 381 260 τοὺς
394 229 543 261 Ἰουδαίους,
553 238 598 257 seu
606 230 675 257 κατὰ
682 231 742 262 τοὺς
751 231 858 257 Ἰουδαε-

72 281 139 304 ους,
170 273 368 301 Demonstratio
391 276 512 302 adversus
526 275 643 303 Judrros.
675 276 771 303 Verum
803 278 859 305 hare

72 319 233 353 conjectura
247 321 321 346 omni
338 319 514 348 fundamento
531 322 696 349 destituitur.
714 324 802 357 Atque
815 330 859 349 sa-

73 366 128 392 tius
141 370 285 400 propterea
301 371 341 394 est
357 367 470 400 ingenue
485 367 561 394 fateri
577 368 755 402 ignorantiam
768 368 857 403 quoad

72 411 235 438 relationem
260 415 375 446 quatuor
389 413 483 439 harum
499 412 659 447 litterarum,
689 423 768 450 quam
788 415 812 442 in
829 423 858 443 re

73 457 142 483 adeo
165 457 281 483 obscura
307 458 420 484 divinari
436 458 512 486 velle.
532 469 542 486 ι
557 458 692 488 Hactenus
707 461 742 488 cl.
767 461 858 489 Remi-

72 503 134 536 gius
149 501 312 530 Ceillierius.

74 556 88 592 ς
107 556 140 585 V.
158 557 369 585 Commemarins
392 559 418 585 in
435 559 511 597 *γι-ι
524 559 645 597 Psalmos
666 562 856 597 pwnilentt’ales

318 601 367 619 non
382 600 418 620 est
431 593 460 621 S.
475 595 621 630 Hippolyti.

107 637 214 665 Praeter
230 639 301 666 hunc
323 639 545 667 Commentarium
564 642 591 668 in
607 650 701 671 omnes
722 642 854 675 Psalmos,

71 683 253 710 doctissimus
272 683 406 719 Iosephus
419 685 538 721 Scaliger
553 687 638 715 eidem
654 694 749 716 sancto
764 695 856 718 nostro

72 729 221 766 Hippolyto
234 731 370 766 sigillatim
386 732 498 760 ascribit
512 733 622 767 insuper
633 734 855 762 Commentariun:

72 775 98 801 in
116 781 216 810 septem
231 775 351 803 Psolmos
365 778 555 811 pamitentiales
569 779 634 814 (50).
658 780 758 808 Verum
785 789 853 816 quo-

73 821 146 847 niam
164 821 341 850 doctissimus
359 823 400 849 vir
420 823 551 851 duntaxat
575 825 671 852 nititur
691 826 853 862 interpreta-

910 229 1026 255 scrvavit
1044 229 1117 263 (56);
1133 237 1213 263 quem
1236 228 1327 257 Grtcce
1342 239 1374 257 at:
1394 230 1488 258 Latine
1504 232 1644 261 Fabricius
1663 239 1690 261 et

909 272 1066 300 Gallandius
1088 274 1159 301 inler
1180 274 1208 301 S.
1231 274 1364 310 Hippolyti
1381 285 1461 310 opera
1482 279 1600 305 referunt
1620 280 1689 315 (57).

908 318 965 346 Hoc
987 319 1136 354 fragmento
1158 320 1186 346 S.
1204 320 1282 348 Pater
1306 322 1403 349 librmn
1421 322 1563 357 Sapientia:
1579 333 1594 351 a
1611 325 1691 354 Salo-

908 372 988 391 mone
1008 366 1187 400 perscriptum
1210 368 1343 401 agnoscit,
1370 369 1597 402 quemadmodum
1616 371 1690 399 Pro—

908 410 1010 441 verbia,
1039 410 1219 438 Ecclesiasten
1247 417 1273 438 et
1300 412 1410 440 Cantica
1438 415 1617 442 canticorum.
1643 417 1690 445 Ait

906 455 988 481 etiam
1012 455 1194 488 Salomonem,
1211 457 1326 484 dicendo
1347 458 1487 486 Canticum
1507 462 1688 495 canticorum.

907 500 1059 534 signiﬁcare
1082 501 1200 529 voluisse
1224 510 1252 529 se
1276 503 1313 533 id.
1340 505 1412 538 quod
1434 507 1624 535 continebatur
1647 514 1690 536 ter

907 546 980 573 mille
1002 546 1064 574 odis
1086 555 1132 574 seu
1145 548 1270 579 canticis,
1295 549 1346 575 hoc
1364 558 1417 576 uno
1437 554 1687 586 comprehemlissc.

907 591 962 620 llac
974 600 1082 627 quoque
1096 593 1238 620 occasione
1251 595 1315 621 dum
1335 595 1362 622 S.
1377 595 1536 632 Hippolytus
1551 600 1688 633 explicare

906 638 1069 672 aggreditur,
1086 639 1157 673 quod
1180 638 1319 674 Scriptura
1343 642 1424 668 refert
1446 643 1479 670 de
1494 645 1592 671 selertu
1617 646 1687 673 scri-

906 688 1013 717 ptorum
1023 685 1144 712 omnium
1157 685 1310 714 Salomonis
1321 688 1355 714 ab
1369 689 1464 716 amicis
1480 689 1600 717 Elet'lllll‘.
1616 692 1689 726 regis

906 729 985 760 facto.
1005 735 1118 757 testatur
1135 731 1196 759 illos
1221 733 1357 767 sapientes
1378 735 1450 761 viros
1465 743 1495 761 ca
1520 736 1652 763 duntaxat
1671 745 1687 765 e

905 775 1012 810 Scriptis
1029 776 1182 804 Salomonis
1197 778 1335 813 selegisse,
1351 787 1410 813 qua:
1431 781 1462 806 ad
1479 781 1686 809 aediﬁcationem

906 820 1032 848 Ecclesia:
1045 823 1185 850 servirent.
1201 823 1298 851 Libros
1323 833 1386 852 vero
1400 824 1552 853 Salomonis
1565 826 1686 855 Parabo-

72 866 139 892 tioni
163 867 273 901 longius
295 869 431 895 accersitae
452 870 566 897 duarum
591 872 758 907 syllabarum
773 881 848 901 voca-

923 874 993 892 irum
1011 871 1038 894 et
1050 868 1235 900 Canticorum,
1250 869 1276 894 in
1290 870 1389 903 quibus
1405 871 1550 905 scripserat
1562 871 1595 897 de
1612 873 1688 905 Ilitu-

71 911 200 939 bulorum
236 912 315 940 lOYC
341 918 367 941 et
391 914 468 942 NIAC
501 915 528 942 in
566 917 655 944 tabula
690 918 792 952 Gneca,
823 920 856 946 il.-

72 958 124 984 lius
159 959 288 992 opinione
311 965 383 988 stare
407 969 460 988 non
483 970 636 996 possumus.
663 963 730 991 Cum
752 970 779 992 et
799 965 856 1000 ipse

72 1003 195 1038 Scaliger
212 1005 280 1032 bene
297 1008 436 1042 agnoverit
447 1008 589 1036 lectionem
605 1017 681 1037 suam
701 1011 853 1045 μετανοίας,

71 1051 244 1084 ρωιιὶιεηιίτιν,
270 1052 414 1080 admodum
440 1060 558 1082 coactam
579 1063 649 1089 esse,
676 1057 750 1084 nullo
775 1058 855 1085 modo

73 1101 162 1122 autem
179 1097 338 1132 vulgarem;
352 1099 414 1127 hinc
430 1100 511 1127 etiam
526 1101 664 1129 insimulat
678 1104 853 1137 sculptorem,

72 1147 97 1168 et
112 1143 146 1169 de
161 1144 312 1171 commisso
326 1153 417 1173 errore
432 1147 531 1181 arguit,
546 1148 655 1182 quando
672 1149 763 1183 posuit
776 1148 853 1176 NIAC

71 1195 120 1222 pro
133 1188 249 1216 NOIAC.
266 1190 377 1218 Accedit
393 1193 464 1226 quod
481 1193 554 1220 nulla
567 1195 678 1222 omnino
697 1195 767 1223 adsit
785 1197 855 1223 veri-

72 1234 236 1269 similitudo,
254 1237 482 1270 quemadmodum
507 1239 642 1274 sapienter
665 1241 855 1270 animadvertit

72 1279 104 1306 cl.
128 1281 153 1307 le
175 1280 303 1317 lloynius
319 1283 374 1318 (51)
391 1284 474 1318 quod,
489 1292 550 1311 cum
565 1286 654 1313 tabula
677 1286 769 1314 Greca
787 1288 854 1316 satis

72 1328 216 1361 perspicue
238 1325 308 1355 linea
333 1330 410 1357 tertia
434 1331 461 1357 in
482 1330 604 1359 Psalmos
627 1333 758 1368 designet,
783 1334 853 1362 linea

73 1372 158 1406 prima
172 1373 247 1400 aliud
263 1381 331 1409 opus
344 1375 372 1402 in
389 1375 511 1404 Psalmos
531 1378 624 1405 eadem
639 1379 729 1406 tabula
744 1380 850 1408 indicet.

72 1417 137 1444 Nam
165 1424 261 1453 postea
285 1420 392 1448 additur
417 1423 510 1456 (verba
529 1428 592 1451 sunt
618 1425 653 1452 cl.
683 1425 706 1452 le
731 1425 851 1462 Moynii),

72 1465 143 1498 quod
171 1465 202 1492 ε.
221 1465 379 1502 Hippolytus
404 1469 542 1504 scripserit
571 1470 598 1497 in
623 1470 761 1506 Psalmos;
779 1473 852 1507 quod

72 1511 137 1537 satis
153 1511 255 1543 innuit,
271 1511 350 1540 IOYC
363 1513 442 1541 ΝΙΑο
458 1522 510 1542 non
533 1523 593 1543 esse
611 1517 739 1551 reliquias
756 1525 851 1545 vocum

71 1554 194 1590 ψαλμοὺς
212 1557 365 1591 μετανοίας.
384 1558 468 1586 Secus
493 1559 545 1592 bis,
562 1560 589 1587 in
613 1561 687 1589 brevi
712 1562 851 1597 laterculo,

71 1601 265 1629 observaretur
289 1602 462 1639 Hippolytum
486 1606 628 1640 scripsisse
658 1607 685 1634 in
712 1607 852 1643 Psalmos;

73 1647 159 1681 primo
174 1648 204 1674 in
225 1647 350 1676 Psalmos
375 1650 584 1684 pmnitentiales.
603 1652 698 1680 deinde
714 1654 740 1680 in
758 1662 853 1683 omnes

72 1690 211 1725 Psalmos;
228 1694 302 1727 quod
322 1701 337 1720 a
355 1695 430 1722 nullo
445 1699 577 1728 veterum,
594 1698 640 1732 qui
656 1697 689 1725 de
709 1697 852 1735 Hippolyto

73 1739 237 1766 mentionem
252 1739 383 1773 fecerunt,
402 1741 452 1768 fuit
464 1750 583 1777 unquam
600 1744 784 1774 observatum.
800 1746 851 1774 Sed

73 1785 142 1818 quod
168 1785 283 1813 omnino
308 1787 402 1814 evertit
428 1788 611 1822 conjecturam
637 1789 776 1827 Scaligeri,
799 1797 850 1824 est,

73 1829 141 1862 quod
156 1833 279 1864 tempore
298 1830 326 1858 S.
344 1830 477 1868 Hippolyti
491 1834 564 1861 nulla
579 1836 668 1863 adhuc
683 1841 741 1864 erat
752 1838 852 1865 mentio

74 1872 243 1902 Psalmorum
264 1876 489 1909 pceniteutialium
512 1879 578 1914 (52).
593 1880 668 1909 Adeo
685 1887 714 1909 ut
735 1890 788 1909 non
805 1891 852 1917 po-

74 1919 152 1946 tuerit
169 1920 335 1954 peculiarem
353 1929 450 1957 parare
473 1925 698 1953 commentarium
724 1926 751 1953 in
777 1927 852 1959 Psal-

74 1971 129 1991 mos
144 1965 213 1992 istos
228 1966 390 2000 peculiares,
411 1968 458 2002 qui
477 1969 557 1997 hodie
581 1971 780 2005 pcenitentiales
802 1981 851 2000 vo-

73 2015 176 2044 cantur,
193 2016 221 2039 et
237 2013 308 2047 apud
325 2018 429 2042 veteres
443 2015 517 2043 nulla
539 2024 651 2050 prorsus
667 2017 781 2053 ψαλμῶν
801 2019 852 2053 τῆς

74 2058 214 2091 μετανοίας
230 2060 371 2086 memoria.
389 2059 451 2088 Hac
465 2061 499 2088 cl.
513 2062 537 2088 le
551 2061 657 2098 Moyne.

116 2103 129 2138 ᾗ
145 2103 189 2130 Vl.
205 2103 416 2132 Commentarios
433 2105 462 2134 S.
479 2106 615 2143 Hippolyti
630 2110 657 2136 in
683 2109 803 2137 Cantica.

104 2148 241 2177 Eusebius
258 2154 285 2177 et
296 2150 476 2187 Hieronymus
488 2154 557 2181 inter
572 2162 653 2189 opera
668 2155 696 2182 S.
716 2155 849 2192 Hippolyti

906 916 995 939 tarum
1010 913 1043 939 'et
1063 913 1152 940 omnis
1176 915 1283 948 generis
1304 916 1462 943 animalium
1481 923 1578 944 natura
1601 923 1687 945 terre-

906 957 1012 986 strium.
1022 957 1182 988 volatilium,
1190 958 1351 990 natatilium,
1360 964 1386 985 ct
1395 959 1427 986 de
1437 961 1538 987 morbis
1545 961 1686 994 sanandis,

905 1002 1034 1030 Ezechias
1050 1004 1177 1037 abolevit,
1192 1012 1239 1031 seu
1256 1005 1362 1038 penitus
1379 1006 1537 1039 suppressit,
1554 1007 1624 1040 quod
1636 1014 1686 1041 po—

906 1048 985 1082 pulus
1007 1050 1107 1076 crudus
1131 1054 1158 1076 et
1179 1057 1274 1084 parum
1298 1049 1446 1078 instructus
1472 1051 1569 1078 exinde
1596 1057 1687 1086 petere

904 1099 994 1128 posset
1013 1095 1130 1122 medelas
1154 1096 1321 1127 morborum,
1348 1104 1495 1130 eorumque
1515 1097 1685 1124 sanationem

905 1147 919 1164 a
935 1138 988 1166 Deo
1002 1145 1091 1174 petere
1106 1141 1261 1176 neglige-ret.
1286 1141 1385 1168 Eadem
1404 1143 1524 1169 referunt
1543 1142 1640 1170 Suidas
1656 1144 1687 1170 in

911 1184 1040 1220 Ἐζεκίας,
1060 1185 1200 1221 Syncellus
1217 1192 1243 1214 et
1267 1187 1312 1214 alii
1327 1187 1510 1214 verisimiliter
1532 1195 1564 1215 ex
1589 1195 1685 1216 sancto

905 1236 997 1258 nostro
1008 1230 1151 1267 Hippolyto
1164 1233 1334 1267 deprompta.

906 1287 919 1323 §
938 1287 993 1315 Vll.
1009 1288 1195 1316 Commentarii
1212 1289 1240 1317 S.
1267 1289 1403 1325 Hippolyti
1424 1291 1450 1317 in
1464 1290 1614 1323 Proverbia,
1632 1291 1686 1318 Ec-

1216 1325 1363 1352 clesiasten.

938 1379 1021 1407 Divus
1046 1379 1225 1415 Hieronymus
1251 1388 1387 1409 asseverat
1407 1390 1516 1416 quoque
1537 1390 1565 1409 se
1583 1382 1685 1410 vidisse

904 1424 1126 1453 Commentarium
1145 1428 1231 1454 sancti
1254 1428 1339 1454 nostri
1354 1428 1381 1453 in
1401 1428 1543 1454 Proverbia
1561 1427 1685 1455 Salomo-

903 1471 946 1498 nis
963 1471 1029 1504 (58).
1044 1471 1115 1498 Idem
1135 1472 1277 1500 confirmat
1290 1473 1371 1499 etiam
1392 1472 1490 1500 Suidas
1509 1474 1575 1509 (59).
1589 1474 1683 1500 Alber-

904 1521 947 1543 tus
961 1516 1102 1544 Fabricius
1112 1525 1145 1545 ex
1157 1518 1258 1546 Catena
1270 1518 1425 1546 Graecorum
1437 1519 1548 1546 Patrum
1561 1520 1686 1554 quinque

903 1562 962 1589 loca
982 1562 1077 1590 Latina
1091 1563 1171 1598 hujus
1180 1564 1374 1591 Commentarii
1392 1565 1502 1592 editioni
1518 1565 1635 1600 Operum
1650 1567 1680 1594 ι).

903 1607 1038 1644 hippolyti
1063 1609 1185 1640 inseruit,
1211 1609 1437 1644 quemadmodum
1463 1615 1490 1637 et
1511 1611 1544 1638 cl.
1569 1611 1681 1638 Gallan—

902 1651 964 1679 dius
979 1652 1045 1688 (60).
1065 1652 1095 1679 1n
1111 1653 1153 1681 his
1167 1654 1311 1688 exponitur
1325 1654 1419 1683 titulus
1435 1655 1496 1682 libri
1518 1656 1682 1684 Proverbio-

902 1704 975 1730 rum,
987 1701 1011 1725 et
1025 1698 1183 1726 undecimus
1191 1707 1239 1726 seu
1253 1699 1429 1728 duodecimus
1441 1708 1536 1729 versus
1546 1702 1642 1736 capitis
1661 1710 1679 1728 ι.

901 1743 1034 1771 Praeterea
1055 1749 1148 1771 uolatu
1169 1745 1258 1773 adhuc
1278 1745 1385 1780 dignius
1399 1746 1579 1781 fragmentum
1598 1748 1681 1783 hujus

896 1790 1089 1817 Commentarii
1101 1790 1170 1817 idem
1185 1791 1220 1818 cl.
1232 1792 1318 1819 editor
1325 1793 1451 1821 Albertus
1466 1793 1607 1822 Fabricius
1618 1795 1681 1822 sub-

899 1835 974 1870 jecrt,
985 1837 1056 1870 quod
1071 1836 1162 1864 Graece
1174 1838 1315 1873 descripsit
1327 1846 1342 1866 e
1354 1839 1447 1866 codice
1457 1839 1619 1868 Taurinensi
1634 1841 1679 1873 82,

901 1886 1027 1916 excerpta
1052 1882 1125 1908 varia
1153 1887 1274 1910 veterum
1298 1885 1461 1919 scriptorum
1486 1885 1703 1919 complectente.

904 1925 934 1953 V.
952 1927 982 1954 C.
1002 1927 1143 1955 lilatthteus
1165 1927 1286 1957 Pfallius.
1311 1929 1339 1957 lu
1357 1931 1409 1957 hoc
1426 1935 1535 1958 sanctus
1552 1930 1679 1967 Hippoly-

902 1976 946 2000 tus
964 1974 1060 2008 capitis
1081 1982 1107 2001 Ix
1124 1974 1332 2003 Proverbiorum
1355 1977 1412 2003 haec
1429 1977 1509 2003 verba
1528 1985 1625 2005 versus
1642 1978 1655 2004 l
1672 1987 1677 2004 :

901 2018 1037 2053 Sapientia
1049 2020 1191 2055 aediﬁcavit
1204 2021 1254 2048 sibi
1266 2022 1383 2056 domum,
1397 2023 1503 2058 egregie
1517 2023 1642 2052 illustrat.

935 2064 1058 2092 Meminit
1072 2065 1253 2102 Hieronymus
1261 2072 1287 2095 et
1303 2076 1335 2095 ex
1350 2077 1382 2096 eo
1395 2068 1530 2098 Honorius
1541 2067 1679 2098 Coritmen-

903 2111 964 2137 tarii
983 2112 1011 2137 in
1028 2111 1211 2147 Ecclesiasten,
1226 2114 1304 2148 cujus
1319 2114 1466 2150 fragmenta
1479 2117 1504 2143 in
1517 2117 1679 2145 bibliotheca

901 2155 1044 2184 Bodleiana
1061 2158 1189 2186 dicuntur
1207 2161 1336 2188 exsistere
1350 2161 1376 2188 in
1397 2161 1565 2190 Ecclesiastae
1581 2171 1610 2195 ll,
1631 2163 1678 2196 24,

73 2194 158 2222 adhuc
185 2199 329 2222 recensent
355 2196 412 2232 (55)
439 2197 661 2226 Commentarium
685 2201 713 2227 in
727 2201 848 2236 _Cantica
865 2208 887 2234 ι)
901 2203 1127 2236 quemadmodum
1149 2209 1176 2233 et
1193 2206 1257 2233 illud
1274 2205 1483 2235 Proverbiorum
1496 2216 1524 2235 rx
1541 2217 1548 2235 :
1565 2194 1678 2242 Sapien;

73 2241 244 2274 canticorum,
268 2249 349 2276 quem
368 2242 555 2273 Theodoretus
580 2246 636 2282 (54)
652 2247 732 2274 etiam
754 2248 851 2283 allegat

73 2285 98 2312 in
111 2285 222 2322 dialogo
242 2288 289 2321 qui
311 2287 448 2316 Eranistes
465 2290 631 2318 inscribitur.
650 2292 698 2320 Hic
714 2301 852 2321 commcn-

74 2333 155 2361 tarius
179 2333 281 2360 saeculo
296 2342 334 2361 vn
356 2335 512 2363 adhucdum
529 2337 694 2372 habebatur;
716 2339 849 2374 siquidem

73 2378 231 2406 Anastasius
245 2378 349 2407 Sinaita
363 2380 420 2416 (55)
433 2381 511 2409 illum
525 2383 635 2418 legerat.
649 2383 721 2412 ldem
735 2384 850 2413 Anasta-

107 2480 159 2523 (51))
174 2481 350 2523 Scalig.,__l_ib.
363 2491 400 2523 vn
414 2483 452 2511 De
462 2485 724 2523 emendat._tempor.,
738 2491 765 2515 et
779 2490 849 2523 apud

74 2513 265 2556 Fa’tiuric._int_er
281 2513 416 2556 Hippolyt.
434 2527 497 2554 opp.
511 2524 578 2548 tom.
594 2519 615 2552 Ι,
633 2513 693 2556 pag.
710 2513 848 2551 7'9ﬁetr8‘i):

176 2551 215 2591 lie
228 2551 341 2591 Moyne,’
353 2551 514 2591 vagam,
531 2560 596 2582 tom.
613 2551 644 2588 ll,
665 2551 795 2591 [333.970.

106 2586 159 2626 (Βῆ)
183 2586 337 2626 Possidius
352 2588 380 2626 in_
407 2588 464 2615 Vita
491 2589 520 2617 S.
541 2586 777 2626 Augustinifcap.
803 2593 847 2626 5i,

75 2621 230 2659 mentionem
244 2622 311 2659 facit
319 2621 489 2650 Psalmorum
501 2621 738 2659 ptenitentialinm,
751 2621 777 2654 et
790 2621 848 2654 lor;

75 2660 138 2693 [asse
151 2657 202 2684 hoc
218 2658 340 2693 primum
355 2662 382 2684 et
398 2657 616 2693 antiquissimum
631 2657 788 2689 eorumdem
800 2671 846 2690 ve-

75 2690 173 2749 :tigium
186 2690 238 2725 esi,
254 2691 332 2727 quod
343 2700 410 2719 sane
425 2690 494 2721 ultra
508 2695 636 2722 saeculum
651 2703 667 2722 v
684 2704 736 2723 non
754 2705 848 2724 ascen-

91 2729 115 2751 it.

91 2733 115 2750 ll.

103 2760 155 2801 (55)
170 2761 217 2793 Et;
231 2762 264 2801 τὸ
279 2760 371 2801 cio-pa.
383 2761 496 2801 Eusebi,
513 2763 548 2790 H.
564 2763 596 2791 E.
606 2764 654 2792 lib.
669 2772 705 2797 vr,
721 2773 780 2800 cap.
797 2766 847 2801 2‘2;

73 2792 96 2821 S.
110 2792 217 2824 llreron.
237 2798 265 2824 in
283 2792 410 2830 Cdtalog.
426 2804 452 2830 p.
469 2792 511 2825 6i.

98 2831 150 2868 (54)
165 2831 336 2860 Theodoret.
351 2831 448 2867 dialog.
463 2833 490 2869 2,
508 2834 580 2862 hunc
597 2835 695 2862 librum
711 2834 846 2872 Hippolyti

903 2248 940 2273 tia
954 2248 1096 2282 adi/icavit
1109 2250 1159 2276 sibi
1173 2250 1289 2278 domum.
1307 2251 1405 2279 Fertur
1419 2253 1501 2279 ctiam
1520 2252 1586 2289 (61),
1604 2254 1677 2288 quod

902 2291 928 2318 in
946 2292 1107 2322 bibliotheca
1129 2295 1331 2324 Vindobonensi
1350 2298 1537 2332 augustissimi
1561 2299 1678 2333 impera-

902 2338 969 2366 toris
991 2344 1145 2367 asservetur
1169 2349 1236 2368 msc.
1265 2343 1448 2377 complectens
1478 2343 1508 2370 S.
1539 2343 1676 2380 Hippolyti

901 2386 1112 2414 commentarios
1123 2386 1151 2413 in
1168 2387 1252 2415 libros
1267 2387 1430 2416 Salomonis.

901 2489 941 2530 ita
948 2490 1036 2530 sitat:
1052 2491 1099 2522 Εἰς
1115 2491 1168 2530 τῆξ
1175 2491 1248 2530 ,ᾠδὴν
1262 2493 1311 2528 τὴν
1326 2494 1455 2530 μεγάλην,
1469 2503 1528 2530 pag.
1541 2496 1586 2522 88.

1006 2525 1264 2565 :A‘nastas_.:Sinaiia,
1280 2525 1374 2562 Quaest.
1391 2525 1435 2562 Μ’,
1449 2525 1517 2565 pag:
1525 2531 1586 2557 554.

934 2559 989 2594 (56)
1006 2560 1076 2586 Idem
1092 2561 1155 2588 ibid.

934 2595 1134 2634 lE-iflplt‘abric”
1159 2596 1252 2634 tom.l
1275 2597 1342 2632 Opp.
1364 2606 1424 2633 pag.
1445 2599 1512 2631 270;
1532 2599 1674 2634 Galland.,

898 2628 1095 2668 Burni/{Lee
1113 2637 1177 2659 tom.
1193 2628 1306 2668 ll,Apag.-
1317 2628 1380 2660 189'.

934 2665 991 2703 (ξβ)
1006 2665 1162 2703 Hieronym.
1182 2667 1208 2693 in
1223 2665 1356 2702 Cturilog.,
1372 2676 1430 2703 cap.
1445 2668 1488 2695 Gl.

934 2700 990 2736 (59)
1010 2700 1142 2736 §uidas'l,
1157 2710 1217 2736 pag.
1235 2703 1295 2730 144.

935 2734 989 2769 (60)
1008 2734 1100 2767 Fabr.,
1117 2734 1181 2763 tom.
1192 2734 1209 2762 ἰ
1222 2737 1290 2773 Opp.
1306 2737 1424 2774 Hippol.,
1439 2746 1499 2776 pag.
1523 2739 1593 2773 282;
1613 2738 1674 2767 Gal-

899 2768 972 2796 land.
986 2770 1003 2796 Ι.
1020 2778 1044 2797 c.
1061 2778 1119 2798 mla.
1137 2771 1197 2798 488.
1655 2796 1661 2798 .

910 2777 972 2796 anu.
986 2777 1003 2796 Ι.
1020 2778 1044 2797 (τ.
1061 2778 1119 2800 pag.
1137 2777 1197 2798 ιιὸδ.
1655 2796 1661 2800 .

935 2778 972 2796 tu.
986 2778 1003 2796 ι.
1020 2778 1044 2797 (τ.
1060 2778 1119 2805 pag.
1137 2778 1197 2798 ιιδδ.

935 2805 990 2839 (tit)
1007 2805 1111 2839 Canis.,
1131 2806 1160 2834 Β.
1181 2806 1214 2834 Τ.
1231 2815 1251 2842 1,
1267 2815 1327 2844 pag.
1344 2809 1372 2837 9.
