1861 3052
183 99 235 126 59.5

229 157 243 193 ς
260 156 326 185 VIH.
346 157 533 186 Commentarii
548 157 574 184 in
591 157 690 184 Isaiam
705 163 729 185 et
748 158 918 186 Ezecltielem.

217 203 245 230 In
263 204 360 231 Isaiam
385 205 527 238 scripsisse
543 204 701 240 Hippolytus
724 210 826 241 martyr
847 207 962 234 traditur

180 250 214 276 ab
231 249 395 285 Hieronymo
416 250 470 285 (62)
494 255 520 276 et
542 249 694 284 Nicephorc
709 251 776 286 (63),
794 256 821 278 ut
839 252 962 279 Graicum

179 293 337 331 Hieronymi
352 295 524 329 interpretem
542 301 568 323 et
583 297 758 328 recentiores,
775 297 821 331 qui
841 297 900 331 ejus
919 307 960 324 cu~

181 342 298 376 (alogum
324 342 496 373 esset-ibunt,
524 341 647 374 Latinos,
669 342 830 375 Honorium,
851 343 962 371 Frccul-

179 388 246 420 tum,
263 388 385 422 aliosque
403 388 527 421 juniores
540 388 675 415 omittam.
691 387 728 414 Ex
751 389 802 416 hoc
818 389 844 416 in
863 389 960 417 lsaiam

177 434 233 460 sive
244 434 270 459 in
286 433 384 460 selecta
399 433 474 461 Isaiae
497 435 555 461 loca
577 435 774 462 commentario
801 435 960 470 deprompta

175 487 236 506 eSSe
251 484 327 514 puto,
343 480 431 515 inquit
447 481 481 507 cl.
497 479 641 508 Fabricius
656 481 722 515 (64),
740 489 800 516 qua:
815 482 848 509 de
868 483 960 517 gradi~

174 526 226 554 bus
243 526 269 553 in
289 527 428 561 horologio
443 526 542 554 Hiskim
556 527 623 562 (65'),
640 528 697 554 sive
714 527 836 555 Ezechiae
851 536 882 555 ex
896 528 960 563 Hip-

173 573 265 608 polyto
280 573 364 600 refert
377 573 490 600 Michael
505 573 602 608 Glycas
616 581 676 608 pag.
698 574 748 600 194
761 574 915 602 Annalium.
931 576 958 602 lu

173 620 267 646 codice
293 627 360 646 mss.
388 619 481 647 Grtcco
507 619 557 646 I93
587 619 758 647 bibliotheca:
786 621 959 648 (Ioislinianze

175 667 246 699 (qua:
263 665 327 692 olim
343 665 539 700 Seguieriaua),
550 670 616 693 teste
631 666 739 693 ctariss.
757 666 964 699 lllontlauconio,

172 719 199 746 p.
221 711 285 744 945,
309 717 397 738 exstat
414 711 562 747 Hippolyti,
587 713 632 747 qui
656 712 704 742 ibi.
727 718 756 739 ut
775 713 895 741 solemne
917 719 957 741 est

172 757 274 785 Graecis
294 758 483 792 scriptoribus,
504 759 650 793 episcopus
677 758 770 786 Roma:
789 760 954 794 appellatur,

172 805 353 838 fragmentum
369 804 401 830 de
416 803 540 836 Ezechiu,
562 805 635 839 quod
654 805 749 840 incipit
768 814 774 831 :
792 806 851 831 Ἔτι
870 815 956 840 μακα-

670 100 712 127 DE
732 100 813 127 V'ITA
831 100 876 127 ET
893 99 1048 127 SCRIPTIS
1068 101 1097 127 S.
1117 99 1310 128 HIPPOLYTI.

983 165 1004 191 Α
1021 161 1101 197 polyti
1123 162 1159 188 De
1179 163 1341 190 dimensione
1358 163 1446 198 templi
1469 162 1618 191 Salomonis
1637 169 1798 191 commenta-

1753 103 1798 130 3‘.“

1015 206 1084 232 rium
1111 206 1183 241 (69),
1208 208 1337 235 eumdem’
1356 208 1496 242 hucusque
1511 209 1537 234 in
1554 207 1691 242 publicam
1713 208 1797 235 lucem

1013 251 1135 278 emittere
1153 253 1330 288 neglexerint.
1350 253 1499 288 Sigillatius
1522 253 1682 289 Hippolytus
1710 254 1738 281 in
1753 262 1797 281 ex-

1013 298 1140 330 ponendo
1165 297 1274 325 Dauicle
1301 299 1442 326 laboravit.
1470 299 1499 326 S.
1533 299 1717 336 Hieronymus
1744 300 1797 335 (70)

1013 341 1071 374 ejus
1087 341 1311 370 Commentarinm
1334 344 1360 370 in
1384 344 1519 371 Danielcm
1536 346 1686 380 generatim
1708 350 1795 375 notat.

1013 386 1125 415 Photius
1145 389 1192 423 qtti
1210 390 1334 417 eumdem
1353 392 1577 418 commentarium
1603 392 1722 426 legerat,
1741 393 1795 420 sin~

1012 433 1075 468 gula
1091 434 1151 468 ejus
1176 435 1265 470 capita
1288 437 1416 470 expendit
1443 442 1525 471 atque
1550 438 1614 464 dicit
1630 438 1707 473 (7!):
1737 437 1795 465 Etsi

1011 478 1261 513 interpretationem
1279 481 1398 509 Danielis
1411 482 1438 509 S.
1461 482 1619 518 Hippolytus
1639 486 1673 510 ad
1691 485 1794 511 uerbum

1010 532 1061 551 non
1086 525 1207 560 explicet,
1223 528 1378 554 sententiam
1404 533 1499 560 tamen,
1517 535 1544 566 ut
1571 531 1608 556 ita
1626 531 1726 562 dicant,
1744 539 1794 558 non

1009 572 1197 605 praetercurrit.
1225 573 1310 599 Multa
1338 583 1426 608 porro,
1452 575 1539 610 pergit
1562 575 1688 609 Photius,
1716 578 1793 604 veteri

1010 625 1090 650 more,
1106 626 1156 644 non
1170 621 1205 652 [ut
1219 624 1308 653 postea
1322 620 1393 654 [uere
1408 622 1557 647 accuratius
1569 629 1690 653 excussa,
1705 631 1794 657 perse—

1008 664 1107 698 quitur.
1126 664 1282 700 Quanquam
1295 674 1384 698 eorum
1395 667 1467 700 posci
1482 667 1609 693 rationem
1624 676 1729 702 wquum
1743 677 1794 695 non

1007 716 1054 736 est.
1073 709 1164 745 Neque
1186 712 1255 738 enim
1272 712 1313 746 fas
1329 715 1360 738 ab
1376 713 1418 744 iis,
1434 713 1479 747 qui
1503 713 1674 746 fundamenta
1689 715 1727 741 rei
1741 715 1792 741 ali-

1006 756 1081 790 cujus
1098 756 1290 784 consideranda
1310 759 1453 792 posuerint,
1472 760 1598 786 rationem
1616 765 1731 794 repetere
1746 769 1791 787 eo-

1007 809 1076 834 runt,
1088 811 1146 837 qua:
1159 804 1320 837 prarteriere,
1336 806 1380 831 sed
1396 805 1482 839 favere
1501 807 1587 840 potius
1603 808 1711 834 conatui
1723 808 1791 842 ipsi,

173 850 309 886 ρισοέντος
336 851 484 886 (mendose
506 859 636 877 excusum
656 859 705 886 pro
727 851 937 886 μαλακισθέντος

1020 849 1263 884 ‘uantulumcunque
1278 851 1304 877 in
1312 859 1398 877 rerum
1407 852 1665 886 contemplandarum
1673 862 1793 888 compre-

170 896 217 923 τοῦ
240 896 368 932 Ἐζεκίου,
384 902 527 931 wgrotante
550 897 673 929 Ezechia,
691 903 773 933 atque
789 898 887 925 Contra
910 900 954 934 [u-

172 948 237 969 tunt.
253 942 380 970 Albcrlns
400 942 540 970 Fabricius
556 948 628 970 tomo
642 943 663 970 ll
680 943 797 978 Operum
812 944 838 971 S.
856 944 955 979 Hippo-

170 988 215 1023 lyti
233 988 284 1015 hoc
300 987 394 1016 Griece
410 996 441 1015 ac
462 988 556 1015 Latine
574 990 685 1016 inseruit
703 998 763 1025 pag.
781 990 825 1020 8|,
846 995 872 1017 et
888 991 935 1017 Gal

169 1034 277 1061 landius
302 1038 376 1061 tonto
401 1034 422 1061 ll
445 1034 616 1062 Bibliotheca:
634 1035 704 1068 PP.,
724 1045 785 1071 pag.
799 1036 861 1064 489.
880 1037 951 1064 hient

169 1089 282 1115 prorsus
294 1085 336 1108 est
349 1089 410 1108 cum
425 1089 468 1114 eo,
493 1082 564 1116 quod
579 1090 593 1109 a
609 1082 691 1116 Glyca
715 1082 840 1110 refertur.
856 1083 953 1118 Agitur

169 1131 259 1153 autem
277 1127 327 1154 hoc
341 1127 367 1153 in
382 1128 580 1154 commentario
597 1128 630 1155 de
653 1128 814 1155 miraculosa
832 1128 952 1157 Eusebia:

169 1172 239 1206 regis
248 1172 399 1203 sanatione,
411 1177 438 1199 et
447 1173 479 1199 de
491 1174 720 1208 retrogradationc
727 1175 792 1201 solis
802 1175 827 1201 iu
842 1175 951 1201 horolo-

168 1217 213 1250 gio
229 1219 320 1244 Acbaz
334 1218 417 1244 relata
431 1218 479 1245 abs
497 1218 565 1245 Isaia
582 1220 670 1252 capite
688 1227 800 1252 xxxvnt,
815 1228 839 1246 v.
857 1220 883 1247 5.
901 1219 952 1247 Vo-

168 1267 212 1289 cat
227 1262 321 1290 Isaiam
337 1265 492 1298 prophetam
509 1265 645 1300 angelum,
658 1266 736 1292 docet
754 1267 826 1300 quod
842 1274 894 1293 non
906 1275 951 1293 so-

168 1309 222 1336 lum
242 1310 294 1342 sol,
320 1310 367 1337 sed
384 1311 447 1337 luna
463 1310 545 1337 etiam
567 1312 764 1343 retrocesseril,
792 1312 818 1338 in
842 1313 949 1347 signum

167 1357 298 1390 proxima:
321 1357 393 1391 regis
418 1357 584 1389 saltationis;
613 1361 694 1391 atque
718 1357 791 1392 quod
814 1358 871 1385 dies
898 1359 949 1385 ista

167 1402 248 1429 fuerit
265 1403 392 1429 horarum
411 1402 453 1429 52.
475 1393 621 1436 Subjungit
643 1402 742 1434 adhuc,
769 1405 840 1437 quod
862 1402 950 1429 Maro-

166 1449 269 1475 dacbus
284 1448 428 1476 Chaldaeus
443 1448 650 1483 Babyloniorum
670 1456 726 1478 rex.
742 1449 788 1483 qui
807 1449 950 1480 astrologi-

166 1503 224 1522 cam
249 1500 332 1522 artem
358 1495 460 1529 optime
483 1495 598 1522 callebat
623 1499 814 1529 astrorumque
837 1503 946 1522 cursum
963 1513 983 1541 Ο

165 1546 291 1568 accurate
311 1541 513 1573 dimetiebatur,
531 1541 583 1568 ltoc
603 1541 726 1575 prodigio
752 1541 868 1574 primunt
887 1548 949 1575 pcr-

165 1588 266 1619 culsus,
276 1594 358 1613 causa
373 1587 545 1620 postmodum
561 1587 679 1621 cognita,
688 1586 828 1620 epistolam
841 1591 868 1613 ct
879 1587 948 1613 dona

165 1633 197 1659 ad
218 1632 359 1659 Ezechiam
377 1632 491 1659 miserit.
511 1632 602 1658 Sancti
620 1631 800 1667 llippolytiex
824 1640 948 1659 sermone

166 1677 192 1702 in
210 1677 350 1703 exordium
367 1676 442 1702 Isaia:
454 1676 577 1710 quaedam
592 1675 777 1703 Theodorelus
787 1677 868 1704 etiam
885 1677 949 1704 alle-

165 1727 210 1756 gat
224 1722 290 1756 (66).
311 1721 459 1755 Scripsisse
481 1721 640 1756 Hippolytus
658 1722 685 1748 in
704 1720 847 1748 Jeremiam
864 1731 878 1749 a
899 1730 947 1749 ne-

166 1769 238 1794 mine
253 1772 385 1799 velerum,
399 1767 470 1801 quod
486 1768 581 1801 sciam,
594 1767 719 1795 traditur.
735 1767 803 1795 Nam
817 1776 876 1802 quae
887 1769 947 1802 ejus

164 1813 320 1840 referuntur
334 1813 360 1840 in
372 1813 472 1840 Catena
483 1813 593 1840 Patrum
605 1813 761 1841 Grzncorum
778 1814 810 1841 ad
824 1813 947 1841 Jeremitn

164 1867 224 1894 cap.
250 1867 317 1891 xvu,
338 1860 379 1892 Il,
397 1859 479 1894 petita
497 1865 561 1886 sunt
576 1867 609 1887 cx
625 1860 696 1887 libro
713 1859 945 1894 De‘Anticltristo,

163 1913 223 1939 cap.

199 1950 333 1976 Eusebius
349 1949 469 1984 loquitur
479 1950 512 1977 de
523 1949 718 1977 Commentario
731 1951 758 1978 5.
771 1950 904 1987 Hippolyti
919 1952 947 1978 in

163 1996 310 2023 Ezechielis
327 1996 381 2031 (67)
397 1996 520 2031 quaadam
537 1997 636 2031 capita.
653 1996 786 2032 Georgius
805 1997 946 2033 Syncellus

163 2039 384 2069 refert'eamdem
402 2050 470 2073 rem,
488 2042 534 2068 sed
550 2042 675 2069 dissimili
692 2043 889 2077 aliquantulum
903 2051 946 2070 ra-

164 2090 247 2116 tione.
265 2088 334 2115 Dicit
351 2089 423 2115 enim
440 2087 614 2123 Hippolytum
630 2093 842 2116 commentatum
861 2088 945 2117 fuisse

162 2136 189 2162 in
206 2136 290 2162 inulta
306 2135 497 2169 prophetarum
520 2134 590 2166 loca,
609 2135 656 2161 sed
676 2134 813 2169 sigillatim
836 2134 862 2161 in
879 2134 946 2162 Eze-

1005 894 1127 921 hensione
1140 898 1322 929 processerint.
1341 897 1410 925 Vitio
1425 903 1513 925 tamen
1527 899 1614 926 eidem
1630 901 1791 927 vertendum

1005 944 1090 972 putat,
1105 942 1176 975 quod
1196 941 1276 968 linem
1297 944 1390 970 mundi
1406 944 1588 972 determinare
1608 953 1693 972 ausus
1708 945 1793 974 fuerit

1004 984 1055 1012 hoc
1078 985 1103 1012 in
1119 991 1247 1013 tractatu.
1264 986 1439 1022 Persequitur
1454 990 1526 1016 enim
1551 989 1664 1017 Photius
1680 1000 1687 1017 :
1712 992 1792 1017 Anti-

1003 1031 1096 1057 christi
1111 1040 1169 1058 vero
1190 1032 1341 1064 adventum,
1365 1034 1406 1060 cui
1421 1035 1501 1061 etiam
1517 1035 1685 1069 uspectabilis
1709 1036 1791 1070 hujus

1003 1076 1095 1102 mundi
1109 1079 1299 1104 consummatio
1307 1079 1440 1114 jungitur,
1459 1089 1517 1107 cum
1532 1089 1563 1108 ne
1580 1082 1721 1116 discipulis
1731 1083 1792 1117 qui-

1002 1123 1060 1149 dem
1077 1125 1241 1158 rogantibus,
1259 1126 1464 1160 manifestaverit
1482 1127 1615 1161 Salvator,
1632 1129 1664 1155 ab
1687 1128 1792 1164 Hippo-

1002 1167 1056 1202 lyto
1073 1169 1165 1196 deinde
1180 1171 1214 1196 ad
1231 1172 1384 1205 quingentos
1397 1181 1412 1198 a
1429 1172 1532 1200 Christo
1545 1182 1628 1200 annos
1641 1175 1743 1201 adduci
1759 1180 1791 1201 at:

1002 1215 1193 1247 circumscribi,
1209 1218 1286 1250 quasi
1300 1226 1315 1243 a
1332 1218 1417 1252 prima
1431 1219 1523 1245 mundi
1542 1220 1728 1247 cunstitulione
1743 1229 1791 1248 sca:

1001 1261 1118 1287 millibus
1133 1270 1262 1288 annorum
1278 1268 1333 1290 tum
1348 1265 1459 1297 exactis,
1473 1266 1529 1298 ejus
1544 1266 1684 1293 dissolutio
1702 1267 1791 1293 insta-

1002 1311 1050 1336 ret,
1068 1306 1115 1332 ltoc
1132 1307 1269 1335 calidioris
1284 1309 1400 1343 quidem,
1416 1318 1494 1344 quam
1510 1311 1626 1342 decebat,
1641 1313 1726 1338 animi
1737 1317 1789 1344 est,

1001 1355 1077 1385 atque
1094 1354 1251 1379 asseveratio
1266 1354 1320 1380 ha'c
1335 1354 1476 1382 humanam
1499 1357 1675 1391 ignorantiam
1696 1358 1790 1392 potius

999 1405 1079 1431 quam
1091 1398 1219 1425 caelestem
1232 1400 1432 1434 inspirationem
1447 1403 1543 1436 arguit.

1036 1442 1106 1470 Idem
1126 1443 1238 1472 Photius
1262 1451 1375 1473 testatur
1397 1447 1470 1480 alibi,
1494 1448 1566 1482 quod
1591 1452 1790 1478 commentarii

1001 1487 1162 1516 Theodoreti
1178 1490 1204 1516 in
1217 1490 1354 1518 Danieletn
1370 1492 1432 1520 licet
1448 1493 1541 1521 multis
1550 1496 1713 1523 antecellunt
1725 1498 1790 1531 qui-

999 1534 1061 1560 dem
1080 1533 1215 1571 llippolyti
1231 1538 1437 1571 expositionem,
1450 1543 1477 1565 ct
1491 1539 1516 1565 in
1533 1539 1658 1574 pluribus
1671 1542 1789 1570 discon-

1001 1580 1120 1611 veniant,
1136 1581 1162 1607 in
1176 1581 1336 1615 quibusdam
1352 1588 1441 1609 tamen
1459 1584 1617 1619 conspirant
1629 1585 1698 1620 (7‘2).
1715 1586 1790 1614 San-

999 1630 1059 1652 ctus
1076 1625 1256 1662 Hieronymus
1269 1628 1295 1654 in
1310 1628 1447 1656 Danielcm
1462 1631 1593 1663 scribens,
1607 1631 1690 1659 refert
1703 1641 1790 1662 sensa

1000 1669 1028 1697 S.
1041 1670 1175 1707 Hippolyti
1190 1672 1224 1699 de
1239 1674 1407 1709 septuaginta
1423 1675 1638 1704 hebdomadibus
1651 1677 1789 1712 Danielis,

998 1716 1046 1744 sed
1060 1725 1090 1743 ea
1107 1718 1244 1752 reprobat,
1261 1723 1352 1753 utpote
1373 1728 1434 1748 cum
1459 1723 1634 1757 chronologia
1652 1729 1679 1750 et
1695 1725 1789 1753 histo-

998 1763 1038 1790 ria
1060 1763 1204 1791 Persarum
1228 1772 1259 1791 ac
1283 1764 1502 1794 Macedoniorum
1526 1768 1785 1797 irreconciliabilia.

997 1808 1037 1835 En
1053 1809 1126 1837 illius
1142 1811 1222 1837 verba
1241 1811 1297 1846 (75)
1311 1820 1318 1838 :
1332 1811 1490 1846 Hippolytus
1504 1813 1535 1839 de
1549 1816 1719 1849 septuaginta
1731 1817 1788 1842 cis-

997 1855 1054 1881 dent
1068 1855 1274 1883 hebdomadibus
1293 1858 1415 1892 opinatus
1436 1863 1474 1884 est
1490 1859 1538 1886 ita.
1554 1858 1657 1894 Septem
1682 1861 1787 1889 hebdo-

997 1903 1086 1929 madas
1101 1908 1160 1930 ante
1188 1903 1299 1930 reditum
1323 1905 1411 1938 populi
1436 1911 1571 1940 supputat,
1595 1912 1620 1933 et
1640 1910 1787 1944 sexaginta

996 1948 1062 1974 duas
1085 1953 1142 1982 post
1166 1949 1289 1981 reditum,
1316 1958 1394 1984 usque
1414 1951 1448 1977 ad
1471 1952 1635 1979 nativitatem
1656 1952 1786 1982 Christi:

995 2002 1106 2028 quorum
1123 1999 1239 2028 tempora
1255 1995 1359 2022 onmiuo
1370 2005 1421 2023 non
1432 2004 1588 2032 congruunt,
1600 2000 1735 2033 siquidem
1744 2009 1787 2028 νεα

996 2041 1040 2076 gni
1053 2040 1194 2068 Persarum
1209 2041 1316 2069 ducenti
1329 2047 1354 2069 et
1373 2043 1481 2078 triginta
1498 2050 1676 2079 supputuntur
1699 2050 1786 2081 anni,

995 2090 1019 2111 et
1033 2085 1205 2113 Macedonum
1221 2088 1339 2120 trecenti,
1359 2093 1384 2114 ct
1397 2094 1454 2123 post
1469 2090 1528 2117 illos
1541 2099 1620 2125 usque
1635 2092 1671 2118 ad
1682 2095 1788 2122 nativi-

996 2136 1076 2159 tatem
1094 2132 1200 2159 Domini
1218 2134 1281 2160 anni
1298 2136 1423 2169 triginta;
1440 2135 1488 2162 hoc
1503 2142 1552 2168 est,
1569 2137 1600 2163 ab
1616 2138 1694 2164 initio
1716 2139 1786 2175 Cyri

161 2181 273 2209 cluelem
293 2188 323 2207 ac
341 2180 476 2206 Danielem
493 2179 559 2214 (68).
584 2179 681 2206 Mirum
708 2179 781 2214 quod
799 2180 825 2206 in
842 2180 943 2207 Catena
960 2181 981 2208 D
996 2180 1062 2213 regis
1078 2179 1221 2206 Persarum
1239 2188 1319 2214 usque
1336 2181 1370 2207 ad
1390 2182 1528 2208 aduentum
1551 2183 1700 2212 Saluatoris
1717 2188 1786 2214 anni

161 2226 316 2254 Grazcorum
334 2225 445 2253 Patrum
470 2227 497 2252 in
513 2225 692 2258 Ezechielem,
706 2234 738 2253 ex
751 2234 804 2260 qtta
818 2231 943 2260 excerpta

160 2273 235 2300 dedit
248 2272 446 2306 Villalpandus,
459 2272 531 2298 nulla
544 2271 680 2307 Hippolyti
695 2277 820 2298 occurrat
830 2273 941 2299 mentio.

162 2318 214 2345 Sed
228 2319 314 2353 magis
333 2318 421 2345 adhuc
438 2318 602 2351 mirandum,
618 2319 690 2352 quod
708 2318 758 2344 viri
775 2318 884 2349 eruditi,
897 2319 942 2352 qui

160 2369 268 2391 exstare
285 2364 378 2391 dicunt
395 2365 421 2390 in
438 2364 601 2391 bibliotheca
614 2364 760 2392 Bodleiana
775 2365 862 2392 sancti
876 2364 942 2399 Hip-

208 2440 252 2476 σε)
269 2439 425 2476 Hieronym.
441 2440 467 2476 in
483 2439 604 2476 Calalog.
620 2447 680 2474 cap.
696 2440 740 2467 61.

207 2474 252 2507 65)
267 2474 423 2510 Nicephor.,
441 2474 475 2501 ll.
536 2475 582 2502 lib.
599 2483 635 2507 Iv,
652 2484 677 2502 c.
694 2476 738 2503 51.

197 2509 251 2546 (64)
269 2509 387 2546 Fabric"
407 2516 471 2536 lout.
487 2509 496 2535 l
511 2510 577 2544 Opp.
592 2509 711 2545 Hippol.,
728 2518 788 2546 pag.
805 2511 868 2538 27L

198 2546 252 2580 (65}
267 2545 318 2572 lsa.
336 2553 450 2572 xxxvut.

197 2581 253 2614 (66)
279 2580 475 2612 Theodoretus,
492 2580 556 2616 dial.
571 2579 596 2613 1,
611 2588 672 2616 pag.
685 2581 728 2612 56,
740 2581 767 2607 in
779 2581 914 2616 ἀτρέπτῳ.

198 2616 253 2650 (67)
272 2616 318 2647 Εἰς
336 2616 405 2650 μέρη
427 2614 633 2651 τοῦηἸεζεκιήλ,
649 2614 687 2642 ‘in
708 2616 797 2651 capita
810 2614 939 2650 i'quzetlam

163 2650 320 2686 Ezechielis.
337 2651 448 2686 Euseb"
475 2650 509 2676 ll.
534 2651 568 2678 Ε.
586 2651 633 2678 hb.
649 2659 687 2683 v1,
779 2651 823 2678 ‘26.
848 2651 893 2678 Sic
914 2655 940 2677 et

161 2684 330 2718 Nirephorus
348 2685 384 2711 ll.
399 2685 432 2711 E.
447 2685 493 2712 lib.
509 2694 544 2718 Iv,
559 2693 619 2720 cap.
634 2686 677 2714 51.

196 2721 252 2757 (βὸ)
269 2720 316 2757 Ei;
335 2720 420 2757 πολλὰ
432 2729 462 2757 τε
478 2721 531 2748 τῶν
547 2721 702 2757 προφητῶν,
722 2721 836 2757 μάλιστα
860 2720 939 2752 Ἰεζε-

161 2756 234 2791 κιὴλ,
251 2755 298 2782 καὶ
312 2755 410 2792 Δανιὴλ
423 2755 478 2782 τῶν
495 2755 636 2792 μεγάλωνζ
647 2767 656 2782 ι
679 2757 706 2783 in
721 2755 806 2792 multa
824 2757 939 2792 prophe-

162 2796 249 2817 larum
267 2790 411 2825 majorum,
431 2790 580 2818 Ezechielis
597 2792 714 2819 maxime
735 2796 762 2818 et
780 2790 909 2818 Daniehs.
926 2800 935 2816 ι

162 2825 289 2861 bynccll.,
306 2834 367 2862 pag.
381 2826 433 2854 558
448 2826 632 2862 Chronograph

996 2225 1129 2259 quingenti
1150 2225 1298 2260 sexaginta.
1326 2225 1504 2253 Norissintam
1521 2236 1619 2263 quoque
1635 2230 1787 2258 hebdoma-

994 2271 1053 2298 dent
1069 2271 1142 2305 ponit
1155 2279 1180 2297 tn
1194 2273 1416 2298 consummatione
1428 2273 1531 2306 mundi,
1544 2282 1622 2309 quam
1635 2275 1733 2304 dividit
1754 2279 1786 2304 in

996 2316 1062 2344 Elia:
1076 2321 1195 2350 tempora
1208 2322 1232 2343 et
1245 2318 1413 2351 Antichristi,
1427 2323 1455 2345 ut
1469 2319 1552 2346 tribus
1564 2325 1587 2346 et
1600 2322 1680 2358 semis
1699 2325 1784 2351 oloris

994 2363 1093 2390 ultima:
1105 2362 1272 2389 hebdomadis
1282 2362 1328 2389 Dei
1341 2363 1435 2390 notitia
1448 2365 1625 2399 conﬁrmetur,
1635 2367 1666 2394 de
1674 2376 1728 2401 qua
1742 2369 1787 2396 di-

1029 2440 1208 2481 (tntttrFabric.
1222 2440 1290 2474 Opp.
1352 2439 1486 2481 Hippolyt.
1508 2446 1573 2469 tom.
1591 2443 1612 2476 l,
1627 2452 1688 2479 pag.
1705 2446 1783 2481 2H;

992 2481 1017 2503 et
1033 2475 1104 2502 Bibl.
1122 2475 1206 2502 Grc-1c.
1224 2474 1339 2510 tomtV,
1357 2474 1416 2510 pag.
1433 2474 1495 2504 210.

1028 2511 1082 2545 (70)
1099 2509 1267 2546 liteI'OIIym.,
1282 2508 1403 2545 Catulog:
1420 2519 1479 2546 cap.
1495 2513 1538 2540 (il.

1027 2546 1082 2579 (il)
1103 2545 1191 2576 l’hot.,
1210 2545 1268 2572 cod.
1288 2552 1349 2571 ccu.

1027 2581 1082 2620 (731)
1102 2593 1114 2620 ς.
1129 2580 1212 2620 liceta-
1224 2584 1266 2607 est
1277 2579 1438 2620 Theodoreti
1452 2583 1573 2620 episcopi
1589 2583 1652 2620 Cyri
1666 2587 1784 2620 exposi-

992 2617 1029 2642 tio
1050 2615 1178 2642 Danielis.
1203 2615 1297 2656 Longe
1318 2615 1416 2656 doctus
1431 2615 1477 2644 hie
1489 2618 1530 2644 vir
1543 2615 1781 2656 ⁸ᾖοιιᾟίριξὸιγιο

992 2658 1083 2683 mono,
1099 2658 1192 2689 verum
1213 2655 1240 2677 et
1252 2650 1314 2689 aliis
1326 2652 1429 2689 _multis
1447 2654 1582 2680 antecellit
1597 2650 1781 2689 prophetico-

992 2686 1387 2726 rumﬂvcrborumelocutione
1401 2691 1429 2726 et
1443 2686 1667 2726 explanatione;
1691 2691 1782 2726 igitur

991 2721 1018 2746 in
1033 2721 1169 2755 aliquibus
1184 2720 1292 2755 quidem
1309 2721 1353 2747 ille
1376 2722 1403 2748 in
1420 2720 1569 2750 hac—divini
1584 2720 1780 2753 Damehsvex-

990 2754 1126 2793 positione
1151 2763 1213 2793 cunt
1244 2754 1388 2793 Hippolyto
1414 2762 1533 2793 martyre
1561 2761 1701 2793 convenit,
1726 2763 1780 2789 sed

991 2791 1078 2825 plura,
1092 2791 1119 2817 in
1137 2791 1237 2825 quibus
1249 2791 1385 2818 dissentit.
1403 2801 1413 2818 ι
1430 2791 1553 2825 Pbotius,
1569 2795 1630 2822 cod.
1645 2791 1722 2823 coiit.

1027 2826 1083 2861 (75)
1098 2825 1254 2861 Hieronym.
1269 2826 1296 2852 in
1311 2833 1368 2861 cap.
1387 2835 1414 2855 ix
1432 2829 1558 2856 Dauielis.
