1861 3052
51 99 90 127 335
506 100 549 128 DE
569 100 649 128 VITA
671 102 714 129 ΕΤ
736 102 890 130 SCRH’TIS
911 104 938 131 S.
963 105 1152 133 IHPPOLYTL

1585 113 1637 141 325

48 163 101 183 ctum
112 161 145 183 est
158 156 232 191 (Dan.
252 165 292 190 Ix,
311 158 357 193 27)
379 167 385 185 :
414 159 593 187 Conlirmabit
608 167 716 196 pactum
733 163 802 189 tnul-
817 171 837 197 Α
853 164 995 198 cujusdam
1013 167 1144 199 auctoris,
1160 167 1206 201 qui
1221 166 1255 193 dc.
1270 171 1391 201 tempore
1406 169 1570 202 captivitatis
1583 172 1636 198 Ba-

47 204 72 229 tis
83 203 227 230 hebdomade
240 211 295 230 una
307 213 314 237 ;
327 210 351 231 et
362 205 444 231 tribus
454 205 514 233 aliis
521 208 598 233 antiis
606 207 653 233 sub
662 209 799 235 Antio/iri-

48 251 77 272 sto
89 246 180 280 deﬁciat
193 247 279 274 hostia
294 253 318 274 et
342 250 520 284 sacri/icium;
544 252 695 279 adveniente
710 259 799 280 autent

47 291 154 318 C/m'stoet
164 292 279 326 iniquum
293 294 389 327 spiritu
403 296 455 321 aris
468 297 510 323 sui
525 298 707 333 interﬁciente,
720 308 800 335 usque

45 338 70 362 ad
85 340 316 365 consummationem
334 346 358 367 et
369 341 447 375 ﬁnem
458 350 600 377 perseveret
612 346 751 375 desolatio.
766 348 799 376 Et

45 390 116 409 revera
125 383 221 410 videtur
230 383 258 410 S.
269 384 430 421 Hippolytus
447 395 586 417 coarctarc
599 395 715 426 tempus,
725 395 797 428 quod

43 435 53 453 ι
64 428 135 461 primo
149 436 217 456 anno
232 430 341 465 Cyri,et
355 441 369 459 a
383 434 470 461 reditu
488 443 520 462 ex
536 438 691 471 captivitate
711 448 798 474 usque

41 473 65 499 ad
80 472 235 503 Nativitatem
261 478 395 513 dilapsum
420 485 471 513 est,
490 487 516 509 et
545 483 624 510 tinem
650 472 798 519 prophetia:

40 520 152 547 aresidua
172 523 347 555 praedictione
371 526 453 554 nimis
471 528 623 564 sejungere.
650 529 796 559 Exorditur

39 565 93 591 cnim
111 568 325 600 supputationem
349 579 427 598 suam
450 574 622 608 septuaginta
649 575 795 604 hebdoma-

38 610 86 636 tlum
105 619 117 638 a
133 613 358 649 quinquagesimo
374 625 447 645 attito
469 624 532 646 ante
548 620 630 647 liuetn
652 622 794 656 captivita-

39 656 76 688 tis;
89 661 111 683 et
124 665 154 684 ex
168 659 201 686 iis
212 667 354 695 computat
368 665 507 699 sexaginta
519 665 587 692 duas
604 671 666 700 post
678 668 793 695 reditum

37 701 164 730 Jud-corum
180 705 207 731 in
233 707 350 741 patriam
367 716 455 742 suam,
474 718 559 745 usque
575 712 608 738 ad
628 713 793 740 nativitatem

35 746 84 774 Jesu
98 747 199 782 Christi,
219 756 303 786 atque
318 753 518 782 absolutionem
543 764 590 783 seu
612 758 792 792 expletionem

37 795 105 829 rejicit
124 797 278 825 immediate
309 804 372 827 ante
396 802 490 829 mundi
517 804 791 831 consummationem.

35 840 189 869 (Ecumenius
205 845 341 878 prowtnio
365 846 391 873 in
405 846 587 883 Apocalypsin
604 849 695 876 laudat
713 851 794 877 etiam

35 889 200 922 expositionem
213 890 353 927 Hippolyti
368 892 395 920 in
408 893 545 922 Daniclem
562 895 630 929 (74).
649 896 675 922 In
690 897 793 924 Catena

36 933 122 961 Patrum
150 935 306 965 Graecorum
332 939 358 965 in
381 938 506 968 Psalmos
527 946 553 968 et
577 942 682 969 cantica
709 951 794 970 sacrae

37 980 154 1014 Scriptum
175 982 231 1017 (75)
249 985 388 1019 reperitur
404 985 584 1020 fragmentum
604 987 632 1014 S.
655 987 791 1025 Hippolyti

35 1026 54 1050 in
65 1030 180 1054 canticum
197 1029 281 1056 trium
296 1037 444 1064 puerorum
458 1031 632 1060 Hebrazorum
646 1034 672 1061 in
685 1036 792 1063 camino

36 1070 95 1104 ignis,
109 1073 172 1107 quod
187 1075 327 1102 canticum
344 1077 486 1104 constituit
503 1084 608 1113 partem
625 1081 721 1114 capitis
737 1089 791 1108 xxx

36 1115 136 1145 Daniehs.
157 1119 191 1146 De
206 1121 306 1148 eodem
333 1123 422 1157 capite
442 1123 524 1151 refert
545 1124 710 1160 Eustratius,
730 1135 790 1161 pre-

35 1162 102 1197 sbyter
119 1163 434 1202 Constaiitinopolizanus
454 1170 546 1197 saeculi
563 1179 611 1203 VII,
633 1172 716 1199 breve
735 1172 790 1200 fra-

35 1210 204 1245 gmentum_(76)
216 1211 243 1238 in
254 1212 340 1239 alium
354 1213 443 1240 locum
458 1215 579 1250 ejusdem
597 1218 695 1244 cantici
706 1218 788 1246 trium

35 1262 158 1289 puerorum,
183 1259 321 1294 simulque
338 1264 461 1292 testatur,
488 1263 559 1297 quod
585 1263 650 1290 illud
669 1272 702 1291 ex
726 1273 789 1292 ora-

35 1301 87 1328 lione
100 1304 218 1338 secunda,
235 1313 288 1332 seu
305 1310 420 1333 tractatu
445 1307 474 1334 S.
490 1309 624 1344 tlippolyti
643 1310 669 1336 in
688 1309 786 1338 Danie-

34 1347 70 1374 lem
84 1349 277 1385 deprompserit.
294 1351 361 1379 Post.
375 1352 531 1381 Fabricium
557 1355 715 1383 Gallandius
731 1356 785 1392 (77)

33 1401 116 1428 quoque
128 1396 195 1423 aliud
210 1397 396 1432 fragmentum
415 1400 500 1427 nostri
515 1401 602 1428 sancti
618 1402 644 1428 in
660 1403 785 1430 eumdem

33 1441 160 1473 prophetam
177 1450 208 1470 ex
225 1443 376 1471 Anastasio
403 1444 505 1472 Sinaita
520 1445 576 1481 (78)
593 1446 711 1474 adducit.
737 1447 786 1475 Ve-

32 1493 76 1513 rum
88 1496 140 1515 cum
156 1489 223 1517 idem
239 1491 321 1519 locus
338 1492 366 1520 S.
382 1492 520 1530 Hippolyti
535 1495 631 1522 iisdem
650 1496 739 1524 verbis
757 1497 783 1523 in

32 1536 120 1560 tractatu
132 1543 179 1563 suo
193 1537 219 1564 in
238 1539 440 1566 Anticliristum
462 1542 584 1569 numeris
601 1542 636 1569 26
655 1547 681 1570 et
696 1543 730 1570 45
749 1543 786 1570 le-

33 1584 101 1613 gatur,
124 1583 213 1611 merito
235 1585 302 1612 hinc
317 1586 473 1621 ambigitur,
495 1595 528 1614 ex
552 1596 671 1623 quonam
687 1589 784 1617 horum

31 1632 115 1659 operum
127 1629 287 1658 Anastasius
304 1630 406 1659 Sinaita
422 1633 496 1660 illum
508 1633 713 1668 deprompscrit.

56 1670 122 1700 Paulo
136 1677 256 1709 superius
279 1677 313 1704 de
329 1677 427 1712 exiguo
454 1682 569 1705 tractatu
596 1678 625 1706 S.
647 1679 782 1716 Hippolyti

32 1717 50 1743 in
61 1718 182 1748 historiam
198 1721 345 1755 Susannte,
364 1724 409 1758 qui
426 1723 496 1751 forte
512 1732 574 1759 pars
592 1725 673 1753 fuerit
691 1727 781 1762 magni

31 1765 98 1796 operis
116 1774 159 1794 seu
173 1767 367 1796 Commentarii
384 1771 410 1796 in
427 1770 570 1802 Danielem,
591 1772 780 1800 disseruimus.

31 1807 65 1836 llic
77 1812 231 1841 solummodo
246 1815 376 1842 addimus
402 1816 498 1842 testari
515 1815 603 1844 Hebed
621 1817 684 1844 Jesu
704 1827 779 1845 num.

31 1854 54 1881 16
66 1856 169 1894 Catalogi
184 1860 251 1895 (79),
270 1862 343 1895 apud
356 1861 496 1890 Chaldaeos
511 1870 620 1898 quoque
637 1863 701 1891 ferri
715 1864 780 1900 Hip-

30 1902 89 1937 Myti
98 1907 288 1940 expositionem
304 1908 331 1934 in
344 1907 479 1935 Danielem
492 1909 624 1936 minorem
636 1913 662 1936 et
675 1909 779 1938 Susan-

30 1957 82 1977 nam.
96 1952 151 1980 Post
163 1954 290 1990 exiguum
307 1955 380 1982 hunc
393 1956 616 1983 commentarium
638 1957 664 1983 in
681 1957 780 1983 Biblio-

30 1995 83 2023 tlnca
99 1997 202 2026 Patrum
225 2001 353 2036 sequitur
369 2001 550 2036 fragmentum
574 2002 699 2030 Latinum
721 2003 778 2038 (80)

30 2042 113 2071 alterius
133 2046 273 2080 cujusdam
301 2046 438 2082 Hippolyti
455 2047 558 2082 Operis,
583 2048 662 2083 cujus
684 2049 778 2076 titulus

28 2092 71 2115 est;
87 2089 243 2118 Sanctissimi
258 2092 352 2119 Romte
370 2094 494 2128 episcopi.
518 2093 658 2122 Fabricius
672 2099 699 2122 et
715 2095 779 2122 Gal-

29 2134 109 2162 .andius
125 2136 212 2165 Grece
231 2146 264 2165 ac
289 2137 385 2165 Latine
410 2139 462 2166 hoc
482 2139 662 2174 fragmentum
686 2141 777 2168 edide-

28 2185 72 2207 Yunt
83 2181 140 2217 (81).
154 2182 200 2211 Est
214 2189 308 2212 autem
328 2184 378 2212 hoc
395 2185 535 2213 exordium
555 2194 603 2214 seu
618 2187 776 2221 praeludium
796 2187 816 2214 D

53 2269 93 2305 (76)
106 2271 247 2301 (Ecumen.
269 2274 297 2300 in
319 2272 446 2300 Biblioth.
467 2272 577 2300 Coislin.
600 2281 615 2300 a
633 2274 667 2300 cl.
689 2273 776 2301 Mont-

29 2302 124 2344 laiuonii)
135 2310 203 2336 edita
219 2317 282 2344 pag.
297 2308 360 2335 278.

52 2339 94 2376 (75)
105 2342 176 2371 Tom.
193 2339 227 2370 lli
248 2339 315 2371 e'dit.
339 2343 520 2374 Cor-derianaa,
543 2351 603 2378 pag.
620 2343 682 2375 951,
698 2345 732 2371 ad
748 2353 773 2372 v.

73 2365 100 2419 et
109 2365 315 2419 ἆιέἱὶὰξξὲῃὲἧᾟ
325 2365 690 2419 ιόιῖιζ“ιῖρῖ)ᾗῖς’ξῖ]ἳέρ“ῥῖ›ῑ.’,

27 2387 59 2423 ξι.
73 2387 95 2403 et
109 2387 172 2412 apud
188 2387 298 2406 raoric.
325 2387 389 2406 tom.
407 2387 415 2405 ι
429 2387 502 2440 upg.
518 2387 546 2405 δ.
572 2387 690 2414 iuppot.,
713 2388 773 2441 pag.

28 2409 446 2455 313431gpudiGallandqtonLIH
493 2413 540 2455 ὡς.
556 2413 624 2455 PI},
638 2423 698 2450 pag.
711 2415 773 2455 41)..

52 2444 95 2490 Hii)
112 2444 240 2490 ιιξιιςνιιίειιἸ
252 2444 365 2490 -ςθρζψ
392 2449 499 2490 advers.
520 2444 776 2490 Psychopanvnyclii—

27 2482 64 2519 με.
78 2481 108 2519 Et
126 2483 211 2512 Leone
228 2481 327 2512 Allatio
340 2484 374 2512 de
388 2485 530 2519 utriusque
551 2481 678 2512 Ecclesiae
695 2481 775 2512 Occi-

27 2514 115 2545 dentalis
135 2521 212 2554 attiue
227 2520 374 2547 Orientalis
389 2514 518 2555 perpetua
543 2519 570 2555 i_n
597 2521 722 2554 dogmate
742 2521 775 2555 de

27 2554 152 2591 pingunt-io
170 2553 363 2588 consensione,
382 2553 447 2591 pag.
464 2555 526 2582 492.
542 2553 660 2588 Fabric.,
674 2560 740 2582 tom.
754 2554 775 2581 ll

27 2586 196 2626 “Pt;l'iJJrol-.
211 2598 271 2626 pals-
292 2591 334 2617 ⁵2-

52 2597 76 2619 ιρ-
90 2597 115 2614 ni
134 2597 196 2624 pot.,
211 2598 271 2626 pag.
292 2597 334 2617 02.

52 2597 203 2661 (ῖειηὲινυνίε.
224 2625 294 2660 Opp.
317 2626 347 2653 S.
369 2625 476 2661 Hippol.
500 2630 567 2652 tom.
585 2623 605 2657 l,
626 2632 686 2660 pag.
705 2624 772 2657 272;

28 2653 121 2695 Callatia.
138 2660 156 2686 l.
169 2668 193 2687 c.
210 2653 276 2695 pag:
291 2661 354 2688 49οσ

51 2691 94 2731 (Ῐὲ)
106 2691 226 2731 έπειειλὲ.
235 2691 352 2731 Sinait.,
366 2701 462 2731 quaest.
475 2695 520 2729 48,
530 2703 591 2731 pag.
606 2695 668 2722 527.

50 2725 93 2770 <33)
107 2728 209 2770 {stipe
224 2725 352 2770 Hirtium;
369 2725 464 2770 ᾱνςεεη
481 2725 538 2759 voi.‘
552 2725 736 2770 le'a‘gLQOG.

50 2762 94 2801 «ἕῳ
107 2764 226 2801 B_iblioth.
245 2765 321 2792 Patr.
341 2766 476 2801 Lugdun..
491 2772 557 2793 tom.
574 2762 680 2792 XXVII.

36 2796 192 2837 ,φη-ηυγ.
219 2807 287 2828 tom.
314 2796 414 2837 tiopp.
436 2801 590 2837 Hippolyt.,
616 2808 678 2836 pag.
700 2800 772 2834 278;

28 2828 124 2861 Galland.
138 2835 154 2862 l.
166 2843 203 2869 c.,
217 2844 278 2872 pag.
294 2836 357 2873 116.

852 209 983 245 bylonictc
998 211 1122 246 promisit
1137 212 1256 239 scribere
1272 218 1354 248 atque
1373 215 1454 241 simul
1475 216 1500 242 in
1521 217 1637 251 prophe—

851 259 904 283 tam
916 257 1050 284 Daniclcm
1064 259 1253 286 commentari.
1263 261 1298 285 At
1309 268 1351 293 guc
1365 261 1420 287 lucc
1429 262 1522 288 omnia
1534 263 1637 296 optitne

850 308 1008 337 congruunt.
1026 303 1179 339 Hippolyto.
1207 304 1431 339 Sapientissimus
1452 308 1533 333 etiam
1552 307 1636 335 Tillc-

851 347 974 374 montius
988 348 1044 383 (82)
1052 348 1155 382 judicat
1165 350 1217 376 hoc
1228 350 1409 383 fragmentum
1423 353 1636 382 satisconiorme

844 400 908 421 "esse
930 402 1061 427 censurae,
1078 403 1159 429 quam
1185 395 1299 424 Photius
1315 397 1348 424 de
1366 400 1564 426 commentario
1586 409 1634 428 no-

849 440 897 466 stri
921 440 1008 467 sancti
1036 441 1062 467 in
1088 441 1226 468 Danielum
1255 444 1334 470 nobis
1360 446 1480 480 reliquit.
1500 446 1634 482 Dupinius

847 493 911 512 vero
927 487 1080 513 econtrario
1095 494 1188 515 censet
1205 497 1293 524 neque
1309 490 1360 518 hoc
1375 490 1567 526 fragmentum,
1585 501 1634 521 nc-

847 538 899 564 que
912 532 1108 566 expositionem
1125 536 1232 561 brevem
1251 535 1372 563 historia:
1383 537 1415 563 de
1428 537 1554 566 Susanna
1565 547 1633 566 eon-

847 576 937 602 venire
959 577 1030 603 aetati
1055 584 1081 605 et
1098 578 1251 606 cliaracteri
1269 580 1322 607 divi
1340 581 1473 617 Hippolyti
1495 583 1562 619 (85).
1582 585 1633 612 Ve-

847 627 906 645 rum
923 620 1077 656 quicunque
1093 623 1213 650 laborem
1232 625 1258 651 iu
1275 633 1303 652 se
1327 627 1383 652 vult
1404 628 1540 662 suscipere
1556 638 1631 656 com-

846 667 958 699 parandi
982 667 1036 694 hoc
1054 668 1179 696 ultitnutn
1203 671 1384 705 lragmentuin
1402 681 1464 700 cum
1481 674 1533 700 alio
1552 676 1633 709 paulo

846 712 960 746 longiori
978 721 1059 748 super
1075 714 1198 742 lsaacum
1216 722 1241 743 et
1259 716 1409 745 Rebeccatn
1425 728 1439 746 a
1454 719 1484 746 D.
1497 719 1630 757 Hierony-

846 765 889 783 mo
906 758 961 792 (84)
975 759 1070 791 relato,
1086 765 1159 787 coite
1174 763 1358 791 omnimodam
1377 770 1403 792 et
1414 766 1515 801 ingenii
1529 771 1556 794 et
1567 769 1629 803 styli

844 802 1027 836 deprehendet
1043 806 1278 835 conformitatem.

812 843 831 870 B
882 847 1062 876 Doctissimus
1076 850 1196 878 Joannes
1210 852 1382 883 Mabillonius
1406 856 1432 882 in
1453 851 1553 885 Itinere
1572 858 1632 886 Ita-

845 892 904 924 lico,
921 901 982 928 pag.
999 894 1042 926 91,
1061 894 1143 922 refert
1159 896 1184 922 in
1203 897 1365 925 bibliotheca
1385 900 1516 935 Chigiaua
1536 901 1631 931 Roma:

843 944 952 966 exstare
966 939 1088 966 Graecum
1103 941 1225 968 codicem
1239 943 1389 978 insignem,
1403 946 1437 972 ab
1453 947 1532 975 annis
1548 949 1632 975 mini-

843 991 918 1010 mum
942 985 1104 1020 octingentis
1127 987 1273 1020 scriptum,
1301 990 1485 1018 continentem
1511 998 1631 1027 quatuor

843 1031 986 1064 prophetas
1001 1031 1129 1065 majores,
1146 1033 1211 1060 item
1231 1033 1339 1061 brevem
1359 1039 1586 1065 commentarium
1601 1039 1629 1067 in

841 1076 978 1102 somnium
988 1076 1276 1111 Nabuchodoaosoris,
1284 1088 1298 1106 ξι
1308 1081 1336 1108 S.
1346 1080 1490 1117 Hippolyto
1511 1090 1629 1119 martyre

840 1126 867 1148 et
881 1123 1006 1157 episcopo
1033 1123 1127 1151 Romae
1148 1126 1340 1160 compOsitum,
1359 1128 1405 1162 qui
1431 1130 1492 1156 ideo
1512 1136 1627 1158 vocatur

841 1167 934 1195 Romae
947 1169 1100 1204 episcopus,
1114 1178 1146 1198 eo
1160 1172 1231 1206 quod
1244 1172 1337 1200 Ruina:
1348 1174 1492 1209 episcopus
1505 1177 1626 1207 gentium

839 1214 990 1246 ordinatus,
1008 1219 1035 1241 ct
1059 1221 1152 1250 postea
1176 1217 1319 1244 Purtuensi
1336 1218 1462 1247 Ecclesia:
1483 1223 1628 1255 pra‘l‘ectus

838 1258 930 1286 fuerit.
950 1259 978 1286 ln
996 1262 1046 1288 ltac
1058 1262 1239 1295 explicatione
1255 1265 1332 1298 plura
1348 1272 1504 1299 occurrunt,
1521 1276 1582 1302 qua:
1593 1270 1626 1296 de

837 1305 930 1331 eadem
948 1305 1050 1333 \‘iriOlle
1077 1307 1105 1334 in
1132 1312 1249 1335 tractatu
1271 1310 1299 1336 δ.
1326 1310 1462 1347 Hippolyti
1485 1313 1523 1340 De
1544 1315 1624 1340 Auti-

837 1351 935 1378 christo
958 1353 1102 1387 habentur,
1127 1363 1159 1382 ex
1176 1363 1230 1390 quo
1250 1363 1376 1393 excerpta
1399 1367 1459 1386 esse.
1481 1361 1625 1405 videntur;

836 1398 960 1431 quaedam
984 1403 1073 1426 tamen
1092 1402 1219 1435 specialia
1241 1409 1400 1436 occurrunt,
1417 1413 1477 1440 qum
1492 1407 1518 1434 iu
1539 1398 1623 1436 citato.

836 1446 952 1470 tractatu
963 1453 1014 1471 non
1028 1446 1163 1480 leguntur.
1176 1447 1368 1483 lnterpretatio
1380 1451 1436 1478 haec
1448 1460 1479 1478 ex
1489 1452 1624 1488 Cbigiano

835 1490 929 1517 codice
944 1489 1038 1518 Romae
1053 1500 1124 1519 anno
1146 1493 1226 1526 177'2,
1243 1498 1269 1521 et
1285 1496 1382 1523 deinde
1401 1497 1534 1533 Gottingae
1551 1507 1624 1527 anno

838 1535 917 1569 1774,
935 1538 1006 1564 edita
1023 1538 1073 1565 fuit
1088 1539 1180 1568 Graece
1199 1548 1231 1568 ac
1246 1541 1342 1570 Latine
1365 1552 1426 1571 cum
1448 1545 1557 1573 Daniele
1581 1555 1623 1574 se-

837 1586 951 1612 cundant
962 1586 1146 1622 Septuaginta.
1163 1588 1296 1625 Georgius
1313 1590 1454 1626 Syncellus
1466 1594 1563 1629 allegat
1578 1595 1621 1621 iu-

836 1640 920 1667 super
943 1634 1033 1660 locum
1060 1635 1205 1669 quemdam
1230 1635 1258 1663 S.
1285 1636 1421 1673 Hippolyti
1446 1639 1474 1665 in
1495 1641 1621 1668 eumdem

835 1679 994 1713 prophetam
1021 1680 1177 1714 Danielem,
1204 1691 1296 1710 verum
1325 1685 1533 1713 indeterminate
1560 1691 1621 1714 tan-

834 1729 891 1751 tum
907 1725 974 1760 (85).

869 1770 898 1797 S.
915 1770 1097 1807 Hieronymus
1117 1773 1206 1801 adhuc
1228 1776 1453 1802 commentarium
1472 1776 1498 1803 in
1516 1776 1621 1804 Zacha-

833 1817 900 1844 riam
928 1816 956 1844 S.
982 1817 1126 1854 H.pp0lyto
1142 1821 1254 1847 ascribit
1279 1821 1353 1855 (86);
1371 1823 1417 1849 sed
1444 1822 1511 1848 nihil
1530 1831 1563 1849 ex
1586 1831 1620 1850 eo

832 1863 911 1890 nobis
939 1866 1118 1891 conservavit.
1145 1865 1272 1893 Scriberis
1297 1871 1387 1894 autem
1409 1867 1503 1894 doctor
1529 1870 1616 1895 maxi-

831 1917 892 1937 mus
914 1910 941 1936 in
960 1910 1132 1942 Zachariam,
1149 1919 1234 1947 eaque
1251 1914 1396 1941 occasione
1411 1915 1444 1942 de
1471 1916 1523 1943 hoc
1541 1925 1619 1944 cont-

831 1956 964 1983 mentario
984 1961 1065 1991 atque
1082 1958 1142 1984 aliis
1156 1957 1287 1992 .Origenis
1307 1964 1334 1986 et
1359 1959 1463 1995 Didymi
1483 1961 1615 1996 loquens,

830 2001 955 2028 observat
971 2002 1021 2029 bos
1037 2009 1131 2030 omnes
1158 2004 1217 2037 plus
1235 2012 1323 2038 operae
1340 2005 1506 2040 impendisse
1522 2009 1615 2035 sensui

828 2047 975 2081 allegorice
986 2050 1118 2082 eruendo,
1133 2058 1215 2084 quam
1232 2051 1339 2077 litterali
1355 2059 1386 2079 ac
1402 2053 1532 2081 historico
1545 2055 1612 2091 (87).

829 2095 892 2122 Hinc
907 2095 1016 2122 fuerunt
1030 2103 1110 2130 opera
1128 2096 1157 2122 D.
1174 2095 1309 2132 Hippolyti
1322 2105 1371 2132 pro
1387 2098 1434 2125 illu
1442 2100 1553 2127 strando
1567 2100 1615 2128 Ve-

829 2143 879 2170 teri
895 2142 1069 2170 Testamento
1084 2144 1225 2171 adornata.

862 2302 917 2338 (85)
935 2302 1184 2337 Dupin.,Btblioth.
1212 2307 1327 2335 auctar.,
1348 2308 1413 2330 toni.
1437 2302 1463 2334 Ι.
1479 2312 1539 2338 pag.
1559 2305 1610 2331 177

827 2339 892 2366 ctlit.
908 2338 997 2364 Latin.
1013 2338 1108 2365 Colon.

862 2374 917 2409 (81-)
939 2373 1106 2409 llieronym.,
1129 2372 1215 2407 Epist.
1229 2374 1326 2405 critic.,
1343 2381 1404 2408 pag.
1420 2373 1471 2401 569
1485 2374 1608 2402 edit.Bc-

868 2407 955 2435 lictin.
972 2407 1059 2436 Paris.

827 2418 1184 2480 έθῒέὲἳῗῗάθιδῗὲῗἑγηεθιε.,
1200 2450 1261 2478 pag.
1273 2443 1341 2480 eis,
1362 2448 1388 2471 et
1411 2445 1482 2480 apud
1499 2443 1608 2474 Fabric.

825 2477 1056 2515 Op‘p.VVHtppo|yt.,
1072 2477 1136 2515 tom.
1155 2477 1174 2515 ly,
1190 2477 1250 2515 pag.
1270 2478 1332 2505 272.

861 2513 916 2554 (βξ)
932 2513 1132 2554 Ηιειυιιγιῃηίη
1148 2513 1279 2554 tintalog.,
1297 2521 1356 2554 cap.
1370 2513 1413 2540 61.
1425 2549 1450 2554 ,η
1487 2549 1493 2554 _
1539 2549 1545 2554 _

861 2548 916 2586 (87)
938 2560 947 2575 ‹
967 2548 1083 2586 Scripsit
1096 2549 1220 2586 in_liunc
1243 2549 1399 2586 prophetam
1422 2549 1605 2585 (Zachariam)

825 2583 956 2620 Origenes
969 2586 1023 2610 duo
1039 2583 1177 2620 volumina
1192 2591 1277 2618 usque
1293 2584 1325 2610 ad
1340 2585 1446 2620 tertiam
1458 2588 1560 2618 partem
1574 2583 1606 2611 li-

825 2618 896 2648 bri—tl
911 2619 1053 2658 principio.
1072 2618 1230 2654 Hippolytus
1244 2626 1353 2658 quoque
1366 2619 1450 2658 edidit
1467 2627 1606 2658 commen-

825 2654 920 2688 tarios,
942 2660 969 2682 et
986 2654 1116 2694 Didymus
1129 2661 1248 2688 qumque
1263 2654 1482 2694 expia-nationum
1495 2654 1602 2694 .lib’ros,

826 2700 869 2719 me
883 2696 1005 2726 rogante,
1020 2688 1141 2726 dictavit,
1156 2697 1225 2726 quo_s
1240 2697 1300 2726 cum
1319 2689 1379 2726 aliis
1394 2689 1482 2726 tribus
1495 2689 1521 2726 in
1535 2688 1604 2715 Osee

825 2732 852 2754 et
877 2724 943 2753 mihi
958 2724 1176 2764 προᾳεῳὼνηᾳεν.
1196 2724 1336 2764 _Sed_tota
1354 2724 1464 2764 illorunt
1475 2724 1605 2759 ἐξήγησις

826 2762 968 2797 allegorica
982 2760 1043 2800 fuit,
1060 2766 1087 2800 et
1107 2760 1227 2799 historiae
1246 2760 1295 2800 vix_
1311 2763 1397 2800 p_aut_:a
1420 2760 1573 2800 tetigerunt.
1584 2768 1600 2800 _n

825 2794 993 2831 llieionymu
1009 2797 1115 2822 Prtel'at.
1134 2796 1166 2831 in
1181 2802 1246 2822 suos
1263 2795 1296 2822 ad
1317 2794 1431 2822 Zacliar.
1454 2794 1600 2822 Comment.

825 2833 892 2860 etin
905 2829 1038 2866 catalog.,
1054 2838 1112 2865 cap.
1128 2829 1158 2857 61

862 2267 907 2303 (8‘2
935 2266 1090 2299 Tillcmont,
1107 2267 1258 2299 Mémoires,
1274 2272 1339 2295 tom.
1360 2267 1404 2299 lll,
1418 2275 1478 2303 pag.
1494 2268 1555 2296 108.

862 2268 1184 2364 (852‘DupinnBtblioth.
1212 2307 1327 2335 auctar.,
1348 2308 1413 2330 toni.
1437 2303 1457 2334 Ι,
1479 2312 1539 2338 pag.

863 2340 892 2364 it.
931 2339 997 2364 atin.
1013 2338 1108 2364 Colon.
