1861 3052
214 95 267 124 5‘27

252 157 265 191 ξ
286 156 331 183 IX.
353 155 542 184 Commentarii
563 155 592 183 S.
607 156 743 218 Hizpolyti
773 159 801 184 in
817 158 854 185 N.
868 159 911 191 T.,
925 167 964 186 sc.

412 191 442 218 S.
455 192 623 218 Matt/tarum.
661 200 748 218 utam.
758 199 810 218 etc.

412 191 442 220 S.
455 192 623 224 Matt/uvam,
637 191 748 223 Lucam.
758 199 810 220 etc.

251 249 388 283 Quantum
412 250 444 276 ad
465 249 564 284 scripta
586 249 645 284 ejus
668 250 694 276 in
717 249 821 277 Novum
840 250 999 278 Testamen-

216 302 285 327 tum,
304 296 434 322 Eusebius
449 303 482 322 ne
499 303 584 322 untttn
599 296 708 329 quidem
726 302 873 329 memorat;
891 302 1001 325 sanctus

215 350 279 369 vero
293 341 473 376 Hieronymus
486 342 519 368 de
535 342 593 368 solo
609 341 682 369 illius
695 342 721 368 in
733 342 909 376 Apocalypsin
921 343 999 370 Cont-

215 388 343 415 νηπίαν-10
361 387 524 414 mentionem
540 387 614 419 facit,
631 388 694 414 dum
710 387 736 414 in
752 392 868 415 tractatu
885 389 922 416 De
937 390 999 416 viris

214 430 363 458 illustribus
386 438 468 465 opera
499 431 529 458 S.
550 431 684 467 Hippolyti
713 436 836 459 recenset
851 433 918 468 (88).
946 433 999 460 Sed

213 477 361 504 verisimile
383 480 435 508 est,
458 476 529 511 quod
555 476 583 503 S.
602 477 781 512 Hieronymus
808 478 854 505 illo
880 484 1001 514 tempore

213 530 244 549 ea
264 522 292 549 S.
312 522 447 557 Hippolyti
472 522 572 556 scripta
598 523 624 549 in
651 522 679 549 S.
698 523 854 552 blattltzcum
879 526 999 552 nondum

215 568 322 599 viderit,
338 568 370 594 de
385 567 484 602 quibus
503 568 528 594 itt
549 576 629 602 opere
651 570 793 602 posteriori
808 570 864 604 (89)
881 572 1000 598 mentio-

215 621 276 640 nem
300 613 370 640 fecit.
386 613 571 640 Theodoretus
599 614 664 640 citat
690 615 771 641 etiam
798 620 928 644 tractatus
951 625 998 644 seu

215 666 355 686 scrutones
377 659 404 685 S.
417 659 549 695 Hippolyti
579 660 614 686 De
633 659 818 688 distributione
841 661 1000 689 talentorum

214 709 241 732 et
257 704 294 731 De
308 705 407 731 duobus
422 705 568 731 latronibus
584 705 649 739 (90).
664 705 732 732 llittc
746 707 892 734 verisimile
906 712 1000 742 putant

213 750 265 777 viri
279 751 350 777 docti
364 750 420 785 (91)
435 755 560 777 sanctum
577 756 699 778 nostrum
715 751 740 778 in
757 752 888 786 quasdam
904 753 998 780 saltem

215 800 305 830 partes
317 795 454 830 Evangelii
477 794 646 828 S.Mattha:i,
672 801 753 832 atque
780 799 839 826 sine
864 800 947 827 dttbio
972 801 998 827 in

215 842 337 875 quaedam
363 842 421 868 loca
443 841 580 875 Evangelii
611 842 639 870 S.
653 843 743 876 Luem,
769 844 866 879 inquo
888 846 1000 873 historia

215 888 249 914 de
265 888 371 914 duobus
386 888 537 915 latronibus
553 889 664 916 uberius
690 895 844 924 enarratur,
863 899 1001 920 commen-

215 933 299 960 tarios
321 941 459 961 exarasse.
486 933 646 969 Quanquam
673 940 764 962 autem
793 936 836 963 hic
856 938 1000 971 terminus,

214 978 320 1012 λόγους,
331 983 420 1012 posset
432 979 560 1006 denotare
574 980 643 1013 apttd
656 979 855 1009 Theodoretum
864 983 1001 1016 homilias,

215 1024 392 1051 nihilominus
408 1029 497 1051 tamen
517 1024 548 1051 D.
566 1024 748 1061 Hieronymus
775 1027 845 1055 inter
860 1036 1001 1057 commen-

216 1069 300 1096 tarios
326 1069 352 1095 in
375 1068 585 1103 S.Scripturam
613 1074 737 1097 recenset
761 1071 879 1106 aliquem
904 1067 1001 1100 horum

215 1114 301 1148 λόγων
317 1122 362 1141 seu
377 1122 534 1141 sermonum
557 1123 571 1142 a
587 1114 758 1143 Thendoreto
775 1117 921 1145 citatorum
935 1119 1001 1154 (92).

215 1161 244 1187 in
258 1162 358 1188 Catena
371 1160 479 1188 Patrum
492 1161 647 1190 Grmcoruzn
661 1170 743 1198 super
755 1163 856 1191 Lucam
871 1165 1003 1199 reperitur

215 1207 297 1234 etiam
311 1207 409 1242 aliquis
424 1206 453 1234 S.
466 1206 600 1243 Hippolyti
621 1209 698 1236 locus
712 1209 780 1243 (95).

217 1263 232 1299 5
251 1263 285 1291 X.
307 1264 496 1302 Commentarii
517 1264 544 1291 S.
562 1264 697 1299 Hippolyti
717 1266 743 1291 in
755 1265 868 1293 Joannis
882 1265 1004 1302 Euange-

452 1300 516 1325 lium
535 1305 559 1326 et
572 1301 759 1335 Apocalypsin.

250 1344 279 1371 ln
305 1345 395 1372 tabula
419 1344 512 1372 Graeca
541 1353 612 1380 saepe
631 1346 688 1381 jam
713 1346 821 1374 laudata
847 1354 908 1373 cttnt
924 1346 1003 1381 Cyclo

215 1390 335 1425 paschali
354 1391 453 1418 ell‘ossa
473 1392 615 1426 perspicue
637 1396 758 1425 ttotatur,
774 1393 846 1427 quod
862 1392 890 1420 S.
903 1392 1004 1428 Hippo-

216 1438 287 1473 lytus
306 1437 446 1472 scripserit
470 1438 496 1464 in
514 1437 688 1473 Evangeliutn
708 1439 857 1465 secundum
881 1438 1004 1466 S.Joan-

704 97 747 124 DE
767 97 847 125 VITA
867 98 911 125 ET
930 97 1086 125 SCRIPTIS
1105 97 1134 126 S.
1154 97 1346 125 HlPPOLYTl.
1776 100 1817 128 3‘23

1015 162 1039 189 Α
1053 166 1145 186 roseos
1157 159 1311 186 consultum
1328 158 1359 184 iri
1373 157 1609 190 existimaverunt,
1622 165 1704 192 quam
1718 161 1816 194 negando

1052 205 1257 237 auctoritatem,
1287 208 1315 230 et
1339 203 1497 238 Evangelii,
1526 207 1554 230 et
1578 203 1780 240 Apocalypseos,
1797 211 1818 233 et

1052 249 1235 284 Epistolarum
1272 249 1303 276 D.
1318 248 1442 276 Joannis.
1478 249 1554 281 Quod
1578 254 1653 276 tanta
1682 258 1740 277 eum
1761 251 1819 278 inve-

1050 295 1178 322 recundia
1203 295 1389 322 fecerunt‘isti
1414 294 1542 326 haeretici,
1562 299 1590 322 et
1604 301 1679 322 tanto
1695 304 1752 323 cum
1766 297 1819 323 divi:

1051 340 1144 367 uitatis
1154 341 1240 374 Λόγου
1252 341 1325 371 odio,
1341 345 1369 366 ut
1380 339 1573 374 quampluritui
1592 341 1660 367 inter
1675 341 1819 369 orthodoxns

1050 386 1215 418 exstiterint,
1238 386 1284 420 qni
1311 386 1443 412 vindicias
1469 386 1538 413 [arae
1564 386 1716 414 divinitatis
1737 387 1819 415 Christi

1051 432 1178 459 alacriter
1207 432 1378 466 paraverint,
1412 437 1438 458 et
1465 431 1661 467 Evangelium,
1693 433 1819 467 Epistolas,

1051 476 1230 512 Apocalypsin
1248 476 1345 504 Joanni
1370 478 1542 511 evangelista:
1565 480 1749 510 asserueriut,
1765 480 1822 506 inter

1051 531 1120 557 quos
1143 524 1318 551 eminuerunt
1345 523 1374 551 S.
1387 523 1512 552 Justinus
1535 530 1647 559 marlyr,
1667 524 1696 551 S.
1711 525 1820 557 irenteus,

1053 569 1220 604 Theophilus
1248 570 1443 601 Antiochenus,
1472 569 1597 596 Clemens
1628 570 1821 603 Alexandrinus,

1053 615 1081 642 S.
1095 615 1185 642 Melite
1207 615 1367 647 Sat-densis,
1392 620 1419 642 et
1444 616 1472 642 S.
1491 615 1661 652 Hippolytus.
1683 615 1743 644 Hatc
1761 618 1791 644 cl.
1805 618 1822 645 le

1051 661 1176 697 Moynius
1194 661 1262 695 (95),
1277 662 1322 695 qui
1339 661 1436 688 deinde
1456 662 1604 693 concludit.
1626 663 1699 697 quod
1723 664 1777 690 ideo
1791 665 1823 690 tli-

1051 712 1129 734 catur
1145 706 1189 734 ltic
1205 706 1255 742 (sc.
1268 706 1440 741 Hippolytus)
1456 707 1599 742 scripsisse
1619 708 1646 734 itt
1662 707 1822 742 Evangelium

1051 757 1078 779 et
1088 751 1279 788 Apocalypsin,
1297 757 1325 778 ut
1342 751 1393 777 ista
1410 759 1491 786 opera
1507 759 1567 779 esse
1582 751 1704 786 ejusdem
1719 753 1824 780 auctoris

1052 798 1227 833 persuaderet
1242 802 1268 824 et
1282 798 1465 825 conﬁrmaret.
1483 798 1583 825 Verum
1599 799 1754 834 quicunque
1769 807 1825 833 pue-

1054 843 1162 869 tendere
1176 843 1265 874 vellet,
1278 847 1308 869 ut
1322 843 1457 877 sapienter
1470 843 1596 870 observat
1608 843 1757 879 Basnagius
1769 844 1823 878 (96).

1053 889 1106 915 hoc
1135 896 1168 915 ex
1198 888 1301 915 motivo
1344 893 1468 916 sanctum
1502 888 1677 924 Hippolytum
1718 894 1825 917 nostrum

1052 942 1162 969 operam
1193 934 1359 969 impendisse
1383 935 1415 962 ad
1431 936 1602 963 scribendum
1623 944 1705 970 super
1722 937 1788 964 hunc
1801 937 1826 963 li-

1053 981 1144 1012 brttm,
1166 981 1189 1008 is
1211 989 1305 1008 revera
1328 982 1506 1009 divinaretur.
1527 983 1647 1018 Scaliger
1664 984 1827 1010 nihilominus

1052 1026 1158 1054 videtur
1183 1027 1265 1061 hujus
1301 1029 1441 1055 sententia:
1473 1028 1556 1056 fuisse
1580 1028 1651 1064 (97),
1684 1030 1748 1056 dum
1770 1030 1827 1057 scri—

1052 1073 1092 1100 bit
1121 1081 1190 1108 optts
1222 1074 1308 1101 sancti
1334 1073 1469 1110 Hippolyti
1500 1075 1527 1102 in
1556 1075 1737 1111 Apocalypsin
1774 1076 1828 1103 nihil

1053 1119 1126 1146 aliud
1147 1118 1232 1146 fuisse
1246 1127 1328 1153 quam
1346 1121 1498 1155 apologiam
1520 1128 1569 1155 pro
1588 1121 1661 1148 illius
1683 1122 1827 1149 auctoritate

1052 1164 1221 1192 defendenda
1246 1171 1344 1193 contra
1362 1166 1474 1200 A‘logos.
1500 1165 1592 1193 Hebed
1613 1166 1678 1193 Jesu
1696 1166 1752 1202 (98)
1776 1174 1829 1194 sane

1053 1213 1179 1242 testatur,
1197 1210 1427 1244 quemadmodum
1451 1210 1602 1244 Basnagius
1626 1211 1683 1245 (99)
1709 1216 1736 1237 et
1749 1210 1829 1237 Fabri-

1053 1256 1298 1291 cius(l)rel'eruut,
1308 1260 1379 1290 quod
1393 1256 1511 1283 Cltaldzei
1527 1256 1674 1284 ostendant
1686 1257 1828 1292 Apologia»:

1054 1301 1083 1328 S.
1097 1301 1230 1336 Hippolyti
1247 1310 1296 1336 pro
1310 1301 1473 1337 Apocalypsi
1490 1306 1517 1328 et
1531 1301 1677 1336 Evnugelio
1693 1304 1778 1329 sancti
1791 1301 1827 1328 Jo-

1054 1346 1142 1373 annis.
1170 1346 1222 1373 Sed
1239 1354 1310 1381 quze,
1327 1346 1441 1373 amabo!
1456 1346 1521 1373 lides
1538 1346 1661 1374 habenda
1687 1348 1830 1375 testimonio

1053 1392 1182 1419 tabbiui?
1219 1392 1247 1419 In
1272 1392 1436 1419 bibliotheca
1468 1392 1614 1420 Bodleiana
1653 1393 1726 1421 inter
1760 1393 1829 1420 libros

1053 1438 1300 1474 Huntingtonianos
1313 1443 1402 1466 exstat
1417 1439 1530 1466 Arabice
1544 1439 1697 1474 exploratio
1712 1440 1830 1474 Apocaly-

216 1492 276 1511 nem
298 1489 325 1511 et
348 1485 374 1511 in
386 1484 566 1519 Apocalypsin
583 1494 588 1510 :
609 1484 693 1520 ’Υπὲρ
711 1484 758 1511 τοῦ
784 1485 855 1511 κατὰ
877 1485 990 1520 Ἰωάννη

1060 1492 1134 1520 pseos
1154 1491 1187 1511 ex
1203 1484 1313 1516 Severo,
1330 1484 1474 1519 Hippolyto
1500 1490 1526 1511 et
1548 1485 1618 1517 aliis,
1644 1494 1730 1520 quant
1750 1486 1830 1512 Latine

215 1526 451 1565 Εὐαγγελίου-θίαὶ
470 1529 689 1564 Ἀποκαλύψεως.
714 1529 834 1564 ldipsutn
859 1532 1002 1558 conlirmat

217 1576 246 1604 S.
259 1575 440 1611 Hieronymus
456 1580 587 1610 quantum
605 1576 638 1602 ad
652 1575 833 1612 Apocalypsin
853 1577 920 1611 (94).
945 1577 1001 1604 No-

216 1629 273 1651 tum
293 1628 335 1651 est
354 1623 493 1655 omnibus,
510 1623 599 1657 qualis
616 1628 772 1657 quantaque
793 1623 826 1650 de
848 1623 909 1651 istis
926 1624 1003 1651 libris

216 1670 316 1705 agitata
337 1668 417 1696 fuerit
432 1668 615 1696 controversia
631 1672 747 1696 exeunte
768 1670 869 1697 saeculo
885 1671 1002 1697 secundo

217 1721 243 1742 et
262 1715 372 1742 ineunte
394 1715 489 1748 tertio,
509 1722 562 1742 non
585 1719 689 1742 tantunt
707 1719 817 1749 propter
830 1715 1001 1748 Cerinlhum,

217 1761 263 1789 sed
287 1769 349 1788 cum
363 1761 491 1788 Artemon
520 1765 546 1787 et
561 1760 613 1787 sibi
635 1760 738 1787 similes
754 1761 922 1788 divinitatem
939 1761 1002 1789 Jesu

216 1805 318 1835 Christi
336 1811 479 1841 negarent,
497 1811 524 1834 et
541 1815 615 1833 artua
639 1806 739 1840 quibus
759 1807 903 1834 orthodoxi
930 1807 1002 1834 illam

218 1853 391 1885 asserebant,
415 1853 468 1879 illis
487 1853 591 1887 eripere
614 1856 790 1882 conarentur.
811 1853 900 1886 primo
912 1852 1000 1880 Evan-

216 1898 316 1933 gelium
323 1897 436 1925 Joannis
453 1902 480 1925 et
493 1898 564 1925 illius
577 1898 756 1933 Apocalypsin
772 1897 879 1932 profani
893 1898 1002 1926 invase-

218 1949 293 1976 runt,
307 1950 334 1971 et
349 1952 411 1971 cutn
429 1944 511 1971 variis
533 1943 600 1971 locis
616 1951 648 1970 ex
667 1943 811 1978 Evangelio
827 1948 855 1971 et
868 1943 1002 1979 Apocaly-

217 1990 259 2025 psi
276 1989 366 2024 petitis
383 1989 415 2016 ad
431 1989 516 2023 Λόγου
534 1989 702 2016 divinitatem
722 1989 934 2016 conﬁrmandam
948 1997 1002 2016 non

218 2040 331 2071 possent
353 2036 527 2070 respondere,
553 2040 579 2062 et
598 2036 680 2062 verba
702 2035 873 2070 evangelista
894 2040 921 2062 et
936 2043 1004 2070 apo»

217 2082 280 2110 stoli
303 2082 339 2109 ita
362 2082 494 2116 stringere
517 2081 774 2113 animadverterent,
797 2085 829 2108 ut
851 2082 925 2108 nulla
947 2087 1005 2109 arte

218 2128 354 2162 uullisqtte
370 2127 637 2161 interpretationibus
652 2128 743 2162 pravis
757 2127 798 2154 vis
813 2127 923 2155 illorum
941 2135 1004 2162 pos-

1053 1537 1159 1557 versam
1187 1530 1410 1564 praestantissimo
1427 1530 1485 1556 viro
1501 1529 1597 1556 Joanni
1615 1530 1764 1565 Gagnierio
1784 1530 1831 1558 lor-

1052 1582 1125 1604 tasse
1153 1576 1291 1604 debebunt
1315 1576 1425 1608 eruditi,
1451 1577 1547 1604 scribit
1570 1577 1604 1604 cl.
1633 1576 1776 1604 Fabricius
1790 1577 1830 1611 (2).

1053 1622 1105 1649 Sed
1123 1626 1255 1657 quantum
1281 1629 1332 1656 ego
1353 1621 1426 1653 scio,
1454 1622 1540 1649 lucem
1561 1621 1699 1656 publicam
1725 1622 1832 1649 nonduin

1051 1668 1127 1696 vidit.
1152 1668 1283 1695 Caeterum
1299 1675 1344 1702 per
1361 1668 1570 1694 commentarios
1596 1669 1622 1694 in
1641 1668 1830 1703 Apocalypsin,

1053 1714 1130 1742 Sixto
1144 1713 1256 1741 Senensi
1269 1715 1349 1741 etiam
1369 1718 1545 1746 memoratos,
1562 1713 1674 1741 Rivetus
1690 1715 1729 1749 (5)
1747 1714 1834 1740 Intelli-

1052 1761 1090 1796 git
1105 1761 1205 1787 librum
1221 1760 1254 1787 de
1272 1760 1448 1787 Antichristn.
1466 1759 1606 1787 Fabricius
1625 1760 1750 1794 imprimi
1763 1768 1833 1787 cura-

1054 1807 1091 1833 vit
1117 1806 1300 1842 l'ragmentum
1329 1806 1402 1833 haud
1427 1806 1571 1840 exiguum,
1600 1806 1626 1832 in
1653 1814 1710 1841 quo
1735 1811 1834 1834 sanctus

1053 1851 1213 1887 Hippolytus
1241 1852 1353 1886 exponit
1385 1851 1443 1879 haec
1485 1851 1698 1878 Proverbiorum
1736 1860 1794 1886 cap.
1814 1859 1834 1877 tt

1053 1896 1135 1923 verba
1157 1904 1163 1921 :
1189 1895 1325 1929 Sapientia
1350 1896 1491 1931 wdi/icavit
1514 1896 1565 1922 sibi
1588 1897 1718 1929 domum;
1741 1897 1835 1930 sibique

1054 1941 1200 1975 persuasit,
1223 1941 1249 1967 in
1263 1940 1377 1968 Joannis
1394 1940 1570 1975 Evangelista:
1591 1941 1681 1968 locutu
1698 1942 1835 1977 quemdam

1055 1986 1112 2013 hate
1136 1987 1170 2013 ab
1186 1986 1330 2022 Hippolyto
1364 1987 1454 2021 potius
1477 1987 1578 2021 scripta
1603 1995 1681 2019 esse,
1708 1995 1791 2023 quam
1815 1988 1835 2012 iu

1053 2031 1262 2058 Proverbiorum
1277 2033 1348 2062 loca,
1363 2032 1425 2059 licet
1440 2036 1468 2060 et
1488 2032 1515 2059 in
1530 2032 1586 2060 haec
1602 2033 1687 2060 etiam
1705 2040 1838 2060 commen—

1058 2072 1136 2104 tatus
1158 2077 1240 2104 fuerit
1261 2078 1309 2112 (4).
1344 2077 1372 2104 In
1401 2078 1493 2106 tabula
1518 2086 1630 2113 operum
1658 2078 1688 2106 S.
1709 2078 1836 2114 Hippolyti

1056 2123 1153 2158 legitur
1177 2124 1287 2158 insuper
1302 2122 1475 2159 Hippolytum
1499 2129 1622 2151 nostrum
1637 2123 1714 2152 Odas
1737 2129 1765 2151 et
1779 2124 1838 2150 Car-

218 2178 260 2201 set
277 2173 422 2206 declinari;
441 2180 495 2199 tton
510 2173 587 2200 aliter
602 2172 664 2205 sibi,
683 2177 710 2199 et
725 2172 850 2207 pravitati
874 2181 930 2201 sua:
946 2173 1000 2200 lue-
1018 2174 1039 2201 ι)
1053 2170 1126 2196 milia
1143 2169 1285 2203 scripsisse
1302 2170 1329 2196 in
1342 2177 1436 2197 omnes
1451 2169 1480 2197 5-
1495 2169 1644 2204 Scriptura:
1657 2170 1747 2198 libros
1762 2169 1808 2204 (5)-

254 2257 310 2293 (88)
331 2257 485 2292 Hieronym.
504 2257 531 2283 in
544 2256 680 2293 Catalog.,
698 2265 758 2292 cap.
776 2257 821 2284 61.

255 2294 311 2326 (89)
331 2303 339 2318 ‹
355 2292 465 2327 Legisse
483 2300 526 2319 me
541 2292 626 2318 fateor
642 2297 704 2319 ante
725 2300 812 2319 annos
827 2292 961 2326 plurimos
977 2293 1003 2319 in

219 2326 409 2354 Matthteumﬁ.
424 2327 559 2362 Hippolyti
572 2327 698 2361 martyris
722 2330 851 2362 opuscula
915 2335 930 2354 e
943 2329 1004 2362 qui-

220 2363 271 2389 bus
293 2363 399 2389 etiamsi
426 2371 512 2396 pauca
529 2370 680 2397 carperent,
697 2362 807 2397 dignum
828 2363 930 2396 aliquid
948 2371 1004 2389 me-

220 2405 306 2458 gortla
343 2397 517 2424 scriberetur.
547 2407 556 2423 ι
606 2396 786 2433 Hieronytn.,

248 2437 285 2458 att
299 2441 316 2458 t.

248 2433 316 2458 atth.

258 2467 313 2501 (90)
331 2466 479 2503 Theodon.
497 2467 596 2503 dialog.
611 2467 639 2498 ‘2.
656 2475 715 2503 pag.
727 2468 750 2503 δὲ
764 2472 788 2495 et
803 2468 847 2503 Z9,
862 2471 889 2494 ct
901 2466 1002 2503 dialog.

258 2476 313 2501 (δυ)
337 2476 479 2495 ΙΗΕΟΟΟΓ..
497 2476 596 2501 utatog.
611 2476 639 2498 Ζ.
656 2476 687 2502 pa
709 2487 715 2494 ι
732 2476 750 2494 Ζ
764 2476 788 2495 et
808 2476 847 2499 ΠΙ,
862 2476 889 2494 ει
901 2476 1002 2503 (113103.

221 2502 253 2538 5,
264 2509 329 2538 (pag.
343 2501 409 2538 156.
426 2500 493 2538 Vide
520 2502 604 2538 Fabr.
615 2507 679 2529 tom.
691 2476 707 2528 ll
720 2502 788 2538 Opp.
805 2502 924 2537 Hippol.,
943 2510 1002 2536 pag.

220 2536 285 2572 9.81,
300 2536 326 2563 et
336 2536 457 2572 Galiand.
473 2541 538 2563 tom.
553 2537 574 2563 ll
588 2537 713 2565 Bibliotlt.
728 2536 798 2570 I‘P.,
812 2536 872 2572 pag.
887 2538 949 2564 498.

833 2397 942 2424 Pnefat.
978 2398 1004 2424 in

334 2572 406 2612 Hist.
423 2571 506 2612 littér.
526 2572 558 2599 de
573 2572 599 2598 la
612 2572 725 2612 France,
745 2571 1002 2612 tom.1_l,'pag._579.
1055 2579 1072 2606 ι)

257 2606 313 2641 (92)
334 2616 343 2632 ι
363 2606 567 2642 Hippolytus....
587 2608 697 2642 scripsit
722 2606 870 2634 nonnullos
889 2608 915 2633 itt
931 2606 1004 2642 Scri-

221 2646 316 2676 pturas
339 2643 559 2675 commentarios,
579 2650 594 2669 e
606 2644 705 2677 quibus
727 2644 775 2669 hos
789 2643 894 2677 reperi:
912 2641 938 2668 itt
956 2641 1005 2668 Hc-

221 2683 401 2703 xaemeron...
418 2677 445 2703 in
459 2677 567 2708 lsaiam,
586 2685 682 2705 χχχιιι.
696 2687 706 2703 ι
724 2677 891 2712 Hieronyth
909 2677 1003 2704 Devir.

222 2711 332 2747 “iusin,
348 2719 408 2745 cap.
420 2712 463 2738 61.
488 2712 520 2739 Et
534 2713 720 2740 Theotloretus
741 2714 768 2739 in
783 2711 883 2747 dialog.
901 2712 1002 2746 Lopag.

222 2746 274 2808 'Ioh',
286 2746 338 2774 ait:
349 2756 358 2772 ι
371 2748 462 2774 Sancti
480 2747 615 2783 Hippolyti
629 2756 662 2776 ex
677 2755 804 2775 sermone
818 2747 846 2774 itt
860 2746 1004 2775 exordium

237 2788 308 2808 δυιω.
325 2790 335 2807 ι

237 2788 308 2808 δυιω.
325 2790 335 2807 ι

258 2815 313 2851 (95)
333 2817 445 2855 Catena_
456 2817 530 2845 Patr.
551 2818 724 2846 Corderiante
750 2817 784 2845 ad
811 2817 891 2845 Luca:
915 2817 1002 2850 “,45,

1056 2265 1117 2291 pag.
1131 2257 1176 2283 55.

1091 2292 1146 2332 (ἓξ)
1168 2291 1323 2332 Hieronym.
1342 2291 1517 2332 in_patalog.,
1537 2301 1597 2326 cap.
1614 2292 1659 2332 6i.

1091 2326 1205 2369 (95)'Le
1229 2326 1334 2363 Moyne,
1366 2327 1429 2369 Var.
1459 2326 1526 2359 sua,
1554 2336 1615 2363 pag.
1640 2327 1712 2354 1010
1728 2332 1757 2355 et
1777 2336 1838 2361 δρψ,

1058 2363 1273 2432 ωῗέὶξῗιξῖθηίεη
1288 2395 1361 2425 Lect.
1377 2397 1472 2432 antiq.,
1487 2401 1552 2424 tom.
1568 2397 1588 2430 1,
1607 2405 1670 2432 pag.
1688 2397 1716 2424 7.

1091 2431 1146 2466 (97)
1168 2431 1308 2467 Scaliger.,
1319 2432 1395 2464 ibid.,
1405 2431 1465 2467 pag.
1475 2431 1518 2464 l4,
1531 2431 1637 2467 etapud
1647 2431 1767 2460 Fabric.
1781 2437 1838 2459 tam.

1055 2467 1076 2500 1’
1165 2467 1257 2538 ili-bed
1273 2500 1336 2528 Jesu
1360 2502 1386 2528 itt
1400 2501 1672 2538 Catalog.»librorum
1689 2503 1838 2538 Clmlda'or.

1074 2536 1287 2598 a(tltl‘)4l.la5tttigc
1311 2538 1382 2571 apud
1409 2536 1506 2566 Ganisf
1524 2536 1596 2564 Lect.
1613 2538 1716 2572 untiq.,
1744 2543 1809 2564 tutu.
1824 2536 1838 2566 Ιε

1091 2580 1116 2606 g.
1167 2591 1173 2598 .

1091 2607 1129 2643 (1)
1150 2606 1268 2643 Fabric.,
1284 2606 1392 2642 Hippol.
1406 2606 1474 2643 Opp.
1492 2612 1558 2634 tom.
1575 2607 1595 2641 1,
1612 2615 1675 2643 pag.
1689 2607 1758 2634 280.

1092 2642 1119 2676 (9
1152 2641 1224 2668 Idem
1239 2642 1304 2668 ibid.

1092 2642 1130 2712 (5;
1149 2676 1304 2712 Rivet.,Crit

1101 2676 1128 2708 5)
1149 2676 1342 2707 Rivet.,Critic.
1362 2676 1390 2704 S.
1404 2678 1451 2704 lib.
1469 2685 1500 2708 tt,
1513 2678 1554 2704 11.

1141 2711 1269 2755 Egit-rio...
1284 2718 1348 2754 tom.
1366 2713 1375 2738 1
1390 2712 1460 2755 (ξρρζ
1476 2712 1702 2755 Hippolytqlpag.
1716 2713 1784 2755 282:

1101 2746 1128 2781 5)
1141 2745 1212 2782 ᾮδαὶ
1220 2748 1265 2783 εἰς
1278 2747 1368 2779 πάσας
1381 2745 1561 2783 τὰξΓραςράς.
1573 2745 1615 2774 ita
1630 2745 1758 2782 Scaliger
1774 2747 1838 2782 legit.

1056 2780 1191 2818 Edmund.
1209 2780 1370 2818 (Bernartius
1395 2780 1684 2810 Omittit‘vocabulum
1709 2780 1838 2818 ᾯδαίίίζι

1056 2817 1119 2853 legit
1139 2818 1181 2853 ei;
1201 2817 1309 2849 ἁπάσας
1334 2818 1382 2850 τὰς
1405 2818 1531 2852 Γραφάς,
1556 2819 1597 2845 vel
1621 2819 1660 2849 εἰς
1675 2816 1784 2852 Δαὺιὴλ
1798 2816 1838 2844 ul
