1861 3052
225 65 274 93 δδι

709 66 752 93 DE
772 66 851 94 VITA
868 67 913 94 ET
933 66 1088 95 SCRIPTIS
1110 67 1138 94 S.
1159 67 1347 95 HlPPOLYTl.
1773 69 1813 96 53°!

225 127 322 153 tinens.
355 124 457 151 Harum
481 124 518 150 ait
537 123 740 158 confutationem
763 133 789 151 se
809 125 951 159 suscepisse
973 132 1005 151 ea:
1019 126 1042 154 Α
1056 123 1172 156 scilicet,
1191 124 1224 151 de
1241 132 1295 159 quo
1312 125 1429 152 lrenaeus
1447 123 1466 151 l.
1480 131 1500 156 ι,
1516 131 1575 159 cap.
1589 123 1635 151 55.
1649 123 1814 154 Necessarium

226 170 389 198 sermonibus
405 169 510 202 Irenwi,
522 176 632 204 quorum
649 169 829 203 compendium
842 169 889 196 hoc
901 179 928 197 se
940 171 1006 198 libro

225 215 389 250 complexum
403 214 496 249 refert.
515 213 601 240 Dictio
619 215 755 248 perspicua
773 219 797 241 et
809 215 945 248 concinna,
961 225 1007 243 nec

227 261 378 291 abundans,
400 260 459 286 licet
480 259 605 286 atticismi
624 260 739 286 rationes
760 268 811 287 non
833 260 897 287 adeo
918 267 1002 289 curat.

227 306 313 333 Habet
330 310 354 333 ιιι
373 310 428 332 ιιιηι
444 305 498 331 alia
514 305 599 332 minus
621 312 757 337 accurata,
777 311 832 332 tum
852 307 921 341 quod
934 306 1007 334 Pau-

226 353 282 379 lum
305 351 430 387 Epistolw
459 352 494 378 ad
518 351 641 378 Ilebrwos
673 356 805 378 auctorem
833 360 887 378 esse
917 358 1005 388 negat.

225 396 322 424 Nullus
337 404 445 431 quoque
461 396 614 431 ambigendi
638 396 714 423 locus
729 401 780 430 est,
800 397 865 432 quin
878 396 1006 424 Memoria

225 443 351 470 hiemum
367 442 395 468 S.
405 441 548 477 Hippolyti.
562 450 594 469 ex
605 450 657 477 qua
668 442 792 470 Gelasius
805 450 872 477 papa
881 443 934 470 duo
946 443 1005 471 loca

224 495 272 516 seu
288 487 439 523 fragmenta
453 488 508 523 (22)
523 488 615 519 refert,
630 489 700 515 idem
715 489 750 516 sit
763 490 923 524 opusculum
942 497 1004 517 cum

223 538 341 561 tractatu
367 538 459 560 contra
485 542 573 560 omnes
594 534 711 561 licereses.
740 534 873 561 Caeterum
898 535 931 562 de
954 535 1005 562 hoc

223 583 340 607 tractatu
358 579 439 606 hodie
454 579 521 606 nihil
540 579 654 613 amplius
672 584 758 606 exstat
770 585 866 614 praeter
879 580 933 607 duo
947 580 1005 608 haec

223 624 384 660 fragmenta.
400 624 452 652 Sed
472 625 499 652 in
514 625 675 652 Bibliotheca
687 625 798 652 Patrum
813 625 868 660 (25)
886 626 1005 653 occurrit

225 670 335 705 aliquod
362 671 494 706 scriptum
520 671 571 698 sub
598 671 707 698 nomine
737 670 766 698 S.
783 670 921 706 Hippolyti
951 671 1004 699 hoc

224 724 287 744 cum
311 716 388 743 titulo
411 724 419 742 :
445 715 563 743 Homilia
580 716 612 743 de
624 715 675 743 Deo
702 716 771 743 trino
795 721 820 743 et
845 724 907 750 uno,
926 722 950 743 et
969 716 1002 743 de

225 762 349 796 mysterio
370 762 559 789 incarnationis
577 766 669 788 contra
690 761 799 789 Iucresin
812 760 902 788 Nocti.
929 760 1002 789 Viris

1057 174 1147 197 autem
1172 170 1325 198 nullatenus
1345 173 1404 202 est,
1429 173 1459 196 ut
1483 173 1634 197 statuamus
1663 168 1813 204 Hippolytum

1057 216 1187 250 speciales
1209 220 1339 243 tractatus
1361 220 1456 243 contra
1471 215 1627 248 Nicolaitas,
1644 214 1813 248 Montanistas,

1057 261 1260 289 Valentinianos
1278 269 1310 289 ac
1322 261 1438 289 Caianos
1459 261 1620 296 scripsisse;
1638 261 1746 294 suﬂicit,
1759 262 1814 296 quod

1056 307 1106 334 bos
1125 315 1219 334 omnes
1242 308 1267 334 in
1283 315 1333 335 suo
1351 307 1467 342 generali
1493 311 1611 342 tractatu
1635 311 1728 334 contra
1747 315 1814 335 omnes

1056 352 1166 379 liwrcses
1181 351 1315 379 refutarit.

1136 395 1150 431 §
1170 395 1214 424 ιν.
1236 396 1371 431 Hippolyti
1389 396 1453 423 liber
1470 401 1561 423 contra
1578 395 1748 425 Marcianum.

1093 442 1254 478 Singillatim
1279 443 1359 470 etiam
1385 443 1515 470 adversus
1540 443 1705 471 Marcioncm
1730 443 1816 480 S.Hip.

1055 489 1175 524 polytum
1201 489 1343 523 scripsisse
1368 493 1481 516 testatur
1503 488 1703 525 Hieronymus,
1727 497 1757 517 ex
1774 498 1816 526 quo

1056 541 1109 560 non
1132 533 1197 561 satis
1216 539 1319 561 certum
1333 538 1453 568 apparet,
1468 541 1533 560 num
1549 534 1648 561 librum
1666 534 1705 562 De
1722 543 1807 564 restim

1055 579 1138 604 ctione
1152 577 1282 605 Marcioui
1298 579 1452 613 opposuerit
1465 579 1533 613 (52).
1553 579 1752 615 Ἀντιρῤητικὸν
1765 581 1818 616 πρὸς

1054 624 1204 660 Μαρκίωνα
1226 629 1306 652 vocat
1327 624 1496 659 Nicepltorus
1517 625 1586 660 (55),
1612 626 1657 660 qui
1681 626 1775 653 librum
1788 627 1817 654 De

1054 670 1240 696 resurrectione
1267 678 1322 696 non
1346 674 1495 703 memorat,
1529 671 1756 705 quemadmodum
1778 680 1817 700 nec

1054 714 1205 749 Syncellus,
1227 715 1324 750 pagina
1338 715 1400 749 558,
1429 720 1541 744 testatus
1567 715 1741 751 Hippolytum
1765 718 1818 752 πρδς

1053 761 1203 796 Μαρκίωνα
1219 762 1265 788 καὶ
1284 761 1332 793 τὰς
1347 761 1442 793 λοιπὰς
1458 762 1577 798 αἱρέσεις
1587 763 1739 797 scripsisse.
1755 763 1819 792 Tille-

224 807 324 840 doctis,
337 807 384 841 qui
405 807 501 842 majori
521 806 620 834 acribia
640 806 692 834 hoc
713 806 843 841 scriptum
865 807 1005 834 examina—
1022 802 1043 829 Β
1057 808 1160 835 montio
1189 808 1244 842 (3i)
1271 808 1387 840 videtur,
1414 808 1494 836 etiam
1522 809 1675 843 oppositum
1705 809 1819 837 Marciani

225 858 286 881 runt
303 853 379 888 .(24),
403 854 514 880 omnino
533 860 694 888 persuasum
718 857 767 884 cst,
782 852 854 887 quod
878 852 941 880 illud
956 861 1005 888 pro

225 898 376 934 fragmento
394 898 525 934 longioris
547 898 647 933 operis,
669 902 696 925 et
716 906 765 933 pro
789 902 909 925 extrema
929 903 1005 933 parte

223 949 356 972 tractatus
369 944 520 980 Hippolytei
534 944 656 971 adversus
669 944 776 971 haereses
791 944 943 972 habendum
958 945 1004 972 sit.

222 991 315 1026 Neque
330 991 428 1023 obstat,
442 989 530 1024 inquit
545 989 580 1017 cl.
595 989 735 1017 Fabricius
748 989 813 1024 (25),
828 991 900 1025 quod
913 991 1006 1019 lideles

224 1036 388 1071 quandoque
413 1039 508 1063 auctor
531 1034 687 1069 alloquitur,
707 1038 737 1061 ut
757 1035 783 1061 in
807 1035 926 1063 homiliis
947 1035 1005 1063 ﬁeri

226 1083 314 1116 solet;
337 1089 399 1109 nam
419 1081 471 1108 hoc
491 1080 572 1108 etiam
595 1081 623 1107 in
647 1080 755 1115 scriptis
780 1079 869 1108 facere
889 1085 1002 1114 veteres,

224 1135 251 1158 et
276 1129 310 1157 ad
333 1128 449 1155 lectores
471 1126 629 1162 respicere,
655 1126 825 1153 tralatitium.
857 1127 1004 1154 Chronico):

224 1174 432 1203 Alexandrinum
460 1172 532 1208 (26),
557 1172 628 1207 quod
651 1171 731 1206 vulgo
743 1171 871 1199 I’aschalc
894 1177 1003 1204 vocant,

224 1221 289 1248 citat
308 1220 424 1254 aliquem
446 1219 535 1246 locum
557 1225 590 1245 ex
613 1216 641 1244 S.
655 1216 788 1252 Hippolyti
813 1224 893 1252 opere
913 1222 1004 1244 contra

223 1274 311 1294 omnes
332 1266 452 1296 hereses.
471 1264 499 1291 in
517 1271 571 1298 quo
594 1263 691 1290 asserit
707 1262 845 1290 Christum
867 1267 1004 1298 postremo

221 1313 283 1340 vitae
299 1319 355 1339 suae
371 1318 442 1338 anno
454 1309 558 1337 Pascha
566 1309 661 1344 .legale
680 1315 733 1336 non
749 1309 908 1336 celebrasse.
928 1309 1002 1337 Idem

223 1357 372 1386 Chronico»
392 1355 474 1383 refert
490 1355 570 1383 etiam
588 1354 672 1381 alium
693 1354 774 1390 hujus
793 1354 821 1382 S.
833 1355 953 1390 episcopi
969 1363 1002 1383 ac

223 1402 350 1439 martyris
368 1401 458 1428 locum
485 1408 500 1427 e
525 1401 613 1435 primo
638 1407 688 1427 suo
711 1400 781 1427 libro
807 1400 846 1427 De
860 1400 1000 1434 Pascliate,

222 1455 278 1483 quo
301 1446 454 1474 ostenderet
468 1444 607 1472 Christum
632 1445 660 1472 in
673 1444 815 1479 pervigilio
836 1445 931 1473 mortis
945 1453 1002 1473 suae

221 1500 320 1527 agnum
335 1492 488 1527 paschalem
504 1498 558 1518 non
571 1490 730 1518 comedisse.
754 1489 904 1526 Utrumque
916 1491 1000 1519 habes

219 1539 290 1574 apud
305 1538 458 1565 Fabricium
478 1541 504 1564 et
519 1536 688 1564 Gallandium
702 1536 770 1571 (27).

256 1583 411 1624 Verisimile
436 1589 501 1609 sane
517 1585 568 1615 est,
582 1582 652 1616 quod
678 1581 706 1608 S.
720 1581 878 1617 llippolytns
901 1582 927 1608 in
950 1582 1000 1610 hac

219 1629 339 1665 generali
358 1628 522 1656 refutatione
542 1628 675 1655 haercsum
687 1647 695 1660 ,
716 1627 783 1655 falsa
798 1627 1000 1655 Valentiniano-

220 1682 281 1702 rum
310 1674 437 1709 dogmata
468 1672 638 1705 admirabili,
665 1677 745 1707 prout
775 1671 859 1699 refert
881 1672 999 1708 Epipha-

219 1720 283 1747 nius
298 1719 364 1755 (28),
383 1719 497 1754 quadam
524 1718 649 1753 facultate
681 1718 816 1752 refutarit.
847 1717 906 1745 Huc
917 1718 998 1745 etiam

219 1764 372 1797 referimus,
394 1772 455 1799 quae
468 1764 652 1791 Theodoretus
673 1763 728 1798 (29)
752 1768 779 1791 et
793 1763 903 1798 quidam
926 1765 999 1792 anti-

220 1817 292 1845 quus
305 1816 400 1837 auctor
413 1810 577 1845 (Stephanus
589 1809 689 1845 Gobar)
709 1810 779 1844 apud
793 1809 916 1837 Photium
935 1811 1000 1839 allc-

220 1860 299 1892 gatus
325 1856 381 1890 (50)
419 1856 453 1883 de
483 1855 592 1890 scriptis
630 1855 717 1882 sancti
742 1856 878 1892 Hippolyti
903 1861 999 1884 contra

219 1902 367 1929 Nicolaitas
393 1906 420 1929 et
432 1901 611 1932 Montanistas
632 1903 688 1938 (51)
709 1903 886 1931 tradiderunt.
909 1902 999 1931 llcbed

220 1947 284 1975 Jcsu
309 1949 335 1975 in
351 1947 477 1982 Catalogo
498 1948 626 1975 librorum
645 1948 848 1976 C/ialdaicortnn
868 1953 999 1976 memorat

221 1994 251 2020 S.
265 1994 400 2029 Hippolyti
428 1994 558 2022 adversus
585 1993 681 2021 Caium
707 1995 815 2029 capita,
843 1995 998 2022 haeretieum

256 2049 312 2085 (22)
333 2049 434 2085 celas,
445 2054 518 2085 tom.
533 2048 590 2085 YIH
605 2049 730 2076 Bibliotlt.
745 2049 835 2081 Palr.,
852 2056 913 2084 pag.
928 2049 996 2083 701;

220 2083 341 2116 Fabric.,
358 2083 427 2118 Opp.
444 2083 581 2119 Hippolyt.
597 2088 667 2119 tom.
679 2085 699 2116 Ι,
717 2092 777 2119 pag.
794 2083 857 2111 225.

256 2119 312 2154 (25)
330 2119 458 2146 Biblioth.
475 2118 551 2154 Patr.
567 2124 633 2146 tom.
649 2118 693 2152 Ill,
708 2127 768 2154 pag.
781 2119 910 2154 2131-264.

256 2154 312 2189 (24)
332 2154 486 2189 Tillemont,
518 2153 656 2189 Mémoir.,
689 2153 754 2180 tom;
783 2153 825 2186 HI,

220 2189 338 2221 Ceillier,
355 2188 426 2215 Hist.
440 2190 539 2223 génér.,
554 2194 620 2216 tom.
634 2188 667 2220 ll,
683 2189 824 2223 pag..341;
841 2188 955 2216 Maurini
972 2190 999 2217 in

221 2224 294 2256 Hist.
307 2223 389 2251 litte'r.
404 2224 434 2250 de
450 2224 477 2250 ta
491 2223 601 2256 France,
618 2228 684 2250 tom.
699 2223 718 2253 Ι,
734 2230 794 2258 pag.
808 2223 869 2258 584;
879 2224 998 2258 Fabric.,

219 2263 287 2287 tom.
304 2260 315 2285 Ι
334 2257 411 2294 ῨΟρρ.
428 2258 577 2294 Hippolyt.,
594 2266 655 2293 pag.
671 2258 800 2286 225-225.

256 2294 313 2328 (25)
333 2293 440 2320 Fabric.
457 2293 474 2319 Ι.
490 2301 514 2320 c.
530 2301 591 2328 pag.
607 2294 670 2320 255.

257 2329 313 2371 (2(ξ)
333 2328 431 2356 Chron.
459 2328 590 2355 Alexand.
616 2328 718 2363 pascli.,
743 2329 808 2357 edit.
837 2328 877 2356 Du
898 2329 997 2365 Gange,

221 2364 437 2433 “ieiunae.
453 2398 472 2426 ι.
492 2406 530 2431 c.,
548 2406 608 2433 pag.
625 2398 677 2425 est
693 2403 720 2426 et
732 2399 783 2432 45;
801 2398 934 2431 Galland.,
951 2399 1000 2426 Bi-

220 2433 312 2469 blioth.
325 2432 383 2469 [:P.
401 2437 468 2460 tom.
482 2433 515 2466 ll,
532 2432 594 2469 pag.
604 2434 665 2460 ωε».

258 2468 314 2512 (28)
333 2467 466 2503 Epiphau.
492 2467 586 2496 haeres.
609 2469 652 2502 5t,
683 2477 758 2498 num.
785 2469 829 2502 55,
844 2474 919 2502 _tom.
935 2468 956 2502 Ι,
970 2477 997 2504 p.

220 2503 315 2573 27039)
338 2546 347 2562 ι
362 2537 462 2573 Contra
478 2537 528 2565 bos
544 2537 712 2573 (Nicolaitas)
729 2538 839 2572 scripsit
854 2538 998 2573 praedictus

221 2571 356 2605 Clemens,
380 2578 407 2599 et
430 2571 560 2605 Irenteus',
587 2578 614 2600 et
625 2573 764 2608 Origenes,
786 2571 817 2599 ret
840 2571 997 2608 Hippolytus

221 2609 366 2644 episcopus
381 2611 409 2644 et
429 2613 539 2644 martyr.
556 2618 566 2634 t
591 2607 764 2642 Tltcodoret.,
787 2608 834 2635 lib.
850 2616 880 2634 ιιι
897 2607 997 2634 Haeret.

227 2641 466 2713 [agétifsikd‘iucc
478 2679 584 2713 qualem
599 2678 752 2712 opinionem
768 2676 999 2713 babueritllippo-

224 2715 296 2746 Iytus
307 2715 334 2739 ct
346 2712 512 2747 Epiphanius
528 2717 560 2739 de
577 2713 687 2740 Nicolao
715 2721 729 2740 e
751 2719 852 2748 septem
875 2712 997 2748 (liaconis

223 2754 287 2783 uno,
311 2751 338 2774 ct
359 2748 430 2783 quod
454 2749 541 2776 valide
560 2749 635 2776 illum
652 2747 823 2776 condemnet.
841 2757 851 2774 ι
867 2747 995 2783 Stephan.

223 2781 313 2810 Gobar
327 2781 397 2819 apud
414 2783 538 2812 Photium
556 2785 647 2812 codice
663 2791 779 2811 ccxxxu.

1056 852 1180 879 volumen
1195 852 1289 884 fuisse,
1301 853 1372 887 quod
1386 853 1530 887 scripserat
1541 852 1700 888 Hippolytus
1709 853 1773 889 Περὶ
1782 855 1819 881 τοῦ

1055 897 1174 932 ἀγαθοῦ,
1201 898 1247 925 καὶ
1269 898 1349 925 πόθεν
1372 898 1403 924 τὸ
1427 898 1520 930 κακόν,
1547 903 1735 934 memoratque
1749 899 1820 927 Ense-

1055 942 1117 970 bius
1133 943 1200 978 (55).
1223 943 1245 970 A
1263 942 1431 971 Theodoreto
1446 943 1502 978 (56)
1517 944 1585 971 inter
1601 951 1658 976 eos,
1674 945 1723 979 qui
1739 945 1820 980 ἄριστα

1055 987 1102 1015 καὶ
1127 988 1268 1022 σοφώτατα
1283 988 1446 1016 Marcionem
1468 988 1652 1021 confutarunt,
1677 988 1821 1025 Hippolytus

1056 1039 1149 1062 noster
1163 1042 1272 1069 quoque
1285 1035 1447 1062 celebratur.

1089 1079 1163 1114 Opus
1181 1080 1248 1115 Περὶ
1269 1080 1315 1107 τοῦ
1329 1080 1430 1114 ἀγαθοῦ
1442 1081 1488 1107 καὶ
1500 1081 1580 1108 πόθεν
1590 1081 1622 1108 τὸ
1639 1081 1725 1108 κακόν
1751 1082 1774 1109 in
1788 1082 1821 1108 la-

1054 1125 1157 1153 terculo
1181 1130 1316 1158 notatum,
1331 1125 1358 1152 in
1372 1125 1511 1153 Florinum
1531 1126 1729 1162 presbyterum,
1745 1134 1821 1161 aqua-

1054 1171 1105 1198 lem
1127 1171 1234 1198 illorum
1258 1175 1421 1205 temporum,
1438 1173 1484 1206 qui
1498 1172 1581 1199 Deum
1608 1173 1671 1199 mali
1693 1178 1819 1202 auctorem

1054 1218 1180 1250 faciebat,
1207 1217 1336 1252 scriptum
1365 1218 1459 1245 statuit
1473 1217 1601 1252 Scaliger,
1618 1218 1754 1246 refutatus
1770 1227 1820 1254 pro-

1053 1265 1143 1296 pterea
1160 1270 1174 1288 a
1189 1261 1223 1290 cl.
1242 1262 1266 1288 le
1279 1261 1387 1296 Moynio
1398 1262 1453 1297 (57)
1466 1262 1512 1297 qui
1529 1263 1644 1297 probare
1659 1263 1776 1290 conatus
1787 1269 1820 1291 est

1053 1315 1108 1335 non
1129 1313 1222 1335 contra
1247 1307 1407 1341 Florinum,
1438 1308 1487 1335 sed
1510 1313 1603 1336 contra
1627 1309 1819 1339 Cerdonianos.

1053 1354 1236 1387 Marcionitas,
1263 1354 1495 1390 llermogenianos
1508 1374 1515 1387 ,
1533 1360 1560 1383 et
1576 1356 1643 1383 alios
1655 1375 1663 1388 ,
1687 1357 1736 1391 qui
1759 1356 1822 1382 varia

1053 1400 1208 1428 statuebant
1222 1399 1365 1434 principia,
1380 1404 1407 1427 et
1422 1408 1506 1427 unum
1527 1406 1665 1428 auctorem
1680 1400 1823 1434 ὺοιιῖγθιιθ-

1053 1454 1112 1473 rum
1135 1446 1198 1473 mali
1221 1446 1408 1479 admittebant,
1424 1445 1594 1481 Hippolytum
1619 1450 1746 1474 nostrum
1769 1453 1824 1472 cn-

1053 1499 1127 1518 rasse
1143 1491 1216 1518 hunc
1229 1491 1337 1526 librum.
1356 1490 1480 1519 Florinus
1496 1491 1567 1518 enim
1583 1491 1695 1519 unicum
1710 1491 1823 1518 admitte-

1052 1535 1099 1563 bat
1110 1528 1249 1568 Deum,“ct
1265 1535 1440 1570 principium;
1460 1536 1506 1563 sed
1521 1535 1559 1562 illi
1574 1536 1677 1563 bonum
1692 1541 1720 1563 et
1733 1535 1823 1562 malum

1052 1582 1171 1609 tribucre
1189 1589 1244 1608 non
1271 1581 1466 1609 reformidabat
1488 1581 1554 1616 (58).
1568 1581 1619 1608 Alii
1636 1589 1702 1608 vero
1717 1581 1824 1609 haeretici

1051 1628 1126 1655 varia
1140 1628 1321 1663 agnoscebant
1334 1628 1474 1662 principia,
1491 1633 1520 1654 ut
1533 1627 1641 1655 cuilibet
1666 1627 1708 1655 sic
1722 1631 1825 1662 possent

1053 1674 1169 1700 tribuere
1183 1681 1225 1705 ea,
1238 1681 1298 1708 qua:
1314 1673 1352 1699 illi
1379 1673 1466 1709 magis
1482 1681 1599 1706 congrua
1613 1678 1640 1700 et
1652 1679 1825 1701 consentanea

1050 1719 1207 1754 judicabant
1227 1729 1233 1746 :
1257 1727 1340 1746 unttm
1367 1719 1487 1751 bonum,
1519 1723 1654 1745 auctorem
1681 1724 1710 1746 et
1735 1718 1824 1745 fontem

1052 1766 1139 1793 omnis
1154 1765 1230 1798 boni;
1254 1765 1367 1792 alterum
1381 1765 1494 1799 justum,
1508 1765 1636 1799 rigidum,
1652 1765 1824 1799 implacabile,

1051 1810 1218 1838 conditorem
1238 1810 1375 1841 universi;
1398 1811 1506 1837 tertium
1526 1811 1667 1838 materiam
1693 1816 1825 1838 aeternam.

1052 1857 1093 1884 vcl
1107 1856 1190 1884 Deum
1208 1856 1383 1890 imperantem
1400 1857 1527 1888 materia),
1551 1856 1621 1883 unde
1646 1857 1741 1883 omnia
1765 1855 1826 1882 mala

1052 1904 1079 1930 in
1101 1905 1230 1930 mundum
1252 1903 1427 1936 irrepserunt.
1451 1902 1583 1929 Cmterum
1605 1901 1673 1929 bene
1690 1902 1826 1929 observant

1052 1949 1166 1976 Maurini
1181 1948 1265 1975 nostri
1280 1948 1335 1982 (59)
1351 1948 1400 1975 bas
1418 1948 1555 1983 Scaligcri,
1570 1950 1594 1974 le
1606 1947 1710 1983 Moynii
1737 1952 1763 1974 et
1777 1947 1826 1974 'l'il-

1052 1995 1174 2022 lemontii
1201 1994 1342 2028 opiniones
1367 1993 1582 2028 conjecturarum
1611 1995 1750 2027 splixram
1779 1999 1825 2018 non

1097 2048 1152 2084 (51)
1175 2058 1184 2073 ι
1196 2048 1267 2075 Inter
1284 2048 1431 2075 octodecim
1447 2049 1662 2082 articulos,quos
1679 2048 1827 2082 Stephanus

1051 2083 1141 2111 Gobar
1151 2084 1345 2110 exarninandos
1358 2084 1406 2110 sibi
1417 2084 1565 2117 proposuit.
1578 2083 1701 2110 occurrit
1712 2088 1740 2109 et
1752 2090 1825 2111 unus,

1052 2120 1078 2146 in
1092 2126 1146 2153 quo
1157 2119 1180 2146 is
1192 2123 1285 2145 auctor
1297 2118 1408 2152 inquirit
1419 2125 1541 2152 (puellam
1556 2118 1637 2145 fuerit
1654 2117 1684 2145 S.
1698 2117 1827 2152 Hippolyti

873 2162 913 2189 ag.
929 2154 996 2187 107-.
1013 2150 1036 2178 D
1050 2150 1183 2181 sententia
1194 2154 1277 2189 circa.
1289 2150 1638 2189 limrcsinMoritauistarum
1649 2162 1656 2178 :
1667 2150 1742 2185 Quid
1750 2150 1828 2179 sense-

1051 2191 1085 2215 rit
1104 2188 1193 2215 bealus
1211 2188 1369 2222 Hippolytus
1391 2188 1423 2214 de
1445 2188 1538 2214 literati
1563 2188 1824 2214 illontanistorumJ

1049 2223 1129 2251 Phot.
1149 2223 1167 2250 Ι.
1184 2231 1208 2250 c.
1228 2222 1304 2250 Unde
1329 2222 1463 2256 conjicere
1488 2223 1565 2256 licet,
1583 2223 1769 2250 Montanistas
1785 2222 1828 2248 abs

1051 2258 1079 2286 S.
1089 2258 1232 2319 Hippolyto
1247 2257 1526 2297 impugualosfuisse.
1795 2291 1800 2295 .

1085 2294 1141 2319 (32)
1170 2293 1325 2319 lieronvm.
1357 2300 1384 2319 Ill
1404 2291 1536 2319 Catulum.
1561 2299 1620 2319 can.
1634 2292 1689 2319 61:
1723 2292 1800 2319 Fabri

1085 2291 1150 2329 (32)
1170 2291 1334 2353 Hieronymi
1357 2293 1384 2319 in
1404 2291 1536 2328 Catalog.,
1561 2299 1620 2327 cap.
1634 2292 1689 2327 61;
1723 2291 1827 2320 Fabric.

1085 2337 1116 2354 ill.
1134 2329 1153 2354 Ι.
1171 2335 1231 2354 nae.
1247 2327 1309 2354 2⁸4.

1049 2333 1116 2356 tom.
1134 2329 1153 2360 Ι,
1171 2335 1231 2362 pag.
1247 2329 1309 2354 224.

1084 2364 1141 2398 (55)
1160 2363 1317 2398 δίοερΙιοπ..
1334 2361 1370 2398 H.
1387 2362 1418 2390 E.
1436 2363 1483 2390 lib.
1498 2370 1535 2394 Iv,
1552 2370 1612 2398 cap.
1629 2362 1677 2389 51.

1085 2397 1140 2433 (54)
1161 2397 1327 2433 Tillemout,
1341 2397 1474 2433 ρΙέηιοὶν..
1492 2402 1557 2424 tom.
1571 2397 1613 2429 ΙΙΙ,
1629 2405 1694 2433 pag.
1711 2398 1774 2425 106.

1097 2433 1141 2467 55)
1160 2432 1270 2464 Euseb.,
1286 2431 1322 2459 H.
1336 2431 1367 2458 Ε.
1387 2433 1434 2459 lib.
1448 2441 1485 2463 vn,
1506 2440 1566 2467 cap.
1578 2433 1623 2459 22.

1097 2434 1130 2459 55
1160 2434 1270 2464 Euseb.,
1286 2434 1322 2459 H.
1336 2434 1367 2458 Ε.
1387 2434 1434 2459 lib.
1448 2441 1485 2463 vn,
1506 2440 1566 2467 cap.
1578 2434 1623 2459 22.

1084 2434 1141 2503 issi
1165 2477 1174 2492 ‹
1195 2467 1308 2503 Plurimi
1338 2475 1402 2503 sane
1431 2472 1526 2494 contra
1558 2468 1630 2503 hanc
1659 2467 1826 2503 impietatem

1050 2501 1216 2538 (Marcionis)
1231 2502 1376 2538 scripsere.
1386 2501 1655 2538 Justinusrenitn...ct
1669 2501 1828 2538 Hippolytus

1049 2539 1149 2572 optime
1162 2545 1257 2564 omnes
1270 2537 1477 2571 doctissimeque
1493 2537 1668 2571 blasphcmiw
1689 2537 1774 2571 hujus
1788 2545 1828 2563 ra-

1048 2572 1119 2599 biem
1135 2572 1320 2599 confulat'unt.
1333 2580 1342 2597 ι
1371 2571 1543 2605 Theodoret.,
1558 2572 1605 2598 lib.
1622 2580 1631 2598 ι
1647 2571 1779 2600 llwretic.
1792 2572 1829 2606 [a-

1049 2580 1119 2599 ntem
1135 2580 1320 2599 commorunt.
1333 2580 1342 2597 ι
1375 2580 1543 2605 tneoooret.,
1558 2580 1605 2598 tiu.
1622 2580 1631 2598 ι
1647 2580 1779 2600 uwrettc.

1049 2607 1116 2638 baL,
1133 2615 1193 2641 cap.
1208 2607 1253 2633 25.
1340 2639 1357 2641 μ

1084 2643 1140 2677 (57)
1159 2639 1196 2669 Le
1212 2641 1317 2676 Moyne,
1339 2639 1418 2668 Varia
1434 2649 1521 2674 sacra,
1549 2645 1615 2669 tom.
1630 2641 1665 2675 ll,
1685 2650 1752 2678 pag.
1768 2639 1829 2668 tll‘l

1047 2682 1073 2704 Cl
1161 2710 1259 2738 Euseb.
1278 2710 1312 2737 ll.
1324 2709 1356 2737 E.
1376 2711 1423 2738 lib.
1437 2719 1463 2742 v,
1480 2719 1538 2746 cap.
1553 2711 1597 2737 20.

1083 2747 1139 2782 (59)
1161 2746 1232 2774 Hist.
1249 2746 1330 2774 littér.
1348 2746 1380 2772 de
1396 2746 1421 2773 la
1436 2744 1549 2774 mm.
1565 2751 1632 2774 tom.
1643 2745 1668 2780 Ι,
1694 2755 1758 2783 pag.
1771 2744 1829 2773 586.
