1861 3052
53 165 97 194 537

535 166 578 194 DE
598 167 679 195 VlTA
702 167 746 194 ET
766 165 922 194 SCRIPTIS
937 167 966 194 S.
990 166 1179 194 HlPl’OLYTI.

1618 166 1669 193 538

53 228 127 256 opera
146 220 294 256 deperdita
317 220 403 255 fuere,
424 226 578 257 suspectum
602 223 715 250 reddere
739 223 836 250 debet?
850 225 872 253 Α
886 223 938 250 cile
953 227 1004 251 est.
1030 223 1075 250 Sic
1096 223 1177 250 etiam
1201 222 1371 257 antiquitatis
1388 226 1564 249 monumenta
1591 223 1670 249 nobis

52 265 142 294 Iisdem
159 269 304 295 rationum
321 268 467 295 momentis
488 269 606 295 convicti
631 269 682 296 alia
700 269 754 296 duo
776 269 834 296 loca

52 314 84 342 Ib
94 314 187 341 eodem
201 314 324 341 adducta
339 315 486 349 rejicimus.
504 315 613 343 Primus
626 316 701 343 locus
718 323 751 342 ex
765 323 835 350 quo-

53 359 108 387 dam
125 363 257 392 tractatu,
274 360 303 387 in
319 367 375 395 quo
393 360 470 394 juxta
489 359 620 388 Joannem
636 361 834 388 Autiochenum

51 410 158 432 sanctus
174 404 338 440 Hippolytus
351 413 398 432 eos
412 405 596 440 impugnabat,
610 406 656 440 qui
668 406 703 433 ob
717 406 836 433 consub-

52 450 254 477 stantialitatem
271 449 351 477 Verbi
369 451 452 477 divini
469 458 531 478 cum
554 451 634 478 Patre
648 459 710 484 suo,
734 456 836 487 myste-

50 498 115 522 rium
132 494 334 522 Iucarnationis
346 495 545 530 inﬁciabantur,
563 496 722 532 desumptus
734 502 792 530 est;
809 502 835 524 et

49 540 198 567 secundum
214 548 249 567 ex
271 541 325 568 alio
349 548 430 576 opere
445 541 622 576 deprompsit,
637 543 709 576 quod
728 543 772 570 ille
796 543 835 570 ei-

47 587 105 614 dem
119 591 218 614 sancto
230 586 304 613 Patri
319 587 445 622 ascripsit
457 588 507 614 hoc
520 588 571 615 sub
584 589 678 616 titulo:
690 588 729 615 De
739 590 835 616 unione

47 632 163 666 corporis
179 631 247 659 λεια
266 632 366 659 Christi
382 641 440 660 cum
460 633 516 667 ejus
536 633 684 661 divinitate.
701 634 760 662 Duo
778 636 835 662 haec

47 679 104 705 loca
127 678 203 705 haud
227 679 318 706 minus
337 679 452 706 hatresin
477 679 673 714 Eutycliianam
694 681 834 714 redolent;

46 724 108 751 libri
121 731 248 759 quoque,
263 725 334 751 unde
344 725 426 759 petita
439 732 499 752 esse
511 726 681 761 supponitur,
692 727 741 753 toti
751 727 833 754 etiam

49 769 210 804 antiquitati
239 770 352 797 omnino
376 770 460 805 ignoti
485 775 556 798 sunt.
585 770 738 799 Notandum
767 780 835 807 pra:-

45 818 130 848 terea,
149 815 224 850 quod
237 823 268 842 ea
282 815 351 848 loca,
367 823 427 850 quae
439 815 487 843 abs
505 815 610 844 Joanne
620 818 788 846 Antiocheno
801 826 834 846 ex

46 858 75 886 S.
86 859 227 895 Hippolyti
240 861 326 888 nostri
338 862 451 896 epistola
464 862 497 889 ad
509 862 668 899 Dionysium
677 864 833 899 episcopum

887 275 929 297 sat
948 268 1060 296 luminis
1084 277 1138 296 non
1154 268 1384 302 subministrant,
1403 276 1436 295 ex
1464 275 1519 302 quo
1544 268 1671 303 colligere

886 321 960 342 certo
986 315 1100 346 liceret,
1128 319 1218 341 utrum
1247 319 1358 342 sanctus
1390 313 1550 350 Hippolytus
1579 315 1670 342 dedita

885 367 968 394 opera
986 359 1024 386 De
1039 367 1146 386 numero
1157 359 1252 393 impari
1265 359 1414 393 scripserit,
1425 360 1467 386 vel
1480 360 1670 394 pertractando

885 406 972 433 solum
988 405 1062 432 aliud
1077 409 1278 439 argumentum,
1292 405 1326 432 de
1340 405 1386 432 illo
1398 406 1472 432 velut
1485 413 1531 440 per
1546 410 1672 432 transen-

885 460 948 478 nam
977 452 1146 479 disseruerit.
1176 451 1241 479 Utut
1275 452 1321 484 sit,
1348 457 1458 479 sanctus
1488 451 1670 487 Hieronymus

885 502 1008 524 nostrum
1033 501 1158 524 sanctum
1186 498 1343 532 episcopum
1370 501 1398 524 et
1426 503 1571 532 martyrem
1600 497 1670 524 inter

885 548 1037 570 assertores
1062 543 1167 570 numeri
1194 543 1309 577 imparis
1331 548 1455 571 recenset
1478 543 1530 570 hoc
1553 543 1635 570 modo
1659 553 1666 571 :

888 597 897 613 ι
909 587 988 616 Nunc
1002 588 1216 616 enumerandum
1232 589 1297 616 mihi
1307 593 1357 620 est,
1367 588 1668 623 quiecclesiasticorum

885 633 919 661 de
936 634 1032 668 impari
1050 641 1165 661 numero
1183 634 1359 668 disputarint.
1383 633 1518 664 Clemens,
1538 632 1668 668 Hippoly-

885 682 941 710 tus,
957 678 1098 713 Origenes,
1114 678 1272 714 Dionysius,
1289 677 1436 710 Eusebius,
1457 677 1598 712 Didymus,
1620 684 1669 703 no-

885 729 1060 760 strorumque
1083 723 1286 756 Tertullianus,
1312 723 1476 759 Cyprianus.
1501 723 1656 750 Victorinus

885 769 1054 803 Lactantius,
1071 769 1191 797 Hilarius
1208 769 1275 805 (68).
1289 779 1299 796 ι

918 815 1047 843 Leontius
1054 815 1217 851 Byzantinus
1224 815 1280 850 (69)
1286 815 1383 850 allegat
1391 814 1441 841 sub
1451 813 1560 841 nomine
1567 813 1596 840 S.
1606 812 1670 848 Hip-

891 863 974 898 polyti
996 866 1140 890 tractatum
1167 861 1206 888 De
1229 861 1449 889 benedictionibus
1470 860 1581 887 Balaam
1601 859 1671 894 (70).

43 905 124 940 Cypri
157 906 320 940 atteruntur,
336 906 428 935 Graece
450 913 556 936 exstent
577 896 604 936 in
626 896 741 944 epistola
762 896 834 938 Julio
851 896 871 924 Β
885 896 985 936 ῨεΓίηη
1013 908 1056 935 hic
1070 912 1166 935 auctor
1182 908 1208 935 in
1226 907 1376 935 referendis
1393 907 1568 941 antiquorum
1589 905 1667 933 testi-

44 949 171 978 Homano
191 952 313 986 pontiﬁci
327 953 426 980 tributa
441 955 474 981 ad
498 955 656 991 Dionysium
674 956 834 984 Alexandri-

43 1004 120 1029 num,
138 994 212 1025 edita
231 1007 246 1026 a
265 1000 444 1029 celeberrimo
467 1001 616 1030 Muratorio
639 1003 666 1030 in
693 1002 832 1030 Anecdolis

44 1041 156 1074 Grecis.
174 1052 238 1080 pag.
255 1046 317 1072 545.
334 1046 411 1074 Unde
429 1047 465 1075 cl.
478 1047 620 1076 Fabricius
634 1048 690 1083 (66)
705 1056 760 1076 non
774 1049 833 1076 sine

44 1087 224 1118 fundamento
235 1091 393 1125 arbitratur,
404 1093 431 1120 in
447 1093 524 1126 locis,
534 1102 595 1129 qua;
603 1102 663 1129 pag.
675 1095 711 1122 59.
732 1099 798 1122 tom.
812 1094 833 1120 ll

42 1135 111 1169 Opp.
134 1135 270 1172 Hippolyti
288 1137 383 1166 Latine
393 1146 427 1166 ex
450 1139 481 1165 V.
497 1140 528 1166 (Ι.
547 1139 657 1167 Eusebii
668 1139 832 1168 Renaudotii

43 1180 168 1209 Historia
182 1183 399 1218 patriarcharum
421 1185 660 1212 Alexandrinorum
679 1186 832 1221 exscripsit,

42 1235 93 1262 pm
107 1228 256 1264 Hippolyto
279 1229 398 1258 Romano
419 1231 561 1267 legendum
583 1239 644 1260 esse
665 1231 754 1259 Julius
779 1231 832 1259 Ro-

41 1282 150 1301 mtas.

39 1326 53 1363 ς
73 1327 117 1355 Hi.
133 1328 278 1368 Tractatus
344 1331 481 1368 Hippolyti
496 1333 528 1359 de
537 1333 641 1368 jejunio
663 1333 783 1365 Sabbati,
801 1335 833 1361 de

77 1366 263 1404 (animunione
289 1365 484 1400 Eucliaristiaz,
507 1365 589 1396 et'de
615 1370 714 1404 virgine
737 1369 833 1396 Corin-

78 1400 179 1432 thiaca,
201 1405 254 1429 etc.

77 1457 263 1495 Hieronymus
288 1461 316 1488 in
336 1461 450 1496 epistola
466 1462 499 1490 ad
518 1461 662 1490 Lucinium
677 1463 733 1499 (67)
749 1469 833 1492 testa-

38 1509 87 1531 tur
114 1510 244 1533 sanctum
276 1507 449 1543 Hippolytum
481 1513 606 1536 nostrum
633 1510 664 1537 de
695 1509 831 1544 Sabbato,

36 1554 130 1576 atrum
151 1549 330 1584 jejuuandum
352 1553 398 1586 sit,
414 1558 439 1580 et
454 1553 486 1580 de
501 1553 683 1587 Eucharistia,
703 1564 737 1583 an
761 1557 832 1583 acci-
845 1564 865 1594 ς

35 1595 136 1629 pianda
155 1597 295 1631 quotidie;
310 1598 491 1626 disertissime
514 1600 668 1635 scripsisse.
684 1601 713 1628 In
737 1602 832 1630 codice

36 1649 104 1669 mss.
130 1641 230 1670 Graeco
252 1644 305 1671 l95
328 1644 500 1673 bibliotheca:
523 1645 698 1675 Coisliniana:
713 1647 831 1676 refertur

37 1688 224 1724 lragmentum
242 1689 270 1717 S.
289 1690 425 1727 Hippolyti
443 1698 534 1720 contra
556 1694 639 1728 fatum
661 1699 729 1722 teste
743 1694 832 1722 Mont~

37 1732 170 1761 lauconio
185 1743 247 1770 pag.
262 1735 327 1763 255.
348 1736 444 1764 Verum
459 1743 548 1765 utrum
562 1744 672 1767 sanctus
688 1741 831 1775 episcopus

36 1780 173 1814 speciales
186 1784 330 1815 ﬁtractatus
351 1783 421 1810 circa
439 1784 484 1812 illa
503 1785 653 1820 disciplinae
675 1790 788 1820 puncta,
804 1791 831 1813 et

35 1824 68 1852 de
91 1825 152 1854 fato
166 1828 366 1862 composuerit.
380 1829 421 1856 vel
443 1830 469 1856 in
485 1830 546 1858 aliis
572 1830 629 1858 suis
645 1831 783 1866 operibus,
801 1839 827 1857 v.

35 1877 97 1904 gn,
125 1871 153 1897 in
179 1876 298 1899 tractatu
323 1873 362 1900 De
386 1874 528 1901 traditione
557 1875 747 1910 apostolorum,
772 1875 830 1903 haec

34 1917 170 1946 duntaxat
179 1920 388 1954 perstrinxerit,
409 1921 587 1950 determinatu
603 1922 749 1949 admodum
761 1923 829 1950 dilii—

885 955 985 983 moniis
997 955 1067 982 adeo
1084 954 1202 982 inﬁdelis
1218 958 1270 986 est,
1287 959 1317 981 ut
1327 962 1425 989 parum
1440 953 1502 980 ﬁdei
1517 959 1671 987 promerea-

885 1006 938 1028 tur.
950 1000 1020 1028 Fieri
1036 999 1215 1027 nihilominus
1228 999 1326 1034 potuit,
1340 1003 1370 1027 ut
1386 1003 1497 1026 sanctus
1510 997 1670 1033 Hippolytus

884 1053 933 1080 pro
948 1046 1063 1073 materia
1076 1053 1123 1072 seu
1138 1051 1298 1080 argumento
1309 1044 1426 1079 alicujus
1441 1051 1554 1071 suorum
1571 1048 1672 1070 tracta-

885 1096 961 1119 tuum
986 1099 1035 1120 seu
1056 1092 1230 1119 homiliarum
1247 1091 1325 1126 juxta
1349 1090 1573 1118 consuetudinem
1589 1097 1667 1117 suam

884 1139 933 1166 has
949 1138 1150 1166 benedictiones
1164 1138 1299 1174 selegerit,
1319 1145 1351 1165 ex
1368 1138 1468 1172 quibus
1482 1136 1612 1165 Leontius
1624 1145 1668 1168 ca,

883 1193 944 1219 quae
964 1184 1101 1220 allegavit,
1119 1184 1335 1219 deprompserat.

919 1231 1040 1264 Denique
1064 1229 1200 1257 Palladius
1226 1229 1253 1256 in
1284 1228 1406 1256 Historia
1432 1236 1481 1256 sua
1511 1228 1668 1259 Lamiam,

883 1284 943 1311 cap.
961 1276 1013 1302 M8
1025 1296 1032 1308 ,
1045 1283 1077 1302 ex
1093 1280 1188 1302 sancto
1206 1274 1367 1310 Hippolyto,
1385 1282 1466 1309 quem
1483 1275 1668 1309 apostolorum

883 1325 1049 1349 coaetaneum
1074 1325 1171 1353 vocat.
1195 1320 1279 1348 refert
1305 1321 1487 1348 narrationem
1508 1321 1542 1348 de
1566 1320 1670 1354 virgine

883 1368 1000 1403 quadam
1023 1367 1211 1399 Corinthiaco,
1237 1375 1252 1394 a
1276 1367 1368 1402 judice
1390 1366 1483 1401 gentili
1504 1367 1530 1393 in
1555 1367 1670 1401 lupanar

883 1414 980 1440 tradita
998 1418 1027 1441 ut
1042 1417 1274 1447 corrumperetur,
1290 1420 1372 1447 quam
1389 1412 1581 1447 Magistrianus
1602 1412 1668 1439 ado-

883 1459 988 1486 lescens
1003 1458 1175 1486 Christianus
1201 1458 1334 1485 simulans
1356 1465 1386 1485 se
1410 1458 1479 1485 velle
1497 1465 1559 1484 cum
1581 1465 1612 1484 ca
1628 1457 1670 1484 iu—

883 1509 957 1532 caste
975 1504 1079 1533 versari
1091 1524 1098 1536 ,
1113 1512 1129 1531 e
1152 1504 1276 1539 lupanari
1301 1505 1413 1532 mutatis
1432 1504 1568 1537 vestibus,
1586 1508 1613 1531 et
1635 1504 1670 1531 ab

882 1551 958 1579 omni
970 1551 1144 1586 corruptione
1157 1551 1201 1585 pia
1216 1550 1311 1577 fraude
1328 1550 1463 1583 liberavit,
1478 1550 1603 1585 sequenti
1618 1557 1669 1577 au-

885 1603 937 1625 tem
954 1597 998 1625 die
1020 1605 1050 1624 re
1066 1597 1173 1632 cognita
1197 1596 1231 1624 ad
1255 1597 1357 1624 bestias
1373 1604 1388 1623 a
1410 1596 1502 1631 judice
1525 1595 1672 1623 damnatus

884 1643 1076 1679 Magistrianus
1091 1643 1221 1678 martyrio
1236 1646 1383 1669 coronatus
1402 1641 1463 1668 fuit.
1481 1641 1602 1668 Meminit
1617 1642 1669 1668 illl-

882 1691 928 1725 jus
944 1689 1058 1724 virginis
1077 1694 1104 1716 ct
1128 1687 1297 1723 Nicephorus
1315 1687 1350 1715 11.
1367 1687 1399 1713 E.
1415 1687 1462 1714 lib.
1476 1695 1529 1719 vn,
1546 1695 1606 1722 cap.
1625 1687 1669 1720 i5,

884 1736 932 1763 sed
947 1736 1058 1770 paucis;
1079 1742 1167 1770 neque
1179 1734 1286 1769 uspiam
1309 1741 1369 1760 eam
1391 1733 1593 1760 Corinthiacam
1609 1741 1670 1760 esse

883 1783 1007 1815 dictitat;
1029 1781 1170 1809 historiam
1195 1781 1265 1808 idem
1282 1781 1316 1808 de
1331 1780 1507 1816 Magistriano
1530 1780 1671 1814 persequi-

883 1833 928 1856 tur
943 1828 1013 1856 idem
1030 1826 1216 1862 Nicephorus:
1236 1833 1382 1862 utramque
1394 1827 1580 1854 narrationem
1598 1825 1670 1860 apud

883 1875 1037 1903 Fabricium
1056 1875 1112 1911 (71)
1132 1879 1160 1903 et
1179 1875 1351 1903 Gallandium
1375 1873 1431 1909 (72)
1455 1873 1615 1908 impressam
1632 1872 1670 1899 le-

883 1930 945 1957 gere
959 1922 1071 1957 poteris.

845 2005 878 2013 ’-

696 2071 888 2116 LAPUT
926 2072 1010 2118 IV.

299 2194 305 2199 χ
420 2159 486 2189 τυΕ
517 2158 709 2190 OPEHIBUS
735 2161 766 2191 S.
792 2161 1026 2192 HIPPOLYTO
1052 2159 1286 2192 SUPPOSITIS.

314 2217 512 2247 ARTICULUS
531 2218 551 2246 1.
886 2221 937 2248 bus
952 2220 1124 2253 tractatibus;
1140 2224 1167 2247 et
1181 2219 1214 2246 de
1231 2219 1343 2253 epistola
1358 2217 1409 2244 sub
1425 2216 1534 2243 nomine
1555 2215 1584 2243 S.
1605 2213 1659 2250 Htp

31 2283 64 2303 DE
85 2283 176 2303 ορειιε
198 2283 221 2302 ε.
241 2282 393 2303 Βίριδοιγτο
412 2283 494 2303 FALSO
523 2283 652 2304 ASCRIPTO
678 2287 687 2302 t
708 2285 740 2304 DE
767 2285 830 2305 CON-

912 2267 968 2302 )lyti
992 2274 1006 2293 a
1028 2265 1132 2294 Joanne
1157 2264 1327 2292 Antiocheno
1344 2263 1457 2298 allegata
1472 2261 1668 2293 disseruimus;

69 2318 256 2338 SCIIATIONE
277 2318 379 2342 unum,
400 2319 434 2337 nr.
454 2319 648 2345 ANthttuts'ro,
675 2320 706 2340 ac
730 2304 831 2340 usrss-
884 2313 931 2340 sed
948 2312 1033 2340 crisin
1049 2318 1162 2347 operum
1178 2309 1264 2336 cidem
1283 2307 1485 2342 suppositarum
1501 2305 1573 2332 illico
1590 2304 1624 2331 ab
1636 2311 1670 2332 eo

63 2354 156 2374 CU‘DO
178 2354 290 2373 CM'ST'
311 2354 445 2373 Αθνεκτυι
466 2356 475 2372 ³
847 2381 869 2393 η
884 2366 964 2393 opere
977 2358 1149 2388 inchoamus,
1163 2355 1241 2390 cujus
1259 2354 1372 2381 titulus:
1393 2353 1431 2380 De
1446 2351 1670 2379 consummatione

64 2402 119 2429 Hic
132 2402 270 2429 nolumus
283 2407 404 2436 repetere
414 2421 422 2435 ,
439 2409 500 2436 qua:
519 2402 601 2437 paulo
616 2409 698 2437 supra
712 2402 746 2430 de
762 2403 831 2430 duo-
848 2397 869 2410 υ
884 2403 1027 2437 mundi,de
1038 2402 1211 2433 Antichristo,
1223 2405 1248 2427 et
1259 2400 1291 2426 de
1302 2399 1415 2426 secundo
1428 2398 1528 2426 Clu-isti
1544 2397 1668 2424 aduentu.

917 2501 972 2537 (68)
990 2500 1159 2537 Hieronymi...
1175 2499 1257 2537 epist.
1279 2498 1314 2525 48
1327 2498 1395 2537 edit.
1408 2496 1515 2527 Venet.,
1533 2503 1608 2537 num:
1624 2496 1668 2528 l9,

881 2530 942 2572 pag.
964 2530 1029 2567 952,
1046 2530 1114 2572 alias
1128 2535 1171 2566 50,
1192 2530 1228 2572 ad
1241 2532 1456 2572 Pammachium,
1475 2539 1522 2558 seu
1539 2530 1669 2566 Apulogc-

879 2568 946 2600 licus
959 2580 1006 2606 pro
1018 2571 1092 2598 libris
1107 2576 1198 2597 contra
1213 2568 1392 2606 .loviuiununi.

915 2599 971 2643 (69)
992 2606 1087 2643 Leont.
1105 2606 1193 2643 *ηδ-ῃ..
1211 2604 1351 2643 βήὺιίυιΙι..
1366 2602 1424 2629 ΡΙ),
1447 2607 1512 2643 imp.
1538 2599 1583 2643 1x1,
1600 2601 1668 2643 edit.

880 2636 1002 2677 Lu‘gdfp.
1015 2642 1084 2674 682;
1099 2636 1192 2668 Caitis.
1206 2639 1280 2677 _Lect.
1296 2636 1504 2677 autig.,”tom.i_,
1514 2637 1588 2677 praei.
1601 2644 1626 2677 p:
1641 2637 1668 2662 9.

917 2671 1151 2712 (τογῦτωεζιηεε.
1163 2676 1189 2703 iu
1202 2674 1320 2702 bibliotli.
1337 2671 1440 2701 Bodlei.
1455 2673 1534 2700 habet
1549 2681 1558 2697 ε
1570 2671 1607 2698 De
1620 2671 1670 2698 hc-

883 2712 1085 2740 nedictiouibus
1103 2712 1230 2738 Aln‘aaln.
1252 2721 1261 2736 ι

918 2749 973 2783 (7i)
994 2747 1100 2774 Fabric.
1112 2767 1120 2781 ,
1134 2746 1202 2782 Opp.
1219 2745 1248 2773 S.
1263 2745 1398 2781 llippolyt.
1415 2749 1480 2771 tom.
1496 2742 1522 2775 l,
1538 2751 1599 2778 pug.
1615 2741 1671 2769 285

28 2501 132 2530 lectam
158 2509 212 2537 pro
235 2501 317 2528 nobis
331 2501 491 2536 assumpsit;
504 2501 549 2537 qui
565 2505 659 2528 contra
682 2502 789 2534 sentiet,
804 2503 827 2530 is

28 2543 68 2564 est
88 2537 137 2564 Dei
155 2536 299 2567 inimicus,
326 2539 354 2562 et
380 2537 481 2563 sanctis
505 2536 632 2563 Patrihus
654 2542 793 2572 repugnat.
813 2548 822 2564 ι

26 2572 153 2600 Joannes
167 2571 359 2598 Antiochenus
375 2571 528 2606 ubisrtpra,
545 2579 605 2606 pag.
622 2572 684 2599 559.

64 2608 126 2642 (66)
149 2607 275 2639 Fabric.,
289 2607 357 2641 Opp.
376 2606 404 2633 S.
425 2605 571 2642 Hippolyti,
588 2612 653 2634 tom.
672 2606 704 2640 ll,
716 2605 824 2635 Praefat.

46 2662 129 2711 ’((ἶθ)
153 2676 317 2710 Hieronym.
333 2695 341 2707 ,
363 2676 442 2710 epist.
468 2677 500 2703 ad
523 2675 666 2704 Lucinium
692 2677 759 2705 alias
780 2678 826 2709 28,

29 2721 104 2739 nunc
121 2712 151 2738 71
170 2713 239 2738 edit.
254 2711 353 2738 Venet.
369 2711 445 2742 iit-4°.
458 2717 523 2739 tom.
538 2713 558 2744 Ι,
572 2720 632 2746 pag.
644 2711 784 2742 454.num.
799 2713 826 2746 6,

30 2749 74 2787 ubi
92 2748 137 2787 sic
149 2749 189 2774 ait
211 2756 249 2787 :_¢
270 2746 310 2787 De
329 2746 664 2787 sabbatoquodquzeris,
681 2753 771 2787 utrum
786 2748 828 2787 je-

28 2782 188 2817 juuandum
212 2783 314 2817 siuet
344 2782 377 2808 de
400 2781 580 2813 Eucltaristia,
609 2790 641 2809 an
670 2781 827 2817 accipienda
880 2781 983 2811 ctSISi.

29 2812 168 2852 quotidie,
191 2812 267 2852 quod
291 2816 417 2843 Romana
441 2816 561 2844 Ecclesia
583 2822 610 2844 ct
631 2812 765 2852 Hispaniae
780 2819 829 2846 ob-
917 2819 974 2853 (ΤΞ)
994 2817 1132 2850 Galland.,
1151 2815 1278 2844 Biblioth.
1293 2815 1348 2842 PP.
1365 2820 1429 2842 tom-
1451 2813 1482 2848 ll,
1497 2821 1558 2850 pag.
1575 2812 1628 2841 513
1642 2815 1670 2839 ct

30 2859 147 2879 scrvare
163 2852 357 2889 perhibentur,
373 2853 482 2887 scripsit
497 2852 605 2887 quidem
624 2858 651 2881 et
668 2853 829 2889 Hippolytus
879 2854 941 2881 5M.

32 2889 74 2916 vir
84 2888 302 2916 disertissimus.
324 2897 334 2912 ι
