1861 3052
191 157 244 186 3'39

678 157 722 184 DE
743 157 822 184 VlTA
838 156 883 184 ET
905 153 1060 184 SCRIPTIS
1078 153 1106 181 S.
1131 153 1322 181 HIPPOLYTI.
1753 153 1796 180 540

192 211 272 241 Hunc
288 217 432 240 tractatum
451 212 502 240 sub
519 212 627 239 nomine
642 211 777 248 Hippolyti
793 212 911 240 Joannes
932 210 977 237 Pi—
991 214 1014 241 Α
1029 217 1087 236 nem
1109 209 1165 243 fore
1187 209 1303 235 humana
1321 208 1407 242 ﬁgura
1429 209 1570 240 praeditum
1590 208 1717 242 aﬂirmat,
1733 217 1797 243 quem

193 266 244 286 cus
260 259 317 293 (75)
334 258 438 293 primus
455 257 547 285 Grtcce
561 266 594 285 ac
611 258 708 286 Latine
721 258 835 286 Parisiis
851 266 897 285 an.
908 257 977 284 1557

193 303 221 331 in
243 305 331 331 lucem
356 304 430 331 dedit
451 312 513 330 cum
537 303 650 338 praefato
672 304 767 337 titulo,
785 304 831 338 qui
848 304 874 330 in
891 303 978 337 capite

192 356 259 377 mss.
276 348 361 376 Graeci
378 348 512 382 Vcnctiis,
536 350 608 377 unde
623 351 657 377 el.
674 350 762 378 editor
775 350 881 384 copiam
899 357 977 377 acce-

191 394 247 426 pit,
269 398 367 421 exstat.
394 393 515 422 insertus
537 400 579 423 est
594 397 768 430 postmodum
786 396 831 422 hic
846 401 978 423 tractatus

192 438 362 466 Hiblt'otheca:
376 440 487 467 Patrum
502 441 665 469 Parisiensis
677 442 835 476 poster-imis
849 441 978 470 editionis

192 492 266 511 tomo
280 485 339 512 ΧΠ.
353 486 458 515 Rccusa
475 487 556 514 etiam
573 488 629 515 Pici
642 488 732 515 versio
747 487 842 515 Latina
858 488 978 516 Colonia:

194 531 272 563 1563,
285 532 357 565 ιιι-8,
374 533 443 567 apud
456 533 605 561 Maternum
617 534 773 566 Cholinum,
786 539 812 561 et
828 534 860 561 ad
876 534 977 561 calcem

189 576 290 604 Justini
306 578 341 605 Μ.
359 578 445 606 Paris.
471 579 550 607 i575.
574 579 606 606 Et
623 579 649 606 in
666 580 841 607 Bibliothecis
867 580 978 607 Patrum

191 624 379 659 rnjuscunque
395 626 524 653 editionis
538 626 611 660 (7i);
635 626 716 652 etiam
733 626 825 653 Graece
838 633 870 652 ac
884 625 979 652 Latine

190 669 218 696 in
241 670 389 696 Auctuario
413 670 585 698 Bibliotheca:
603 670 713 698 Patrum
741 670 875 698 Ducaeano
890 670 977 698 Paris.

191 714 279 748 ltili,
295 720 361 743 tom.
384 715 415 742 ll.
436 716 538 743 Gallice
561 716 754 751 interpretatus
778 715 828 743 fuit
851 715 978 743 Nicolaus

192 762 216 788 le
232 762 320 793 Clerc,
334 761 446 789 Parisiis
472 762 539 790 1566
555 768 581 790 et
597 762 675 790 1579.
696 762 734 789 Ad
752 763 852 790 calcem
862 763 978 797 'iusuper

192 807 260 834 tomi
275 808 284 834 l
302 807 420 842 Operum
444 809 530 835 sancti
553 809 639 835 nostri
661 816 676 835 a
698 808 824 836 Fabricio
843 809 977 836 editorum

192 853 263 880 idem
290 858 423 880 tractatus
448 854 597 888 impressus
623 854 720 889 legitur
743 854 810 890 (75).
844 854 977 882 Observat

1029 259 1120 280 contra
1136 253 1237 281 Paulus
1250 257 1323 280 vocat
1339 253 1468 280 hominem
1482 253 1593 289 peccati.
1610 252 1749 285 Joannem,
1761 254 1798 288 qui

1029 301 1125 327 librum
1141 300 1341 334 Apocalypseos
1357 299 1480 334 scripsit,
1502 307 1560 326 cum
1577 299 1641 326 Elia
1660 304 1686 325 et
1703 298 1799 327 Enocho

1029 347 1113 373 denuo
1127 346 1274 380 alfuturum
1287 346 1363 380 ﬁngit
1373 365 1380 377 ,
1396 351 1424 372 ut
1445 345 1636 372 Anticltristum
1657 345 1798 380 redarguot,

1032 403 1041 420 ι
1055 394 1098 420 citi
1109 394 1260 426 sententia,
1278 393 1315 419 ait
1333 393 1487 419 Posscvinus
1498 412 1505 424 .
1524 400 1575 418 non
1593 397 1630 419 est
1646 392 1800 427 acquiescan-

1028 440 1101 467 dnm.
1116 449 1125 466 ι
1150 439 1262 466 Joannis
1285 439 1473 474 Apocalypsin]
1499 439 1591 465 inscite
1620 446 1668 473 pro
1696 437 1800 465 Daniele

1028 489 1148 519 usurpat.
1176 485 1285 511 Animas
1307 485 1441 510 hominum
1468 492 1485 510 a
1508 484 1611 511 saeculis
1635 484 1718 518 fuisse
1742 484 1802 518 affir-

1029 536 1082 557 mat
1094 552 1101 564 ,
1118 531 1186 566 quod
1209 531 1260 566 fuit
1286 530 1498 565 Origcnistarum
1521 531 1693 565 figmentum:
1709 529 1802 564 aliaque

1028 582 1090 604 sunt
1121 577 1177 612 ejus
1212 576 1305 604 crebra
1337 576 1469 603 insomnia
1498 582 1575 611 atque
1611 576 1707 602 delirio
1738 575 1802 611 (80),

1028 623 1120 658 quibus
1138 623 1270 658 perpensis
1297 631 1348 649 non
1370 631 1507 657 possumus
1532 622 1646 654 adduci,
1675 626 1704 648 ut
1723 622 1805 648 creda-

1029 677 1086 695 mus
1104 668 1222 695 libellum
1245 670 1314 696 hunc
1333 677 1388 696 esse
1403 669 1495 696 ceteris
1516 669 1588 695 illius
1607 669 1740 703 episcopi,
1758 672 1805 695 etc.

1029 714 1165 742 Hactenus
1182 714 1303 742 Rivetus.
1327 714 1409 742 Ellies
1435 714 1521 748 Dupin
1537 714 1632 741 Rivelo
1652 714 1806 748 suffragatus

1029 760 1124 787 iisdem
1137 759 1194 787 fere
1208 760 1360 788 rationibus
1375 760 1460 788 utitur
1474 760 1542 794 (81).
1561 759 1613 787 Sed
1629 763 1656 786 et
1671 768 1685 786 a
1700 759 1807 787 Combe-

1028 806 1089 833 iisio
1107 806 1280 833 observatum
1300 811 1342 834 est
1358 807 1384 833 in
1411 805 1512 834 Catena
1535 805 1645 833 Patrum
1666 806 1759 834 Grai-ca
1778 806 1808 833 ad

1028 851 1171 880 .leremiam
1197 852 1279 879 verba
1305 852 1427 887 quedam
1453 859 1487 879 ex
1519 851 1663 887 Hippolyto
1689 851 1807 887 allegari,

192 897 368 925 doctissimus
382 897 570 925 Tillemontius
586 899 641 933 (76)
657 899 748 933 plures
764 899 838 926 viros
854 899 976 927 eruditos
994 898 1015 925 Β
1030 906 1091 932 qua:
1112 899 1139 925 in
1154 898 1279 926 Gudiano
1293 897 1436 933 Hippolyto
1447 918 1454 931 ,
1469 906 1523 925 non
1539 904 1628 925 autem
1644 897 1672 924 iu
1691 897 1744 924 hoc
1758 897 1809 924 Pici

193 943 227 970 ah
252 943 329 970 initio
351 944 424 972 hunc
447 945 567 972 libellum
590 947 662 972 velut
683 946 830 980 genuinum
847 946 977 980 scriptum

193 989 328 1023 recepiSSe
351 989 423 1024 (77),
439 990 485 1024 qui
502 995 590 1017 tamen
608 991 660 1017 sibi
687 991 821 1025 imperare
850 999 904 1018 non
929 999 978 1026 po-

193 1039 278 1066 tuere,
290 1036 436 1070 quominus
453 1036 676 1069 condemnarent,
692 1037 763 1071 quod
779 1037 806 1063 iu
821 1044 854 1064 eo
870 1037 977 1073 legitur,

192 1079 322 1107 Joannem
335 1082 527 1116 evangelistam
539 1081 654 1109 necdum
669 1090 730 1110 esse
744 1087 893 1116 mortuum,
906 1083 980 1118 quod

195 1134 290 1153 revera
305 1127 386 1154 etiam
403 1135 498 1162 parum
513 1129 625 1162 dignum
643 1135 704 1155 esse
717 1128 824 1156 videtur
840 1133 915 1156 tanto
931 1129 980 1156 do-

193 1176 268 1200 ctore
292 1172 435 1205 Ecclesize,
459 1178 570 1208 tamque
587 1173 704 1205 celebri,
721 1174 769 1208 qui
783 1173 863 1201 tertio
880 1173 980 1201 sweulo

192 1219 270 1251 vixit,
282 1223 362 1253 atque
378 1219 404 1245 in
421 1219 538 1253 genuino
552 1219 620 1247 libro
639 1219 678 1246 De
691 1219 855 1246 Antichristo
869 1224 981 1247 contra-

193 1265 263 1291 rium
279 1265 359 1292 etiam
376 1265 476 1292 diserte
496 1270 612 1292 testatus
630 1270 671 1293 est
689 1265 762 1301 (78);
777 1271 941 1301 quapropter
954 1271 982 1293 et

193 1312 285 1345 prius,
311 1319 393 1347 quam
419 1320 501 1339 verus
526 1312 571 1340 ille
594 1312 632 1339 De
658 1311 823 1338 Antichristo
849 1316 981 1340 tractatus

193 1356 290 1384 fuisset
304 1362 436 1392 repertus,
451 1365 505 1384 non
519 1358 599 1393 pauci
613 1366 674 1385 eum
688 1362 818 1392 tanquam
835 1357 935 1385 falsum
949 1365 982 1384 ac

194 1402 361 1430 subditiuum
375 1403 544 1438 rejccerunt,
562 1411 594 1431 ac
607 1404 688 1439 longe
701 1404 820 1438 junioris
840 1403 983 1438 scriptoris

194 1449 270 1475 illum
290 1456 350 1476 esse
363 1453 536 1484 putaverunt.
554 1451 628 1477 Inter
651 1450 702 1477 hos
716 1457 814 1485 agmen
829 1449 904 1476 ducit
925 1448 982 1475 An-

193 1495 275 1522 dreas
286 1493 400 1523 Rivetus
419 1495 475 1531 (79)
489 1495 536 1530 qui
558 1496 595 1522 ita
615 1496 648 1523 de
669 1495 722 1522 hoc
744 1495 836 1522 libello
849 1495 955 1530 iudicat
974 1503 982 1520 :

194 1539 315 1574 Exiguus
329 1540 442 1574 libellus,
454 1542 534 1574 pretii
549 1549 611 1575 pene
626 1541 737 1573 nullius,
751 1549 796 1567 nec
808 1540 869 1575 ﬁdei
879 1539 983 1575 quidem

194 1586 316 1620 majoris.
339 1587 481 1614 Auctorem
506 1587 588 1621 fuisse
614 1587 782 1614 illitteratum
809 1591 887 1620 atque
906 1577 1020 1612 intlo-C

194 1637 286 1665 ctum,
309 1640 369 1658 cum
394 1639 426 1658 ea:
451 1632 506 1666 ipso
525 1631 624 1659 Cra-ctu
650 1633 772 1659 dictionis
789 1639 897 1667 genere,
914 1631 982 1666 quod

194 1677 346 1712 plerumque.
370 1677 472 1713 puerile
494 1683 549 1710 est,
577 1683 632 1705 tum
659 1686 691 1705 ex
715 1678 753 1705 rei
773 1678 884 1705 veritate
907 1683 983 1714 atque

195 1723 305 1756 pandere
318 1729 437 1758 apparet.
455 1723 575 1750 Primam
589 1724 652 1751 libri
669 1725 827 1751 sententiam
844 1724 984 1751 exorditur

195 1768 228 1794 ab
241 1768 325 1800 enim,
340 1769 403 1804 γάρ,
416 1769 484 1804 quod
496 1777 526 1795 ne
540 1777 602 1803 puer
611 1769 716 1804 quidem
729 1769 756 1795 in
771 1768 859 1795 schola
874 1769 981 1804 faceret.

197 1813 298 1841 Multas
313 1814 389 1841 habet
403 1814 435 1841 de
452 1814 587 1841 natalibus
603 1819 627 1840 ct
641 1815 696 1841 vita
718 1814 877 1841 Antichristi
892 1815 983 1841 inanes

196 1861 374 1895 conjecturas.
388 1860 582 1887 Antia/aristam
598 1868 649 1886 non
665 1860 807 1893 hominem,
824 1860 869 1887 sed
883 1859 983 1887 dit-mo-

234 1937 290 1972 (75)
308 1936 372 1964 Fuit
384 1937 407 1963 is
426 1936 555 1964 classium
573 1937 807 1971 inquisitoriarum
822 1937 985 1966 Parisiensis

197 1978 309 2000 senatus
326 1973 443 2007 primum
462 1972 622 2006 praefectus,
637 1977 729 2007 postea
744 1973 893 2000 canonicus
909 1973 985 2000 Pari-

197 2008 308 2036 siensis.
318 2006 420 2034 Nomen
435 2008 494 2041 ejus
505 2007 629 2034 Latinum
638 2006 683 2034 est
696 2007 788 2039 Picus,
801 2009 871 2043 quod
885 2007 986 2036 Gallice

168 2052 173 2057 '
197 2043 308 2078 quidam
323 2043 422 2070 eruditi
437 2043 613 2078 (lc-signarunt
627 2051 675 2077 per
687 2043 744 2070 Pic.
760 2042 835 2070 Unde
847 2043 881 2070 cl.
897 2043 986 2078 Dupin

198 2077 312 2106 crrouce
333 2078 426 2105 Picum
444 2077 662 2104 Mirandulanum
681 2079 812 2105 editorein
839 2077 986 2107 arbitratus

198 2119 240 2141 est
260 2113 388 2141 Biblioth.
405 2117 507 2139 auctor.
524 2118 590 2139 tom.
611 2113 634 2145 Ι,
652 2121 712 2148 pag.
725 2114 775 2139 177
800 2113 872 2146 Lat.,
888 2113 985 2142 Colon.

199 2149 252 2176 Sed
271 2157 363 2176 verum
379 2150 439 2183 ejus
454 2155 553 2174 nomen
577 2148 710 2175 Gallicum
726 2153 768 2175 est
782 2148 874 2180 Picot,
888 2156 986 2182 quem—

198 2185 345 2211 admodum
370 2185 485 2211 babetur
509 2184 537 2209 in
562 2183 700 2219 privilegio
725 2191 773 2218 pro
798 2183 986 2218 imprimendis

199 2221 259 2254 ejus
275 2220 415 2254 operibus.

1031 944 1213 979 reperiuntur.
1237 944 1338 971 Eodem
1360 943 1523 971 Combeiisio
1545 944 1634 979 judice
1649 943 1706 978 (82)
1733 943 1809 977 illud,

1032 989 1104 1024 quod
1118 989 1253 1025 Hippolyti
1267 989 1378 1016 nomine
1395 996 1465 1024 opus
1486 988 1524 1016 De
1538 989 1702 1016 Antichristo
1725 989 1810 1016 hacte-

1031 1043 1084 1063 nus
1097 1035 1203 1070 pluteos
1226 1039 1404 1068 oneraverat,
1428 1035 1564 1070 sequioris
1586 1035 1698 1063 Graecia:
1724 1042 1812 1062 monu-

1032 1089 1153 1109 mentum
1169 1086 1227 1115 est,
1244 1089 1275 1109 ac
1289 1083 1369 1117 plane
1383 1082 1560 1110 stramineum
1573 1101 1581 1113 ,
1595 1082 1662 1108 nihil
1675 1081 1727 1109 aevi
1746 1081 1812 1109 illius

1033 1128 1214 1156 sinceritatem
1228 1128 1369 1161 redoleas,
1392 1132 1439 1155 aut
1454 1135 1549 1155 venam
1565 1127 1656 1162 magni
1674 1135 1738 1155 cum
1753 1127 1812 1155 sim-

1033 1174 1152 1208 plicitate
1168 1174 1306 1209 theologi,
1331 1174 1452 1209 satisque
1474 1173 1502 1200 in
1528 1173 1676 1208 Scripturis
1700 1173 1812 1206 versati;

1034 1221 1112 1255 cujus
1125 1228 1224 1256 parens
1236 1228 1268 1248 eo
1290 1221 1350 1255 ipso
1372 1228 1520 1256 persuasus
1540 1219 1637 1253 fuerit,
1660 1220 1736 1255 quod
1751 1221 1813 1247 scri-

1034 1267 1121 1302 psisse
1142 1266 1315 1302 Hippolytum
1342 1266 1379 1294 De
1403 1267 1567 1294 Amic/triste
1593 1267 1664 1301 apud
1690 1267 1815 1301 antiquos

1034 1313 1219 1348 pervulgatum
1231 1313 1276 1340 sit.
1289 1312 1387 1340 Mirum
1400 1312 1522 1347 profecto
1531 1313 1614 1348 quod,
1628 1317 1668 1340 tot
1682 1313 1816 1347 tantisque

1035 1363 1129 1386 contra
1141 1359 1309 1386 authentiam
1326 1359 1407 1394 hujus
1421 1360 1514 1395 scripti
1530 1359 1666 1387 stantibus
1681 1359 1816 1388 rationum

1035 1405 1192 1436 momentis,
1206 1405 1270 1432 illud
1289 1411 1376 1433 tamen
1395 1410 1425 1432 ut
1440 1405 1625 1433 authenticum
1640 1405 1670 1432 S.
1683 1404 1816 1440 Hippolyti

1035 1457 1104 1485 opus
1138 1449 1282 1485 perdoctus
1314 1449 1418 1478 Natalis
1440 1450 1593 1478 Alexander
1619 1450 1769 1478 defendere
1789 1457 1818 1478 ac

1037 1495 1110 1523 tueri
1124 1500 1239 1524 conatus
1256 1495 1339 1524 fuerit
1353 1496 1420 1532 (85).

1300 1572 1496 1602 ARTICULUS
1519 1573 1552 1601 ll.

1034 1650 1068 1670 DE
1085 1650 1275 1670 COMMENTAHIO
1296 1651 1305 1667 ί
1321 1650 1347 1669 IN
1363 1649 1537 1669 M'OCALYPSIN
1548 1663 1554 1674 ,
1569 1650 1579 1667 δ
1599 1649 1750 1669 TRACTATU
1766 1650 1776 1666 (
1791 1649 1820 1667 DE

1067 1685 1201 1705 DUODECIH
1218 1685 1372 1709 APOS'I'OIJS.
1387 1687 1395 1702 Ι
1413 1686 1448 1704 ΕΤ
1471 1685 1533 1704 ALIO
1552 1686 1560 1702 ί
1575 1685 1608 1703 DF.
1628 1684 1681 1703 LXX
1704 1684 1820 1703 DISCIPU-

1069 1721 1120 1746 LIS,
1137 1723 1146 1738 D
1164 1720 1264 1740 SANCTO
1280 1720 1426 1740 lllPl’ULYTO
1441 1720 1543 1739 NOSTRO
1561 1719 1642 1739 FALSO
1657 1719 1805 1739 ASCRII‘TIS.

1052 1784 1066 1821 §
1081 1783 1101 1811 Ι.
1122 1784 1160 1811 De
1176 1767 1365 1821 commentario
1379 1783 1407 1810 in
1417 1783 1595 1821 Apocalypsin
1607 1782 1677 1816 falso
1692 1781 1725 1809 S.
1743 1781 1807 1816 Hip-

1319 1820 1408 1853 polyto
1425 1819 1532 1846 tributo.

1072 1861 1165 1891 Sixtus
1183 1862 1312 1891 Senensis
1326 1863 1436 1898 scripsit
1449 1863 1519 1898 (84),
1540 1861 1614 1898 quod
1639 1861 1747 1897 reperti
1770 1861 1824 1888 fue-

1037 1948 1182 1967 consumm.
1202 1940 1313 1972 mundi,
1336 1948 1413 1967 num.
1437 1939 1469 1966 2|
1484 1940 1511 1974 ),
1528 1939 1554 1966 in
1580 1946 1634 1973 quo
1655 1938 1690 1965 de
1709 1939 1827 1966 falsitate

1036 1976 1208 2010 redarguitur
1222 1983 1236 2002 a
1250 1974 1389 2010 Scriptura
1401 1975 1494 2010 (Apoc.
1506 1983 1543 2006 ιι,
1557 1974 1825 2010 13);Antichristuiu

1036 2009 1185 2037 daemonem
1202 2018 1264 2038 esse
1281 2009 1332 2037 sub
1349 2009 1437 2043 specie
1454 2011 1572 2037 humana
1589 2014 1786 2044 apparentem.
1802 2009 1826 2035 iu

1037 2053 1091 2079 quo
1108 2049 1134 2072 et
1149 2045 1234 2072 Paulo
1250 2045 1287 2080 (ll
1306 2046 1339 2072 ad
1355 2045 1478 2072 Thessal.
1494 2044 1551 2080 ιι),
1566 2049 1593 2072 ct
1607 2045 1658 2078 ipsi
1678 2044 1826 2080 Hippolyto

1036 2081 1085 2107 lib.
1099 2080 1136 2106 De
1152 2080 1270 2111 Amic/1.,
1281 2088 1358 2108 num.
1374 2081 1390 2108 5
1404 2085 1430 2107 et
1441 2081 1468 2112 6,
1484 2080 1654 2112 contradicit,
1670 2081 1721 2113 qui
1737 2086 1827 2106 verum

1038 2115 1176 2143 hominem
1193 2115 1389 2142 Antichristum
1403 2119 1533 2142 statuunt.
1551 2115 1588 2142 Ea
1612 2123 1727 2149 quoque
1740 2135 1748 2145 ,
1771 2121 1830 2148 qua:

1037 2151 1071 2177 de
1087 2151 1229 2178 monachis
1244 2151 1339 2177 scribit
1354 2159 1430 2177 num.
1447 2151 1472 2183 7,
1484 2155 1510 2177 et
1525 2150 1558 2177 de
1570 2151 1683 2177 incenso
1699 2150 1729 2176 in
1745 2150 1829 2176 eccle-

1038 2187 1087 2213 siis
1101 2185 1222 2212 adhibito
1247 2193 1324 2212 num.
1341 2186 1391 2217 34,
1415 2187 1487 2212 clare
1511 2186 1659 2212 ostendunt
1686 2189 1828 2211 auctorem

1039 2228 1099 2248 esse
1114 2221 1213 2248 smculo
1230 2221 1310 2247 tertio
1325 2221 1502 2254 posteriorem
1514 2240 1521 2252 ,
1541 2221 1567 2247 in
1583 2227 1637 2255 quo
1661 2223 1756 2247 status
1772 2226 1829 2246 mo—

235 2252 300 2291 (74)
312 2255 440 2282 Biblioth.
459 2254 518 2281 PP.
541 2253 666 2289 Lugdun.
692 2258 759 2281 tom.
780 2252 813 2280 lii
824 2274 831 2287 ,
847 2261 908 2289 pag.
921 2253 988 2281 255-
1004 2254 1025 2282 D
1041 2256 1161 2283 nasticus
1176 2256 1299 2283 nondum
1314 2252 1395 2282 notus
1417 2255 1515 2286 fuerat.
1528 2252 1615 2290 neque
1637 2255 1749 2281 incensi
1765 2261 1830 2291 usus

238 2325 293 2358 [75)
314 2324 452 2360 llippolyt.
469 2323 536 2358 Opp.
556 2328 620 2351 tom.
636 2323 665 2356 Ι,
689 2323 810 2360 Append.
832 2330 893 2358 pag.
911 2323 987 2360 4:29.

234 2360 291 2394 (7b)
312 2359 458 2387 Tillcmont
472 2381 479 2392 ,
494 2359 615 2386 Mémoir.
631 2366 696 2386 toni.
712 2359 754 2390 ιιι,
767 2363 823 2385 ιιοι.
839 2359 867 2391 6,
883 2366 910 2393 p.
924 2359 986 2386 5l2.

235 2395 292 2431 (77)
300 2394 533 2431 Heilm-minusﬂe
544 2396 684 2429 scriptor.;
696 2394 794 2431 Bardi).
804 2394 836 2431 ad
847 2402 911 2431 ann.
924 2394 987 2431 229,

201 2428 214 2460 ᾗ
230 2428 287 2463 10;’
298 2430 395 2461 Labb.,
415 2430 513 2464 Script.
534 2430 638 2459 ecrlcs..
655 2438 717 2464 pag.
733 2429 801 2462 471;
817 2428 921 2462 Bullus,
939 2429 988 2455 De-

201 2466 267 2499 tens.
280 2466 327 2499 rid.
345 2465 419 2498 Nic.,
433 2465 480 2491 lib.
492 2473 533 2496 lll,
549 2473 608 2500 pag.
626 2466 651 2492 8.

236 2498 293 2537 (78⁷)
314 2499 377 2537 Hinc
395 2501 459 2537 sola
476 2498 681 2537 circumstantia
692 2520 700 2532 ,
716 2499 806 2534 judice
828 2498 905 2537 Remi
920 2499 989 2537 Ceil—

201 2535 251 2562 lier
268 2541 334 2562 tom.
348 2536 370 2562 11
390 2536 462 2562 (list.
476 2536 563 2570 génér.
578 2536 622 2562 des
640 2540 756 2568 nutenrs,
773 2543 834 2569 pag.
851 2535 913 2565 560,
932 2535 989 2562 suf-

201 2571 257 2597 ficit
271 2571 303 2597 ad
320 2571 563 2597 deinonstramlum
593 2571 733 2605 pra-fatum
758 2570 795 2596 De
822 2578 989 2596 consumma-

201 2607 271 2632 tione
288 2606 378 2632 mundi
397 2610 551 2637 tractatum,
564 2606 666 2633 domini
682 2607 715 2632 de
725 2605 801 2632 i’icot
813 2605 987 2639 impressum,

205 2648 256 2666 non
274 2649 333 2667 esse
349 2642 435 2667 sancti
452 2640 603 2676 Hippolyti;
629 2641 675 2668 sed
689 2641 831 2672 habemus,
851 2641 937 2675 pergit
952 2640 987 2666 cl.

201 2675 310 2702 Ucillier
323 2696 329 2708 ,
347 2677 399 2703 alia
412 2684 520 2710 quoque
541 2675 618 2710 Iunge
634 2677 802 2703 evidentiora
817 2678 987 2709 argumenta.

204 2710 237 2737 Ut
251 2711 323 2737 cuitu
337 2711 405 2747 nihil
420 2712 508 2738 dicam
522 2711 555 2738 dc
569 2713 638 2747 stylo
651 2711 745 2737 humili
763 2718 794 2737 ac
809 2710 988 2747 puerili,_cum

201 2750 312 2773 econtra
333 2746 470 2782 Hippolyti
496 2747 583 2782 stylus
596 2744 693 2782 'grayis
716 2750 789 2773 esset
805 2751 832 2772 et
852 2744 988 2782 sublimis,

201 2786 298 2807 auctor
328 2780 398 2809 facta
428 2780 548 2809 defendit
571 2780 613 2808 ac?
627 2781 725 2813 refert,
748 2787 865 2814 quorum
882 2780 988 2806 falsitas

202 2816 346 2844 manifesta
360 2822 401 2844 est
415 2818 552 2845 omnibus.
576 2818 635 2848 Sic,
651 2816 769 2850 exempli
789 2815 890 2849 gratia,
909 2815 990 2841 tradit

201 2849 333 2878 Joannem
349 2860 410 2880 cum
435 2852 492 2879 Elia
509 2857 536 2879 et
556 2852 666 2878 Euoctio
690 2856 835 2877 venturum
862 2851 895 2876 ad
913 2849 989 2876 testi-

203 2888 324 2915 monium
343 2888 539 2924 pcrhibeudum
554 2892 649 2915 comm
662 2885 860 2914 Antichristum
878 2884 936 2921 (lib.
951 2883 990 2912 De

1042 2291 1177 2326 stabilitus
1188 2311 1195 2323 ,
1211 2291 1264 2317 nisi
1281 2291 1371 2326 quoad
1388 2291 1551 2326 sepulturam
1571 2288 1756 2326 imortuoruni
1769 2310 1777 2322 ,
1793 2288 1830 2315 uti

1041 2334 1075 2352 ex
1099 2325 1258 2353 Tertulliani
1281 2325 1412 2353 discimus
1432 2326 1591 2352 tractatibus
1624 2325 1663 2351 Dc
1695 2330 1831 2359 spectat,

1041 2368 1065 2388 ο.
1083 2361 1130 2390 ii;
1143 2360 1180 2396 De
1193 2369 1300 2396 corona,
1316 2368 1339 2387 ιτ.
1358 2361 1391 2387 it)
1403 2360 1575 2396 ;_Apologet.,
1593 2359 1670 2396 οη
1685 2364 1716 2386 et
1734 2359 1782 2386 ei.

1077 2396 1135 2431 (79)
1155 2395 1257 2429 llivct.,
1273 2395 1340 2423 Crit.
1358 2396 1405 2423 lib.
1416 2395 1455 2428 in,
1470 2403 1494 2422 c.
1514 2396 1557 2428 Η,
1570 2403 1599 2431 p.
1613 2395 1678 2422 215.

1077 2428 1134 2467 (80)
1157 2431 1256 2466 Excipe
1283 2435 1372 2467 tamen
1405 2438 1464 2464 qua:
1478 2428 1740 2467 auctor-docet_de_
1753 2428 1832 2467 Verbi

1041 2464 1191 2494 aeternitate
1204 2486 1211 2499 ,
1224 2464 1366 2492 'sacriiicio
1382 2466 1502 2499 corporis
1518 2470 1545 2492 et
1561 2465 1703 2499 sanguinis
1723 2464 1833 2492 Domini

1041 2502 1128 2529 nostri
1143 2501 1207 2528 Jesu
1229 2501 1329 2528 Christi
1343 2521 1350 2532 ,
1367 2505 1460 2535 utpote
1475 2506 1569 2528 sancto
1585 2499 1738 2534 Hippolyto
1760 2508 1835 2527 sum-

1042 2545 1068 2564 lll
1073 2545 1152 2571 opere
1163 2536 1343 2572 rCOllgl‘llEllllﬂ
1349 2555 1356 2562 .

1078 2569 1134 2606 (81)
1155 2569 1282 2599 ΒὶῡιώιΙι.
1308 2575 1410 2599 auctor.
1433 2576 1501 2598 tom.
1517 2570 1544 2604 Ι,
1569 2571 1678 2606 Dupin.,
1697 2577 1767 2605 pag.
1783 2569 1832 2596 179

1042 2607 1106 2634 edit.
1122 2607 1180 2633 Lat.
1195 2606 1290 2633 Colon.

1079 2642 1134 2676 (82)
1147 2642 1291 2669 Conibctis.
1303 2661 1310 2674 ,
1326 2640 1403 2667 Prmf.
1419 2646 1544 2668 notarum
1561 2641 1586 2668 in
1598 2641 1701 2669 librum
1722 2639 1754 2668 S.
1773 2639 1836 2673 Hip-

1041 2675 1130 2712 polyti
1142 2678 1288 2711 genuinum
1318 2676 1353 2702 De
1368 2677 1550 2712 rintichristo,
1577 2681 1604 2703 et
1624 2676 1696 2710 apud
1723 2675 1835 2703 Fabric.

1043 2710 1110 2747 Opp.
1126 2710 1277 2747 Siriitppol.
1295 2716 1360 2738 tom.
1375 2710 1395 2739 Ι,
1413 2713 1533 2746 Append.
1547 2720 1606 2747 pag.
1624 2713 1650 2739 6.

1080 2745 1135 2781 (85)
1155 2745 1242 2773 Natat.
1256 2746 1400 2781 Alexand.,
1419 2745 1491 2774 Hist.
1506 2745 1686 2780 eccl.,‘saecul.
1703 2753 1752 2779 ιιι,
1765 2753 1792 2773 c.
1809 2745 1837 2778 Δ,

1044 2787 1095 2809 art.
1113 2783 1138 2814 i,
1156 2790 1182 2816 p.
1201 2783 1245 2809 62.

1081 2817 1250 2880 Sixtus
1276 2816 1414 2850 Senensis,
1441 2817 1486 2845 lib.
1517 2825 1543 2845 tv
1562 2816 1690 2846 Biblioth.
1716 2822 1837 2849 sanctis.
