1861 3052
52 154 95 182 3H
535 159 579 188 DE
603 161 682 189 VITA
703 162 747 190 ET
768 162 923 191 SCRIPTIS
945 163 974 192 S.
989 163 1169 192 lllPPOLYTl

1618 170 1670 198 542

51 224 99 252 rm
116 225 311 260 superioribus
335 228 414 256 annis
433 229 546 258 Bagam
569 233 757 260 commentarii
771 234 832 268 qui,
847 225 870 254 Α
885 224 1014 258 apostolis
1040 225 1141 252 mentio
1164 224 1218 251 liat.
1237 223 1402 260 Opusculum
1425 229 1478 254 hoe
1493 234 1668 263 pcrcxtguum

50 270 106 298 dam
127 271 154 297 in
177 273 367 308 Apocalypsin
383 274 524 310 Hippolyto
538 277 670 311 inscripti,
691 278 724 305 de
739 279 833 313 quibus

50 317 77 343 ob
94 318 253 345 eruditionis
271 324 298 346 et
312 320 375 355 styli
389 321 505 356 inopiam
519 323 672 358 ambigitur.
685 323 833 352 Perductus

51 361 156 390 Rivetus
172 363 229 399 (85)
248 365 371 400 conjicit,
389 366 460 394 hunc
480 367 705 397 Commentarium
721 371 748 398 in
763 371 832 406 Apo-

49 408 164 444 calypsin
182 409 275 438 forsan
300 411 373 439 haud
396 412 531 441 diversum
556 422 625 450 opus
649 423 709 443 esse
731 417 765 444 ab
788 424 831 449 eo.

48 455 115 489 quod
130 455 216 484 edidit
229 456 310 484 Picot
326 466 373 485 seu
390 458 470 488 Picus
493 460 586 488 Grazce
607 469 639 489 ac
664 462 759 490 Latine
782 464 833 491 sub

47 499 122 528 titulo
138 510 145 528 :
163 501 202 528 De
216 505 443 532 consummatione
458 506 560 539 mundi,
574 511 599 534 et
614 507 645 534 de
657 508 830 536 Antichristo.

47 545 152 578 Nescio,
166 548 257 583 inquit
275 549 320 577 hic
335 550 454 583 criticus,
472 560 506 578 an
517 553 552 579 sit
567 553 635 580 idem
651 554 726 588 liber,
740 555 772 582 de
782 564 832 590 quo

46 591 137 619 Simus
156 592 280 621 Senensis
300 595 346 621 lib.
361 603 387 623 Iv
402 597 541 632 scripsit...
560 598 620 626 Sive
636 600 705 627 idem
721 601 766 635 sit,
780 603 832 630 sive

45 638 122 671 alius,
138 639 231 666 eadem
245 646 284 668 est
299 641 448 677 ambigendi
463 644 541 672 ratio.

60 706 120 741 §ll.
145 707 290 736 Tractatus
310 709 342 736 de
365 707 500 751 duodecim
526 703 662 748 apostolis~
674 715 814 752 Hippolyto

361 751 521 780 suppositus.

77 807 136 836 Sub
154 811 267 839 nomine
287 811 316 839 S.
332 811 467 850 Hippolyti
485 815 511 842 in
532 815 696 845 Bibliotheca
716 818 832 846 Patrum

44 853 220 890 Lugdunensi
234 857 290 894 (86)
306 863 332 886 et
345 860 415 894 apud
432 861 624 890 Comhefisium
643 864 670 890 in
684 865 828 893 Aucluario

885 269 922 295 nil
937 273 987 302 est,
1004 269 1056 296 nisi
1077 270 1216 305 catalogus
1239 275 1340 298 temere
1355 273 1561 300 consarcinatus
1573 273 1606 300 de
1617 282 1669 300 ιν(

883 314 1034 349 discipulis,
1051 323 1200 350 eorumque
1221 317 1365 352 praecipuis
1378 318 1600 353 proprietatibus,
1619 326 1670 353 po-

883 359 1016 387 tissimum
1033 368 1048 388 e
1066 361 1208 395 phantasia
1237 363 1370 396 conﬁctis,
1398 369 1480 398 atque
1509 364 1590 391 etiam
1620 372 1670 392 noo

883 405 1003 432 minibus
1032 405 1101 434 falso
1129 407 1286 441 attributis;
1316 409 1388 436 unde
1406 409 1486 436 etiam
1515 410 1591 437 nullo
1609 418 1670 437 mo»

881 451 917 478 do
937 456 1056 479 meretur
1072 460 1127 487 prm
1149 460 1178 480 se
1201 453 1270 480 ferre
1286 461 1384 481 nomen
1398 456 1484 483 sancti
1499 456 1585 483 nostri
1602 455 1669 491 Hip—

881 496 974 532 polyti.
1000 497 1056 530 Sic,
1071 499 1185 534 exempli
1206 507 1298 532 causa,
1314 500 1436 535 plurima:
1451 509 1575 536 persona:
1598 502 1668 530 inter

881 542 1030 577 discipulos
1051 543 1158 571 Domini
1175 551 1349 572 recensentur
1366 546 1419 579 hic,
1433 555 1494 582 qua:
1508 552 1596 576 tamen
1614 549 1668 584 pri-

882 595 957 614 mum
975 593 1037 623 post
1048 590 1265 624 praedicationem
1281 590 1308 618 S.
1321 591 1397 619 Pauli
1409 594 1525 628 apostoli
1541 594 1573 621 ad
1586 595 1666 622 fidem

881 638 1019 660 conversa:
1045 633 1166 667 fuerunt,
1188 639 1269 670 atque
1302 643 1498 672 consequenter
1527 647 1666 675 nunquam

881 676 953 704 inter
970 678 1119 714 discipulos
1136 681 1285 709 Salvatoris
1302 683 1451 718 computari
1466 690 1588 718 possunt.
1600 685 1666 712 Dein

880 722 962 750 tradit
982 724 1026 752 hic
1048 731 1152 759 auctor,
1169 727 1242 761 quod
1257 735 1368 756 sanctus
1390 728 1497 757 Marcus
1512 734 1538 757 et
1555 735 1666 758 sanctus

881 768 969 797 Lucas
988 778 1003 797 e
1015 779 1128 799 numero
1145 773 1251 801 illorum
1269 774 1465 809 discipulorum
1484 775 1596 809 fuerint,
1617 778 1666 811 qui

855 802 869 825 θ’
881 821 964 849 super
979 816 1052 844 dicto
1074 816 1137 845 Jesu
1160 819 1279 846 Christi:
1297 802 1358 847 Nisi
1384 821 1442 855 quis
1469 822 1587 848 comedat
1606 802 1667 849 εἶιν-

882 867 940 886 nem
961 868 1045 888 meam
1069 868 1092 889 et
1122 862 1193 890 bibat
1211 865 1362 899 sanguinem
1383 873 1478 899 meum,
1493 874 1544 893 non
1566 871 1605 893 est
1626 875 1666 893 me

43 901 184 928 notissimo
196 901 373 931 Bibliotheca:
388 904 497 934 Patrum
517 909 635 936 occurrit
649 909 828 942 brevissimus
843 899 864 927 Β
879 904 984 940 dignus:
1010 907 1167 935 scandalum
1192 909 1276 944 passi,
1298 917 1313 936 a
1328 908 1474 938 Salvatoris
1488 911 1617 939 societate
1636 919 1666 938 se

43 951 172 976 tractatus
207 949 246 976 De
271 950 407 978 duodecim
443 954 589 988 apostolis,
617 956 724 983 ubinam
755 958 828 992 quis-

40 1001 87 1026 que
109 1001 203 1020 eorum
230 996 422 1030 praedicauerit,
440 1006 471 1025 ac
493 999 537 1026 ubi
563 1007 758 1029 consummatus
781 1005 827 1031 sit.

42 1037 110 1066 Idem
125 1044 261 1069 tractatus
277 1042 329 1070 sub
348 1043 470 1078 ejusdem
494 1047 581 1074 sancti
607 1046 696 1076 Patris
719 1050 829 1078 nomine

41 1086 176 1120 reperitur
189 1088 273 1115 etiam
288 1089 358 1117 inter
372 1099 437 1118 mss.
448 1092 540 1120 Graeca
552 1093 722 1123 bibliothecae
731 1095 829 1124 Coisli-

41 1132 127 1159 niana:
147 1133 226 1168 (87);
249 1137 383 1170 atque.ad
402 1137 503 1165 calcem
524 1140 590 1167 tomi
604 1139 615 1166 Ι
631 1139 699 1176 Opp.
720 1141 748 1169 S.
765 1142 828 1178 [lip-

41 1177 122 1212 polyti
143 1177 237 1206 Graece
256 1187 288 1207 ac
307 1180 401 1208 Latine
417 1183 487 1218 typis
501 1191 618 1213 exeusus
633 1191 675 1214 est
689 1186 756 1221 (88).
772 1177 827 1216 0b-

41 1228 149 1250 sen'ant
165 1224 282 1260 insuper
305 1226 356 1253 viri
377 1229 474 1256 eruditi
493 1229 630 1259 laudatum
650 1237 793 1262 tractatum
811 1243 826 1262 a

40 1267 162 1310 (λεὼ-(τοο
175 1270 234 1305 (89)
258 1279 290 1299 ac
312 1272 443 1302 Michaele
460 1275 542 1312 Glyca
563 1278 614 1305 sub
637 1281 722 1307 sancti
740 1281 827 1308 nostri

40 1306 150 1340 nomine
162 1314 276 1349 allegari
294 1316 360 1352 (90).
378 1317 478 1347 Verum
498 1320 595 1349 borum
616 1323 731 1352 duorum
754 1325 827 1354 Grac-

40 1357 163 1386 euiorum
182 1360 255 1388 haud
279 1366 353 1390 tanta
368 1369 410 1392 est
426 1367 586 1400 auctoritas,
599 1374 629 1396 ut
642 1377 736 1398 eorum
754 1372 826 1400 nudo

39 1410 144 1432 asserto
164 1406 245 1434 (idem
263 1408 363 1436 habere
378 1409 535 1440 debeamus.
553 1413 612 1448 Ipse
633 1420 722 1443 autem
744 1417 827 1446 Com-

38 1450 150 1479 betisius
167 1451 270 1481 fatetur
293 1462 322 1482 se
346 1456 413 1483 nihil
434 1457 543 1492 habere,
559 1467 614 1495 quo
636 1463 732 1496 probet
754 1464 827 1492 hunc

40 1501 186 1526 tractatum
202 1507 264 1528 esse
280 1502 366 1529 sancti
382 1502 529 1539 Hippolyti,
544 1512 640 1541 praeter
655 1509 733 1536 fidem
748 1509 825 1547 Regii

38 1551 89 1570 ms.
109 1545 225 1579 codicis,
239 1554 272 1574 ex
287 1555 341 1582 quo
355 1550 508 1585 exscripsit.
522 1551 642 1588 Accedit,
657 1557 729 1590 quod
740 1545 822 1586 multa
839 1565 862 1596 α

38 1590 70 1617 de
92 1596 183 1619 morte
209 1593 396 1628 apostolorum
419 1598 614 1632 complectatur
641 1603 823 1632 recentiorum

37 1634 193 1664 Grecorum
207 1637 345 1672 ﬁgmenta,
359 1640 449 1674 qualia
459 1641 551 1680 judice
563 1643 677 1679 Dupinio
693 1646 747 1681 (91)
762 1653 825 1676 sunt

38 1683 179 1718 sequentia
198 1692 205 1710 :
222 1684 358 1712 Andream
373 1686 438 1715 olea:
453 1687 561 1716 alIixum
577 1697 592 1717 e
606 1691 674 1718 vivis
691 1694 824 1721 excessis-

39 1735 83 1760 se;
105 1727 222 1756 Joannis
244 1730 374 1765 reliquias
388 1731 416 1758 in
433 1733 492 1767 ejus
506 1735 610 1771 tumulo
625 1736 748 1766 inventas
770 1747 823 1766 non

38 1781 110 1807 esse;
126 1774 361 1804 Bartholomaaum
383 1780 457 1807 cruci
482 1780 566 1808 fuisse
580 1782 689 1810 aﬂixum
707 1792 823 1818 pronum

39 1819 66 1846 in
90 1825 188 1855 caput;
218 1820 374 1850 Matlhazum
401 1825 473 1859 apud
501 1825 617 1855 Parthos
643 1829 822 1864 praedicasse;

39 1862 169 1893 Thomam
184 1866 219 1893 ad
233 1866 326 1902 Magos
339 1869 483 1898 conciones
498 1862 651 1906 habuisscp
662 1873 689 1901 in
709 1862 825 1909 quatuor

40 1911 106 1939 locis
121 1912 202 1939 hasta
215 1913 329 1949 abiegno
341 1913 477 1943 Salamine
485 1917 642 1946 confossum
651 1927 710 1948 esse
719 1929 727 1954 ;
736 1920 825 1949 Thad-

41 1956 126 1984 dirum
145 1957 173 1984 in
197 1957 393 1993 Mesopotamia
410 1961 588 1996 prmdicasse;
605 1963 743 1993 Simonem
758 1973 824 2002 apo-

40 2002 137 2029 stolum
152 2009 251 2031 saneto
265 2004 368 2033 Jacobo
385 2006 413 2034 in
428 2007 492 2035 sede
505 2008 653 2045 episcopali
670 2010 825 2048 Hierosoly-

40 2048 139 2076 milana
153 2050 339 2084 successisse;
354 2060 415 2087 quae
438 2061 453 2081 a
472 2056 654 2084 recentiorum
670 2057 824 2087 Graecorum

39 2092 174 2129 ﬁgmentis
189 2097 275 2130 petita
290 2103 362 2132 sunt,
376 2103 405 2126 ut
419 2107 434 2127 a
453 2099 609 2136 Sophronio
622 2108 649 2130 et
665 2104 736 2132 aliis.

67 2150 80 2186 §
96 2152 143 2178 ΠΙ.
166 2151 310 2181 Tractalus
331 2154 362 2182 de
385 2164 436 2183 tu
451 2158 588 2198 discipulis
605 2159 634 2188 S.
652 2160 794 2197 Hippolyta

356 2199 515 2226 suppositus.

879 952 1063 986 segregatim;
1080 953 1125 980 sed
1144 959 1235 988 postea
1251 955 1296 982 ille
1311 963 1359 990 per
1374 955 1493 990 Petrum,
1511 957 1555 984 hic
1575 962 1664 985 autem

879 995 963 1024 Paulo
979 998 1108 1025 suadente
1123 1005 1261 1033 permotus
1275 1001 1308 1028 ad
1322 1001 1461 1029 Christum
1470 1003 1583 1036 reversi,
1596 1011 1667 1030 mar-

879 1041 950 1077 tyrio
977 1042 1060 1069 vitam
1085 1045 1311 1073 consummarint.
1330 1045 1400 1073 Dicit
1425 1055 1532 1082 quoque
1558 1047 1587 1075 S.
1605 1047 1666 1075 Cle-

879 1093 997 1116 mentem
1017 1088 1150 1117 Sardinize
1168 1090 1336 1126 episcopum,
1357 1092 1528 1120 Crescentem
1550 1094 1664 1122 Chalce-

878 1135 968 1162 donite
982 1130 1114 1164 in‘Galliis
1123 1136 1280 1172 episcopum
1297 1137 1391 1166 fuisse.
1409 1138 1483 1167 Duos
1497 1140 1578 1167 etiam
1599 1140 1665 1167 Bar-

878 1181 964 1209 nabas
989 1180 1111 1209 diversos
1132 1183 1242 1215 statuit;
1266 1191 1351 1211 unum
1374 1184 1527 1219 Mediolani,
1548 1186 1662 1214 alterum

878 1225 1015 1255 Heracleae
1029 1228 1185 1263 episcopum
1203 1229 1289 1265 tingit.
1304 1229 1437 1258 Caeterum
1454 1232 1553 1259 eruditi
1569 1232 1664 1260 obser—

877 1276 953 1305 vant,
967 1273 1094 1308 exiguum
1113 1273 1166 1301 hoc
1182 1275 1344 1309 opusculum
1371 1281 1401 1303 ut
1424 1276 1572 1311 plurimum
1597 1287 1664 1306 con-

877 1319 971 1346 venire
984 1326 1045 1346 cum
1061 1319 1328 1354 pseudo-Dorotheo,
1345 1321 1470 1357 idemque
1483 1323 1664 1352 verisimiliter

877 1371 937 1391 esse
956 1372 1017 1391 cum
1043 1365 1137 1392 eodem
1162 1366 1230 1401 (92).
1258 1366 1323 1399 Quae
1343 1372 1432 1395 autem
1452 1368 1485 1395 de
1505 1377 1557 1396 Lxx
1581 1370 1664 1398 disci-

876 1410 949 1445 pulis
967 1411 1048 1437 habet
1062 1410 1196 1439 Baronius
1217 1412 1251 1439 ad
1266 1412 1485 1449 Martyrologium
1510 1414 1663 1444 Romanum

877 1463 904 1482 ix
920 1455 1031 1490 Aprilis,
1044 1460 1071 1483 et
1086 1456 1114 1483 in
1130 1456 1276 1485 Annalibus
1291 1460 1325 1486 ad
1345 1466 1409 1486 ann.
1425 1459 1489 1487 Chr.
1503 1460 1555 1493 -Η,
1572 1468 1600 1488 n.
1616 1461 1661 1494 58,

876 1507 903 1529 et
919 1510 982 1530 ann.
997 1503 1041 1536 58,
1058 1511 1086 1530 n.
1101 1503 1146 1537 56,
1160 1504 1279 1540 allegans
1294 1505 1366 1533 hunc
1380 1505 1515 1542 Hippolyti
1527 1507 1661 1539 libellum.

877 1555 958 1583 quem
976 1549 1069 1576 Graiae
1084 1549 1180 1577 habuit
1195 1550 1321 1585 Sirletus,
1338 1559 1371 1579 ex
1386 1551 1521 1589 Hippolyti
1538 1552 1661 1581 Thebani

876 1593 1005 1622 Chronico
1020 1596 1103 1630 petita
1118 1595 1245 1624 Fabricio
1263 1597 1318 1634 (95)
1333 1598 1466 1627 videntur.
1488 1599 1583 1627 Exstat
1597 1608 1662 1628 vero

875 1641 1040 1676 perexiguus
1064 1641 1109 1668 hic
1132 1640 1239 1669 libellus
1265 1650 1327 1670 cum
1351 1644 1492 1678 superiore
1506 1645 1607 1680 scripto
1623 1645 1662 1673 De

874 1686 1013 1714 duodecim
1030 1687 1156 1722 apostolis
1177 1689 1228 1716 sub
1244 1688 1380 1725 Hippolyti
1394 1686 1503 1718 nomine
1517 1691 1544 1718 in
1561 1692 1662 1721 codici-

874 1733 926 1761 bus
941 1733 1049 1761 duobus
1063 1734 1233 1762 bibliotheca?
1248 1735 1422 1762 Coisliniana:
1437 1735 1493 1764 sive
1507 1735 1661 1771 Seguieria-

874 1786 933 1810 nat;
960 1783 991 1806 ut
1016 1783 1129 1807 testatur
1154 1779 1188 1807 cl.
1216 1779 1425 1808 Montfauconus
1453 1782 1480 1808 in
1500 1782 1660 1810 recensione

875 1832 942 1853 mss.
960 1824 1117 1853 Grzccorum
1136 1826 1209 1853 illius
1236 1826 1415 1854 bibliotheca}.
1428 1826 1568 1856 Fabricius
1584 1836 1660 1856 eum-

875 1872 937 1900 dem
962 1876 1108 1900 tractatum
1133 1877 1201 1900 tom.
1219 1873 1230 1900 Ι
1245 1873 1312 1909 Opp.
1328 1874 1357 1901 S.
1370 1874 1519 1911 Hippolyti,
1543 1884 1604 1912 pag.
1624 1877 1658 1905 4|

876 1916 1048 1953 appendicis,
1062 1917 1179 1947 inseruit
1192 1918 1283 1946 Gra‘ce
1298 1927 1330 1947 ac
1344 1918 1448 1948 Latine.

1142 1974 1341 2004 ARTICULUS
1360 1975 1403 2005 lll.

910 2030 943 2050 HE
957 2029 1027 2049 ALIIS
1040 2027 1170 2048 OPEBJBL'S
1186 2029 1208 2048 ε.
1223 2030 1369 2050 ΠΙΙΨΟΠΤΟ
1382 2031 1464 2051 FALSE
1478 2031 1624 2053 ASCHIPTIS.

944 2068 992 2104 §I.
1013 2066 1172 2103 Genealogia
1187 2066 1236 2094 SS.
1250 2067 1346 2110 diaria-
1362 2073 1386 2096 et
1400 2069 1508 2105 Iosephi
1523 2078 1587 2105 opus

1166 2108 1368 2137 supposititium.

909 2148 1076 2184 Nicephorus
1089 2149 1218 2178 Callistus
1236 2149 1292 2187 (94)
1307 2151 1405 2186 allegat
1428 2159 1459 2179 ex
1485 2156 1579 2179 sancto
1594 2151 1660 2187 Ilip-

875 2194 966 2229 polyto
991 2195 1119 2231 episcopo
1143 2195 1288 2224 Portuensi
1312 2196 1492 2232 fragmentum
1515 2198 1582 2225 satis
1596 2205 1660 2232 pro-

73 2232 236 2268 lmpressum
253 2235 334 2263 etiam
356 2237 408 2264 fuit
432 2246 447 2265 ε
470 2239 562 2268 codice
584 2241 752 2270 namcciano
771 2244 823 2272 gos
841 2238 861 2265 D
877 2239 959 2266 lixum
975 2240 1046 2268 circa
1065 2242 1250 2278 genealogiam
1268 2243 1355 2271 sancti
1370 2241 1478 2277 Josephi
1491 2246 1518 2270 et
1536 2243 1659 2270 beatissi-

41 2278 109 2306 aliud
127 2280 180 2307 sub
193 2280 317 2315 ejusdem
332 2281 468 2320 Hippolyti
484 2286 594 2314 nomine
611 2290 772 2323 opusculum
786 2290 824 2317 De

41 2330 91 2350 ux
119 2325 269 2360 discipulis,
309 2335 355 2355 seu
381 2333 410 2356 ut
432 2331 573 2367 inscriptio
590 2341 645 2368 prae
665 2343 694 2363 se
713 2336 765 2364 fert
786 2337 824 2364 De

42 2375 91 2395 ιιι
113 2371 243 2404 apostolis
257 2371 323 2399 Iesu
335 2373 450 2407 Christi;
476 2376 540 2405 licet
559 2379 633 2406 nulla
653 2380 686 2408 de
700 2381 824 2416 plurimis

20 2452 24 2470 1
76 2445 128 2481 (85)
147 2447 317 2482 Rivet.,loc.
331 2452 377 2479 cit.

21 2489 25 2501 ι
76 2482 127 2526 ﬁt!
148 2483 278 2526 liibl'iot/t.
296 2486 354 2526 [ξιξ.
366 2486 509 2526 _Lugduti:,
525 2493 591 2517 tom.
606 2489 649 2524 lll,
665 2498 693 2526 p.
706 2491 768 2520 265.

76 2517 129 2557 (si;
147 2519 280 2557 Eibliot/t.
299 2521 393 2553 CoisL.
408 2517 433 2557 [ἵ.
446 2517 508 2551 iis;

76 2553 128 2597 [88)
147 2553 271 2587 Fabric.,
296 2560 362 2583 tom.
378 2558 388 2584 l
402 2553 469 2594 Opp.
488 2559 516 2586 S.
535 2558 654 2595 Hippol.,
671 2569 733 2597 pag.
749 2562 784 2590 50
797 2568 823 2591 et

43 2593 128 2665 uisa)
147 2624 264 2665 _C_ed_ren_.
282 2626 310 2665 ut
323 2626 466 2662 Compend.
481 2629 554 2662 hist,
569 2638 596 2665 p.
612 2631 674 2658 203.

147 2657 470 2702 alichaelglycaslpart.
493 2672 521 2691 Ill
534 2657 687 2702 Ammiup.
705 2667 767 2696 259.

74 2694 127 2737 φρ
146 2694 244 2731 Dupin,
264 2694 524 2732 ιέἰιίίὶοιΙι.ἶιιιειον.⁷
549 2705 615 2728 tom.
632 2694 695 2737 Εἰ).
715 2694 775 2737 180,
795 2705 823 2732 in

145 2765 245 2802 Dupin,
264 2767 321 2795 loc.
339 2768 428 2802 citat.;
443 2769 518 2798 llemi
535 2770 652 2806 Ceillier,
666 2772 718 2800 loc.
735 2773 821 2807 citat.,

37 2802 296 2905 :légjdi'abricius,
322 2837 449 2867 Biblioth.
476 2839 573 2877 Gram,
595 2842 641 2870 lib.
660 2851 686 2877 v,
709 2848 778 2878 part.
801 2853 822 2877 ι,

875 2293 933 2312 mae
948 2285 1067 2321 Virginis
1091 2287 1158 2323 (95).
1190 2287 1290 2315 Verum
1318 2296 1370 2315 non
1395 2293 1436 2316 est
1461 2289 1655 2324 ambigendum

875 2331 941 2365 quin
958 2331 1001 2359 hic
1019 2332 1166 2361 historicus
1179 2333 1362 2360 hallucinatus
1382 2333 1472 2367 fuerit,
1484 2334 1658 2370 intelligendo

875 2381 999 2404 sanctum
1017 2377 1190 2413 Hippolytum
1206 2383 1351 2414 martyrem
1367 2387 1416 2414 pro
1429 2379 1572 2416 Hippolyto
1586 2380 1658 2408 The-

910 2454 969 2493 (94)
986 2454 1154 2490 Nicephorus
1173 2455 1289 2489 Callist.,
1315 2457 1363 2484 lib.
1388 2466 1407 2484 n
1432 2457 1536 2486 Histor.
1552 2460 1658 2493 eccles..

875 2498 934 2518 can.
954 2491 979 2518 ὅ.

896 2499 1101 2562 ῗῗρὅῗιΜθιπίηἰ
1116 2525 1202 2554 nostri
1217 2525 1244 2553 in
1261 2526 1332 2553 Hist.
1353 2527 1436 2555 littér.
1449 2528 1481 2554 de
1501 2528 1528 2554 la
1544 2528 1659 2559 France,

875 2566 941 2589 tom.
967 2562 1062 2596 l,‘-pag.
1077 2562 1141 2594 595,
1159 2562 1213 2598 duo
1237 2562 1282 2588 hic
1304 2563 1435 2598 opuscula
1459 2564 1636 2598 distinguunt
1654 2575 1659 2591 :

875 2604 959 2637 unum
981 2597 1065 2638 sc._de
1076 2597 1229 2637 genealogia
1244 2598 1329 2638 sancti
1345 2596 1465 2638 Josephi,
1478 2596 1592 2638 ejusque
1607 2603 1662 2638 tota

875 2632 995 2664 familia;
1011 2632 1124 2659 alterum
1142 2633 1269 2659 nimirum
1288 2632 1386 2659 librum
1404 2634 1437 2660 de
1453 2639 1514 2660 ortu
1533 2632 1560 2661 et
1577 2633 1662 2661 faxiti-

875 2667 910 2694 lia
934 2667 1100 2694 beatissima:
1115 2667 1248 2701 Virginis,
1266 2667 1310 2694 hic
1336 2672 1424 2694 tamen
1450 2668 1557 2696 libellus
1581 2669 1661 2702 juxta

875 2703 1005 2737 illusum]
1024 2707 1064 2729 est
1079 2703 1131 2729 nisi
1149 2702 1265 2736 epitome
1285 2702 1393 2737 prioris.
1409 2702 1559 2731 Perdoctus
1579 2703 1658 2732 Jaco-

874 2738 925 2764 bus
939 2736 1090 2770 Basnagius
1105 2738 1162 2764 suis
1175 2738 1201 2763 in
1216 2736 1452 2765 observationibus
1468 2739 1494 2765 in
1509 2739 1657 2770 Cltronicon

874 2772 1010 2807 Hippolyti
1024 2772 1143 2799 Thebani
1160 2776 1305 2807 utrumque
1325 2773 1485 2807 opusculum
1507 2774 1581 2802 velut
1602 2775 1657 2802 fra—

873 2808 1127 2844 gmentuln__operis
1142 2807 1243 2844 laudati
1260 2808 1401 2844 scriptoris
1413 2808 1483 2843 juris
1500 2810 1600 2844 publici
1618 2811 1656 2838 te-

874 2841 910 2882 cit
925 2847 991 2871 tom.
1009 2841 1043 2871 1H
1056 2841 1130 2871 Lact.
1148 2843 1271 2879 antiquit.
1286 2841 1400 2878 Cainisii,
1415 2841 1444 2879 Vp.
1461 2841 1535 2873 59⁷οι
1548 2844 1593 2875 40.
