1861 3052
49 141 91 169 με
494 139 539 168 DE
555 137 636 166 VI'I'A
662 138 706 166 ΕΤ
727 137 883 166 SCRIPTIS
899 137 928 164 Β.
949 137 1140 165 HIPPOLYTI.

1568 139 1622 167 546

49 198 211 233 composuisse
231 197 376 226 Chronicon
387 205 397 225 :
411 197 520 233 aliquod
549 198 632 234 igitur
659 199 797 234 inquiren-
811 201 834 230 Α
848 207 908 234 pag.
925 199 968 231 15,
984 199 1075 226 videre
1087 202 1139 230 est,
1156 197 1202 225 ubi
1222 198 1424 226 eruditissimus
1440 197 1629 226 Assemannus

49 243 109 275 dum,
130 243 196 278 quod
221 244 245 271 ei
272 244 381 271 attribui
408 244 502 279 possit.
526 243 622 271 Statim
647 252 706 271 sese
723 244 800 272 oll'crt

49 288 173 317 Chrotticon
186 287 318 324 Hippolyti
333 289 466 321 Thebani;
480 294 561 324 atque
576 294 717 324 propterea
733 289 800 316 falso

49 336 173 369 ascriptum
190 335 238 362 fuit
253 340 346 363 sattcto
357 342 449 362 nostro
469 337 596 370 episcopo
621 345 652 362 ac
672 336 798 370 martyri;

49 385 122 416 postea
135 380 273 415 detegitur,
295 382 367 415 quod
386 381 457 408 istud
473 390 526 408 tton
540 381 625 416 possit
640 381 711 407 illius
724 389 799 413 esse;

49 433 112 460 atque
124 427 224 453 tandem
239 427 297 453 aliis
311 427 384 454 venit
399 427 425 453 in
442 433 557 454 mentem
575 427 638 453 illttd
652 426 714 453 Julii
731 426 800 454 Alri-

48 473 94 500 cani
105 473 182 499 cidem
194 473 358 507 adjudicare.
375 473 434 500 lla‘c
445 472 564 500 Jacebtts
577 473 724 507 Basnagius
748 473 801 500 Nos

47 525 94 544 cum
105 518 181 544 altero
194 517 336 549 Basnagio,
348 517 471 544 Samnii-le
489 518 614 544 nimirum
624 517 673 552 (8),
685 517 799 544 arbitra-

47 571 103 595 ntur,
118 563 212 590 editum
235 563 268 590 ab
283 563 398 590 Henrico
413 563 532 595 Canisio,
550 563 598 590 SS.
612 571 745 590 cattonttnt
758 561 802 589 lit-

47 608 148 643 golstatlii
158 608 319 642 profcssorc,
328 609 484 636 Chronicum
495 610 569 643 longe
581 609 614 635 alt
626 608 799 636 eotliversnm

47 661 102 686 cssa,
125 656 190 686 quod
212 653 354 690 Hippolyto
373 654 500 689 episcopo
523 653 622 681 Portus
640 653 753 680 Romani
774 652 800 679 in

48 706 160 726 marmore
174 699 333 726 vindicatur.
350 700 453 734 Quippe
468 701 493 726 itt
516 707 548 727 eo
566 699 737 733 reperiuntur
751 705 801 724 no-

47 745 104 770 mina
117 743 281 772 Constantini
296 745 395 780 Magni,
413 745 531 777 Eusebii,
546 744 615 778 Arii,
638 744 729 772 Basilii
743 743 801 771 Ma-

47 789 91 824 gni,
105 790 153 817 into
166 790 355 825 Metaphrastis
366 792 458 818 etiam.

75 845 138 882 sill.
161 846 324 883 Fragmenta
339 856 370 875 ea:
388 848 486 875 Catena
504 848 616 875 Arabica
635 856 687 875 non
705 852 767 875 sunt

311 882 341 911 S.
359 884 506 918 Ilippoly‘i.

72 927 182 955 Albcrtus
198 928 344 956 Fabricius
363 930 499 957 volumine
523 929 663 964 posteriori
680 928 797 963 Operum

47 971 68 999 S.
82 972 200 1009 Hippolyti
213 974 375 1010 fragmenta,
389 983 435 1002 seu
450 979 575 1009 excerpta
591 983 623 1002 ex
636 982 686 1002 ms.
699 975 800 1001 Catena

46 1018 138 1045 Arabica
160 1019 373 1048 Pentateuchutn
400 1020 544 1052 referente,
558 1021 653 1048 litteris
666 1020 800 1054 descripta

47 1064 142 1099 Syriacis
160 1073 174 1092 e
194 1067 289 1094 codice
313 1067 482 1094 bibliothecae
509 1067 660 1094 Bodleiattae
685 1067 799 1101 primum

46 1110 101 1137 edita
116 1118 170 1137 cum
190 1113 318 1140 versione
337 1112 449 1140 Joannis
461 1113 607 1146 Gagnierii,
622 1113 738 1147 imprimi
753 1120 801 1139 cu-

46 1155 98 1181 rarit
108 1154 150 1189 (9).
163 1155 267 1183 Nomen
283 1158 369 1184 sancti
384 1157 516 1193 Hippolyti
528 1159 596 1184 inter
609 1158 721 1184 aliorum
738 1165 801 1184 san-

45 1205 129 1227 ctorunt
148 1200 255 1229 Patrum
270 1210 312 1234 ttl,
331 1211 356 1229 tv
369 1208 395 1230 et
412 1212 427 1230 v
447 1203 538 1230 saeculi
555 1203 664 1230 nomina
682 1203 801 1230 occurrit

46 1246 134 1273 bisccin
147 1249 291 1282 ercet-ptis,
307 1253 388 1283 atque
407 1248 565 1285 Hippolytus
586 1254 678 1276 noster
694 1249 801 1277 circiter

45 1294 195 1328 quadraginta
221 1294 285 1321 loca
312 1300 507 1326 commentatus
529 1300 570 1322 est
592 1295 618 1321 itt
646 1295 697 1322 hoc
709 1302 799 1330 opere.

44 1335 130 1366 Primus
142 1340 224 1371 locus,
243 1340 292 1367 ubi
310 1342 428 1368 occutrit
443 1349 541 1368 nomen
559 1341 704 1377 Hippolyti,
720 1346 762 1369 est
773 1342 801 1369 in

45 1383 134 1412 Genesis
144 1393 200 1420 cap.
217 1395 257 1419 vr,
277 1387 320 1414 l'l.

71 1428 153 1457 Verum
166 1431 222 1459 haec
237 1431 399 1468 Hippolytea
413 1432 571 1460 Fabriciana
590 1437 717 1468 excerpta
739 1441 802 1468 sup-

43 1476 140 1509 posititia
154 1485 212 1505 esse
225 1483 389 1505 noscuntur.
402 1478 440 1506 lbi
451 1480 522 1506 enim
535 1481 634 1508 nothus
647 1480 802 1516 Hippolyttts

44 1521 123 1554 ultique
136 1524 286 1558 appellatur
307 1524 448 1558 Expositor
463 1525 587 1560 Targum,
605 1526 727 1560 nuspiam
741 1533 803 1553 vero

849 254 881 273 ex
898 244 1009 281 Syriaco
1030 244 1101 272 Ebed
1121 243 1184 271 Jesu
1211 243 1329 278 episcopi
1354 243 1482 270 Soltensis
1507 243 1630 278 catalogo

849 291 980 326 quosdam
999 291 1128 316 librorum
1150 289 1241 316 titttlos
1256 289 1349 315 Latine
1363 289 1448 315 reddit
1463 288 1504 314 Itis
1518 289 1605 315 verbis
1620 297 1628 316 :

851 337 964 364 Sanctus
992 335 1148 370 Hippolytus
1173 339 1272 368 martyr
1286 338 1309 361 et
1327 334 1461 367 episcopus
1485 335 1628 367 composuit

850 383 945 410 librum
968 382 998 408 de
1021 381 1224 415 dispensatione,
1247 386 1270 406 et
1294 381 1481 414 e.t'po.sittonmt
1511 379 1629 405 Dauielis

850 429 959 455 minori:
981 432 1004 454 et
1031 427 1169 458 Susauntc,
1189 431 1213 452 et
1230 426 1316 460 cupita
1341 427 1463 452 adrersus
1484 425 1588 454 Cuium.
1604 431 1628 452 et

849 476 1003 509 Apolttgiatn
1016 479 1067 508 ‘pro
1082 473 1238 508 Apocalypsi
1248 478 1272 500 ει
1287 472 1426 507 Evangelia
1439 472 1549 498 Juatmis
1566 480 1629 505 apo-

849 521 910 548 stoli
926 526 950 547 et
965 528 1060 554 euange
1071 520 1138 545 istw.

885 568 987 594 Arabes
999 567 1078 593 etiam
1093 565 1121 592 S.
1139 564 1281 599 Hippolyto
1297 564 1421 591 tribuunt
1442 564 1550 597 triginta
1567 569 1627 591 octo

849 613 997 647 disciplina:
1011 612 1199 639 ecclesiastica;
1210 618 1338 639 canones.
1354 615 1383 637 ut
1403 610 1526 637 laudatus
1542 611 1625 636 Asse-

850 667 966 686 manttus
980 658 1076 685 ibidem
1100 661 1213 684 testator
1236 656 1278 683 his
1295 656 1399 682 verbis:
1415 655 1533 682 Canones
1554 655 1626 681 Ara-

851 707 920 734 bicos
934 704 1195 740 duodequadraginta
1209 703 1257 729 sub
1271 702 1327 735 ejus
1339 702 1442 728 nomine
1456 701 1495 728 col
1506 701 1567 733 egit,
1587 706 1628 727 ta-

850 761 941 787 ntoque
957 752 1041 786 primo
1061 749 1195 777 Canonum
1212 748 1335 774 Ecclesia:
1348 747 1534 774 Alexandrina:
1557 748 1624 774 inse-

851 797 903 822 ruit
933 795 1065 821 Mucart’us
1092 792 1224 828 presbyter
1250 800 1280 818 ac
1306 794 1447 819 monachus
1474 792 1627 818 monasterii

851 839 943 868 Sancti
963 840 1086 871 Macarti,
1101 839 1127 864 in
1141 838 1228 864 codice
1243 838 1353 864 Arabico
1364 837 1461 870 scripto
1472 845 1540 863 anno
1552 836 1629 864 Cltri-

816 891 836 918 Β
850 886 884 914 sti
905 885 978 912 1572.
991 884 1109 912 Joannes
1121 884 1232 911 Michael
1244 883 1417 910 Wanslcbius
1437 883 1629 910 Dotnitticattus

850 932 876 959 itt
891 931 1008 958 Historia
1035 931 1158 958 Ecclesia:
1173 930 1360 957 Alexandrinae
1376 935 1451 964 parte
1469 938 1483 955 v
1496 949 1503 961 ,
1523 937 1581 963 cap.
1600 930 1627 961 5,

850 986 896 1006 seu
914 986 971 1013 pag.
989 977 1041 1005 280
1060 982 1086 1005 et
1100 977 1284 1011 sequentibus.
1310 977 1357 1003 hos
1373 976 1480 1009 triginta
1500 981 1562 1002 octo
1581 983 1628 1002 ca-

850 1031 933 1051 nones
951 1023 1000 1050 sub
1013 1023 1121 1049 nominc
1133 1021 1255 1049 Abulitlis
1267 1021 1367 1049 Gallice
1379 1022 1474 1053 edidit,
1489 1025 1516 1048 ct
1531 1021 1628 1047 ibidem

850 1069 876 1096 in
894 1069 1013 1103 margine
1029 1069 1155 1095 lectorem
1174 1073 1265 1094 tttonet
1281 1075 1310 1095 se
1325 1075 1357 1095 ne
1381 1068 1537 1099 conjectura
1565 1066 1628 1100 qui-

850 1115 910 1142 dem
922 1114 1028 1148 assequi
1046 1114 1165 1149 potuisse
1178 1113 1239 1147 quis
1261 1113 1336 1139 fuerit
1356 1112 1400 1139 ille
1419 1112 1559 1139 Abulides.
1577 1111 1629 1138 Ve-

851 1168 909 1187 rttttt
925 1159 1009 1187 .lobtts
1025 1159 1155 1186 Ludoll'ns
1168 1159 1194 1186 in
1212 1158 1328 1185 Historia
1344 1158 1498 1192 Etltiopica
1509 1177 1516 1189 ,
1533 1166 1559 1192 p.
1576 1157 1629 1184 555

850 1210 878 1233 et
896 1210 1035 1240 sequente.
1064 1205 1173 1232 eosdem
1195 1205 1222 1231 S.
1241 1204 1375 1240 Hippolyti
1397 1211 1514 1231 canones
1536 1203 1630 1230 Latite

851 1252 1041 1286 itttetprctatus
1053 1257 1093 1279 est
1102 1272 1109 1283 ,
1122 1251 1212 1285 ibique
1223 1250 1409 1278 Wattslcbium
1428 1251 1516 1281 docet,
1531 1249 1627 1283 Hippo-

851 1298 934 1333 lytum
950 1298 983 1324 alt
995 1297 1169 1331 Aithiopiluts
1181 1296 1321 1322 Altttlidem
1338 1296 1441 1326 vocari,
1468 1302 1499 1321 ac
1513 1295 1630 1328 denique

851 1347 909 1377 post
923 1342 1058 1368 exltibitos
1069 1341 1136 1368 istos
1150 1341 1257 1373 triginta
1269 1345 1330 1366 octo
1341 1348 1460 1366 canones
1473 1339 1528 1366 haec
1544 1339 1628 1366 addit:

855 1397 864 1415 ‹
876 1387 987 1422 Propter
1001 1387 1047 1414 hos
1057 1394 1174 1414 canones
1190 1385 1346 1421 Hippolytus
1356 1385 1562 1412 vocaturdoctm
1578 1383 1629 1410 Ee-

852 1434 941 1461 clesiae
955 1434 990 1460 ah
1006 1432 1198 1467 Aitbiopibus;
1217 1437 1244 1459 et
1260 1437 1313 1458 tattt
1330 1431 1363 1458 ab
1376 1431 1452 1464 ipsis,
1466 1438 1546 1464 quant
1564 1438 1577 1456 a
1590 1438 1630 1456 rc-

852 1479 933 1514 liquis
946 1478 1139 1508 Orientalibus,
1152 1478 1301 1512 appt-llatur
1320 1485 1386 1512 papa
1403 1476 1442 1503 Ro
1455 1483 1552 1507 nantis,
1565 1483 1628 1502 cum

853 1529 942 1551 tamen
959 1525 984 1551 in
1002 1523 1130 1558 Catalogo
1142 1523 1297 1557 pontiﬁcum
1310 1531 1362 1549 tton
1378 1524 1534 1556 reperiatur.
1555 1522 1630 1547 Atta-

43 1567 162 1602 episcopits
178 1574 225 1596 aut
249 1575 370 1605 martyr;
398 1578 459 1597 cum
480 1574 569 1598 tamen
591 1572 690 1598 ibidem
705 1572 800 1607 reliqui
815 1567 835 1594 C
853 1578 913 1597 men
926 1570 1061 1597 invenitur
1077 1571 1102 1596 in
1120 1569 1272 1605 syttaxarits
1287 1568 1441 1595 Graecorum
1460 1575 1511 1593 xxx
1525 1566 1630 1594 Janua-

44 1609 118 1639 Patrcs
136 1615 242 1648 proprio
274 1615 432 1643 charactere
457 1617 577 1652 ins-igniti
607 1622 798 1652 compareant:

43 1657 144 1686 videlicet
164 1659 190 1686 S.
207 1661 388 1693 Athanasius,
416 1663 568 1697 patriarcha
590 1664 801 1696 Alexandrinus;

44 1701 65 1728 S.
79 1703 193 1734 Basilius.
206 1708 345 1741 cpiscopus
362 1707 504 1741 Cwsarew;
521 1709 549 1736 S.
564 1709 737 1744 Epiphanius,
749 1710 803 1744 epi-

43 1757 116 1783 scopus
128 1751 214 1786 Cypri,
230 1759 287 1780 ctc.
301 1754 411 1781 Accedit
422 1754 554 1791 Hippolyti
569 1756 648 1789 hujus
661 1755 803 1790 Tat'gumi-

43 1800 80 1823 sta:
98 1797 200 1833 interpr:
211 1799 331 1827 lationes
349 1808 443 1835 sapere
457 1802 615 1836 plerumque
628 1802 801 1829 t‘altbinorum

44 1841 144 1876 ineptias,
157 1845 286 1879 indignas
299 1846 376 1880 plane
389 1851 464 1874 tanto
479 1847 568 1880 Patre,
584 1853 702 1883 quantus
719 1847 803 1876 fuisse

43 1889 174 1921 perhibetur
191 1891 217 1917 in
231 1892 322 1919 sacris
334 1892 430 1920 litteris
442 1893 612 1928 potissitttum
627 1893 803 1928 explanandis

43 1938 106 1960 verus
120 1934 291 1971 Hippolytus.

45 1985 99 2022 ΞΝ.
110 1989 209 2026 Scripta
223 1991 254 2020 S.
278 1991 421 2027 Hippolyto
435 1994 564 2020 attributa
584 1994 615 2020 ab
632 1993 803 2028 Etltiopiltus

319 2034 343 2054 et
364 2029 506 2056 Chaldwis.

71 2067 168 2098 Silentio
177 2072 296 2106 denique
309 2075 477 2108 praeterimus
490 2075 689 2103 lucubrationes
699 2075 727 2103 S.
737 2075 803 2110 Hip-

43 2115 115 2150 polyto
135 2125 149 2144 a
169 2117 391 2153 Syro-Chaldaeis
416 2120 540 2152 tributas,
565 2129 633 2155 quas
659 2121 684 2148 in
708 2121 804 2148 biblio-

44 2159 101 2186 theca
111 2161 236 2191 Orientalt'
245 2164 421 2192 Clementino-
428 2165 556 2193 Vaticana
566 2171 638 2194 tonio
647 2166 691 2199 111,
703 2171 773 2202 part.
783 2174 802 2198 1,

852 1616 895 1648 rii,
907 1615 952 1650 qtti
969 1619 1010 1642 est
1028 1623 1043 1641 v
1065 1614 1202 1641 Februarii
1223 1613 1292 1646 apud
1306 1612 1456 1646 Ethiopes.
1479 1611 1629 1638 tCtetet-utn

852 1661 948 1687 ltortttn
961 1667 1095 1686 canonum
1113 1659 1201 1693 capita
1217 1658 1320 1693 primtts
1334 1657 1434 1684 Gallice
1454 1656 1570 1690 vulgavit
1585 1655 1628 1683 δυ.

853 1705 964 1732 Michael
982 1705 1153 1732 Wanslebius
1178 1705 1204 1731 in
1222 1705 1290 1730 libro
1309 1703 1345 1729 De
1370 1702 1488 1729 Ecclesia
1513 1701 1629 1728 Alexan-

852 1751 939 1782 drina.
955 1751 1067 1778 Parisiis
1079 1750 1157 1781 1ϋ77,
1173 1750 1259 1776 in—l2.
1285 1749 1381 1775 Latine
1401 1748 1485 1775 Johns
1501 1747 1631 1775 Ludolt‘us

852 1797 878 1824 in
895 1797 1087 1824 Commentario
1104 1797 1137 1822 ad
1152 1794 1490 1828 ltis'oriamzEt/tiopicam.
1514 1793 1631 1820 Franco-

853 1841 916 1869 furti
934 1842 1011 1871 “39!,
1025 1841 1083 1872 τοι..
1098 1849 1158 1876 pag.
1172 1842 1234 1874 555,
1250 1847 1277 1868 et
1286 1841 1432 1868 novissime
1442 1840 1514 1867 Guil.
1532 1839 1631 1866 Wislo—

853 1897 904 1916 tttts
919 1889 944 1915 in
959 1889 1096 1915 volumine
1111 1888 1144 1915 111
1158 1889 1257 1923 operis,
1272 1888 1343 1922 quol
1358 1886 1526 1913 Primitirum
1555 1886 1632 1912 (Jltri-

852 1935 1019 1960 stianisntum
1032 1939 1151 1960 renatum
1163 1933 1333 1967 inscripsitct
1342 1932 1452 1966 Anglice
1464 1931 1543 1958 edidit
1562 1930 1632 1958 Lon-

853 1980 908 2007 ditti
927 1980 1006 2012 1711,
1024 1979 1061 2012 8°,
1077 1987 1102 2014 p.
1116 1979 1177 2006 545.
1196 1979 1268 2006 Idem
1286 1979 1366 2005 etiam
1388 1979 1446 2004 loca
1458 1977 1632 2004 Constitutio-

853 2034 915 2052 num
928 2025 1133 2060 apostolicarum
1148 2025 1284 2052 adnotavit
1299 2025 1332 2051 de
1350 2024 1443 2050 iisdem
1463 2021 1631 2057 argumentis

853 2072 1006 2099 tractantia.
1023 2071 1163 2099 Fabricius
1177 2072 1284 2098 tandem
1296 2070 1329 2098 ad
1340 2070 1440 2097 calcent
1456 2068 1630 2103 praefationis.

854 2124 929 2143 ttutn.
943 2116 988 2149 22,
1004 2117 1035 2144 ad
1053 2116 1176 2143 tomutnl
1194 2116 1261 2151 Opp.
1280 2115 1415 2151 Hippolyti
1427 2112 1576 2149 subjunttit.
1593 2112 1632 2139 in-

854 2163 967 2191 sercttda
984 2163 1050 2190 alias
1062 2163 1131 2190 infra
1151 2171 1211 2199 pag.
1225 2163 1287 2190 261.

284 2304 388 2366 ,ΒΕ
428 2305 791 2364 DOCTRINA
835 2307 892 2365 S.
937 2305 1347 2363 HIPPOLYTI.

576 2451 765 2498 CAPUT
805 2451 1069 2497 PRIMUM.

516 2531 847 2563 OBSERVATIONES
871 2529 1129 2562 DOGMATICJE.

287 2588 487 2617 ARTICULUS
509 2589 530 2618 t.
815 2599 837 2626 ι)
850 2593 979 2620 veritates
999 2589 1137 2625 religionis
1153 2588 1325 2616 Christianae.
1355 2586 1392 2615 Ut
1411 2591 1499 2614 autem
1523 2594 1538 2614 a
1555 2593 1632 2614 sacra

68 2638 96 2660 es
113 2640 133 2661 s.
152 2641 299 2662 SCRIPTUHA
314 2643 450 2667 LIBRISQUE
469 2645 608 2669 ALIQUIBUS
624 2645 765 2665 υευτεειο-
855 2639 992 2673 Scriptura
1016 2637 1165 2665 ordiamur.
1184 2635 1208 2662 id
1224 2635 1312 2670 primo
1328 2635 1386 2661 loco
1409 2635 1556 2660 notandum
1581 2638 1632 2666 est,

334 2684 477 2711 CANONICIS-
853 2690 989 2712 vetustum
1011 2683 1083 2710 hunc
1103 2682 1260 2717 episcopum
1282 2688 1430 2716 agnoscere
1449 2680 1567 2706 divinam
1590 2687 1634 2707 sa-

70 2722 200 2760 ltupiratio
215 2726 306 2766 divina
323 2735 405 2754 sacra:
420 2727 576 2760 Scripturw.
593 2744 627 2749 -—
639 2728 800 2757 innumeros
855 2738 964 2759 crorum
982 2730 1112 2757 librorum
1136 2728 1340 2763 inspirationem
1354 2736 1361 2761 ;
1384 2728 1461 2754 docet
1485 2727 1555 2753 cnim
1572 2734 1635 2761 pro-

43 2769 155 2798 habemus
167 2772 193 2799 iit
208 2773 272 2799 divo
285 2772 425 2808 Hippolyto
437 2775 565 2803 articulos
577 2775 648 2803 circa
660 2776 802 2811 priutarias
855 2778 960 2813 phetas,
986 2776 1037 2804 hoc
1063 2780 1105 2803 est
1127 2782 1222 2803 sacros
1237 2775 1395 2810 scriptores,
1412 2774 1459 2810 qui
1483 2773 1635 2810 antiquitus

70 2824 102 2895 ξε)
120 2826 225 2869 Samuel
246 2828 377 2891 Basnage,
394 2830 491 2870 ᾼηηαζ.
509 2832 669 2868 ροζὶι.εοει.,
684 2838 748 2860 tom.
762 2832 794 2864 ll,
815 2841 842 2868 p.
855 2833 920 2861 290.

80 2860 103 2895 9)
121 2862 234 2895 Febrim.
250 2862 316 2895 Opp.
354 2884 361 2891 .
377 2864 523 2895 lltunolrt..
535 2872 601 2895 tom.
614 2866 648 2895 li.
668 2876 693 2895 υ.
705 2868 799 2895 57-11.

80 2860 103 2895 υ)
121 2862 234 2897 raptim,
250 2862 316 2898 Opp.
332 2860 361 2891 S.
371 2860 523 2900 ἰιίιηιοιξιί⁷
535 2864 601 2895 tom.
614 2866 648 2900 tt,
662 2860 693 2900 ὀ.
705 2860 799 2895 57-11.
