1861 3052
205 141 257 169 317

676 141 720 168 DE
743 140 823 168 VITA
843 138 886 166 ET
905 136 1062 166 SCRIPTIS
1082 137 1111 164 S.
1129 134 1318 163 HIPPOLYTL

1760 128 1815 156 διε

207 200 401 234 prophetarum
418 199 527 226 nomine
538 198 761 234 designabantur,
775 198 858 226 fuisse
875 203 988 232 organa,
1005 196 1024 223 Α
1039 202 1120 230 super
1135 201 1228 222 sacras
1242 193 1345 220 litteras
1355 199 1408 219 non
1423 191 1500 226 juxta
1514 189 1652 225 proprium
1674 187 1820 216 arbitrium

209 254 258 280 per
270 253 329 281 qua
345 245 460 272 Verbum
484 244 662 271 annuntiabat
687 243 844 272 hominibus
869 242 988 270 divinam

207 293 389 319 voluntatem:
408 300 417 316 (
435 290 467 316 lli
482 298 598 325 namque
608 290 711 321 Patres,
727 289 814 324 inquit
830 289 909 316 divus
921 287 988 323 Hip—

208 338 315 373 polytus
330 337 396 371 (10),
412 336 514 371 Spiritu
530 337 677 371 prophetiae
692 336 786 370 aptati,
807 335 940 370 digneque
954 334 989 361 ab

209 382 267 416 ipso
281 381 368 408 Verbo
380 381 516 412 honorati,
535 389 588 415 quo
610 381 739 407 nimirum
754 380 827 407 velut
843 387 944 414 organa
961 378 988 404 in

208 426 303 460 seipsis
317 433 421 459 semper
440 426 545 453 unitum
567 425 682 453 Verbum
704 430 833 459 tanquam
856 424 987 458 plectrum

208 471 346 503 baberent.
362 472 439 506 cujus
452 477 518 499 nutu
534 477 614 506 atque
627 471 727 503 afﬂatu,
737 479 797 506 quae
812 469 884 497 Deus
897 469 987 501 vellet,

208 517 265 544 haec
278 517 414 551 propheta:
429 517 634 544 annuntiabant.
654 516 711 543 Non
735 516 806 543 enim
826 523 860 543 ex
877 523 925 542 sua
948 515 988 542 fa-

206 563 306 589 cultate
322 562 510 596 loquebantur,
528 571 578 589 nec
592 570 652 597 qua:
662 570 695 588 ex
708 562 799 589 animo
809 565 910 592 essent,
930 561 988 588 hinc

207 608 409 644 praedicabant;
431 609 478 635 sed
504 608 621 642 primum
644 607 752 642 quidem
773 607 853 634 Verbi
877 607 988 634 numine

207 655 259 681 ritc
270 654 402 688 sapientia
417 653 524 686 imbuti,
539 652 637 680 exinde
659 660 706 687 per
723 653 780 680 visa
791 673 798 686 ,
813 660 873 687 qua:
898 656 988 680 essent

207 702 308 733 futura,
325 701 407 735 probe
419 700 659 734 praedocebantur;
675 707 707 727 ac
719 699 827 726 demum
843 704 914 727 certa
929 700 986 734 jam

208 755 298 774 rerum
322 746 383 779 fide,
403 754 435 773 ea
459 746 583 773 dicebant
596 753 627 773 ac
643 745 833 780 praedicabant,
850 754 910 781 quae
934 746 987 773 illis

208 791 300 818 divino
313 791 443 818 duntaxat
461 791 572 818 turmine
596 789 737 817 manifesta
752 791 850 824 forent,
876 791 988 826 reliquis

207 845 272 864 vero
288 837 456 871 abscondita,
467 836 534 864 Nam
549 844 602 871 qua
616 837 720 864 ratione
737 837 866 872 propheta
879 844 986 865 vocare-

207 887 263 916 tur,
279 882 332 910 nisi
348 890 408 916 quae
423 887 486 910 sunt
496 882 599 914 futura,
612 881 713 917 Spiritu
729 883 915 917 praevideret?.
932 902 940 909 .
956 903 963 910 .
979 903 986 910 .

210 927 287 955 Unde
306 928 496 955 convenienter
528 928 665 963 propheta:
679 936 694 955 a
717 928 850 963 principio
873 929 987 956 videntes

208 973 383 1000 vocabantur.
403 982 412 999 ι
437 973 505 1000 Illud
530 973 610 1000 etiam
635 973 784 1008 subjungit,
807 972 924 1001 Verbum
938 973 988 1001 bos

209 1026 302 1046 sacros
324 1019 468 1054 scriptores
492 1018 614 1054 coegisse
639 1026 687 1053 per
712 1018 840 1054 Spiritum
863 1026 988 1048 sanctum

209 1065 300 1100 loqui;
317 1065 433 1093 Verbum
448 1065 476 1092 in
493 1065 534 1092 bis
549 1069 686 1093 versatum
704 1065 800 1099 fuisse,
817 1066 844 1093 in
856 1066 899 1094 his
913 1066 989 1094 locu-

209 1116 267 1138 tum
294 1111 387 1145 fuisse,
411 1119 488 1139 suam
504 1111 668 1139 annuntians
681 1111 799 1139 futuram
822 1111 987 1140 incarnatio-

209 1164 270 1184 nem
281 1165 303 1183 ε(
315 1156 363 1184 llic
373 1161 471 1188 autem,
483 1166 492 1182 ι
505 1157 680 1191 loquiturhoc
688 1157 747 1186 loco
755 1157 787 1184 de
795 1156 864 1185 Filio
876 1158 922 1185 Dei
931 1158 998 1195 (ll),

211 1211 223 1228 ι
237 1202 309 1230 dedit
323 1203 405 1237 legem
418 1208 444 1230 et
455 1203 618 1238 prophetas;
638 1208 665 1230 et
683 1203 770 1231 dando
785 1204 872 1239 coegit
884 1204 989 1239 hosper

211 1247 338 1283 Spiritum
355 1252 478 1276 sanetum
491 1249 581 1284 loqui,
595 1254 624 1276 ut
638 1249 798 1284 accipientes
815 1251 927 1277 virtutis
937 1250 988 1278 Pa-

211 1299 294 1322 terna:
308 1294 523 1329 inspirationem,
534 1296 677 1323 consilium
686 1301 713 1323 et
722 1297 887 1324 voluntatem
900 1296 988 1324 Patris

210 1343 374 1371 nuntiarent.
386 1343 415 1370 ln
427 1343 470 1371 bis
483 1344 566 1379 igitur
578 1343 697 1371 Verbum
709 1344 989 1380 versabaturloquens

210 1389 243 1416 de
252 1388 303 1425 [se]
315 1390 382 1424 ipso.
391 1388 450 1417 Jam
459 1390 531 1417 enim
541 1390 597 1424 ipse
606 1398 672 1418 suus
687 1397 775 1425 praeco
785 1395 852 1422 erat.
862 1390 988 1418 ostende-

210 1435 308 1469 batque
323 1435 444 1462 futurum
462 1443 522 1463 esse
539 1440 569 1462 ut
590 1435 706 1463 Verbum
728 1437 885 1464 hominibus
907 1444 989 1472 appa-

210 1483 292 1506 reret.
311 1489 320 1506 r
341 1480 445 1515 Ecquid
465 1480 601 1508 ellieacius
617 1489 666 1515 pro
683 1481 838 1508 divinorum
856 1482 988 1508 librorum

210 1526 386 1561 inspiratione
399 1526 452 1553 dici
469 1527 577 1562 potest?
595 1526 628 1553 Et
642 1527 704 1562 quis
718 1532 780 1562 post
803 1527 860 1554 haec
880 1527 990 1554 audebit

211 1571 279 1599 inire
295 1572 501 1606 disputationem
522 1573 556 1600 dc
575 1577 672 1600 natura
695 1572 777 1606 hujus
794 1572 989 1607 inspirationis,

211 1616 313 1644 scilicet
324 1624 388 1643 num
402 1617 555 1644 immediata
568 1616 612 1650 sit,
626 1617 667 1644 vel
678 1617 764 1644 solum
776 1617 909 1645 mediala?
920 1617 994 1645 Seri-

210 1666 301 1696 ptores
330 1662 478 1696 prophetia:
499 1662 601 1696 Spiritu
628 1662 741 1697 repleti:
768 1663 925 1698 scriptores,
946 1664 992 1698 qui

211 1708 276 1734 s'unt
288 1707 369 1734 veluti
383 1715 494 1742 organa,
512 1715 560 1741 per
573 1715 632 1742 quae
642 1707 759 1735 Verbum
771 1708 889 1735 divinam
898 1709 993 1736 volun-

213 1756 294 1779 tatem
307 1753 465 1786 annuntiat;
483 1753 630 1788 scriptores
643 1761 657 1780 a
666 1753 763 1788 seipsis
773 1762 827 1782 non
840 1755 991 1790 loquentes,

212 1798 258 1826 sed
276 1798 406 1833 sapientia
424 1804 449 1826 et
462 1799 636 1834 inspiratione
647 1800 755 1834 divina;
768 1801 923 1835 scriptorcs,
937 1810 992 1830 uno

211 1843 305 1876 verba,
331 1852 399 1880 quos
414 1844 530 1872 Verbum
558 1845 629 1880 cogit
653 1853 702 1880 per
717 1845 847 1881 Spiritum
869 1854 993 1876 sanctum

212 1891 297 1925 loqui,
306 1891 425 1926 nunquid
434 1891 510 1919 aliter
517 1892 598 1919 locuti
607 1897 681 1925 sunt,
689 1901 770 1928 quam
778 1894 905 1922 divinitus
913 1894 993 1922 amati

213 1937 376 1964 revelatione
391 1939 500 1972 proprie
516 1938 562 1965 tali
586 1943 613 1966 et
628 1939 805 1973 inspiratione
818 1939 993 1968 immediata?

212 1982 306 2010 Cesset
319 1990 383 2018 ergo
395 1984 484 2010 omnis
496 1985 678 2012 controversia
691 1985 724 2013 de
737 1985 789 2013 hac
798 1986 910 2014 veritate
922 1986 993 2014 clare

213 2030 359 2057 admodum
373 2030 400 2058 in
417 2033 556 2060 remotiori
569 2033 730 2068 antiquitate
743 2033 864 2070 fundata.

249 2075 318 2104 Deus
332 2085 399 2103 unus
409 2081 432 2103 et
451 2078 534 2105 (riuus
547 2085 578 2104 ea:
589 2078 639 2106 SS.
655 2079 749 2106 litteris
765 2080 957 2115 cognoscendus
969 2086 994 2108 et

211 2122 344 2149 colendus.
362 2123 450 2152 Sacrae
461 2125 557 2152 litterw
565 2133 616 2152 non
627 2133 674 2159 pro
682 2125 812 2152 arbitratu
824 2128 992 2162 expanendw.

211 2169 383 2198 —Tandem
408 2171 486 2198 docet
511 2171 556 2198 hic
584 2176 694 2199 sanctus
721 2171 810 2205 Pater,
837 2173 911 2207 quod
937 2181 992 2200 non

1037 249 1097 269 esse
1111 239 1336 275 interpretandas.
1350 238 1390 266 En
1402 238 1474 265 illius
1483 244 1580 265 aureas
1596 236 1629 264 de
1641 235 1693 263 hac
1704 234 1821 262 materia

1038 285 1185 314 sententias
1197 286 1269 322 (l2):
1286 295 1295 311 ι
1308 284 1384 312 Unus
1396 284 1467 312 Deus
1482 287 1533 316 est,
1542 290 1622 318 quem
1632 290 1687 310 non
1699 280 1822 313 aliunde,

1037 333 1146 364 fratres,
1170 333 1343 367 agnoscimus
1367 339 1449 367 quam
1475 338 1509 358 ex
1529 329 1629 357 sanctis
1657 327 1821 363 Scripturis.

1038 380 1272 414 Quemadmodum
1283 379 1354 406 enim
1371 378 1394 405 si
1406 378 1468 412 quis
1476 377 1555 404 vellet
1567 374 1727 410 sapientiam
1738 373 1823 408 hujus

1038 427 1128 455 saeculi
1151 433 1286 457 exercere,
1315 433 1369 452 non
1388 424 1467 451 aliter
1488 423 1540 450 hoc
1554 421 1685 455 consequi
1707 419 1822 454 poterit,

1037 473 1090 500 nisi
1113 472 1239 506 dogmata
1259 470 1481 505 philosophorum
1494 468 1582 503 legat;
1608 467 1648 494 sic
1661 467 1823 501 quicunque

1037 519 1162 546 volumus
1191 518 1316 552 pietatem
1337 516 1364 542 in
1382 515 1465 542 Deum
1479 521 1617 546 exercere,
1636 520 1691 539 non
1709 512 1823 539 aliunde

1037 563 1175 590 discamus
1190 569 1270 597 quam
1287 569 1318 588 ex
1330 560 1478 595 Scripturis
1504 559 1613 586 divinis.
1642 557 1824 591 Quaecunque

1037 616 1100 644 ergo
1115 612 1215 635 sanctae
1232 607 1378 642 Scriptura:
1388 606 1545 641 praedicant,
1555 604 1693 632 sciamus:
1710 609 1824 636 etquae-

1037 662 1144 689 cuuque
1156 655 1264 686 docent,
1289 659 1505 688 cognoseamus;
1523 656 1550 678 et
1574 651 1645 678 sicut
1661 650 1719 676 vult
1740 649 1825 676 Pater

1037 701 1120 734 credi,
1136 700 1176 729 sic
1187 700 1347 732 credamus;
1362 703 1389 726 et
1402 699 1472 726 sicut
1484 697 1647 724 vultFilium
1660 695 1823 731 gloriﬁcari,

1038 748 1077 775 sic
1091 747 1273 782 glorificamus
1284 755 1291 778 ;
1304 749 1331 773 et
1347 745 1417 773 sicut
1432 744 1491 771 vult
1505 743 1601 771 donari
1616 743 1747 777 Spiritum
1758 750 1826 769 san-

1038 799 1127 826 ctum,
1147 793 1187 820 sic
1207 792 1381 827 accipiamus.
1410 790 1470 818 Non
1500 789 1649 818 secundum
1681 789 1823 824 propriam

1038 840 1310 873 voluntatem,ncque
1321 838 1470 866 secundum
1479 836 1617 872 proprium
1632 843 1756 868 sensum,
1771 843 1824 862 ne-

1041 893 1093 920 que
1107 885 1160 912 vim
1173 884 1319 911 inferentes
1333 884 1358 910 in
1371 891 1411 916 ea,
1427 891 1486 917 qum
1497 883 1531 909 ab
1546 889 1578 909 eo
1593 882 1654 909 data
1676 885 1756 912 sunt;
1774 880 1825 907 sed

1040 930 1176 966 quomodo
1189 930 1245 964 ipse
1262 936 1308 963 per
1321 932 1430 956 sanctas
1445 927 1597 962 Scripturas
1607 926 1705 953 docere
1720 924 1824 955 voluit,

1041 977 1081 1004 sic
1093 975 1284 1010 intelligamus.
1305 983 1314 1000 ι

1076 1022 1211 1055 Quomodo
1230 1019 1269 1050 _S.
1296 1018 1455 1054 Hippolytus
1472 1017 1636 1052 Scripturam
1660 1015 1766 1051 alleget.
1787 1029 1826 1035 —

1038 1067 1173 1095 Caeterum
1190 1065 1219 1094 S.
1241 1065 1400 1100 Hippolytus
1418 1062 1598 1091 communiter
1620 1061 1718 1095 allegat
1745 1059 1825 1087 Scri-

1040 1118 1181 1149 pturarum
1204 1112 1351 1140 sententias
1370 1111 1447 1146 juxta
1469 1109 1621 1137 versionem
1642 1107 1825 1142 Septuaginta

1040 1159 1228 1193 lnterpretum.
1243 1156 1396 1191 Aliquoties
1410 1159 1501 1182 tamen
1521 1153 1697 1181 nihilominus
1713 1153 1748 1180 ad
1761 1159 1827 1179 ver-

1041 1206 1132 1234 siones
1143 1211 1223 1239 super
1233 1202 1375 1230 Hebraeum
1388 1200 1524 1235 exemplar
1537 1200 1571 1227 ab
1587 1199 1684 1234 Aquila
1698 1203 1725 1225 et
1741 1197 1826 1233 Sym-

1040 1251 1137 1279 macho
1151 1251 1295 1278 adornatas
1307 1248 1422 1276 recurrit
1437 1248 1504 1283 (l5).

1075 1297 1172 1324 Totam
1190 1303 1295 1324 sacram
1316 1295 1481 1329 Scripturam
1505 1292 1534 1320 S.
1551 1291 1711 1327 Hippolytus
1724 1291 1826 1318 dividit

1040 1343 1069 1371 in
1083 1343 1183 1379 N6p.ov,
1200 1342 1355 1378 Προφήτας,
1373 1336 1826 1374 Εὐαγγέλια,Ἀτιοστόλους,ἰιιιε-

1041 1390 1278 1426 gem,Prophetas,
1302 1387 1444 1423 Evangelia
1460 1391 1487 1414 et
1503 1385 1656 1421 Apostolos.
1682 1384 1727 1412 Sic
1746 1384 1825 1411 enim

1040 1436 1159 1472 loquitur
1171 1436 1199 1463 in
1215 1435 1285 1462 libro
1306 1433 1345 1461 De
1360 1433 1522 1461 Antichristo
1540 1431 1596 1467 (l4)
1611 1438 1617 1454 :
1633 1440 1642 1456 ι
1657 1429 1711 1457 Per
1728 1429 1826 1456 omnia

1041 1483 1132 1517 itaque
1145 1481 1212 1517 lapsi
1227 1485 1290 1508 sunt
1306 1478 1464 1516 (Israelita)
1482 1482 1509 1506 et
1527 1480 1697 1509 erraverunt,
1721 1476 1771 1511 qui
1795 1475 1824 1501 in

1041 1528 1116 1555 nullo
1129 1527 1235 1555 veritati
1254 1524 1400 1554 concordes
1423 1524 1601 1555 exstiterunt;
1618 1530 1668 1550 nec
1692 1522 1719 1549 in
1740 1521 1826 1556 Lege,

1043 1573 1114 1609 quod
1128 1580 1187 1600 eam
1203 1570 1365 1607 transgressi
1379 1573 1458 1603 sunt;
1475 1577 1524 1597 nec
1536 1569 1563 1596 in
1577 1568 1736 1603 Prophetis,
1751 1567 1827 1601 quod

1043 1619 1187 1655 prophetas
1199 1625 1307 1653 quoque
1319 1616 1493 1649 occiderunt;
1510 1623 1561 1642 nec
1570 1615 1596 1642 in
1611 1613 1826 1648 Evangeliorum

1042 1672 1118 1696 voce,
1134 1664 1205 1699 quod
1219 1669 1245 1691 et
1257 1663 1424 1690 Salvatorem
1438 1661 1525 1696 ipsum
1542 1661 1752 1691 crucifixcrunt:
1773 1666 1828 1685 nec

1043 1710 1183 1745 Apostolis
1196 1709 1347 1742 credentes,
1371 1706 1444 1742 quod
1460 1711 1486 1734 et
1507 1706 1568 1734 illos
1590 1704 1723 1740 persecuti
1742 1707 1827 1736 sunt;

1042 1757 1142 1792 ubique
1159 1755 1263 1783 veritati
1287 1754 1400 1782 insidias
1423 1757 1570 1786 nectentes,
1590 1752 1704 1787 ejusque
1726 1751 1826 1786 prodi-

1044 1807 1125 1836 tores,
1138 1802 1185 1830 Dei
1199 1802 1286 1837 magis
1303 1801 1366 1830 odio
1383 1800 1457 1829 ducti
1477 1808 1559 1836 quam
1578 1799 1638 1835 ejus
1658 1799 1714 1826 ullo
1729 1805 1827 1825 amore

1043 1849 1142 1877 devoti.
1163 1858 1173 1875 ι

1078 1895 1190 1923 Librum
1206 1894 1350 1930 Sapientiae
1363 1898 1486 1922 vetustus
1498 1893 1543 1921 hic
1556 1895 1666 1920 sanctus
1681 1891 1764 1918 Pater
1785 1895 1828 1918 at-

1042 1941 1138 1968 tribuit
1148 1940 1286 1968 Salomoni
1304 1941 1340 1968 ita
1352 1939 1572 1974 disserens(l5):
1591 1948 1601 1964 ι
1619 1937 1650 1964 Et
1659 1937 1772 1965 ubinam
1784 1942 1828 1964 est

1044 1987 1232 2023 copiosissima
1242 1986 1286 2014 illa
1299 1985 1485 2021 (Salomonis)
1498 1984 1629 2013 scientia?
1641 1983 1692 2010 Ubi
1705 1983 1751 2010 illa
1767 1991 1827 2018 my-

1044 2030 1144 2058 steria?
1160 2029 1212 2058 Ubi
1232 2027 1312 2057 libri?
1330 2034 1437 2058 exstant
1453 2029 1525 2056 enim
1546 2028 1604 2056 sola
1627 2027 1786 2060 Proverbia,
1800 2031 1827 2054 et

1045 2075 1193 2111 Sapientia,
1202 2081 1228 2103 et
1236 2075 1425 2108 Ecclesiastes,
1436 2081 1462 2102 et
1475 2075 1615 2102 Canticum
1625 2073 1825 2101 canticorum.»

1045 2122 1154 2150 Librum
1181 2122 1273 2150 Tobiae
1298 2122 1381 2150 semel
1402 2122 1499 2157 allegat
1517 2121 1589 2156 (16);
1616 2120 1759 2148 historiam
1777 2119 1827 2147 Su-

1046 2176 1138 2197 sanna:
1153 2172 1180 2195 et
1193 2167 1238 2195 Bel
1248 2168 1322 2195 velut
1337 2167 1524 2195 authenticum
1541 2167 1721 2201 fragmentum
1739 2173 1826 2200 agno-

212 2214 322 2242 aliunde
339 2224 419 2250 quam
433 2224 466 2244 ex
482 2216 567 2243 sacris
590 2216 685 2244 litteris
700 2217 857 2245 erudiamur
875 2218 909 2246 de
933 2219 994 2246 uni-
1010 2217 1032 2244 D
1047 2213 1098 2241 scit
1115 2213 1181 2248 (Π).
1200 2217 1280 2248 atque
1296 2213 1408 2247 insuper
1418 2211 1501 2240 refert
1514 2211 1699 2246 suppressisse
1715 2210 1827 2238 iud-"eos

213 2263 269 2286 tate
284 2260 331 2287 Dei
346 2265 372 2288 ct
386 2260 517 2289 Trinitate
531 2261 614 2295 illius,
631 2261 769 2297 quomodo
784 2262 870 2290 eidem
884 2264 919 2291 sit
931 2271 992 2292 ser-

213 2307 339 2334 viendum
355 2308 494 2343 pietasque
508 2316 569 2344 erga
591 2316 653 2335 eum
670 2309 829 2337 exercenda.
856 2309 937 2338 Addit
948 2311 992 2338 in-

367 2397 515 2433 ﬂippolyt..
529 2398 575 2426 lib.
591 2399 631 2426 De
645 2399 806 2433 Amic/trist.,
821 2409 897 2428 num.
912 2402 940 2429 2.

267 2430 276 2472 ι
281 2429 306 2472 1)
324 2430 352 2472 ξ.
367 2429 511 2472 “litim!qu
525 2433 571 2472 tiri.
584 2439 672 2461 contra
685 2435 772 2472 mea,
783 2429 857 2463 n’um.
868 2437 897 2463 ll
912 2441 939 2464 et
951 2436 994 2464 ιε.

369 2465 576 2506 ﬂippolvt.._lib.
595 2476 684 2496 contra
697 2465 783 2501 Νοειξ,
799 2472 912 2506 ιιιιηιεξ).

252 2500 309 2541 (115).
328 2499 505 2541 ὃλιὶἱρροιγιί
522 2501 617 2541 frag-tit.
635 2507 661 2541 et
674 2499 791 2541 excerpt.
806 2510 839 2530 ex
861 2505 994 2541 (ίρηιηιριις

214 2535 284 2560 torio
301 2535 327 2561 in
340 2534 451 2562 Genesin
472 2543 505 2562 ex
525 2534 704 2564 88'Patrihus
728 2534 849 2565 collecto.
874 2538 951 2566 Tom.
972 2539 994 2565 ll

215 2569 284 2609 _0pp.
297 2571 367 2604 apud
387 2569 552 2609 [fabri-cium,
569 2578 630 2609 pag.
644 2572 679 2598 22
695 2576 721 2599 ει
735 2573 779 2609 215,:
798 2577 825 2600 Cl
841 2574 912 2609 apud
933 2574 995 2601 Gal-

215 2603 301 2641 land.,
315 2603 415 2641 imit"
429 2605 560 2641 Biblioth.
570 2603 641 2641 PR,
657 2614 717 2641 pag.
731 2603 782 2634 477
795 2614 822 2635 ct
833 2603 894 2635 480.

250 2640 306 2674 (14)
323 2640 351 2679 S_.
364 2639 516 2679 llippolyt.,
534 2640 581 2667 lib.
595 2640 634 2679 pe
649 2639 822 2673 Amic/Aristo,
832 2643 852 2679 ᾗ
865 2644 916 2679 58,
930 2651 992 2679 pag.

213 2673 263 2706 28;
276 2675 347 2713 apud
363 2673 481 2713 Fabrici,
494 2680 578 2713 _to_u_ro
595 2675 604 2713 l
618 2675 697 2713 0_pp.,
721 2682 748 2704 et
767 2673 993 2713 apudvGalla'ndt,

214 2716 274 2744 pag.
296 2710 358 2740 458,
373 2715 437 2737 ιοιιι.
453 2709 475 2736 ll
490 2710 616 2737 Biblioth.
632 2709 687 2738 PP.

252 2744 399 2784 (l5)__ldem_
414 2745 441 2772 in
456 2745 568 2784 __Canlic.
580 2766 587 2777 ,
599 2751 674 2784 toni.
691 2746 699 2773 Ι
714 2746 793 2784 Opp.,
810 2756 872 2784 pag.
887 2748 950 2780 270,
968 2754 993 2776 et

300 2779 331 2814 ll,
346 2788 374 2816 p.
386 2781 403 2808 4
416 2785 443 2808 et
454 2780 488 2814 5;
501 2785 528 2808 et
536 2781 606 2816 apud
617 2779 837 2816 Galland.,—tom.
846 2779 914 2816 'cit.,
931 2791 992 2819 pag.

251 2849 307 2886 (l6)
325 2850 458 2890 ldem,lib.
486 2852 513 2879 in
528 2851 595 2880 Dan.
618 2851 766 2888 “Suram,
794 2857 861 2882 tom.
886 2853 991 2890 lOpp.,

1046 2261 1098 2288 hoc
1111 2259 1229 2287 Danielis
1241 2263 1321 2294 caput
1331 2263 1459 2293 tanquam
1474 2258 1525 2284 illis
1540 2257 1716 2290 invidiosutn,
1731 2262 1826 2292 etquo

1047 2311 1151 2334 tantum
1167 2305 1255 2334 scelus
1269 2313 1374 2338 eorum,
1389 2312 1458 2340 quos
1470 2304 1604 2340 Babylone
1615 2303 1723 2338 iudices
1742 2303 1827 2330 habe

1046 2398 1186 2460 pagélﬁ,
1202 2402 1229 2426 et
1240 2397 1311 2433 apud
1327 2397 1461 2432 Galland.,
1478 2405 1539 2432 pag.
1557 2396 1618 2424 446.
1636 2395 1716 2424 Conf.
1733 2395 1826 2423 Tobiae

1058 2442 1088 2460 ll.
1143 2453 1150 2460 .

1047 2441 1088 2466 ιιι,
1105 2441 1150 2461 2a.

1081 2469 1137 2504 (l7)
1154 2468 1288 2503 lntegrum
1302 2467 1384 2499 enim.
1402 2474 1432 2495 ut
1445 2476 1525 2503 supra
1540 2467 1668 2504 diximus,
1686 2474 1826 2504 commen-

1046 2503 1145 2531 tarium
1171 2504 1291 2531 exaravit
1315 2503 1342 2529 in
1368 2504 1506 2531 historiam
1533 2503 1680 2534 Susannaz;
1709 2503 1823 2530 alterum

1046 2539 1175 2574 probatur
1201 2547 1231 2566 ex
1250 2538 1293 2574 his
1308 2538 1338 2566 S.
1356 2538 1490 2573 Hippolyti
1518 2538 1625 2574 verbis:
1650 2547 1659 2563 ‹
1681 2537 1733 2564 Sed
1751 2538 1824 2564 enim

1047 2573 1135 2609 neque
1149 2575 1256 2609 sapiens
1273 2573 1364 2600 Daniel
1383 2574 1424 2601 bis
1441 2581 1472 2601 ex
1491 2581 1537 2609 ore
1554 2573 1662 2599 leonum
1678 2578 1821 2609 ereptus}!

1046 2607 1098 2637 etc.
1117 2607 1232 2636 Sanctus
1243 2608 1412 2644 Hippolytus,
1426 2617 1486 2636 cum
1499 2608 1614 2644 fateatur
1638 2607 1824 2644 quoeraniel

1047 2645 1118 2671 binis
1134 2644 1239 2671 vicibus
1250 2642 1373 2670 faucibus
1389 2644 1496 2671 leonum
1513 2643 1629 2670 traditus
1653 2642 1735 2670 fuerit
1757 2643 1825 2670 dila-

1047 2680 1180 2706 cerandus
1191 2700 1198 2712 ,
1223 2679 1375 2706 necessario
1391 2679 1499 2706 admisit
1516 2677 1656 2705 historiam
1680 2677 1753 2709 Beli,
1771 2685 1823 2712 qua

1047 2715 1080 2775 pe
1097 2722 1178 2742 causa
1195 2714 1239 2741 hic
1256 2715 1383 2748 propheta
1404 2713 1519 2742 secunda
1539 2713 1597 2740 vice
1619 2713 1702 2740 rabiei
1727 2713 1823 2740 harum

1059 2750 1178 2775 erocium
1201 2749 1348 2775 bestiarum
1372 2749 1510 2775 exuositus
1538 2747 1597 2775 fuit.
1619 2748 1770 2775 llinoolvt..
1789 2747 1823 2773 lle

1059 2747 1178 2776 erocium
1201 2747 1348 2776 bestiarum
1372 2749 1510 2783 expositus
1538 2747 1597 2775 fuit.
1619 2748 1770 2783 llippolyt.,
1789 2747 1823 2783 [{e

1049 2785 1140 2811 tradit.
1156 2788 1320 2818 apost.,tom.
1338 2783 1348 2810 l
1362 2782 1442 2819 Opp.,
1460 2783 1530 2818 apud
1545 2782 1744 2819 Fatlirie.,'pag.
1760 2782 1824 2816 247,

1048 2824 1073 2848 et
1090 2820 1160 2855 apud
1176 2819 1311 2854 Galland.,
1322 2818 1390 2847 tom;
1406 2820 1463 2852 cit.,
1481 2827 1541 2854 pag.
1559 2818 1620 2846 501.
