1861 3052
231 139 283 168 551

718 140 762 168 DE
780 140 861 169 VITA
880 141 925 169 ET
946 141 1100 170 SCRIPTIS
1116 142 1146 171 S.
1163 141 1353 171 HIPPOLYTI.

1794 145 1854 170 3:32

232 199 336 227 scilicet
346 197 454 231 Filium,
466 205 586 233 passum,
598 198 774 232 sicutpassus
786 204 826 227 est
837 209 844 233 ;
857 205 1011 234 mortuum,
1026 203 1047 231 Α
1063 200 1142 228 Pater
1162 201 1210 228 lib.
1236 200 1274 228 De
1296 200 1474 233 Αηιίοιινὶειο,
1495 207 1554 235 cap.
1568 200 1598 231 1.
1621 199 1699 227 Pauli
1727 198 1852 234 apostoli

232 245 304 272 sicut
321 249 443 272 mertuus
456 248 511 277 est;
529 249 554 271 et
575 244 735 272 suscitatum
759 246 835 272 tertia
854 246 908 280 die,
924 252 950 274 et
965 255 1008 274 se-

229 290 337 317 dentem
353 289 386 316 ad
403 290 539 316 dexteram
557 288 661 321 Patris,
678 295 874 326 venturumque
890 292 922 319 ad
935 292 1008 326 judi-

229 336 343 362 cannlum
364 336 437 362 rivos
450 340 476 362 et
491 340 619 362 mortuos.
637 335 724 370 Atque
735 336 792 363 haec
808 337 933 369 dicimus,
948 346 1008 372 qua:

227 379 381 408 didicimus.
402 390 410 405 ι
427 381 496 414 Quid
522 381 684 408 luculentius
701 382 790 409 dicere
812 383 944 416 potuisset
963 384 1007 412 hic

227 431 338 453 sanctus
358 426 434 453 Pater
461 435 508 461 pro
533 428 677 454 asserenda
702 429 846 456 traditione
866 430 1005 463 apostolo-

227 471 306 497 rum?
321 472 429 498 Accedit
454 473 514 502 his,
540 473 611 507 quod
637 474 770 507 integrum
795 479 938 503 tractatum
968 476 1006 503 De

225 517 403 550 apostoloruttt
423 519 563 546 tradilione
577 520 705 547 exarat-it.

260 562 382 590 Conatur
398 565 506 598 quidem
532 566 587 592 htec
607 571 765 599 argumenta
789 575 838 601 pro
860 568 1006 596 traditione

225 616 257 634 ex
284 608 309 635 S.
332 608 474 645 Hippolyto
498 612 549 645 peti
565 620 596 643 a,
620 613 673 639 alio
701 613 760 640 loco
784 621 815 640 cx
834 619 928 641 saneto
955 615 1005 643 hoc

224 653 305 682 Patre
323 656 462 690 desumpto
473 677 479 688 ,
500 658 625 685 Albertus
641 659 779 687 Fabricius
790 660 900 688 elidere.
917 662 1004 690 Locus

222 705 312 727 autem
328 701 355 728 S.
374 701 505 738 Hippolyti
520 704 554 730 ita
566 708 644 731 sanat
661 705 716 739 (51)
730 713 737 731 :
753 715 762 731 ‹
777 705 853 734 Unus
868 707 938 735 Deus
951 714 1001 741 est.

223 754 303 780 quem
322 755 374 774 non
393 749 515 780 aliunde,
533 749 645 780 fratres.
664 752 854 786 agnoscimus,
872 761 953 788 quam
970 762 1003 782 ex

222 792 325 819 ‘sanetis
337 792 493 827 St-ripturis.
510 795 741 828 Quemadmodum
753 798 824 825 enim
840 799 936 833 siquis
947 800 1003 827 vel-

221 837 258 865 let
273 839 430 872 sapientiam
447 841 527 875 hujus
544 843 633 869 szeculi
649 851 784 875 exercere,
797 851 849 871 non
862 845 939 872 aliter
951 846 1002 873 hoc

221 891 288 910 cons
300 885 351 918 'qui
375 886 482 918 poterit,
501 887 553 914 nisi
575 888 701 922 dogmata
723 890 946 925 philosophorum
963 892 1001 919 le-

220 933 285 963 gat;
311 930 352 956 sic
377 931 533 966 quicunque
559 934 683 962 volumus
707 936 831 970 pietatem
861 936 887 963 in
916 937 1000 964 Deum

221 982 359 1009 exercere,
374 985 425 1004 non
439 979 546 1006 aliunde
558 980 694 1008 discemus
707 990 788 1016 quam
805 990 838 1009 ex
854 982 1001 1018 Scripturis

221 1021 330 1049 diiiuis.
357 1033 366 1048 ι
386 1023 466 1051 Visus
482 1030 523 1052 est
539 1026 588 1053 sibi
607 1026 747 1056 Fabricius
764 1029 789 1055 iu
811 1029 861 1056 hoc
880 1030 940 1057 loco
959 1030 1001 1058 in-

220 1067 296 1100 signe
318 1068 351 1096 de
376 1069 521 1104 Scriptura:
543 1072 700 1100 sullicientia
716 1075 898 1102 testimonium
912 1076 1000 1102 anim-

220 1114 366 1140 advertere.
400 1116 418 1141 S
435 1116 450 1142 d
477 1117 646 1145 traditionem
663 1127 678 1146 a
692 1119 830 1154 Scriptura
845 1129 898 1148 non
912 1122 1000 1149 disso-

220 1157 273 1184 ciat
287 1157 454 1194 Hippolytus,
471 1161 533 1188 dum
549 1163 672 1196 pietatem
688 1173 696 1189 ε
713 1173 766 1191 non
783 1165 890 1192 aliunde
905 1175 914 1192 ι
928 1173 999 1200 repe-

219 1203 261 1235 tit,
273 1213 282 1228 i
296 1213 376 1238 quain
391 1214 421 1233 ex
441 1207 587 1242 Scripturis
604 1210 713 1238 divinis.
734 1221 743 1236 ι
756 1211 814 1238 Non
829 1213 900 1239 enim
918 1213 998 1240 aliam

219 1248 339 1277 deli-odit
363 1258 457 1279 contra
487 1253 625 1282 llu'l‘t‘liCOS
650 1256 898 1291 interpretationem
925 1257 999 1285 Scri-

219 1300 321 1330 pturae,
346 1305 427 1332 quam
453 1307 512 1333 qua!
531 1299 656 1328 Ecclesia;
686 1303 828 1330 traditione
852 1304 997 1332 nitebatur.

217 1341 386 1377 Quapropter
410 1345 498 1371 verbis
529 1347 610 1373 modo
633 1347 720 1375 citatis
750 1349 830 1382 paulo
856 1354 917 1383 pOst
943 1351 999 1378 hate

216 1389 292 1415 addit
310 1398 315 1416 :
342 1391 391 1426 Μὴ
405 1392 463 1417 κατ’
487 1391 553 1419 ἰδίαν
576 1394 749 1429 προαιρεσιν,
769 1395 836 1430 μηδὲ
857 1396 916 1422 κατ’
934 1396 998 1423 ἴδιον

216 1434 287 1464 νοῦν.
312 1436 377 1470 μηδὲ
404 1436 557 1472 βιαζόμενοι
574 1439 606 1465 τὰ
631 1440 684 1465 ὑπὸ
708 1440 752 1466 τοῦ
771 1440 837 1467 Θεοῦ
859 1441 996 1477 δεδομένα,

218 1487 228 1504 ‹
248 1477 305 1505 Non
323 1482 469 1508 secundum
494 1490 628 1516 proprIam
651 1484 814 1512 voluntatem
826 1505 833 1517 ,
851 1494 937 1520 neque
955 1494 997 1513 se-

214 1525 332 1551 cundum
346 1527 482 1560 proprium
495 1535 615 1559 sensum,
627 1537 712 1563 neque
726 1530 778 1556 vim
794 1530 939 1558 inferentes
953 1532 994 1563 iis,
1010 1544 1030 1572 ο

214 1577 274 1604 quae
299 1580 312 1595 κ
331 1571 385 1597 Deo
401 1572 462 1598 data
484 1578 556 1599 sunt.
574 1583 583 1599 ν
607 1574 737 1601 Praeterea
764 1575 876 1602 Nectum
900 1577 996 1604 merito

214 1616 329 1650 ejectum
354 1625 368 1643 a
398 1618 560 1652 presbyteris
586 1626 678 1646 narrat
696 1629 720 1647 c.
735 1622 760 1652 l,
775 1621 848 1656 quod
870 1621 997 1650 Ecclesiae

213 1662 284 1689 tradi
300 1663 387 1689 ionein
401 1683 408 1694 ,
436 1671 516 1698 quam
545 1665 568 1691 ei
601 1666 774 1700 objiciebant,
793 1669 994 1702 contempserit.

214 1706 344 1733 Diri-bant
367 1708 437 1734 enim
463 1708 548 1735 Noeto
569 1717 585 1744 p
601 1711 718 1745 esi-yteri
737 1712 863 1738 Ecclesia!
881 1720 887 1737 :
904 1712 996 1739 Ταῦτα.

213 1749 328 1785 λέγομεν
347 1751 363 1778 ἃ
385 1751 532 1788 ἐμάθομεν.
553 1763 562 1778 ι
583 1753 646 1781 Ihec
665 1755 798 1788 dicimus,
819 1764 880 1790 quas
900 1757 996 1784 didici-

214 1804 286 1824 mus.
308 1808 316 1822 ι
337 1797 382 1825 llis
404 1799 481 1831 adde,
503 1807 556 1826 non
583 1800 694 1827 dubium
714 1809 773 1828 esse
794 1803 858 1836 quin
885 1807 995 1830 sanctus

213 1848 317 1880 martyr
331 1844 356 1871 in
377 1845 425 1872 hoc
441 1846 565 1873 adversus
581 1846 691 1874 liwreses
707 1855 798 1882 opere,
814 1848 892 1883 cujus
909 1855 994 1876 mate-

212 1890 280 1916 riam
300 1898 332 1917 ex
357 1891 434 1918 libris
457 1893 550 1920 lreniei
574 1898 669 1920 mutuo
689 1899 858 1928 sumpserat,
873 1896 994 1933 traditio-

212 1943 274 1963 nem
291 1942 317 1963 et
330 1937 455 1965 Ecclesia:
470 1940 658 1966 auctoritatem
675 1939 766 1968 lrenwi
779 1943 901 1976 exemplo
915 1949 993 1969 acer-

211 1982 280 2009 rime
296 1983 452 2011 defenderit.
475 1985 544 2013 Hinc
566 1987 629 2014 item
655 1987 764 2013 eliditur
787 1987 900 2014 alterum
917 1988 993 2023 ejus-

211 2028 272 2055 dem
288 2028 401 2056 Fabricii
421 2030 470 2057 liae
485 2031 540 2065 ipsa
561 2032 594 2058 de
610 2039 639 2059 re
657 2037 851 2064 commentum,
874 2041 929 2067 quo
943 2033 994 2061 ite-

211 2081 273 2100 rum
294 2073 343 2100 sibi
366 2075 443 2101 finxit
466 2075 637 2112 Hippolytum
654 2077 734 2103 veluti
758 2077 905 2112 Scriptura:
920 2079 994 2106 solli-

211 2119 337 2146 cientiam
354 2126 519 2148 astruenlem
537 2122 606 2150 infra
625 2131 685 2158 cap.
702 2124 745 2156 l7,
759 2125 804 2151 ubi
819 2129 929 2152 sanctus
942 2124 993 2152 Pa-

210 2169 251 2192 ter
265 2166 297 2193 ad
314 2167 476 2193 credendum
493 2168 565 2195 κατὰ
581 2169 630 2204 τὴν
646 2169 795 2205 παράδοσιν
811 2170 864 2197 τῶν
880 2171 992 2197 ἀποστό-

1057 247 1211 282 exemplum
1224 251 1345 277 secutus,
1361 247 1408 282 qui
1421 246 1591 273 Timotheum
1606 255 1616 271 «
1630 245 1665 272 ad
1686 245 1849 280 depositum

1059 291 1286 325 custodiendum,
1311 297 1392 327 atque
1415 292 1448 319 ad
1472 299 1504 319 ea
1534 291 1657 318 fidelibus
1683 290 1849 318 hominibus

1058 338 1282 370 commendanda.
1301 346 1361 372 qua:
1375 338 1423 364 abs
1443 345 1473 365 se
1495 345 1541 372 per
1559 338 1658 364 multas
1675 336 1848 364 exhortatio—

1057 390 1105 410 nes
1122 383 1254 414 audieral,
1274 392 1283 408 ›
1302 383 1476 414 hortabatur;
1494 382 1550 417 pari
1573 383 1680 409 ratione
1701 381 1847 416 Theophi—

1058 427 1114 455 lum
1128 436 1207 455 suum
1219 428 1391 456 traditionem
1404 430 1516 455 educere
1531 429 1707 463 comperitur.

1315 473 1512 501 AHTICUIJJS
1537 473 1580 501 Ill.

1159 528 1192 547 DE
1219 528 1349 547 IIYSTERIO
1368 527 1543 547 SANCTISSIIUE
1565 527 1734 547 TRINITATIS.

1093 565 1184 592 Uuilas
1198 570 1300 593 naturae
1315 570 1339 592 et
1354 565 1488 592 distinctio
1507 565 1695 592 Personarum.
1707 564 1850 591 —Casti-

1055 613 1193 648 gatissiine
1208 613 1327 647 loquitur
1344 617 1454 639 sanctus
1471 611 1629 648 Hippolytus
1652 613 1685 639 de
1707 611 1849 647 mysterio

1054 658 1234 685 sanctissima:
1263 657 1417 690 Trinitatis,
1440 661 1586 692 aperteque
1610 657 1730 684 declarat
1759 656 1847 683 fidem

1053 703 1125 730 circa
1137 703 1265 730 unitatem
1279 708 1383 730 natura:
1393 708 1418 730 et
1431 703 1630 730 distinctionem
1641 702 1846 730 Personarum.

1055 749 1099 776 Sic
1113 754 1202 777 autem
1217 750 1261 777 ille
1284 750 1323 776 ait
1343 749 1370 776 in
1386 754 1502 777 tractatu
1520 755 1610 776 contra
1625 749 1739 776 Nectum
1760 749 1822 785 (52)
1839 759 1846 776 :

1056 803 1066 820 ε
1085 793 1201 821 Verbum
1220 798 1277 821 erat
1298 795 1368 828 apud
1392 793 1476 821 Deum
1487 815 1494 826 ,
1508 800 1534 821 et
1548 794 1619 822 Deus
1634 799 1693 821 erat
1705 793 1845 821 Verbum.

1053 838 1121 872 Quid
1147 839 1228 874 ergo?
1243 839 1351 866 Dicetne
1377 839 1474 874 aliquis
1498 839 1586 866 dicere
1610 839 1743 866 Joannem
1769 839 1847 866 duos

1055 884 1144 912 Deos?
1160 884 1234 912 Duos
1257 885 1366 919 quidem
1387 893 1439 911 non
1454 885 1541 912 dicam
1557 884 1658 920 (Deos).
1675 885 1720 912 sed
1740 893 1844 912 unum.

1052 931 1186 959 Personas
1199 940 1262 958 vero
1278 932 1363 963 duas;
1385 932 1564 959 teconomiam
1586 932 1705 964 tertiam,
1719 932 1845 966 gratiam

1051 977 1112 1005 dico
1139 976 1255 1012 Spiritus
1276 978 1374 1005 sancti.
1393 987 1402 1003 θ
1420 977 1539 1004 Giatiam
1565 978 1679 1012 appellat
1704 977 1758 1004 hoc
1775 977 1844 1004 loco

1052 1023 1181 1058 Spiritum
1205 1028 1340 1055 sanctum,
1365 1023 1428 1058 quia
1451 1024 1559 1050 divinus
1576 1024 1626 1050 iste
1652 1022 1772 1057 Spiritus
1798 1029 1844 1051 est

1051 1068 1112 1096 fons
1127 1069 1248 1095 omnium
1260 1069 1404 1101 donorum,
1417 1076 1477 1103 qua:
1497 1068 1568 1095 Deus
1581 1068 1740 1095 hominibus
1754 1069 1844 1104 largi-

1050 1119 1104 1142 tur.
1120 1125 1129 1140 ι
1144 1114 1223 1141 Pater
1238 1114 1347 1149 quidem
1364 1122 1434 1142 unus
1452 1113 1636 1148 (prosequitur
1658 1113 1688 1140 S.
1703 1111 1842 1149 Hippoly-

1049 1161 1115 1194 tus),
1129 1160 1256 1188 Personae
1268 1168 1332 1188 vero
1349 1161 1418 1193 dum,
1435 1161 1498 1195 quia
1522 1159 1622 1193 Filius;
1641 1160 1718 1186 tertia
1742 1165 1841 1187 autem

1051 1205 1169 1240 Spiritus
1196 1211 1315 1233 sanctus.
1335 1205 1413 1232 Pater
1436 1205 1557 1237 mandat,
1574 1204 1695 1231 Verbum
1709 1205 1839 1238 perlicit;

1049 1251 1135 1279 Filius
1157 1257 1247 1278 autem
1262 1252 1429 1284 ostenditur,
1445 1259 1492 1286 per
1510 1258 1588 1285 quem
1607 1249 1687 1277 Pater
1700 1251 1838 1277 creditur.

1048 1297 1213 1325 meonomia
1227 1297 1415 1324 consensionis
1428 1297 1558 1330 redigitur
1579 1296 1611 1322 ad
1630 1303 1714 1323 unum
1729 1295 1837 1328 Deum;

1050 1352 1120 1371 unus
1134 1345 1206 1371 enim
1223 1350 1263 1370 est
1277 1343 1358 1375 Deus,
1374 1343 1419 1377 qui
1434 1344 1553 1373 mandat,
1568 1341 1660 1375 Pater;
1671 1342 1836 1376 quiohedit,

1048 1390 1151 1423 Filius;
1167 1390 1213 1424 qui
1237 1390 1316 1416 docet
1343 1388 1504 1420 scientiam,
1531 1387 1648 1422 Spiritus
1676 1393 1803 1414 sanctus.
1825 1396 1835 1411 ι

1047 1437 1102 1464 Nec
1125 1444 1289 1471 quemquatn
1313 1435 1413 1463 morari
1435 1435 1533 1461 debent
1559 1434 1616 1460 hinc
1638 1433 1719 1460 verba
1736 1441 1743 1459 :
1761 1442 1771 1458 ε
1787 1433 1837 1466 qui

1047 1483 1138 1510 obedit
1159 1481 1254 1515 Filius,
1277 1491 1286 1506 ι
1309 1482 1386 1516 quasi
1408 1480 1536 1507 laederent
1551 1478 1697 1513 perfectam
1710 1478 1839 1505 consub-

1047 1527 1249 1555 stantialitatem
1261 1525 1350 1552 Patris
1358 1529 1384 1552 ct
1399 1524 1457 1551 Filii
1470 1533 1477 1557 ;
1495 1532 1566 1557 nam,
1583 1528 1612 1550 ut
1622 1523 1726 1558 egregie
1740 1524 1837 1549 anim-

1047 1573 1161 1600 advertit
1186 1572 1263 1599 Patcr
1287 1571 1439 1598 Ccillierius
1467 1571 1543 1605 (55),
1580 1570 1656 1596 hisce
1701 1569 1836 1603 loquendi

1048 1619 1172 1646 formulis
1195 1619 1237 1645 usi
1262 1622 1326 1645 sunt
1343 1617 1435 1644 Patres
1458 1615 1569 1643 secundi
1587 1619 1614 1641 et
1631 1615 1702 1641 tertii
1724 1615 1835 1646 saeculi,

1046 1670 1073 1692 et
1089 1665 1199 1699 quidem
1220 1663 1278 1690 sine
1294 1662 1458 1694 olli-nsione;
1476 1662 1527 1688 hac
1548 1660 1639 1695 plirasi
1661 1667 1727 1687 usus
1743 1665 1786 1687 est
1803 1659 1835 1686 S.

1046 1709 1164 1736 irenatus
1177 1709 1278 1743 absque
1294 1707 1348 1734 ullo
1367 1707 1495 1741 serupnlo
1511 1706 1581 1741 (34);
1598 1713 1629 1732 ac
1651 1706 1702 1733 etsi
1718 1705 1762 1732 hat:
1776 1706 1837 1732 for-

1045 1755 1125 1782 mula?
1147 1754 1273 1789 loquendi
1297 1753 1453 1780 viderentur
1475 1751 1565 1778 favere
1589 1751 1697 1778 Arianae
1719 1751 1834 1784 haeresi,

1045 1800 1222 1828 nihilominus
1236 1799 1315 1826 etiam
1338 1803 1398 1833 post
1414 1797 1558 1824 concilium
1575 1796 1712 1824 Nicamum
1730 1797 1759 1823 in
1776 1796 1835 1824 Pa~

1045 1846 1133 1874 tribus
1143 1850 1299 1875 occurrunt,
1314 1849 1341 1871 ut
1357 1845 1447 1871 videre
1460 1848 1502 1871 est
1523 1843 1549 1870 in
1568 1843 1629 1870 divo
1643 1842 1749 1869 Basilio
1760 1843 1833 1877 (55),

1044 1892 1106 1919 divo
1116 1891 1264 1919 Athanasio
1277 1890 1345 1925 (56),
1357 1894 1384 1917 et
1395 1889 1478 1916 Mario
1490 1888 1630 1916 Victorino
1643 1889 1711 1923 (57).
1721 1887 1835 1923 Quippe

1042 1937 1118 1973 juxta
1144 1937 1242 1972 stylum
1267 1940 1388 1963 veterum
1422 1935 1623 1969 theologorum,
1655 1934 1697 1961 hic
1725 1941 1832 1967 voces,

1046 1991 1056 2008 ‹
1072 1982 1204 2016 imperare
1221 1984 1248 2008 et
1257 1979 1375 2012 obedire,
1391 1988 1400 2004 ›
1415 1979 1523 2013 quando
1536 1978 1569 2005 de
1584 1977 1713 2005 Personis
1727 1977 1833 2004 divinis

1044 2035 1134 2056 sermo
1149 2031 1201 2060 est,
1217 2034 1270 2055 non
1287 2025 1440 2060 significant
1455 2032 1536 2052 unam
1551 2024 1627 2051 alteri
1645 2024 1782 2058 imperare
1796 2031 1832 2050 eo

1043 2075 1125 2103 modo
1145 2081 1199 2108 quo
1216 2072 1342 2100 dominus
1361 2071 1463 2098 famulo
1476 2078 1526 2098 suo
1539 2069 1675 2105 prmeipit;
1694 2069 1740 2096 sed
1756 2069 1832 2096 desi-

1043 2126 1128 2157 gnant
1153 2121 1325 2148 solummodo
1340 2119 1549 2147 consensionem
1567 2117 1713 2144 voluntatis
1729 2117 1758 2144 in
1776 2116 1829 2144 Pa-

1043 2172 1084 2196 tre
1098 2172 1124 2195 et
1135 2167 1221 2200 Filio;
1236 2174 1288 2194 non
1304 2173 1382 2193 secus
1397 2173 1428 2192 ac
1443 2165 1466 2192 si
1477 2164 1538 2199 quis
1553 2164 1654 2190 dicent
1667 2163 1751 2197 quod,
1764 2170 1830 2190 cum

209 2211 273 2244 λων,
290 2222 298 2238 ‹
316 2214 463 2241 secundutn
483 2215 652 2242 traditionem
664 2217 859 2250 apostolorum,
875 2225 884 2241 ι
899 2216 989 2244 fideles
1005 2215 1027 2242 D
1041 2213 1120 2241 Pater
1146 2213 1287 2241 statuisset
1309 2211 1440 2238 mundum
1462 2210 1577 2238 condere
1595 2217 1644 2244 per
1660 2216 1741 2236 suum
1759 2207 1829 2235 Ver-

209 2257 344 2286 hortalur.
370 2260 406 2286 Ibi
435 2268 562 2295 namque,
579 2269 612 2288 ne
637 2262 698 2296 quis
722 2266 796 2295 putet
815 2262 988 2289 traditionem

208 2310 318 2337 quoque
341 2309 436 2338 prietcr
455 2304 620 2338 Scripturam
639 2310 763 2332 sanctum
780 2310 924 2341 martyrem
943 2306 990 2333 ad-

209 2349 327 2381 misisse,
361 2350 475 2377 sollicite
504 2351 644 2379 Fabricius
676 2352 732 2378 hzec
765 2352 894 2379 adnotat:
912 2353 991 2379 ιίἶα-

211 2394 316 2430 ράδοσιν
339 2395 532 2432 ἁποστολικήν,
551 2397 598 2424 sed
625 2405 705 2432 quam
729 2405 791 2424 mox
818 2406 851 2425 ex
881 2399 989 2433 scriptis

209 2441 365 2475 apostolicis
386 2435 537 2470 clarissime
561 2448 687 2470 testatain
709 2443 774 2471 facit
789 2443 957 2480 Hippolytus.
976 2454 985 2471 ι

208 2485 346 2514 Incassum
365 2488 470 2515 laborat
486 2489 529 2516 hie
543 2489 711 2517 scholiastes.
727 2490 864 2525 Siquidem
877 2496 988 2520 sanctus

242 2551 713 2592 (EDS:Ilippolyt.,CopirnNoetum,
727 2565 786 2592 cap.
800 2558 827 2585 9.

243 2586 299 2628 (ἔξ)
315 2589 344 2628 Si-1
361 2588 505 2628 liippolytf,
519 2589 617 2628 Contra
634 2586 747 2618 Noeliim
786 2601 845 2627 cap.
860 2593 903 2619 Η.

242 2622 310 2662 (55),
326 2622 400 2649 Remi
415 2622 535 2662 ριξυίοπ,
553 2625 624 2653 Hist.
650 2622 768 2661 géuérule
792 2622 836 2654 de:
861 2633 986 2662 auteurs,

206 2659 273 2691 tum.
291 2656 322 2684 Il.
340 2666 398 2691 pag.
415 2659 475 2685 566.

241 2690 388 2758 Erylum.
407 2694 452 2734 lib.
469 2702 492 2720 IV
509 2694 581 2737 Ad‘u.‘
593 2695 684 2735 nterea.
698 2704 756 2730 cap.
773 2696 816 2724 75.

254 2726 299 2753 δὸν
317 2726 409 2758 Basil.,
425 2728 461 2755 lib
484 2729 521 2755 De
536 2729 638 2758 .Smrnu
655 2730 695 2758 S..
712 2739 772 2758 can.
789 2733 816 2758 lt

254 2726 299 2765 {ign
317 2726 409 2765 βςιςηη
425 2728 461 2755 lib
484 2729 521 2755 De
536 2729 638 2763 Spiritu
655 2730 695 2762 δ..
712 2726 772 2765 cap.
789 2733 830 2759 l6.

241 2759 297 2828 :56)
312 2761 454 2796 Atliauasq
469 2769 538 2791 Orat.
553 2759 652 2791 Contra
668 2759 766 2800 gentes.

254 2796 298 2827 57)
314 2797 380 2825 Mar.
399 2798 537 2828 Vtetorin..
555 2801 601 2827 lib.
618 2809 625 2827 l
645 2801 681 2827 De
695 2809 766 2827 rerm

254 2796 298 2827 57)
314 2797 380 2825 Mar.
399 2798 537 2831 Vtetorin.,
555 2801 601 2827 lib.
618 2809 625 2827 l
645 2796 681 2827 De
695 2809 781 2827 rerum
793 2803 932 2828 creatione.

242 2831 298 2866 (58)
316 2841 325 2857 t
346 2833 401 2861 Una
414 2835 485 2861 enim
506 2836 592 2863 virtus
610 2843 642 2863 ex
660 2841 731 2867 toto;
749 2840 832 2863 totum
855 2845 919 2864 vero
932 2836 983 2864 Pa-

205 2869 257 2899 ter,
271 2874 303 2894 ex
323 2875 380 2909 quo
398 2870 482 2897 virtus
501 2869 628 2898 Verbum.
649 2881 658 2897 ι
680 2871 707 2898 S.
725 2870 870 2906 Hippolyt.,
887 2872 984 2899 Contra

1041 2259 1116 2292 bum,
1132 2258 1160 2286 id
1177 2266 1230 2286 non
1255 2257 1319 2285 fecit
1342 2258 1401 2285 sine
1424 2256 1562 2283 voluntate
1585 2254 1665 2282 Verbi
1688 2255 1730 2281 sui
1755 2254 1828 2290 (58),

1040 2305 1111 2340 quod
1125 2309 1166 2332 est
1180 2312 1231 2331 una
1245 2304 1393 2338 eademque
1405 2310 1466 2330 cum
1483 2310 1516 2329 eo
1529 2301 1698 2333 substantia;
1717 2300 1757 2328 uti
1767 2301 1827 2336 jam

1039 2351 1093 2378 alio
1108 2351 1168 2378 loco
1181 2351 1310 2381 diximus,
1327 2354 1354 2376 et
1368 2348 1450 2375 modo
1466 2347 1552 2374 fusius
1568 2346 1679 2382 patebit.

1076 2407 1086 2422 ι
1102 2397 1194 2430 Pater,
1214 2396 1299 2432 pergit
1321 2395 1350 2422 S.
1374 2394 1543 2430 Hippolytus,
1566 2397 1607 2421 est
1622 2401 1704 2428 super
1718 2392 1825 2426 omnia,

1039 2441 1126 2470 Filius
1141 2450 1189 2476 per
1203 2442 1305 2474 omnia,
1319 2440 1436 2476 Spiritus
1448 2443 1558 2468 sanctus
1572 2440 1598 2466 in
1613 2439 1741 2466 onmibus
1754 2438 1824 2473 (59).

1038 2488 1122 2516 Aliter
1135 2488 1220 2515 Deum
1235 2496 1320 2515 unum
1346 2487 1494 2523 intelligere
1518 2495 1571 2514 non
1594 2494 1753 2522 possumus,
1770 2486 1824 2513 nisi

1039 2557 1314 2594 Noctnm,num._l|._
1383 2591 1389 2594 _
1425 2591 1432 2594 _
1465 2590 1481 2594 _
1531 2589 1551 2594 κ
1572 2590 1578 2594 _
1691 2587 1704 2594 Δ
1773 2588 1790 2594 Α
1815 2588 1822 2594 _

1074 2593 1129 2627 (59)
1144 2587 1160 2617 ‹’
1171 2592 1239 2619 Cum
1251 2591 1350 2618 Paulus
1366 2591 1403 2618 ait
1417 2591 1450 2617 de
1465 2589 1629 2627 Deo,Ephcs.
1641 2597 1678 2621 tv,
1688 2587 1729 2627 6_:_
1744 2598 1755 2614 ι
1770 2588 1823 2622 Qui

1040 2637 1050 2654 ι
1068 2624 1110 2655 est
1122 2624 1204 2662 super
1217 2627 1318 2657 omnia,
1334 2631 1360 2653 et
1380 2634 1426 2660 per
1440 2626 1541 2662 omnia.
1557 2630 1583 2652 et
1603 2624 1792 2662 inronlttibu‘s;
1810 2633 1820 2649 υ

1037 2669 1091 2690 tres
1114 2659 1248 2689 Personas
1272 2661 1410 2695 designat.
1428 2666 1455 2687 et
1477 2661 1606 2687 unitatem
1632 2659 1677 2686 Dei
1701 2660 1727 2685 in
1744 2659 1821 2685 illis:

1036 2698 1100 2732 quia
1126 2698 1206 2723 unius
1232 2696 1407 2733 ejusdemque
1431 2696 1537 2733 virtutis
1561 2703 1594 2733 ac
1616 2695 1742 2733 potentiae
1769 2699 1821 2725 est,

1036 2730 1096 2759 esse
1108 2739 1189 2766 super
1204 2732 1293 2758 omnia
1304 2752 1310 2763 ,
1324 2735 1351 2757 et
1366 2739 1412 2766 per
1426 2731 1527 2761 omnia.
1541 2735 1569 2757 et
1589 2731 1614 2756 in
1630 2730 1760 2766 om_nibus
1770 2733 1822 2766 ;_et

1037 2763 1184 2794 secundum
1208 2766 1329 2792 ordinem
1347 2763 1527 2792 confessionis
1542 2770 1642 2791 sancta:
1662 2763 1821 2796 Trinitatis,

1036 2802 1153 2836 primum
1167 2801 1262 2828 tribuit
1273 2800 1356 2832 Patri,
1374 2800 1521 2836 secundum
1537 2799 1614 2830 Filio,
1631 2799 1742 2836 tertium
1759 2798 1822 2832 Spi-

1035 2835 1099 2863 ritui
1114 2840 1210 2871 sancto
1218 2844 1225 2869 ;
1239 2836 1300 2871 quia
1313 2840 1353 2863 est
1372 2835 1449 2862 tertia
1471 2835 1593 2871 Persona
1609 2835 1760 2871 secondnm
1774 2840 1822 2859 or-

1035 2872 1125 2900 dinem
1148 2868 1338 2903 confessionis,
1354 2875 1383 2897 ut
1397 2870 1500 2904 antiqui
1524 2868 1639 2903 theologi
1655 2868 1820 2903 loquantur,
