1861 3052
25 66 74 94 555

521 68 564 96 DE
586 69 665 97 VITA
683 70 728 98 ΕΤ
747 70 904 99 SCRIPTIS
921 72 950 99 S.
971 71 1163 102 lllPPOLYTI.

1589 83 1641 111 35‘

20 133 76 152 rere
89 124 183 158 Patri,
194 125 313 159 etFilio,
323 131 350 154 et
362 125 472 161 Spiritui
485 132 579 154 sancto
590 128 808 164 credamuswl).
823 132 846 160 Α
861 133 922 157 ctus
935 130 1035 159 dicitur
1049 133 1145 160 tertius
1162 134 1279 169 gradus,
1297 135 1350 163 dici
1365 137 1445 164 etiam
1462 142 1550 172 potest
1566 142 1645 168 tertia

20 171 123 200 Etenim
140 170 235 199 Judaei
251 172 358 200 Patrem
374 173 601 208 gloriﬁcaverunt,
619 174 665 202 sed
681 182 734 201 non
752 183 812 210 ege-

19 222 80 244 runt
105 226 122 252 g
139 219 237 251 alias;
264 218 397 253 siquidem
428 227 480 246 non
505 225 673 254 agnoverunt
699 219 808 247 Filium.

19 263 149 298 Dis‘cipuli
180 270 355 298 agnoverunt
375 264 488 297 Filium,
512 266 558 292 sed
583 273 636 292 non
656 266 682 292 in
707 265 808 300 Spiritu

18 314 126 342 sancto;
154 310 266 337 idcirco
288 314 463 346 negaverunt.
481 309 576 339 Sciens
593 312 673 346 igitur
689 310 808 339 Verbum

16 354 98 381 Patris
125 357 318 383 (ncmmmiam
334 361 360 383 et
373 357 537 383 voluntatem
555 356 651 389 Patris,
668 357 738 392 quod
755 365 809 384 non

17 400 69 426 vult
81 400 167 426 aliter
185 400 270 427 Pater
287 401 444 435 gloriﬁcari,
465 402 516 428 nisi
535 402 588 434 sic;
606 410 667 429 cum
685 410 808 430 resurre-

16 445 60 477 xit,
77 446 199 473 tradidit
220 446 272 473 hoc
288 447 430 481 discipulis
448 455 455 473 :
481 457 489 472 ι
509 447 621 480 Euntes,
643 448 739 483 inquit,
760 448 808 476 do-

17 501 26 517 t
44 496 101 518 crte
118 499 228 519 omnes
251 497 360 526 gentes,
385 493 552 527 baptizantes
574 501 621 521 eos
647 494 673 520 in
699 494 808 522 nomine

17 547 26 563 α
42 537 143 570 Patris,
163 543 194 565 et
214 538 292 570 Filii,
313 543 339 566 et
359 539 474 573 Spiritus
492 539 588 566 sancti.
609 550 618 565 ι
638 539 734 567 Docuit
751 540 805 572 hic,

13 583 78 618 quod
101 583 275 618 quicunque
301 592 384 611 unum
409 584 474 619 quid
499 585 596 611 borum
625 585 765 617 omiserit,
782 585 806 613 is

14 629 127 663 perlecte
156 628 252 656 Deum
279 638 333 656 non
362 631 531 665 gloriﬁcavit.
558 631 609 657 Per
635 631 705 658 hanc
733 631 805 658 enim

13 673 187 706 Trinitatem,
199 675 248 701 διὰ
259 675 309 710 τῆς
318 675 439 711 Τριάὸος,
451 675 528 703 Pater
542 677 714 711 gloriﬁcatur.
728 675 806 704 Pater

13 721 76 746 enim
94 721 202 749 voluit.
224 721 310 749 Filius
331 722 408 753 fecit,
426 721 542 756 Spiritus
564 727 674 749 sanctus
694 722 806 750 manife-

12 771 76 793 stum
93 765 172 792 lecit.
189 764 312 793 Necesse
323 774 387 801 ergo
401 772 453 800 est,
469 767 507 794 ait
523 772 632 794 sanctus
647 768 690 795 hic
700 769 804 802 episco-

859 177 1002 212 dispositio
1013 198 1020 210 ,
1043 179 1098 206 sive
1121 182 1282 209 (ncouomia.
1302 181 1391 211 Minus
1406 190 1533 213 accurate
1549 187 1575 214 itt
1592 186 1645 215 La-

860 223 916 249 tina
940 223 1161 258 interpretatione
1181 226 1332 255 iucarnatio
1349 238 1358 254 ι
1383 232 1542 258 mconomiaa
1568 242 1577 258 ι
1595 242 1644 260 no-

859 269 932 296 mine
944 270 1113 304 designatur,
1131 272 1157 298 in
1176 273 1218 299 his
1235 274 1334 306 verbis,
1349 283 1409 310 qua:
1424 276 1549 311 leguntur
1560 287 1585 306 c.
1602 279 1619 307 5
1634 288 1640 306 :

859 315 907 346 Τίς
923 315 978 351 γὰρ
991 316 1041 342 οὐκ
1060 318 1117 352 ὲρεί
1132 318 1179 344 ἕνα
1198 319 1263 346 Θεὸν
1278 318 1362 353 alvei;
1381 322 1438 348 ἀλλ’
1453 324 1484 349 οὐ
1500 324 1549 359 τὴν
1569 326 1642 352 οἰκο-

859 361 954 396 νομίαν
970 362 1122 398 ἀναιρήσει.
1140 373 1149 390 ι
1163 364 1230 398 Quis
1244 367 1315 393 enim
1331 375 1384 395 non
1399 369 1469 396 dicet
1483 378 1565 397 uuutn
1582 379 1643 400 esse

859 405 963 433 Deum?
978 416 1030 434 noti
1047 413 1135 436 tamen
1153 411 1282 438 contirtuo
1297 414 1475 441 cecouomiam
1491 415 1526 450 (id
1549 421 1589 444 est
1601 417 1642 444 in-

858 454 1055 489 carnationem)
1083 455 1200 489 negabit.
1220 466 1230 482 ›
1248 456 1306 484 Non
1337 458 1564 492 incarnationem.
1592 462 1641 490 Sed

859 506 1001 525 numerum
1016 504 1043 527 et
1058 500 1262 535 dispositionem
1284 503 1423 533 Trinitatis
1441 507 1595 536 considerat
1609 508 1639 536 S.

858 544 1017 581 Hippolytus
1032 547 1084 574 hoc
1098 548 1124 574 in
1140 547 1210 582 loco,
1226 553 1253 576 et
1269 550 1392 584 pluribus
1407 551 1434 579 in
1451 553 1522 581 aliis.

1117 627 1315 657 ARTICULUS
1335 630 1378 659 IV.

902 701 934 720 DE
953 702 1111 724 DIVINITATE
1129 705 1193 725 FlLll
1213 706 1247 725 ΕΤ
1273 706 1589 730 εοηδυθετΑΝτιΑιιτΑτε

1199 741 1287 762 νεκθι.

11 819 56 846 pus
79 812 156 845 μὴν
177 817 229 844 ιη’
251 797 377 846 quamvi's
399 797 480 845 "om,
499 814 660 840 commamr
681 797 803 849 (Nbelus)
820 803 840 830 Β
876 797 1114 849 DipinitasFilii.
1127 815 1161 820 ——-
1177 800 1238 829 Pari
1257 803 1415 837 praecisione
1432 804 1554 839 loquitur
1573 813 1638 834 san-

11 856 114 884 Patrem
140 857 236 884 Deum
261 859 486 892 omnipotentem,
509 863 536 886 et
552 859 688 886 Christum
710 859 802 888 Jesum

11 903 101 930 Filium
128 903 203 935 Dei,
235 903 320 930 Deum
348 903 449 931 factum
478 905 624 936 hominem,
645 906 687 932 cui
713 907 802 934 omnia

10 949 84 977 Pater
100 951 227 985 subjicit
244 955 343 984 praeter
358 959 386 977 se
397 971 403 983 ,
422 955 449 977 et
472 950 600 983 Spiritum
625 957 758 984 sanctum,
776 958 802 980 et

10 996 54 1023 llos
75 1004 141 1023 vere
166 1004 236 1023 esse
258 1001 322 1023 tres.
340 996 416 1029 Quod
440 997 462 1023 si
490 998 546 1023 vult
573 997 642 1024 scire
665 999 802 1032 quomodo

10 1049 74 1069 uitus
91 1041 169 1069 Deus
189 1042 406 1075 demonstretur,
423 1043 490 1070 sciat
507 1050 587 1069 unam
602 1051 662 1070 esse
675 1044 800 1071 virtutem

9 1089 60 1114 sive
81 1089 243 1122 potentiam
270 1088 361 1123 hujus.
381 1097 391 1113 ι

45 1131 116 1159 Sane
135 1140 224 1159 uerno
238 1132 439 1167 possetnostris
448 1133 521 1160 hisce
535 1134 702 1168 temporibus
716 1135 801 1170 magis

8 1183 128 1204 act-orate
147 1178 230 1212 loqui
250 1177 286 1204 de
302 1179 431 1212 mysterio
447 1180 626 1207 sanctissimae
648 1179 798 1212 Trinitatis,

9 1231 82 1257 quam
94 1224 275 1258 loquebatur
291 1224 319 1250 S.
330 1223 498 1260 Hippolytus,
516 1226 560 1260 qui
577 1227 656 1253 tertio
673 1226 800 1255 Ecclesia)

8 1270 99 1298 saeculo
109 1270 219 1296 ﬂoruit.
237 1269 385 1304 Perspicue
397 1278 489 1298 revera
498 1272 634 1298 adorabile
642 1273 692 1300 hoc
701 1278 800 1308 myste-

8 1317 69 1342 rium
77 1321 286 1351 pertractatur,
296 1323 356 1342 cum
365 1316 464 1343 dicitur
471 1316 577 1345 Patrem
586 1326 646 1345 esse
655 1317 748 1352 Deum,
759 1318 801 1347 Fi-

7 1364 65 1391 lium
75 1373 137 1392 esse
147 1364 255 1397 Deum,
268 1363 397 1398 Spiritum
404 1369 525 1391 sanctum
535 1373 594 1393 esse
605 1365 687 1393 Deutn
699 1376 705 1399 ;
719 1372 745 1394 et
755 1368 797 1394 ni-

6 1408 153 1438 hilominus
164 1417 258 1436 unum
268 1410 356 1437 solum
365 1419 424 1438 eSSe
433 1410 527 1442 Deum,
538 1413 599 1446 quia
609 1417 662 1440 tres
671 1413 728 1440 ista:
737 1412 798 1440 Per-

4 1462 83 1490 sonae,
91 1457 145 1484 etsi
155 1463 225 1483 vere
234 1456 272 1483 ab
281 1457 393 1483 invicem
405 1457 547 1490 distinctai,
558 1461 621 1484 sunt
631 1466 682 1485 una
691 1460 797 1486 eadem-

5 1510 52 1537 que
62 1504 163 1535 virtus,
178 1503 243 1530 sive
253 1503 384 1537 potentia,
395 1503 509 1538 ideoque
519 1512 588 1531 unus
596 1509 623 1531 et
631 1505 699 1532 idem
717 1505 797 1532 Deus.

4 1547 55 1576 Hoc
70 1557 128 1576 uno
153 1548 186 1575 S.
213 1547 352 1583 Hippolyti
372 1548 554 1582 pulchrrritno
569 1550 722 1577 testimonio
741 1556 798 1578 tum

4 1596 63 1628 Arii,
73 1602 131 1624 tum
143 1597 266 1624 Sabellii
277 1597 400 1631 impietas
410 1597 575 1633 proﬂigatur.
586 1598 651 1627 Tres
659 1604 721 1627 sunt
730 1600 798 1627 divi-

4 1650 39 1668 na:
47 1642 191 1674 Personae,
202 1643 254 1670 sed
265 1651 335 1670 unus
345 1642 414 1671 Deus
423 1649 486 1671 sunt
499 1653 505 1671 :
518 1652 550 1671 en
561 1649 646 1672 totum
657 1646 798 1673 sanctissi-

5 1696 48 1716 ma:
56 1689 210 1717 Trinitatis
222 1690 393 1724 mysterium.
401 1689 516 1717 Notante
526 1691 635 1725 insuper
643 1692 677 1718 cl.
687 1691 797 1719 Marano

4 1734 53 1769 (42)
75 1736 164 1770 paulo
189 1739 269 1766 ante,
295 1742 353 1769 cap.
370 1736 498 1763 nimirum
518 1736 552 1769 8,
568 1741 678 1764 sanctus
696 1737 797 1772 Hippo-

4 1780 67 1816 lytus
80 1783 201 1809 dixerat
220 1789 306 1808 unum
320 1781 404 1809 Deum
419 1790 480 1809 esse
493 1783 640 1810 secundum
658 1784 795 1817 virtutem,

3 1828 53 1855 sive
74 1828 240 1856 secundum
263 1828 408 1855 essentiam
431 1829 560 1861 divinam,
576 1837 636 1864 quae
652 1837 704 1856 una
718 1837 797 1864 pror-

3 1882 44 1901 sus
58 1879 98 1902 est
121 1875 153 1901 in
178 1874 273 1900 tribus
293 1872 439 1906 Personis;
455 1874 602 1901 secundum
616 1880 706 1902 autem
724 1883 796 1902 teco-

3 1921 114 1947 nomiam
141 1925 207 1947 tres
233 1918 367 1947 Personas
391 1921 494 1947 ostendi
511 1921 654 1955 :intelligit
677 1929 752 1956 ergo,
767 1928 796 1949 ut

2 1965 193 1994 Tertullianus
210 1957 286 2000 (43),
305 1967 464 1994 meonomize
484 1967 609 1999 nomine,
626 1976 635 1993 ι
653 1975 793 1995 numerum

1 2018 23 2038 et
37 2012 260 2048 dispositionem
279 2011 426 2039 Trinitatis.
451 2022 461 2038 ι
484 2011 540 2040 Hoc
552 2018 642 2040 autem
655 2013 714 2040 loco
732 2021 795 2048 gra-

2 2057 59 2084 tiam
72 2057 206 2093 Spiritus
221 2057 309 2084 sancti
320 2057 434 2092 appellat
443 2066 453 2082 ε
464 2059 569 2085 tertiam
582 2059 759 2085 (economiam
767 2068 775 2092 ;
783 2068 792 2084 ι

2 2104 41 2130 sed
66 2105 173 2132 eodem
202 2111 286 2131 sensu
312 2111 344 2130 ae
368 2102 567 2137 Tertullianus,
590 2105 637 2140 qui
663 2104 793 2139 Spiritum

2 2155 123 2178 sanctum
143 2149 270 2184 appellat
285 2159 294 2175 ι
311 2150 418 2177 tertium
433 2151 557 2186 gradum.
574 2160 583 2177 ι
598 2150 664 2178 Nam
680 2152 790 2186 gradus,

2 2193 101 2227 ianua,
131 2195 266 2230 species,
288 2195 429 2229 dispositio
450 2197 506 2224 sive
529 2197 694 2230 oeconomia,
720 2197 790 2225 idem

2 2247 92 2268 sonant
115 2241 196 2277 apud
220 2240 428 2269 Tertullianum.
445 2243 534 2275 Quare
558 2243 581 2270 si
598 2233 715 2278 Spiritus
728 2252 791 2271 san-

0 2334 22 2365 ςι
43 2339 92 2360 nos
121 2329 203 2365 loqui
228 2329 386 2356 docuerunt.
407 2339 416 2355 ι
431 2329 475 2356 Fr.
495 2329 645 2357 Turrianus
667 2330 694 2357 in
718 2331 790 2357 hunc

0 2363 93 2437 loi‘iii',’
104 2400 168 2437 Non
184 2404 282 2437 potest.
295 2403 406 2437 notante
420 2399 453 2427 cl.
474 2399 582 2437 Murano
595 2400 639 2437 lib.
654 2408 680 2427 tv
695 2399 731 2437 De
747 2400 789 2427 di-

1 2435 106 2463 vinitate
130 2435 161 2462 J.
184 2435 234 2467 C.,
260 2443 291 2469 pa
314 2455 320 2461 .
343 2435 405 2467 458,
429 2435 582 2462 accuratius
594 2436 690 2470 dogma
709 2435 788 2462 Chri-

1 2478 153 2495 sziamsrum
169 2471 281 2495 exnoui.
295 2443 354 2495 gon
376 2470 462 2495 solum
477 2471 547 2495 enim
567 2479 708 2495 numerum
723 2470 788 2495 Per-

0 2478 153 2499 s:na:.orum
169 2471 281 2505 exponi.
297 2470 354 2496 Non
376 2470 462 2496 solum
477 2471 547 2497 enim
567 2479 708 2497 numerum
723 2470 788 2497 Per-

1 2513 130 2532 sonarum
156 2506 225 2532 nilnl
247 2505 280 2532 de
302 2505 348 2531 Dei
369 2505 554 2539 singularitate
568 2506 709 2532 detrahere
722 2514 788 2533 con-

0 2543 74 2574 lrtldll
87 2551 96 2574 ;
114 2541 163 2568 sed
178 2542 261 2567 etiam
276 2542 361 2574 ipsam
376 2539 421 2566 Dei
436 2541 648 2574 singularitatem
663 2540 720 2567 sine
735 2542 786 2568 hoc

0 2573 182 2635 habenarum
200 2573 317 2602 numero
332 2583 382 2602 nec
397 2573 555 2608 consistere,
571 2583 621 2603 nec
641 2575 691 2602 coli
707 2583 786 2610 posse

15 2618 79 2635 UCPL

15 2618 84 2680 ufici")
103 2646 242 2681 llippolyt.
256 2645 310 2681 loc.
327 2646 476 2681 cit.,7num.
491 2646 518 2673 8.

27 2682 83 2715 (42)
104 2680 236 2709 Prudent.
250 2680 371 2711 Maran.,
385 2680 423 2707 De
436 2681 574 2708 divinitate
587 2680 614 2708 Ι.
627 2680 669 2714 C.,
684 2680 730 2709 lib'.
743 2689 781 2714 tv,

0 2716 98 2786 “(44%?
108 2751 223 2779 Tertull.
239 2749 460 2786 adv.!’raxeam,
472 2758 531 2786 cap.
544 2751 571 2778 5.

29 2785 85 2822 (ιιι)
104 2786 164 2815 Lib.
177 2787 283 2815 Contra
296 2785 392 2820 Noet.,
406 2794 480 2813 num.
492 2785 518 2812 6.

856 846 916 869 ctus
929 843 979 870 iste
991 845 1136 880 episcopus
1151 853 1183 873 ac
1196 852 1296 882 martyr
1311 848 1344 875 de
1362 849 1503 877 divinitate
1520 858 1552 877 ac
1572 859 1638 878 con-

856 889 1085 917 suhstantialitate
1112 890 1189 918 Verbi
1220 892 1246 919 in
1272 894 1447 927 particulari;
1474 900 1500 922 et
1525 903 1556 922 ex
1590 897 1637 924 illo

856 936 995 963 innumera
1009 942 1142 964 eruuntur
1158 939 1311 966 testimonia
1324 960 1330 972 ,
1348 948 1409 975 quae
1425 941 1586 968 Arianorum
1605 950 1637 970 ac

856 980 1062 1009 Sociniauorum
1075 991 1106 1011 os
1127 985 1270 1012 obstruere
1283 986 1381 1013 valent.
1402 985 1476 1014 llabe
1491 987 1572 1014 modo
1587 996 1638 1015 no-

855 1028 987 1055 tabiliora.
999 1026 1026 1055 lu
1044 1030 1112 1056 lihro
1126 1036 1215 1057 contra
1228 1030 1341 1058 Nectum
1357 1032 1455 1060 Christi
1469 1032 1637 1061 divinitatem

853 1072 952 1100 diserte
969 1074 1121 1107 proﬁtetur,
1140 1076 1202 1102 dum
1221 1077 1255 1102 ad
1275 1077 1339 1104 illud
1363 1077 1483 1111 Apostoh
1503 1077 1581 1105 Rom.
1596 1086 1636 1111 ix,

854 1116 902 1143 lii:
917 1127 926 1142 ι
939 1117 1059 1150 Quorum
1077 1125 1177 1154 patres,
1190 1128 1221 1147 ex
1238 1121 1336 1156 quibus
1350 1122 1475 1150 ChriSIus
1487 1125 1635 1151 secundum

852 1170 972 1193 carnem.
987 1173 996 1189 ι
1011 1169 1063 1192 etc.
1074 1186 1081 1198 ,
1100 1166 1136 1192 ita
1154 1167 1290 1201 eloquitur
1302 1167 1374 1204 (44):
1396 1179 1404 1194 t
1419 1168 1534 1197 Pulchre
1553 1178 1635 1198 enar-

853 1213 903 1241 rat,
920 1214 946 1236 et
962 1209 1078 1238 dilucide
1098 1213 1256 1247 mysterium
1278 1215 1411 1243 veritatis.
1450 1215 1508 1246 llic.
1528 1217 1574 1252 qui
1595 1223 1636 1245 est

852 1262 933 1288 super
956 1257 1064 1286 omnia.
1091 1256 1162 1285 Deus
1186 1263 1225 1286 est
1247 1259 1297 1293 (sic
1319 1260 1390 1287 enim
1425 1263 1504 1289 audet
1524 1262 1634 1290 dicere:

850 1299 959 1334 (Omnia
973 1302 1037 1329 mihi
1059 1303 1157 1329 tradita
1174 1310 1234 1331 sunt
1255 1315 1270 1330 η
1291 1305 1400 1341 Patre).
1421 1307 1471 1340 Qui
1495 1314 1537 1335 est
1553 1317 1634 1343 super

850 1347 940 1374 omnia
951 1347 1019 1375 Deus
1029 1348 1195 1381 benedictus,
1207 1351 1312 1385 genitus
1323 1357 1379 1385 est;
1393 1358 1419 1380 et
1436 1354 1522 1382 lactus
1540 1356 1634 1388 homo,

850 1391 921 1420 Deus
934 1399 975 1421 est
984 1396 1008 1421 in
1021 1396 1129 1423 saecula.
1141 1406 1150 1421 ›
1162 1397 1240 1433 (δίο.)
1249 1397 1279 1424 Ει
1288 1406 1383 1427 rursus
1392 1401 1471 1434 paulo
1482 1401 1612 1438 lnl‘ra(i5)
1622 1411 1631 1429 :

853 1447 861 1464 t
875 1438 989 1467 Necesse
997 1449 1060 1476 ergo
1068 1447 1118 1475 est,
1129 1448 1156 1469 ut
1164 1444 1287 1478 quamvis
1296 1446 1371 1477 nolit,
1381 1447 1524 1474 conlitealu
1548 1448 1632 1476 Deum

811 1481 832 1508 (Ξ
848 1486 1078 1520 onmipoteutem,
1110 1492 1137 1515 et
1159 1487 1298 1516 Christum
1324 1489 1415 1518 Jesum
1447 1491 1491 1519 Dei
1511 1492 1632 1526 Filium,

848 1530 932 1558 Deum
958 1532 1057 1559 factum
1074 1533 1243 1562 hominem...
1266 1540 1293 1563 et
1314 1535 1441 1571 Spiritum
1452 1544 1589 1572 sanctum;
1604 1543 1632 1568 et

849 1577 899 1604 hos
916 1585 975 1605 esse
991 1586 1055 1606 vere
1070 1583 1134 1612 tres,
1159 1581 1205 1607 καὶ
1222 1581 1331 1613 τούτους
1350 1580 1419 1610 εἶναι
1433 1583 1518 1616 οὕτως
1531 1585 1604 1620 τρία.
1616 1595 1627 1613 ο

882 1635 1033 1664 Camenius
1051 1637 1126 1665 Patri
1138 1643 1176 1665 est
1190 1638 1537 1669 Filius.—Generationem
1551 1648 1631 1671 teter-

847 1690 909 1710 nam
920 1688 948 1710 et
956 1684 1262 1713 consubstantialitatem
1276 1685 1335 1713 Filii
1347 1695 1408 1714 cum
1420 1687 1500 1716 Patre
1513 1697 1629 1724 sequen-

846 1730 883 1756 tia
899 1730 1046 1758 ostendunt
1069 1733 1154 1759 sancti
1178 1731 1312 1768 Hippolyti
1330 1734 1410 1761 verba
1425 1734 1480 1769 (46)
1497 1744 1503 1762 :
1519 1745 1528 1761 ‹
1545 1735 1629 1768 Deus,

846 1775 921 1803 solus
943 1785 1004 1804 cum
1032 1783 1105 1805 esset
1127 1779 1206 1812 (ante
1229 1779 1411 1815 creationem)
1432 1781 1554 1816 nihilque
1575 1781 1629 1810 sibi

846 1829 964 1850 coaevum
980 1822 1101 1856 haberet,
1115 1825 1203 1851 voluit
1218 1825 1350 1852 mundum
1367 1826 1482 1859 ellicere,
1501 1835 1534 1854 ac
1545 1835 1627 1855 mun-

845 1868 909 1896 dum
925 1869 1047 1904 cogitans
1068 1877 1100 1897 ac
1122 1870 1226 1904 volens,
1246 1875 1273 1899 et
1297 1872 1391 1900 dicens
1409 1873 1513 1907 ellecit;
1539 1875 1628 1902 couti-

845 1922 954 1950 nuoquc
981 1916 1085 1943 exstitit
1105 1917 1129 1944 ei
1155 1916 1259 1950 factus,
1285 1918 1356 1946 sicut
1382 1919 1487 1952 voluit,
1508 1924 1536 1946 et
1556 1920 1627 1948 sicut

845 1961 939 1992 voluit,
953 1962 1076 1997 perfecit.
1091 1962 1164 1990 Satis
1184 1964 1267 1998 igitur
1283 1964 1362 1992 nobis
1383 1970 1424 1993 est
1441 1966 1511 1993 scire
1524 1967 1624 2000 solum,

844 2008 911 2035 nihil
928 2016 990 2036 esse
1004 2008 1060 2036 Deo
1077 2017 1209 2037 coaevum.
1231 2009 1302 2037 Nihil
1322 2015 1382 2038 erat
1402 2018 1498 2046 praeter
1516 2013 1623 2046 ipsum;

844 2054 901 2089 ipse
914 2055 999 2086 solus,
1016 2055 1118 2082 mullus
1128 2055 1261 2084 erat.Nec
1277 2058 1349 2084 enim
1364 2062 1423 2084 erat
1438 2057 1496 2085 sine
1509 2059 1624 2092 ratione,

844 2101 903 2127 sine
919 2101 1062 2135 sapientia,
1079 2101 1139 2129 sine
1151 2102 1282 2136 potentia,
1302 2103 1362 2130 sine
1377 2104 1503 2131 consilio.
1526 2103 1623 2131 Omnia

806 2157 830 2185 D
843 2151 921 2174 erant
936 2147 962 2173 in
988 2155 1037 2174 eo:
1064 2148 1121 2182 ipse
1147 2153 1206 2176 erat
1224 2150 1326 2176 omnia.
1341 2148 1456 2182 Quando
1479 2149 1581 2181 voluit,
1596 2155 1624 2177 et

844 2193 981 2228 quomodo
994 2194 1089 2226 voluit,
1100 2194 1343 2223 ostenditVerbum
1360 2205 1438 2224 suum
1455 2197 1623 2231 temporibus

843 2239 912 2273 apud
929 2246 992 2266 eum
1012 2239 1147 2273 deﬁnitis;
1165 2248 1214 2275 per
1235 2241 1307 2276 quod
1326 2241 1415 2268 omnia
1438 2241 1499 2268 fecit
1518 2243 1620 2277 (ιη...

878 2329 933 2363 (55)
953 2329 1024 2358 Idem
1043 2329 1120 2360 ihid.,
1138 2337 1213 2356 num.
1228 2330 1254 2357 8.

878 2365 934 2396 (46)
955 2363 982 2391 S.
1002 2363 1149 2399 Hippolyt.,
1163 2366 1212 2392 Inc.
1227 2365 1286 2396 ‹·ἰῑ.,
1301 2373 1376 2391 num.
1392 2365 1436 2393 l0.
1486 2389 1489 2392 ι

877 2399 932 2436 (47)
953 2399 1015 2426 Haec
1024 2404 1051 2426 et
1063 2401 1202 2434 sequentia
1219 2401 1316 2426 mirum
1328 2402 1356 2436 _in
1372 2402 1479 2428 modum
1494 2403 1622 2436 explanat

842 2435 922 2461 simul
939 2439 965 2461 et
982 2439 1092 2461 strenue
1108 2439 1197 2461 tuetur
1212 2441 1305 2461 contra
1322 2434 1427 2462 Jurium
1444 2434 1620 2465 d0ctis‘sitnus

841 2469 988 2508 [iussin-tus
1013 2469 1156 2508 Meldensis
1173 2471 1332 2508 ripiserrptis.
1349 2471 1528 2508 Avertiss._vl,
1543 2473 1556 2508 ᾗ
1574 2474 1619 2504 68,

841 2504 894 2532 Sur
907 2504 942 2531 les
959 2506 1046 2541 lettres
1068 2504 1098 2541 tle
1121 2504 1225 2541 Jurieu_.
1247 2504 1370 2531 0Euvres
1388 2511 1453 2532 tom.
1469 2506 1514 2538 ιν,
1529 2504 1556 2541 μῖ
1568 2508 1620 2534 575

840 2547 866 2576 et
879 2548 937 2574 seq.
953 2540 998 2566 Ait
1014 2540 1140 2566 nimirum
1152 2540 1186 2566 cl.
1204 2539 1353 2576 Bossuetus
1375 2547 1497 2567 sanctum
1519 2539 1619 2576 [lippo-

839 2575 922 2610 lytum
941 2583 994 2601 non
1013 2579 1117 2602 tantum
1135 2575 1254 2610 seipsum
1271 2575 1421 2602 luculenter
1443 2577 1468 2602 in
1486 2577 1620 2603 catlmlico

838 2619 920 2637 sensu
941 2611 1089 2643 declarare,
1113 2611 1159 2637 sed
1188 2611 1267 2637 etiam
1297 2612 1406 2637 modum
1433 2612 1617 2645 suppeditare,

838 2653 893 2680 quo
906 2646 958 2672 alia
976 2646 1074 2672 similia
1098 2644 1147 2672 SS.
1173 2645 1281 2673 Patrum
1299 2644 1474 2679 testimonia,
1487 2644 1553 2681 quae
1569 2648 1619 2673 ob-

838 2681 960 2707 scuriora
973 2685 1114 2715 apparent.
1134 2681 1251 2708 dilucide
1263 2686 1442 2715 exportantur.
1457 2682 1525 2709 Cum
1545 2683 1617 2708 enim

837 2716 864 2742 in
879 2717 939 2743 loco
954 2717 1037 2742 citato
1058 2717 1147 2743 dicat:
1173 2726 1182 2742 ι
1200 2716 1277 2749 Quod
1291 2716 1408 2744 Verbum
1421 2738 1428 2750 ,
1458 2725 1518 2744 cum
1547 2717 1572 2743 in
1588 2725 1618 2744 se

837 2751 970 2783 haberet,
996 2755 1123 2785 essetque
1150 2752 1252 2779 mundo
1280 2756 1371 2779 creato
1404 2752 1618 2787 inaspeclabile,

837 2787 963 2814 emittens
977 2786 1096 2821 priorem
1117 2794 1209 2815 vocem
1222 2806 1230 2820 ,
1247 2791 1274 2815 et
1289 2788 1381 2815 lumen
1395 2795 1429 2815 ex
1449 2786 1552 2816 lumine
1570 2794 1616 2823 ge-
