1861 3052
239 71 296 99 355

724 63 770 92 DE
790 62 872 92 VlTA
892 60 937 88 ET
956 59 1111 88 SCRIPTlS
1131 59 1168 88 S..
1181 58 1372 87 HIPPULYTI.

1807 57 1857 85 356

236 127 338 157 Eorum
356 129 445 154 autem
459 133 521 160 quae
535 124 604 152 facta
620 127 694 155 sunt,
707 123 815 154 ducem,
829 118 1016 148 consiliarium
1031 119 1055 147 Α
1068 121 1179 152 martyr,
1201 116 1274 150 quod
1291 115 1492 150 Athenagoram
1510 113 1638 141 docuisse
1655 119 1743 147 supra
1761 117 1855 140 osten-

234 179 264 203 ει
297 174 451 209 operarium
479 171 625 206 generabat
641 169 778 200 Verbum;
800 167 872 202 quod
899 165 1017 199 Verbum

235 228 300 249 cum
326 220 354 248 in
375 227 404 247 se
431 218 562 249 haberet.
589 219 715 250 essetque
745 213 847 241 mundo
862 217 953 240 creato
975 212 1018 239 in-

236 266 421 302 aspectabile,
450 264 514 291 fecit
539 262 722 297 aspectabile,
753 261 879 288 emittens
900 259 1018 294 priorem

235 321 329 342 vocem
339 322 347 345 ;
358 316 386 340 et
399 312 489 338 lumen
500 318 533 338 ex
547 309 650 336 lumine
675 314 809 343 generans
842 305 958 341 (48-19),
972 305 1019 332 de-

235 359 368 396 prompsit
383 358 436 393 ipsi
448 362 582 384 creaturaa
601 355 746 382 Dominum
756 375 764 385 ,
784 361 896 381 sensum
915 359 994 380 suum
1009 360 1016 378 :

235 410 263 432 et
277 404 322 440 qui
335 404 410 438 prius
423 403 476 438 ipsi
489 406 594 429 tantum
607 404 666 428 erat
677 399 803 431 visibilis,
814 398 915 426 mundo
927 402 1017 425 autem

235 450 399 482 invisibilis,
419 449 492 476 bime
513 447 646 475 visibilem
663 446 737 480 facit,
759 451 789 474 ut
807 446 936 478 mundus,
955 452 1017 472 cum

235 506 310 531 eum,
322 497 368 532 qui
384 495 519 532 apparuit,
532 494 645 525 videret,
658 493 751 520 salvus
768 492 826 519 ﬁeri
841 496 940 526 posset.
952 500 962 517 ι

269 543 327 570 Hoc
342 543 403 570 loco
427 541 481 568 divi
501 539 638 575 Hippolyti
660 539 782 566 abutitur
806 538 924 564 Sandius
939 536 1016 571 (50);

235 588 299 616 dum
316 596 350 616 ex
369 595 402 614 eo
422 586 566 623 ostendere
592 590 724 617 conatur,
747 587 872 611 sanctum
896 587 1018 610 nostrum

234 635 392 670 episcopum
416 632 561 663 docuisse,
583 631 681 658 Filium
703 630 784 665 paulo
799 634 861 656 ante
886 629 1016 656 mundum

234 680 375 708 conditum
401 678 533 706 exsistere
559 677 684 712 ccepisse.
711 675 811 703 Verum
840 674 1016 702 doctissimus

235 724 330 752 Bullus
347 723 403 759 (51)
431 722 557 750 eumdem
584 722 673 749 locum
703 721 737 747 ab
768 719 1017 755 interpretamentis

237 769 332 798 Sandii
359 769 466 804 egregie
489 768 609 795 vindicat
633 767 668 794 ita
683 767 843 794 disserens:
865 775 875 791 ι
891 766 1016 801 Agnosco

237 815 361 849 quidem,
375 815 422 841 hic
435 813 469 840 ab
490 812 633 848 Hippolyto
651 811 852 847 generationem
869 810 1016 845 quamdam

235 860 326 888 Verbo
342 861 399 888 sire
413 859 484 888 Filio
499 859 546 887 Dei
561 859 653 890 tribui,
670 866 724 893 quo
742 857 835 885 mundi
851 857 1015 885 creationem

234 908 359 944 proxime
384 906 570 935 antecesserit.
590 904 642 932 Sed
666 904 777 932 omnino
796 911 864 939 nego
882 904 915 930 de
935 911 1017 938 gene-

235 955 343 982 ratione
354 954 428 988 loqui
440 952 612 988 llippolytum
629 950 737 986 proprie
749 950 899 984 dicta,qu:e
913 949 1017 977 scilicet

236 998 319 1026 Verbi
333 999 414 1026 fuerit
433 997 585 1033 productio,
603 1004 691 1031 quave
705 995 823 1022 Verbum
837 994 936 1030 ipsum,
953 1002 1016 1022 cum

234 1045 312 1081 prius
333 1052 388 1072 non
412 1044 574 1075 exsisteret,
592 1042 723 1070 exsistere
742 1041 832 1076 erepit.
855 1041 923 1069 Huic
942 1049 1018 1068 com—

235 1094 328 1118 mento
343 1094 417 1117 totus
434 1089 569 1124 Hippolyti
587 1096 677 1116 sermo
689 1093 832 1123 repugnat.
845 1086 913 1114 Nam
931 1086 1017 1114 Deum

235 1145 270 1165 ex
286 1141 387 1164 aeterno
401 1136 437 1163 ita
456 1145 464 1161 ι
483 1135 571 1163 solum
590 1144 599 1161 ›
620 1134 706 1162 fuisse
729 1134 827 1166 docet,
855 1137 885 1161 ut
906 1133 1016 1161 interim

240 1193 250 1209 r
263 1183 379 1210 multum
391 1191 400 1208 ι
417 1181 501 1209 fuisse
518 1180 640 1208 allirmet.
657 1180 818 1213 Quomodo?
832 1179 900 1213 Quia
914 1179 1017 1207 scilicet

235 1227 308 1256 Deus
323 1227 403 1255 Pater
418 1235 558 1262 nunquam
577 1230 637 1254 erat
658 1226 719 1254 sine
732 1226 835 1253 ratione
852 1225 906 1261 (τῷ
922 1224 1015 1260 Λόγῳ)

235 1280 262 1303 et
274 1275 416 1310 sapientia,
433 1275 485 1301 hoc
502 1278 552 1306 est,
572 1273 631 1301 sine
645 1272 714 1300 Filio
733 1278 760 1301 et
781 1272 884 1308 Spiritu
900 1276 1014 1305 sancto;

236 1320 349 1355 proinde
365 1327 420 1346 non
435 1319 492 1346 sine
504 1318 629 1351 consilio,
644 1325 706 1345 eum
722 1322 869 1353 utrumque
886 1317 937 1344 sibi
949 1324 1016 1344 con-

236 1366 369 1393 siliarium
397 1365 531 1392 habuerit.
557 1363 653 1392 Nullus
683 1363 797 1396 dubito,
820 1364 884 1398 quin
908 1363 954 1391 hic
981 1362 1017 1390 sit

237 1418 334 1450 sensus
363 1410 496 1445 genuinus
527 1410 641 1438 istorum
679 1409 816 1445 Hippolyti
847 1409 1014 1436 verborum:

236 1455 313 1483 Nihil
323 1461 379 1482 erat
395 1460 489 1490 printer
506 1455 610 1490 ipsum;
636 1455 700 1490 ipse.
719 1454 789 1482 totus
801 1480 807 1491 ε
820 1455 917 1481 multus
945 1459 1014 1487 erat,
1028 1463 1050 1492 ρ

236 1502 293 1530 Nec
318 1502 388 1529 enim
410 1506 465 1529 erat
487 1502 542 1528 sine
568 1502 669 1528 ratione
687 1501 799 1535 (procul
816 1501 899 1528 dubio
923 1500 1014 1528 Graece

236 1548 382 1582 scripserat
408 1547 567 1582 Hippolytus
604 1546 768 1583 agn/ww),
795 1547 850 1574 sine
871 1547 1014 1581 sapientia,

236 1593 292 1620 sine
308 1592 427 1619 consilia.
464 1591 567 1627 Quippe
581 1592 664 1619 Deum
685 1592 827 1626 agnovisse
842 1590 1014 1626 Hippolytum

237 1646 321 1664 unum
337 1641 364 1665 et
385 1637 510 1669 multum,
526 1637 579 1664 hoc
593 1641 635 1664 est
649 1636 767 1668 trinum;
784 1643 868 1662 unum
888 1637 1014 1670 essentia,

237 1683 338 1711 trinum
355 1683 495 1715 Personis,
513 1684 571 1719 ipse
585 1683 667 1717 hujus
680 1682 797 1710 homiliaz
812 1682 907 1710 titulus
927 1683 1017 1710 deela-

236 1735 288 1758 rat.
301 1730 418 1758 Tertiam
433 1735 522 1758 autem
536 1729 685 1757 divinitatis
705 1729 862 1764 bypostasin
880 1738 889 1754 ι
902 1728 1015 1765 Sapien-

235 1777 281 1804 tiae
295 1786 304 1801 ι
326 1776 436 1804 nomine
450 1775 594 1812 appellavit
615 1774 785 1810 Hippolytus,
809 1774 912 1808 lremei,
937 1776 1016 1811 cujus

237 1822 345 1850 auditor
365 1822 451 1850 fuisse
482 1822 659 1858 perhibetur,
681 1821 805 1855 exemplo
830 1825 857 1848 et
880 1830 914 1848 ex
940 1829 1017 1849 more

236 1869 344 1896 illorum
373 1873 534 1903 temporum.
562 1866 663 1894 Deinde
683 1867 722 1893 ait
748 1866 917 1903 Hippolytus,
932 1867 1016 1895 Deum

236 1923 380 1951 generasse
395 1914 524 1946 Verbum,
543 1913 616 1948 quod
631 1912 664 1939 ab
676 1916 776 1939 aeterno
790 1913 817 1939 in
832 1920 861 1940 se
880 1912 1014 1940 habuerit.

235 1961 396 1994 Quomodo?
422 1970 431 1986 ‹
448 1960 552 1994 Ipsum,
577 1958 674 1993 inquit,
702 1958 868 1992 temporibus
892 1958 962 1993 apud
988 1966 1017 1986 se

238 2016 248 2032 ι
263 2006 379 2033 deﬁnitis
401 2005 537 2032 ostendit:
557 2004 644 2038 ipsum
667 2009 797 2031 creaturae
817 2008 847 2030 ut
860 2003 1016 2036 Dominum,

238 2060 248 2078 ε
262 2051 447 2086 deprompsit:
463 2051 549 2085 ipsum
562 2050 678 2085 denique
690 2049 796 2076 sibimet
812 2049 861 2077 soli
876 2049 951 2084 prius
965 2057 1016 2076 no-

239 2106 249 2124 ‹
263 2097 441 2130 tum,mundo
453 2096 585 2124 visibilem
602 2095 690 2123 fecitn
703 2095 792 2129 Itaque
804 2095 950 2130 generatio,
962 2103 1016 2130 qua

236 2144 271 2171 de
294 2143 414 2178 loquitur
430 2142 599 2178 Hippolytus,
620 2149 673 2169 non
688 2146 730 2169 est
754 2141 832 2169 Verbi
853 2142 1012 2176 productio;
1028 2131 1053 2161 Ῑ)

235 2190 282 2218 sed
301 2190 386 2224 ipsius
399 2197 432 2216 ex
452 2193 553 2216 azterno
566 2188 639 2215 Patri
654 2187 855 2219 eoexsistentis,
878 2187 1013 2219 ostensio,

235 2235 422 2270 depromptio,
445 2240 471 2261 ct
488 2233 688 2266 manifestatio,
707 2240 767 2267 quae
781 2240 827 2260 res
847 2237 951 2260 creatas
972 2240 1016 2260 re-

235 2279 364 2314 spexerit.
391 2278 426 2306 Ut
453 2279 523 2306 idem
556 2286 670 2313 prorsus
699 2277 814 2305 voluerit
841 2277 1016 2305 beatissimus

235 2421 344 2446 nerans,
366 2422 375 2438 ι
401 2411 584 2440 ιιιεεοιπίυς
608 2413 742 2445 ostendit,
765 2412 836 2440 hanc
865 2411 1014 2440 secundam

236 2448 316 2476 Verbi
335 2448 544 2483 generationem,
561 2448 625 2475 nihil
641 2448 712 2475 aliud
733 2455 802 2480 esse,
821 2455 903 2482 quam
922 2452 1013 2474 exter-

235 2492 298 2511 nam
316 2484 437 2518 ejusdem
458 2484 722 2518 manifestationem;
737 2491 784 2510 seu
804 2492 814 2509 ‹
827 2483 1014 2517 operationem

234 2518 268 2546 ad
285 2525 371 2550 extra,
383 2527 392 2544 ι
412 2523 442 2545 ut
456 2517 554 2546 Schola
568 2519 696 2554 loquitur.

270 2577 373 2613 (48—49)
395 2576 440 2603 Sic
460 2576 541 2607 locuti
562 2576 737 2613 ante_Patres
759 2574 905 2613 ΝἰοειξιιοεΔ
918 2580 1015 2613 ιδῃ-δηρι-

235 2610 407 2647 Hippolytum
416 2616 549 2645 nostrum,
558 2611 750 2640 suntJustinus
764 2610 1014 2647 rnat'terTatianus

235 2653 261 2682 et.
271 2645 472 2682 Athenagoras,
495 2652 525 2675 ut
544 2652 664 2682 notatum
680 2645 841 2682 doctissimo
853 2646 965 2682 rGrabio
979 2645 1014 2682 ad

235 2681 424 2717 lremeumrlilt.
444 2690 474 2714 il,
497 2690 556 2717 cap.
572 2682 616 2709 25.
635 2681 682 2709 His
707 2682 775 2709 adde
799 2681 963 2717 Methodium
980 2681 1013 2717 _in

235 2717 344 2744 bomilia
360 2716 394 2744 de
408 2714 537 2744 Simeone'
545 2723 572 2745 et
583 2717 660 2744 Anna
675 2738 682 2750 ,
696 2724 757 2751 pag.
773 2716 823 2743 l52
836 2725 842 2742 :
856 2716 906 2751 Σὺν
917 2715 941 2743 εἴ
952 2714 1014 2751 φῶς

233 2751 357 2785 ἀληθινὸν
372 2753 403 2779 ἐκ
419 2752 505 2788 φωτὸς
520 2752 660 2789 ἀληθινοῦ,
676 2748 745 2784 Seba
759 2750 883 2787 ἀληθινὸς
899 2750 930 2776 ὲκ
946 2748 1013 2776 Θεοῦ

1069 162 1170 189 dimus.
1185 161 1266 196 Atqui
1279 161 1305 188 in
1321 161 1394 187 hunc
1408 167 1520 187 sensum
1534 163 1564 185 ut
1579 158 1760 193 Hippolytum
1776 157 1856 185 inter-

1067 212 1216 242 pretemur,
1238 207 1355 235 suadent
1376 206 1486 241 quidem
1501 204 1558 240 ipsa
1579 204 1633 232 loci
1651 204 1730 231 allati
1754 204 1854 236 verba;

1068 253 1116 280 sed
1131 260 1164 280 eo
1177 253 1255 287 plane
1267 259 1317 279 nos
1331 255 1434 286 cogunt
1442 251 1496 278 alia
1509 251 1570 285 ejus
1583 250 1696 285 scripta,
1710 249 1741 275 in
1757 249 1856 284 quibus

1069 303 1232 326 coaaternam
1241 298 1301 326 Filii
1310 306 1370 325 cum
1379 297 1459 325 Patre
1471 296 1658 324 exsistentiatn
1668 295 1764 323 verbis
1777 295 1856 322 veluti

1068 345 1137 373 solis
1149 345 1226 372 radio
1237 344 1379 379 descriptis
1393 344 1524 371 declarat.
1540 352 1550 368 )

1104 435 1157 464 Sed
1172 436 1257 463 multo
1269 435 1446 463 luculentiora
1463 433 1600 470 perfectae,
1619 441 1652 461 ac
1666 441 1743 461 verre
1754 433 1854 461 divini-

1068 481 1132 508 tatis
1151 481 1178 508 in
1201 480 1289 513 Filio,
1314 480 1427 515 ejusque
1442 479 1561 507 Persona
1578 487 1594 506 a
1620 479 1702 506 Patre
1726 478 1855 506 distincta

1069 526 1098 553 S.
1116 525 1276 561 Hippolytus
1291 526 1445 553 testimonia
1461 525 1535 553 dedit
1549 525 1576 552 in
1597 525 1742 560 opusculis
1759 524 1856 552 Contra

1067 571 1194 599 Beronem
1209 578 1233 599 et
1248 571 1375 605 Helicem,
1391 571 1463 606 apud
1486 571 1673 598 Anastasium.
1697 570 1730 598 In
1758 571 1855 606 quibus

1068 614 1208 652 duplicem'
1218 618 1246 645 in
1268 617 1379 645 Christo
1401 622 1526 644 naturam
1552 621 1679 644 accurate
1702 617 1853 647 discernit;

1067 668 1095 691 et
1118 664 1237 691 divinam
1258 664 1382 692 eamdem
1403 664 1484 698 plane
1505 671 1568 691 esse
1591 664 1779 695 demonstrat,
1800 671 1856 698 quze

1067 714 1108 737 est
1124 709 1150 736 in
1165 709 1255 737 Patre.
1281 719 1290 736 ι
1308 710 1424 737 Verbum
1439 710 1510 737 enim
1527 710 1573 737 Dei
1584 710 1658 737 nulla
1671 718 1702 738 re
1718 715 1855 737 mutatum

1067 763 1152 788 esse,»
1163 756 1228 783 dicit
1238 763 1270 784 eo
1284 756 1353 790 ipso,
1363 756 1435 791 quod
1444 764 1552 783 carnem
1562 757 1649 783 induit
1660 765 1667 789 ;
1679 765 1688 782 ‹
1699 764 1757 784 nec
1767 757 1796 784 in
1806 757 1855 784 ullo

1069 809 1192 836 prorsus,
1208 802 1234 829 in
1251 810 1305 837 quo
1321 803 1391 830 idem
1413 807 1455 830 est
1473 810 1534 830 cum
1555 802 1774 835 Patre,.t'actum
1800 811 1855 830 esse

1069 847 1140 875 idem
1153 856 1215 875 cum
1229 855 1311 876 carne
1326 853 1435 884 propter
1455 849 1678 876 exinanitionem.
1693 848 1753 876 Sed
1767 849 1855 884 cujus-

1069 894 1144 921 nlodi
1157 899 1217 922 erat
1231 894 1334 929 absque
1348 902 1442 928 carne,
1455 895 1491 922 ita
1504 896 1638 922 mansisse
1648 900 1731 922 extra
1748 903 1854 922 onmem

1069 940 1348 975 circumscriptionem
1373 941 1440 976 (52).
1455 951 1464 967 ι
1483 940 1609 968 Rursus:
1638 950 1648 967 α
1667 941 1760 968 Deum
1784 941 1854 968 illum

1069 986 1204 1014 iuliuitum
1213 987 1304 1018 simul,
1314 992 1340 1014 et
1357 987 1593 1022 circumscriptum
1608 988 1755 1014 hominem
1774 995 1834 1015 esse
1844 996 1853 1013 ι

1069 1032 1122 1065 ait,
1134 1041 1144 1059 ‹
1166 1038 1194 1060 et
1208 1033 1337 1067 intelligi,
1355 1033 1497 1068 utriusque
1527 1033 1710 1061 substantiam
1740 1033 1855 1068 perfecte

1069 1079 1216 1114 perfectam
1229 1079 1372 1106 habentem
1385 1079 1451 1114 (53).
1464 1089 1473 1105 ι
1487 1078 1564 1112 Quod
1579 1084 1668 1114 potest
1678 1087 1745 1106 esse
1759 1079 1854 1106 clarius

1069 1131 1192 1157 summae,
1213 1124 1398 1158 absolutatque
1421 1123 1572 1151 divinitatis
1596 1123 1622 1150 in
1647 1123 1768 1150 Christo
1792 1130 1853 1157 pra:-

1069 1171 1196 1198 conium?
1211 1169 1279 1197 Nam
1299 1175 1326 1197 et
1343 1170 1479 1197 inﬁnitum
1491 1169 1584 1196 Deum
1606 1169 1681 1197 lnmc
1707 1177 1775 1197 esse
1791 1176 1853 1203 prze~

1068 1216 1155 1250 dicat,
1185 1221 1212 1244 et
1235 1217 1417 1249 immensum,
1433 1219 1461 1243 et
1487 1215 1705 1247 immutabilem,
1736 1219 1767 1242 et
1790 1215 1853 1241 idem

1069 1263 1181 1290 omnino
1197 1270 1260 1290 cum
1273 1263 1364 1296 Patre,
1376 1262 1449 1297 quod
1470 1262 1503 1289 ad
1516 1266 1641 1291 naturam
1661 1261 1777 1293 attinet,
1799 1269 1853 1288 cum

1069 1309 1105 1337 sit
1121 1309 1180 1344 ejus
1196 1309 1292 1342 Filius,
1310 1309 1424 1344 ideoque
1440 1309 1529 1344 reipsa
1542 1308 1699 1336 distinctus.
1715 1307 1852 1343 Denique:

1071 1364 1081 1381 ‹
1095 1354 1228 1383 Divinitas
1247 1355 1347 1391 (inquit
1368 1363 1402 1383 ex
1425 1355 1561 1382 Anastasii
1580 1355 1734 1390 versione),
1754 1359 1786 1382 ut
1804 1358 1855 1382 erat

1068 1403 1133 1428 ante
1152 1400 1380 1433 incarnationem,
1394 1404 1421 1428 et
1441 1404 1483 1427 est
1496 1404 1556 1434 post
1571 1399 1799 1427 incarnationem
1816 1407 1853 1426 se<

1068 1445 1187 1473 cundum
1205 1450 1331 1473 naturam
1349 1445 1465 1479 inﬁnita,
1487 1445 1798 1480 incomprehensibilis,
1813 1446 1856 1473 im-

1069 1491 1217 1526 passibilis,
1235 1491 1527 1527 incomparabilis(imo
1539 1492 1750 1527 inalterabilis),
1766 1493 1854 1520 incon-

1065 1537 1215 1571 vertibilis,
1242 1546 1290 1572 per
1313 1546 1343 1565 se
1360 1542 1470 1572 potens,
1497 1541 1525 1564 et
1549 1542 1580 1564 ut
1604 1542 1690 1564 totum
1719 1538 1854 1569 dicamus,

1066 1583 1219 1611 subsistens
1241 1583 1428 1610 substantialis
1455 1584 1512 1610 sola
1538 1583 1650 1610 inﬁnita:
1671 1583 1790 1610 virtutis
1810 1584 1853 1609 bo-

1065 1637 1132 1656 num
1158 1629 1227 1665 (54).
1247 1639 1258 1656 ι
1276 1629 1401 1657 Potuitne
1423 1630 1465 1657 vel
1490 1630 1543 1656 hoc
1579 1629 1680 1656 saeculo
1703 1631 1852 1664 quisquam

1066 1675 1208 1709 disertius,
1225 1676 1380 1711 expressius
1405 1675 1658 1710 signiﬁcantiusque
1681 1675 1851 1702 divinitatem

1066 1722 1137 1755 Filii,
1159 1730 1190 1750 ac
1211 1721 1391 1750 Personarum
1418 1722 1564 1748 discrimen
1591 1728 1750 1755 exponere,
1777 1729 1852 1756 quam

1066 1768 1183 1802 scriptor
1209 1768 1254 1795 ille
1287 1767 1351 1795 fecit
1377 1767 1523 1802 antiquus,
1551 1771 1697 1802 antequam
1728 1766 1851 1795 Nicaenus

1065 1822 1212 1842 consessus
1229 1814 1361 1849 liquidam
1378 1822 1410 1841 ea
1431 1814 1465 1841 de
1484 1821 1517 1840 ce
1535 1813 1696 1841 sententiam
1715 1814 1852 1848 explicasv

1066 1862 1128 1889 set?
1153 1860 1201 1888 His
1216 1865 1280 1888 sunt
1301 1865 1483 1888 consentanea
1506 1860 1660 1887 testimonia
1680 1860 1851 1895 reliquorum

1067 1906 1278 1940 fragmentorum
1292 1904 1366 1940 (sunt
1381 1910 1470 1932 autem
1482 1909 1542 1931 octo
1554 1904 1676 1937 omnino)
1694 1904 1732 1931 de
1747 1905 1852 1931 Christo

1067 1952 1131 1986 Deo,
1141 1952 1243 1988 Deique
1256 1951 1324 1979 Filio
1335 1952 1405 1979 dicta
1416 1973 1423 1985 ,
1434 1959 1494 1986 quae
1508 1950 1670 1986 longum'sit
1683 1952 1850 1978 exscribere.

1067 1999 1100 2027 Ut
1122 2007 1185 2026 eum
1209 1999 1237 2026 in
1265 1998 1384 2026 secundo
1399 1997 1581 2025 nominaturé
1599 1997 1653 2024 τῶν
1680 1997 1756 2024 ὅλων
1780 1998 1850 2029 Θεὸς,

1070 2054 1080 2071 ι
1098 2045 1170 2072 Deus
1197 2045 1406 2078 universorum,
1424 2054 1433 2070 ι
1451 2048 1478 2072 et
1502 2043 1529 2071 in
1551 2047 1627 2070 sexto
1652 2043 1791 2070 tribuitur
1819 2043 1852 2069 illi

1071 2100 1080 2117 ε
1095 2091 1327 2126 imprincipalitas,
1350 2091 1470 2122 infactto,
1490 2090 1619 2122 infinitas,
1636 2090 1851 2124 sempiternilas,

1066 2138 1388 2172 incomprehensibilitas,
1401 2147 1410 2163 ›
1432 2142 1459 2164 et
1473 2144 1642 2171 quaecunque
1662 2137 1791 2164 (phorum
1812 2144 1851 2164 se-

1067 2185 1185 2212 cundum
1210 2185 1424 2220 magnitudinem
1451 2183 1601 2217 theologica
1626 2182 1803 2217 amplissima
1827 2182 1851 2208 in

1067 2229 1170 2258 Deitate
1203 2230 1274 2257 ratio
1300 2230 1515 2265 contemplatur,
1532 2238 1542 2254 »
1569 2233 1600 2256 ιιι
1625 2228 1746 2255 barbare
1777 2228 1851 2256 vertit

1066 2276 1237 2304 Anastasius.

1065 2408 1201 2445 ἀληθινοῦ.
1220 2407 1385 2445 Athanasius
1397 2394 1570 2445 posteadixit
1580 2404 1677 2440 λύχνον
1694 2405 1729 2430 ὲκ
1742 2403 1849 2438 λύχνου.

1066 2441 1144 2472 Τοίιι.
1163 2445 1182 2478 Ι,
1199 2451 1261 2478 pag.
1278 2443 1327 2470 881
1345 2443 1409 2469 edit.
1422 2441 1555 2476 Lipsiens.

1101 2490 1157 2526 (50)
1178 2490 1260 2517 Sand.
1278 2488 1371 2516 Nuclei
1384 2488 1446 2514 hist.
1459 2487 1604 2514 ecclesia“.
1618 2485 1667 2513 lib.
1683 2494 1703 2518 ι,
1716 2493 1748 2520 p.
1761 2485 1806 2512 98.

1100 2537 1155 2571 (51)
1175 2535 1257 2568 Bull.,
1278 2534 1446 2571 Defeng._[id.
1460 2533 1577 2571 Nartem,
1603 2535 1668 2559 sect.
1689 2539 1733 2562 Ill,
1747 2539 1809 2571 capf
1822 2529 1846 2559 8.

1065 2567 1127 2634 ﬂag.
1148 2567 1203 2598 ’219
1224 2576 1249 2597 et
1264 2567 1321 2603 seq.
1334 2569 1376 2596 Cf.
1392 2567 1534 2600 Bossuet.,
1556 2569 1575 2595 ι.
1592 2575 1634 2597 c.;
1652 2574 1745 2600 neque
1772 2567 1847 2592 aliter

1093 2606 1238 2634 aranusDe
1248 2604 1386 2632 divinitJ.
1397 2603 1428 2631 C.
1438 2604 1485 2631 lib.
1497 2611 1598 2634 tv,cap.
1608 2603 1652 2634 15,
1667 2601 1682 2634 §
1695 2602 1724 2633 5,
1740 2609 1770 2634 p.
1786 2601 1845 2628 458.

1093 2601 1238 2634 a'ranusDe
1248 2601 1386 2632 divinitJ.
1397 2603 1428 2631 C.
1438 2604 1485 2631 lib.
1497 2611 1598 2637 tv,cap.
1608 2603 1652 2634 15,
1667 2601 1682 2638 §
1695 2602 1724 2633 5,
1740 2609 1770 2636 p.
1786 2601 1845 2628 458.

1101 2651 1276 2688 (ﬁﬁlicuntra
1287 2651 1421 2688 Hercynei
1436 2649 1608 2688 Helic.._apnd_
1621 2648 1732 2688 Fabric.
1746 2653 1815 2688 tom.
1827 2644 1837 2672 1

1065 2682 1297 2758 Ορᾷιέὲξηςῦρὲἰγιη
1310 2695 1335 2722 p.
1349 2686 1412 2720 226,
1424 2690 1450 2713 et
1465 2685 1535 2720 apud
1550 2684 1689 2717 Galland.,
1704 2691 1733 2718 p.
1749 2682 1813 2711 466.

1208 2730 1213 2747 Ι
1236 2741 1244 2748 ι

1101 2755 1156 2784 {su
1176 2755 1242 2783 Ibid.
