1861 3052
38 61 88 91 357

525 64 570 92 DE
592 64 677 94 VITA
693 65 738 94 ΕΤ
758 67 911 96 SCRIPTIS
928 67 956 96 ὃ.
983 68 1174 97 HIPPOLYTL

69 123 149 158 Apud
174 122 376 152 Theodoretum
392 125 473 152 etiam
485 126 541 162 (55)
560 127 617 154 haec
631 127 663 155 D.
680 127 814 165 Hippolyti
830 132 854 160 Α
868 129 958 164 aliqua
976 129 1070 158 Romae
1083 131 1218 166 descripta
1237 130 1347 160 lsaacus
1374 132 1489 162 Vossius
1513 136 1649 170 quondam

35 171 116 198 verba
139 171 267 206 leguntur
288 179 321 199 ex
345 180 470 200 sermone
493 173 526 200 de
547 173 665 202 Hetcana
679 179 706 202 ct
726 175 814 208 Anna,

35 225 94 245 cum
106 217 146 245 de
159 224 203 250 eo,
215 218 288 253 quod
304 217 388 245 Maria
404 219 525 253 gestabat
536 219 563 246 in
578 225 665 251 utero,
678 221 814 255 loquitur:

37 271 47 288 α
65 262 188 290 Verbum
214 268 272 291 erat
296 263 345 291 Dei
367 265 576 301 primogenitum
602 273 618 293 e
645 266 715 293 cosio
731 267 764 294 ad
780 271 816 294 ‘te

35 310 190 345 delapsum,
207 314 234 337 et
259 310 342 338 homo
355 311 550 346 primogenitus
570 312 596 339 in
613 317 691 340 utero
713 313 815 341 forma-

35 361 95 388 tus;
122 360 156 383 ut
184 356 394 392 primogenitum
420 356 537 384 Verbum
565 357 612 385 Dei
636 359 815 394 primogenito

35 400 214 435 conjunctum
231 401 336 428 homini
356 407 530 429 monstretur.
547 412 556 428 ι
571 402 672 430 Horum
694 404 735 431 vis
756 412 816 432 ver-

33 446 134 473 borum
155 452 258 482 quanta
279 447 325 479 sit,
341 447 437 475 melius
460 448 641 482 existimabit,
660 450 706 484 qui
725 451 814 478 nomi-

33 500 98 519 num
117 492 247 526 istorum,
263 501 272 518 ‹
288 492 379 525 Verbi,
392 502 402 519 ι
418 498 444 520 et
464 503 474 519 (
490 496 661 530 primogeniti
674 505 683 522 ›
697 501 815 531 potesta-

33 542 87 564 trtn
113 538 285 573 expenderit.
301 538 407 566 Etenim
422 540 506 574 Λόγον
528 540 660 575 ejusmodi
683 542 816 571 intellexit

32 582 215 619 Hippolytus,
242 583 276 610 de
291 592 345 618 quo
367 583 484 612 Joannes
509 585 587 612 initio
610 584 748 623 Evangelii
773 588 813 615 lo-

30 629 137 663 quitur.
165 629 201 657 At
226 628 311 663 Λόγος
335 629 385 656 iste
401 639 410 655 ‹
426 629 516 662 Deus,
537 635 563 658 et
588 631 658 666 apttd
683 632 766 660 Deum
785 633 812 660 in

30 675 167 710 prittcipio
192 684 202 701 ι
233 676 353 708 exstitit;
382 680 408 703 et
440 685 449 702 ‹
470 683 517 711 per
541 683 603 704 eum
630 678 721 706 omnia
749 683 814 706 sunt

31 722 100 748 facta
113 722 135 748 '.
153 729 163 746 ι
184 720 244 749 Non
264 721 345 756 igitur
363 726 469 749 creatus
488 727 540 754 est,
558 731 645 758 neque
659 731 707 758 per
729 724 812 752 alium

30 768 116 801 Λόγον
133 767 240 801 factus,
263 773 293 796 ut
314 769 406 796 Ariani
433 775 524 803 postea
546 769 658 797 fabulati
683 775 755 803 sunt,
779 779 812 799 eo

31 813 99 847 ipso,
117 814 191 848 quod
212 814 406 849 primogenitus
423 819 472 842 est.
491 815 531 842 Ad
550 816 606 843 hmc
621 816 692 843 idem
712 816 812 852 Hippo-

31 860 103 895 lytus
119 860 149 886 in
165 861 219 887 alio
232 860 302 888 libro
312 861 411 896 Κύριον
430 862 619 897 ἀναμάρτητον
636 868 714 890 vocat
730 863 811 891 Chri-

30 910 105 940 tum,
134 907 161 934 id
177 911 221 934 est
244 907 450 942 impeccabt‘lem;
473 909 545 943 quod
565 908 650 937 solius
673 915 763 943 verat,
784 913 812 937 et

31 953 159 980 increata:
175 953 332 981 Divinitatis
348 954 486 988 proprium
500 958 552 982 est.

62 999 124 1025 Alia
147 999 215 1026 satis
236 999 309 1026 clara
332 1007 380 1034 pro
408 1000 507 1027 deitate
530 999 630 1028 Christi
657 1000 811 1029 testimonia

31 1043 166 1080 Hippolyti
182 1045 316 1072 habentur
332 1045 401 1072 inter
412 1045 488 1080 plura
503 1046 562 1081 ejus
575 1046 644 1074 dicta
658 1054 673 1074 a
688 1045 812 1074 Theodo-

31 1095 86 1117 reto
94 1089 206 1124 dialogo
218 1089 248 1122 2,
264 1095 329 1118 tom.
344 1090 389 1123 ιν,
409 1098 470 1126 pag.
489 1091 522 1119 88
532 1110 540 1123 ,
559 1096 585 1119 et
599 1096 651 1119 act.
669 1100 685 1118 v
700 1093 810 1120 concilii

30 1135 222 1163 Lateraneusis
235 1137 287 1163 sub
299 1135 414 1164 Martino
424 1137 444 1170 Ι,
463 1145 534 1163 anno
544 1138 604 1168 649.
624 1142 690 1165 tom.
706 1137 729 1164 Χ
743 1138 812 1166 Con-

30 1182 135 1214 ciliat,
165 1182 233 1209 edit.
260 1181 344 1209 Mansi
359 1202 366 1214 ,
389 1191 450 1218 pag.
479 1183 548 1210 1079
569 1184 692 1219 allegata.
712 1185 810 1214 Notatu

29 1234 135 1261 quoque
145 1227 230 1262 digna
243 1232 305 1254 sunt
316 1227 435 1262 ejusdem
450 1227 582 1264 Hippolyti
594 1229 674 1256 verba
685 1237 718 1257 ex
728 1231 812 1258 inter-

28 1273 178 1306 pretatione
208 1272 307 1306 psalmi
332 1280 351 1300 tt
374 1280 390 1300 a
414 1272 582 1301 Theodoreto
602 1275 716 1303 adducta
742 1276 808 1313 (56).

28 1316 166 1344 Christum
186 1316 273 1344 Deum
285 1318 429 1353 appellavit
442 1327 567 1348 sermone
587 1319 613 1348 in
625 1319 771 1349 Helcanam
784 1327 810 1350 et

26 1362 130 1390 Annam
148 1363 220 1398 (57).

59 1408 162 1436 Divina:
174 1409 416 1445 omni-presentiae
440 1411 520 1440 etiam
545 1412 704 1442 attributum
732 1413 811 1442 Chri-

26 1458 68 1482 sto
82 1455 213 1490 ascripsit
238 1460 352 1483 tractatu
369 1457 396 1484 in
410 1457 526 1491 Pascha,
544 1466 577 1486 ex
587 1466 642 1494 quo
655 1459 713 1487 haec
724 1460 809 1488 citato

26 1500 168 1528 Concilior.
191 1505 283 1535 tomo,
303 1503 354 1530 col.
370 1502 448 1536 1087,
461 1504 594 1532 habentur
609 1505 690 1533 verba
708 1513 716 1533 :
732 1515 742 1532 ι
754 1505 807 1534 Το-

26 1551 67 1575 tus
79 1555 139 1575 erat
159 1548 192 1575 in
205 1548 333 1576 omnibus
351 1553 378 1576 et
390 1550 500 1585 ubique,
513 1550 663 1586 aditnplens
674 1559 736 1579 vero
750 1560 809 1580 om-

26 1595 78 1625 nia,
97 1595 130 1622 ad
142 1602 246 1622 omnes
255 1595 342 1622 aerios
360 1596 527 1631 principatus
546 1598 634 1625 nudus
651 1599 809 1634 redispolia-

26 1649 66 1669 tus
74 1643 135 1677 (sic)
143 1646 200 1672 est,
209 1646 237 1669 et
253 1642 285 1669 ad
296 1650 406 1677 parvum
413 1643 515 1671 clamat
523 1644 637 1672 transire
647 1645 769 1679 calicem,
779 1651 809 1674 ut

26 1689 148 1716 ostendat
169 1695 257 1720 vere,
277 1688 338 1723 quia
353 1693 380 1716 et
401 1689 483 1716 homo
499 1694 568 1717 erat.
594 1699 603 1716 ι
621 1689 689 1718 Nota
702 1699 810 1727 quoque

27 1734 136 1766 dictum,
155 1739 191 1762 ut
213 1735 323 1770 egregie
341 1734 384 1762 hic
405 1735 594 1763 animadvertit
608 1736 733 1771 Grabius,
753 1747 763 1765 ‹
783 1743 810 1766 et

27 1782 118 1814 homo;
148 1791 159 1807 ι
187 1782 316 1816 quoniam
340 1781 441 1810 scilicet
458 1782 538 1809 aliam
553 1782 664 1818 insuper
683 1789 809 1813 naturam

27 1822 151 1854 habebat,
169 1827 199 1849 et
214 1823 285 1849 Deus
297 1827 364 1850 erat.

59 1867 205 1895 Accedunt
227 1867 278 1893 alia
301 1874 406 1902 quoque
429 1867 551 1902 ejusdem
569 1868 705 1904 Hippolyti
729 1869 810 1896 verba

28 1918 58 1938 ει
84 1912 146 1946 ejus
174 1911 203 1937 in
233 1910 358 1938 Cenesim
384 1913 586 1941 commentario.
607 1914 640 1941 Et
663 1914 743 1949 periit
760 1914 811 1942 iste

28 1956 134 1989 quidem
150 1955 380 1988 commentarius;
399 1961 534 1984 asscrvata
551 1962 639 1984 tamen
661 1961 723 1985 sunt
736 1965 810 1992 qua:-

29 1999 86 2026 dam
101 1999 165 2034 ejus
180 1999 329 2035 fragmenta
346 2000 372 2027 in
391 2000 508 2034 Catenis,
525 2009 584 2036 quae
603 2001 682 2037 vulgo
700 2002 751 2029 dici
765 2011 810 2030 so-

29 2041 95 2075 lent,
123 2043 242 2070 Patrum
267 2043 295 2070 in
321 2043 422 2071 dictum
443 2045 539 2080 Moysis
564 2046 678 2079 librum;
696 2054 811 2082 quorum

866 175 1025 203 doctissimo
1052 176 1084 203 Ι).
1111 176 1207 204 Joanni
1225 176 1318 212 Millio,
1342 179 1387 206 hic
1406 187 1472 207 vero
1491 180 1527 208 cl.
1547 180 1650 209 Grabio

866 223 1087 250 communicavit.
1100 223 1183 258 Atqui
1195 223 1266 251 inter
1283 225 1340 253 inec
1353 225 1380 252 in
1391 234 1455 252 χιιι
1471 231 1561 262 caput.
1575 235 1649 255 vers.

865 269 911 300 22,
943 269 1000 301 υίὸς
1023 269 1174 304 ηὐξημένος
1210 270 1319 306 Ἰωσήφ,
1344 272 1484 306 sequentia
1516 273 1650 301 habentur

866 315 947 342 verba
969 323 976 342 :
1000 325 1010 342 ‹
1032 315 1256 351 Quandoquidem
1280 316 1448 351 unigenitum
1462 318 1508 345 Dei
1529 318 1649 347 Verbum

865 361 938 388 Deus
953 368 986 388 ex
1009 361 1064 388 Deo
1076 362 1210 389 exsistens
1232 362 1357 397 (observa
1377 363 1463 398 ipsius
1479 365 1587 391 concilii
1602 365 1650 392 Ni-

865 407 932 434 cmni
954 407 1076 441 phrasin,
1099 407 1138 434 uti
1154 415 1236 443 supra
1253 408 1341 436 [auten
1355 409 1386 436 de
1405 409 1512 445 lumine)
1527 410 1650 438 exinani—

864 453 904 480 vit
917 453 1090 486 semetipsum
1103 453 1182 488 juxta
1200 452 1368 489 Scripturas,
1386 455 1532 483 demittens
1548 461 1649 484 semet-

865 499 954 534 ipsum
974 499 1046 526 ultro
1062 499 1089 527 in
1113 500 1138 527 id
1153 500 1227 535 quod
1246 507 1300 527 non
1317 505 1385 532 erat,
1406 506 1434 528 et
1447 502 1527 529 vilem
1545 502 1647 530 hancce

865 552 974 572 carnem
991 545 1088 578 induit,
1105 550 1185 580 atque
1199 547 1225 573 in
1239 547 1310 574 servi
1329 546 1414 574 l‘orma
1431 549 1564 582 apparuit,
1579 549 1645 576 obe-

867 591 945 617 dicns
968 590 1023 617 Deo
1037 595 1065 618 et
1084 591 1157 619 Patri
1177 591 1265 620 lactus
1279 601 1366 626 usque
1385 593 1418 620 ad
1434 595 1584 627 mortem”,
1613 603 1645 622 ea

866 640 975 670 propter
997 636 1030 663 de
1046 641 1144 664 caetero
1168 641 1195 664 et
1216 638 1431 672 superexaltatus
1453 645 1514 665 esse
1530 637 1648 673 legitur;

866 686 893 709 et
903 686 1031 717 tanquam
1044 681 1069 709 id
1084 682 1192 717 proprie
1202 690 1256 709 non
1273 683 1374 710 habens
1385 687 1491 718 propter
1499 683 1648 711 humanam

863 732 1000 760 naturam,
1019 735 1052 754 ac
1066 727 1175 762 gratuiti
1191 727 1277 755 instar
1292 727 1355 754 doni
1369 729 1473 762 accepit
1486 735 1584 755 nomen
1598 736 1647 756 su-

864 780 911 807 per
921 780 1002 800 omne
1018 779 1116 799 nomen
1128 772 1148 804 ³,
1174 772 1322 800 secundum
1341 772 1370 799 Β.
1387 772 1462 799 Pauli
1484 772 1577 805 verba,
1598 773 1647 799 sed

863 826 895 845 ex
912 819 951 846 rei
972 819 1100 850 veritate;
1128 825 1171 846 res
1195 818 1253 853 ipsa
1276 824 1366 846 tamen
1390 826 1443 845 non
1466 823 1524 845 erat
1543 818 1649 846 donum-

862 869 956 888 eorum
974 869 1034 896 qua:
1049 862 1084 889 ab
1098 862 1175 889 ittitio
1190 863 1349 890 naturaliter
1363 862 1435 890 haud
1447 863 1543 890 habuit
1555 863 1649 899 (longe

863 915 892 935 se
916 915 960 935 res
980 907 1090 942 habet);
1110 915 1206 935 verum
1228 909 1317 943 potius
1331 908 1435 935 reditus
1448 908 1646 936 existimandus

861 958 913 986 est,
930 959 956 981 et
967 961 1095 981 recursus
1108 953 1140 980 ad
1161 953 1187 981 id
1203 953 1275 988 quod
1290 961 1306 980 a
1319 954 1453 988 principio
1465 953 1648 981 essentialitcr

861 1004 888 1026 et
905 998 1120 1033 inseparabiliter
1134 998 1159 1026 ei
1175 998 1271 1026 inerat.
1293 1008 1303 1024 ι
1317 998 1349 1025 Et
1365 999 1446 1033 paulo
1469 1003 1531 1033 post
1545 999 1578 1026 ad
1594 999 1649 1026 ista

860 1045 952 1077 verba,
979 1044 1103 1078 εὐλογίας
1127 1044 1230 1079 πατρὸς
1248 1045 1296 1071 καὶ
1313 1044 1427 1080 μητρὸς,
1446 1044 1483 1072 ita
1505 1052 1645 1072 commen-

845 1095 934 1119 .tatur
955 1091 1012 1126 (58)
1040 1100 1047 1117 :
1077 1100 1086 1116 ι
1110 1090 1189 1118 Clare
1208 1095 1288 1125 atque
1311 1089 1452 1118 manifeste
1477 1097 1508 1118 ea
1532 1090 1645 1125 pariter,

861 1144 921 1172 qure
934 1140 976 1163 est
1000 1144 1034 1163 ex
1059 1135 1114 1163 Deo
1125 1156 1134 1169 ,
1159 1141 1186 1163 et
1199 1135 1278 1163 Patre
1294 1136 1430 1171 generatio
1443 1135 1597 1171 Unigeniti,
1613 1144 1648 1162 ac

860 1190 921 1218 qua:
945 1190 993 1218 per
1017 1186 1137 1210 sanctam
1163 1181 1300 1217 Virginem
1325 1182 1396 1209 facta
1421 1187 1472 1215 est,
1500 1182 1646 1214 indicatur,

858 1229 935 1264 juxta
952 1236 1033 1263 quam
1049 1228 1170 1256 creditur
1182 1232 1209 1255 et
1220 1228 1294 1256 visus
1310 1232 1352 1255 est
1366 1228 1456 1255 homo.
1474 1227 1560 1255 Filius
1571 1227 1647 1255 ettim

860 1274 907 1301 Dei
918 1278 944 1301 et
950 1272 1038 1300 Patris
1050 1272 1208 1300 naturaliter
1220 1277 1300 1307 atque
1310 1279 1374 1300 vere
1385 1272 1646 1306 exsistens,propter

860 1326 911 1346 nos
934 1318 1066 1346 sustinuit
1087 1325 1164 1350 eam,
1191 1325 1251 1353 quae
1264 1317 1316 1344 fuit
1331 1325 1379 1352 per
1395 1317 1534 1352 Virginem
1564 1321 1647 1351 atque

860 1368 966 1391 uterum
983 1364 1196 1398 generationem,
1217 1368 1244 1391 et
1259 1363 1342 1390 ubera
1357 1363 1438 1390 suxit.
1451 1362 1544 1398 Neque
1559 1363 1644 1394 enim,

860 1415 891 1438 ut
906 1409 1069 1445 quibusdam
1080 1409 1197 1442 videtur,
1210 1409 1328 1444 putative
1343 1408 1393 1436 fuit
1404 1409 1495 1440 homo,
1508 1407 1555 1436 sed
1571 1407 1644 1435 idem

860 1463 922 1484 vere
936 1455 1071 1490 apparuit,
1095 1455 1166 1490 quod
1188 1463 1236 1482 nos
1257 1462 1363 1487 sumus,
1387 1454 1433 1489 qui
1448 1458 1552 1481 naturae
1572 1453 1646 1488 leges

861 1502 1011 1536 sequimur,
1038 1505 1066 1529 et
1082 1501 1249 1528 nutrimento
1269 1508 1336 1528 usus
1360 1505 1412 1533 est,
1436 1500 1562 1536 quamvis
1586 1499 1644 1535 ipse

861 1548 961 1576 mundo
975 1548 1055 1575 vitam
1068 1548 1152 1575 daret.
1171 1557 1181 1574 ›

894 1594 1028 1621 Omnibus
1042 1594 1085 1621 his
1103 1593 1262 1622 decretoriis
1279 1592 1487 1620 auctoritatibus
1504 1591 1566 1620 adoi
1582 1599 1646 1627 pos-

861 1644 925 1668 sunt
937 1640 988 1667 alia
998 1640 1053 1667 duo
1065 1640 1124 1668 loca
1135 1648 1169 1668 ex
1184 1640 1293 1675 scriptis
1306 1640 1335 1667 S.
1353 1639 1499 1674 Hippolyti,
1515 1646 1575 1674 quae.
1594 1645 1644 1665 cx-

860 1694 954 1721 presse
969 1688 1036 1713 adeo
1049 1686 1218 1714 divinitatem
1235 1685 1297 1713 Filii
1315 1686 1361 1713 Dei
1376 1685 1481 1713 Domini
1497 1685 1645 1712 Salvatoris

860 1732 945 1759 nostri
960 1731 1023 1759 Jesu
1036 1731 1149 1766 Christi,
1161 1732 1275 1767 ejusque
1286 1731 1607 1763 consubstantialitatem,
1618 1735 1646 1758 et

860 1777 1068 1805 coaeternitatem
1083 1785 1144 1805 cum
1160 1777 1238 1805 Patre
1253 1777 1450 1809 demonstrant,
1466 1781 1496 1804 ut
1508 1777 1574 1804 nihil
1585 1784 1645 1804 ma-

859 1824 901 1858 lgis
917 1824 1065 1851 desiderari
1078 1829 1170 1859 queat.
1197 1825 1227 1851 In
1259 1828 1375 1851 tractatu
1386 1824 1516 1850 Adversus
1530 1823 1644 1850 Nectum

859 1869 917 1897 haec
932 1869 960 1896 in
977 1869 1114 1905 Evangelii
1139 1870 1220 1897 verba
1237 1880 1244 1897 :
1265 1879 1274 1896 ι
1296 1870 1350 1905 Ego
1365 1874 1392 1897 et
1409 1870 1488 1897 Pater
1505 1878 1588 1897 unum
1601 1878 1646 1897 sn-

859 1922 921 1942 mus
940 1914 962 1948 ‘,
994 1924 1004 1941 ι
1036 1920 1127 1950 aperte
1142 1915 1263 1943 declarat
1275 1915 1381 1942 Patrem
1396 1920 1423 1942 et
1445 1915 1544 1942 Filiunt
1559 1923 1644 1942 unum

860 1959 986 1995 idemque
998 1968 1067 1993 esse,
1084 1961 1147 1996 quia
1163 1970 1172 1986 ‹
1190 1969 1271 1988 unam
1285 1961 1461 1995 eamdemque
1477 1961 1577 1988 habent
1591 1960 1644 1987 vir-

860 2008 945 2032 tutem
959 2010 986 2033 ct
1000 2006 1146 2041 potentiam
1170 2005 1244 2041 (59);
1269 2016 1278 2032 ι
1305 2011 1332 2033 et
1359 2006 1385 2033 in
1408 2010 1523 2033 tractatu
1545 2005 1644 2033 Contra

860 2050 968 2079 Iudaeos
983 2052 1084 2087 pariter
1100 2059 1227 2087 expresse
1244 2052 1310 2080 dicit
1325 2051 1463 2080 Christum
1478 2060 1538 2080 esse
1550 2059 1643 2079 verum

58 2131 67 2147 ¹
80 2131 190 2166 Joan.t,
201 2132 253 2162 1-3.
285 2134 294 2149 '
305 2134 474 2170 Philip.tt,7,
482 2134 509 2164 8.
524 2137 534 2153 ³
545 2136 627 2172 lbid.,
642 2138 669 2166 9.
708 2138 720 2154 ⁸
738 2138 818 2168 Joan.
832 2147 861 2174 ι,
877 2140 919 2168 50.

57 2232 304 2278 ςξπΞλἘῚιεοάοηι.
329 2234 445 2270 Dialog.,
463 2236 570 2273 i,_tom.
591 2237 625 2265 lV
643 2238 722 2275 0pp.,
738 2241 803 2269 edit.
821 2232 845 2260 ι)
859 2242 990 2269 mediator
1004 2242 1051 2270 Dei
1063 2248 1090 2270 et
1103 2243 1256 2276 hominum,
1271 2243 1305 2271 ab
1323 2244 1447 2278 utrisque
1460 2243 1641 2271 arrhabonem

28 2265 164 2295 Sirmond.

59 2314 113 2348 (δῦ)
137 2314 306 2357 Tlleodoret.
322 2316 440 2357 Dialem,
459 2318 486 2350 2,
510 2318 587 2357 0pp._.
598 2324 668 2357 tom.
685 2320 729 2354 ιν,
744 2329 805 2357 pag.

26 2347 158 2410 :géapud
172 2349 294 2383 Fabric.,
312 2359 374 2387 pag.
389 2347 452 2386 2'68,
469 2347 496 2380 et
507 2347 729 2389 apud'Galland.;
744 2347 806 2393 1);;

57 2428 111 2470 [57)
127 2429 309 2470 Τιιεξιξείίξεηξι.ἱ
331 2431 455 2470 Ιορὶλείιη
477 2436 504 2460 et
517 2433 588 2468 apud
604 2432 724 2467 Fabric,
744 2443 806 2470 pag.

24 2463 88 2492 267;
107 2465 184 2499 apud
197 2465 333 2496 Galland.,
349 2467 410 2494 496.

56 2509 110 2549 (_58)
125 2509 373 2549 Cx_Comn_tentan'9
387 2512 415 2540 S.
430 2512 565 2549 Hippolyti
576 2514 604 2541 in
619 2514 806 2542 benedictiones

25 2543 145 2571 Balaamt‘
169 2545 227 2572 haec
246 2547 339 2574 citavit
357 2543 547 2576 Leontius-liii.
570 2557 578 2576 ι
598 2549 696 2576 Contra
710 2549 807 2577 Nesto-

24 2579 86 2620 rium
108 2585 134 2606 et
152 2579 296 2620 _Eulyc(tei_t
312 2591 321 2608 .-
338 2591 348 2608 ι
374 2582 408 2620 Ut
433 2584 639 2620 demonstretur
665 2590 806 2620 utramque

24 2615 127 2653 quidem
151 2615 181 2642 in
203 2624 233 2653 se
250 2617 350 2653 habere
366 2618 543 2645 substantiam
558 2639 565 2648 ι
593 2619 696 2647 scilicet
716 2615 768 2646 Dei'
778 2625 806 2646 et

26 2647 174 2689 hominum,
187 2651 433 2689 _sicut_Apostolus
458 2654 520 2689 ait;
537 2654 670 2680 Medintor
695 2655 804 2689 quidem

25 2682 103 2724 {)lei‘et
120 2684 256 2712 hominum
267 2682 343 2724 [torno
358 2687 478 2724 Christus
493 2688 570 2715 Iesus
587 2689 612 2723 (I
632 2682 748 2722 Timr",
761 2690 803 2724 5);

30 2717 160 2759 "(dictari
170 2726 255 2746 aulent
267 2722 344 2749 unius
359 2723 471 2759 [luminis
490 2732 542 2750 non
553 2717 595 2750 est‘
606 2724 678 2759 (Gal.
695 2717 804 2757 111,120),

25 2753 65 2780 sed
85 2755 248 2784 hominum:
274 2757 415 2792 oportebat
438 2761 504 2794 ergo
523 2764 551 2787 ut
564 2753 699 2793 Chi-istus,
716 2753 804 2787 factus

858 2278 1002 2312 quemdam
1019 2279 1174 2313 acciperet,
1196 2283 1225 2305 ut
1236 2284 1365 2313 appareat
1379 2279 1512 2306 mediator
1527 2279 1641 2306 duarum

858 2316 1032 2340 naturarum.
1057 2323 1067 2339 ι

897 2367 954 2402 (59)
973 2377 983 2393 ι
998 2367 1027 2395 Si
1041 2372 1130 2396 autem
1148 2368 1220 2396 dicat
1235 2366 1337 2395 Noetus
1355 2377 1362 2396 :
1381 2367 1441 2403 Ipse
1451 2368 1602 2404 dixitzEgo
1617 2373 1642 2397 et

859 2401 942 2440 Pater
958 2411 1038 2440 unum
1052 2412 1157 2440 sumus;
1175 2404 1298 2440 advertat
1316 2401 1437 2430 animum
1453 2409 1479 2431 et
1500 2401 1641 2440 intelligat.

858 2438 930 2472 quod
940 2445 993 2474 non
1007 2439 1075 2466 dixit
1092 2447 1098 2465 :
1112 2438 1166 2474 Ego
1178 2443 1201 2465 et
1216 2437 1297 2474 Pater
1313 2446 1394 2464 unum
1407 2447 1484 2471 sum;
1498 2441 1544 2466 sed
1561 2437 1641 2466 unum

858 2481 958 2500 sumus.
974 2473 1045 2506 [Illud
1063 2474 1135 2500 enint
1156 2473 1266 2507 (sumus)
1285 2481 1338 2500 non
1355 2474 1455 2500 dicitur
1467 2475 1499 2500 de
1511 2474 1641 2505 uno;sed

859 2508 898 2534 sic
912 2508 995 2542 dixit,
1013 2509 1075 2543 qttia
1093 2509 1161 2535 duas
1177 2507 1309 2535 Personas
1325 2507 1522 2543 demonstravit
1533 2528 1540 2540 ,
1559 2517 1641 2535 unam

858 2547 948 2578 autem
971 2544 1129 2578 potentiam,
1153 2543 1210 2570 sive
1233 2543 1369 2578 virtutem.
1384 2542 1451 2578 iUna
1471 2544 1542 2570 enitn
1565 2551 1641 2570 mens

857 2577 946 2614 Patris
959 2577 1000 2605 est
1013 2578 1083 2605 Puer
1095 2577 1239 2614 (Filius)...
1250 2577 1324 2614 Unde
1336 2578 1369 2604 ad
1383 2577 1536 2614 Philippum
1555 2589 1562 2614 ξ
1577 2577 1642 2614 Phi:

854 2612 939 2647 lippa,
957 2614 1001 2647 qui
1021 2614 1087 2639 vidit
1098 2612 1153 2645 me,
1169 2612 1234 2640 uidit
1246 2613 1355 2639 Patrem
1369 2612 1460 2647 (Joan.
1478 2621 1533 2645 liv,
1551 2613 1598 2647 9);
1614 2612 1640 2638 id

854 2653 906 2683 est,
923 2648 946 2675 si
961 2656 1004 2675 tne
1017 2648 1119 2680 vidisti,
1133 2656 1180 2683 per
1191 2656 1234 2675 me
1248 2653 1324 2683 potes
1339 2647 1446 2675 Patrem
1465 2655 1639 2683 cognoscere.

854 2681 905 2718 Per
919 2683 1062 2718 imaginem
1084 2681 1167 2715 enim,
1189 2681 1359 2718 quaa'similis
1378 2687 1436 2715 est,
1456 2681 1544 2718 potest
1560 2682 1641 2718 facile

854 2716 933 2746 Pater
948 2716 1084 2751 cognosci.
1103 2727 1112 2744 ι
1135 2718 1164 2745 S.
1181 2716 1332 2755 Hippolyt.,
1348 2717 1445 2746 Contra
1459 2716 1556 2752 Νοει,Ι
1571 2725 1597 2745 c.
1613 2717 1639 2745 7.
