1857 3051
232 69 285 98 559

712 71 755 98 DE
772 70 854 98 VITA
873 71 918 98 ET
938 71 1094 99 SCRIPTIS
1110 71 1139 99 S.
1161 71 1354 101 HlPPOLYTl.

1786 76 1830 104 360

233 126 317 154 Deum
334 126 401 161 (60),
415 134 531 161 eumque
544 126 615 154 Patri
632 131 793 154 comternum
805 127 927 154 nominat
943 127 1010 163 (6t).
1026 131 1048 159 Α
1063 127 1242 161 pretationem
1271 128 1437 163 suppeditat.
1471 128 1602 157 Observat
1628 131 1702 158 enim
1726 130 1831 163 Verbum

234 171 265 197 Et
280 171 306 197 in
327 171 527 198 Cunnuentario
540 171 596 205 jam
614 171 721 198 laudato
738 172 764 198 in
785 171 900 199 Genesin
915 173 1009 200 eadem

233 215 289 243 fere
313 216 345 242 de
368 216 550 242 emetur-nitate
569 215 629 242 Filii
654 217 743 243 habet.
763 226 772 242 ι
799 217 892 252 itaque
912 218 959 252 qui
982 222 1011 245 ut

232 262 324 292 homo,
352 262 436 295 inquit
464 261 493 287 S.
520 259 690 295 Hippolytus.
712 263 860 296 periculum
879 263 1009 295 subierat,

230 316 244 333 a
277 307 353 333 Patre
389 308 508 334 salvatus
537 315 597 334 esse
631 307 800 340 aﬂirmatur,
834 315 988 343 quanquam

230 357 325 378 natura
349 360 396 378 sua
424 354 559 379 rxsistens
585 352 664 384 Deus,
687 353 757 379 κατὰ
779 353 857 387 φύσιν
881 354 1009 390 ὑπάρχων

229 397 294 428 Θεός
307 418 314 426 .
333 402 358 424 et
379 399 532 425 universam
561 399 644 432 ipsam
665 400 796 426 visibilem
814 406 965 428 creaturam
982 403 1008 428 in

229 443 300 469 bono
311 447 383 470 statu
401 451 600 471 conservans...
615 451 722 478 semper
734 444 805 471 enim
820 446 869 472 fuit
886 446 912 472 iu
923 446 1007 480 gloria

228 489 329 520 divina,
354 490 399 523 qui
418 495 479 516 ante
500 498 581 518 omne
597 498 699 520 agrum.
720 496 747 517 et
768 497 884 525 tempus,
907 497 933 518 et
947 497 1008 520 ante

228 534 399 568 mumlijacm
415 535 587 562 fundamenta
602 535 792 570 proprio'Patri
804 537 952 570 eocxsistit,
969 536 1006 572 τῷ

228 579 287 615 ἰδίῳ
305 581 484 616 συνυπάρχων
507 583 646 618 γεννήτορι
661 582 726 615 (62).
753 582 823 609 Sane
838 583 943 613 Ariani,
960 583 1007 617 qui

224 626 315 652 adhuc
332 631 497 660 supersunt,
514 628 608 654 harum
623 628 815 655 auctoritatum
828 629 881 655 vim
899 629 1007 655 eludere

226 679 281 705 quo
297 677 374 706 paito
386 675 500 704 valeant,
516 681 568 700 non
585 673 670 700 video.
684 673 750 706 Quis
766 675 837 700 enim
857 681 909 701 non
924 682 1007 709 agno-

226 723 282 744 scet
305 719 341 744 uti
357 726 447 745 verum
472 720 566 751 Deum,
590 722 626 747 uti
646 720 716 746 Patri
734 720 1004 753 consubstantialem,

225 770 298 792 eum.
312 764 358 798 qui
371 765 404 790 ab
427 771 528 791 asteluo
543 766 593 792 fuit
606 766 631 792 in
649 765 702 792 Deo
720 765 815 799 Patre;
831 774 909 800 quem
927 765 1005 793 Pater

1064 178 1125 200 ante
1138 173 1352 200 incarnationem
1364 178 1489 201 vocatum
1505 175 1586 202 fuisse
1596 175 1693 203 Filium
1712 178 1832 215 hominis;

1063 218 1134 245 unde
1145 218 1246 253 colligit
1256 218 1402 253 perfectum
1415 218 1512 246 Filium
1526 228 1577 246 non
1593 220 1686 252 fuisse,
1698 230 1759 248 cum
1775 232 1832 251 iton-

1062 262 1127 290 dum
1149 268 1223 290 esset
1244 263 1336 290 homo.
1361 263 1408 292 His
1423 265 1493 293 enim
1517 265 1606 292 verbis
1623 275 1629 293 :
1646 275 1654 291 ι
1675 267 1697 292 Α
1715 268 1832 304 principio

1065 317 1075 332 «
1090 307 1186 335 Filium
1206 309 1320 341 vocavit,
1334 317 1476 337 commune
1484 318 1580 337 nomen
1598 312 1700 339 amoris
1719 321 1778 347 erga
1793 316 1829 342 bo-

1065 363 1075 379 ι
1092 354 1177 381 mines
1190 355 1285 387 sumit,
1304 364 1313 380 ι
1336 355 1422 383 Filius
1444 356 1560 383 hominis
1582 358 1654 385 clare
1677 359 1830 394 designatur.

1065 398 1149 434 quue
1170 401 1324 427 confirmari
1349 405 1436 435 potest
1453 409 1483 427 ex
1502 410 1559 436 cap.
1577 403 1593 428 4
1609 404 1654 430 ubi
1674 404 1714 431 sic
1728 405 1831 439 laquitar

1062 443 1244 480 Hippolytus:
1263 454 1272 471 ι
1294 445 1411 472 Verbum
1438 447 1509 473 enim
1538 456 1602 474 caro
1628 455 1697 482 erat,
1729 450 1831 484 Spiritus

1064 499 1073 515 ι
1089 495 1160 523 erat,
1172 490 1261 517 Virtus
1269 496 1335 518 erat.
1351 490 1425 518 Utms
1437 499 1580 519 commune
1596 501 1692 520 uoruen
1713 500 1739 521 et
1754 495 1776 521 in
1791 504 1831 522 usu

1064 544 1074 560 ‹
1091 535 1161 569 apud
1177 536 1299 563 homines
1309 536 1359 563 sibi
1372 537 1497 571 sumpsit,
1507 542 1617 564 vocatus
1631 546 1645 564 a
1662 539 1788 574 principio
1796 540 1830 566 Fi-

1064 589 1075 606 ι
1085 581 1139 608 lius
1147 581 1264 609 hominis
1274 586 1381 616 propter
1394 582 1526 615 futurum,
1535 584 1659 617 quamvis
1670 584 1785 611 nomium
1796 593 1830 613 es-

1062 635 1071 651 ι
1083 634 1122 654 set
1134 628 1223 660 homo,
1234 627 1304 655 sicut
1318 627 1410 655 Daniel
1423 633 1545 660 testatur,
1557 629 1684 663 inquiens
1702 639 1710 657 :
1736 630 1798 660 Vidi.
1810 637 1830 658 et

1058 681 1114 699 ecce
1127 681 1182 699 cum
1196 673 1305 700 nubibus
1312 674 1368 700 caeli
1383 675 1457 708 quasi
1471 674 1542 708 filius
1552 675 1663 702 hominis
1678 677 1828 703 veniebat'.t

1057 717 1124 745 Cum
1136 718 1238 746 Noelus
1253 720 1424 754 metaphoras
1444 720 1470 746 in
1487 719 1546 747 Filii
1564 729 1630 748 voce
1643 727 1796 753 venaretur,
1808 727 1830 749 et

1058 764 1164 792 Patrem
1183 769 1210 792 et
1229 764 1325 793 Filium
1342 774 1422 793 unam
1440 772 1466 793 et
1476 767 1597 794 eamdem
1618 766 1765 795 Personam
1779 776 1831 795 esse

222 810 322 839 emisit.
340 816 364 836 ιιι
381 819 389 834 ι
404 810 492 837 lumen
505 819 536 837 ex
550 811 661 841 lumine.
677 821 685 836 ι
701 816 730 838 ut
744 820 753 837 ι
773 812 876 838 radium
888 819 903 838 a
915 811 982 843 sole,
995 821 1004 836 ›
1023 809 1043 835 Β
1057 814 1207 844 statueret;
1233 816 1358 846 suscepta
1374 812 1507 840 adversus
1522 813 1594 840 hunc
1609 814 1765 840 lia-relicum
1781 815 1830 841 tiiS-

224 861 252 881 ut
270 864 278 877 ι
290 863 387 888 aquam
399 863 429 881 ex
446 855 519 883 fonte
536 857 608 891 (63);
623 868 630 881 I
646 863 719 888 euut,
732 856 777 891 qui
791 857 911 884 eamdem
926 857 1006 884 habet

221 910 284 929 cum
307 902 384 929 Patre
407 904 531 930 virtutem
554 912 586 931 ac
612 905 777 938 potentiam;
800 905 846 939 qui
869 909 910 931 est
934 904 1003 932 idem

224 949 294 976 Dvus
315 958 377 976 cum
403 951 520 977 universi
543 952 696 985 conditore;
715 951 761 986 qui
777 952 802 978 in
821 959 867 978 sua
886 951 1004 979 Persona

221 997 366 1030 pueritiam
381 996 468 1023 Patris
481 998 614 1030 ostendit;
631 997 676 1032 qui
691 1002 732 1024 est
747 997 817 1025 Deus
832 1002 858 1025 et
874 997 1004 1025 Dominus

219 1043 358 1074 omnium;
376 1043 420 1076 qui
435 1048 477 1070 est
491 1051 553 1070 Vcl'a
569 1042 657 1070 Patris
674 1045 781 1078 imago;
800 1044 826 1070 in
843 1051 897 1078 quo
915 1048 941 1070 et
956 1051 1003 1078 per

222 1094 301 1121 quem
317 1087 394 1114 Pater
408 1089 526 1122 seipsum
549 1089 720 1122 manifestat;
735 1097 796 1115 eum
810 1090 916 1116 laudent
929 1109 937 1122 ,
956 1089 1002 1124 qui
1023 1107 1026 1111 -

219 1138 260 1160 est
281 1134 412 1164 inlimtus,
432 1134 723 1169 Iucmnpreheusibilis,
741 1135 923 1169 omnipotens,
938 1135 1003 1162 sub-

218 1179 318 1206 sistens
336 1184 363 1206 et
384 1188 498 1214 opt-rans
525 1189 571 1215 per
596 1182 729 1215 seipsum,
756 1186 782 1207 et
807 1185 848 1207 est
869 1181 1002 1215 perfectus

219 1223 300 1253 Deus,
315 1225 393 1251 sicuti
409 1230 446 1251 est
465 1225 598 1259 perfectus
608 1226 706 1252 homo?
720 1226 747 1252 Si
761 1225 862 1252 Ariana
876 1226 1002 1260 impietas

217 1275 312 1298 contra
330 1272 385 1298 luce
403 1271 478 1298 firma
493 1272 582 1299 adhuc
593 1276 620 1299 et
631 1272 682 1299 sibi
694 1278 822 1300 coristaus
837 1277 1000 1308 perseverat,

217 1318 292 1344 nullo
307 1318 360 1344 alio
377 1322 454 1352 pacto
471 1319 570 1353 poterit
586 1327 704 1354 unquam
717 1319 813 1346 everti.

255 1375 329 1403 Unus
342 1381 429 1403 tatuen
443 1379 517 1403 locus
530 1376 620 1403 adhuc
635 1381 769 1410 superest,
781 1377 897 1404 eximius
911 1377 999 1412 plane,

215 1430 294 1457 quem
313 1423 448 1456 prieterire
473 1423 567 1456 religio
594 1427 644 1449 est.
665 1421 710 1449 Sic
731 1429 820 1449 autent
843 1431 872 1450 se
894 1423 972 1450 habet
991 1432 998 1449 ε

218 1476 230 1495 α
254 1467 365 1501 Qualem
396 1469 478 1502 igitur
497 1467 595 1494 Filium
620 1476 699 1495 suum
725 1467 798 1495 Deus
821 1477 867 1503 per
889 1476 997 1496 carnem
1013 1482 1034 1511 ρ

217 1516 299 1545 misit,
315 1515 366 1541 nisi
384 1513 513 1544 Verbum,
526 1514 597 1548 quod
614 1521 628 1539 a
641 1514 773 1548 principio
787 1514 889 1541 Scilicet
901 1513 998 1540 Filium

213 1561 329 1589 vocaxit.
354 1562 417 1594 quia
434 1559 556 1586 futurum
570 1565 639 1591 erat,
664 1564 693 1585 ut
714 1564 804 1586 ortum
828 1560 953 1594 caperet?
968 1559 999 1587 Et

216 1613 278 1633 cum
297 1606 380 1632 Filius
398 1611 509 1632 vocatur
520 1626 527 1637 ,
544 1613 688 1633 comnmue
703 1613 801 1632 nomen
818 1605 919 1633 amoris
934 1613 996 1641 erga

214 1652 230 1679 h
251 1654 338 1680 ntiues
360 1653 454 1679 sumit.
476 1651 530 1679 Nec
542 1652 613 1679 enim
631 1650 748 1679 Verbum
774 1660 820 1686 per
843 1660 872 1679 se
891 1657 918 1679 et
939 1652 997 1680 sirte

211 1705 310 1729 carne,
327 1698 459 1731 perfectus
476 1697 559 1724 Filius
575 1701 647 1728 erat,
664 1705 727 1724 cum
746 1701 834 1724 tamen
848 1701 919 1724 esset
931 1696 997 1724 Ver-

211 1744 287 1774 hurn,
315 1742 484 1778 Unigenitus.
512 1743 603 1778 Neque
623 1750 687 1770 caro
714 1751 760 1777 per
787 1750 815 1770 se
836 1743 894 1770 sine
908 1742 995 1770 Verbo

212 1789 360 1815 subsistere
384 1793 498 1823 poterat,
519 1789 582 1822 quia
600 1788 626 1815 iu
650 1788 738 1815 Verbo
757 1788 930 1816 subsistebat.
950 1788 996 1816 Sic

210 1840 275 1868 ergo
287 1841 357 1860 unus
366 1832 450 1860 Filius
463 1833 508 1860 Dei
518 1832 651 1868 perfectus
660 1833 850 1860 manifestatus
861 1838 901 1861 est
909 1833 935 1868 (6
942 1835 974 1869 ι).
982 1843 991 1860 ι

211 1877 295 1905 Hune
313 1884 401 1905 autem
420 1879 507 1906 locum
525 1886 579 1914 quo
598 1879 714 1905 maxime
738 1879 884 1906 abtttuntur
899 1878 992 1906 Unita-

210 1925 254 1956 rii,
275 1930 355 1959 atque
376 1925 521 1959 pluriutum
537 1932 566 1952 se
581 1925 696 1951 eil'erunt
711 1944 718 1957 ,
737 1925 844 1960 egregie
867 1925 992 1960 illustrat,

210 1978 242 1997 ac
259 1976 368 1997 strenue
381 1975 532 2006 propugnat
545 1971 721 1998 doctissimus
736 1971 861 1999 Maranus
879 1972 921 1999 his
933 1980 993 1999 ver-

209 2015 251 2042 bis
269 2024 276 2042 :
292 2025 302 2040 ι
329 2015 457 2048 Vidi-tur,
477 2017 580 2050 inquit,
596 2021 706 2044 sanctus
721 2021 822 2053 martyr
832 2018 869 2044 ita
884 2018 992 2046 locutus

208 2062 293 2089 fuisse
307 2062 407 2097 duplici
427 2063 596 2097 potissimum
615 2063 648 2090 de
661 2071 742 2090 causa
755 2063 809 2098 (65)
827 2072 834 2089 :

248 2118 257 2134 ι
273 2108 292 2135 1.
310 2108 378 2141 Quia
393 2108 520 2141 Verbum,
534 2110 583 2136 etsi
602 2109 737 2143 perfectus
758 2109 804 2136 Dei
826 2109 911 2137 Filius
933 2117 991 2148 erat

206 2159 269 2182 ante
290 2155 514 2188 incarnationem,
534 2159 563 2182 ut
580 2160 650 2190 patet
663 2163 695 2182 ex
713 2157 771 2190 ipso
784 2156 855 2189 loco,
869 2157 913 2184 ubi
927 2165 988 2184 eum
1005 2161 1027 2188 Ι)

208 2199 375 2236 Unigenilum
390 2201 506 2235 appellat
523 2200 692 2236 Hippolytus,
711 2206 737 2229 et
759 2210 792 2229 ex
809 2203 900 2230 multis
915 2204 987 2237 aliis,

205 2246 233 2274 in
247 2247 346 2281 quibus
359 2249 391 2274 de
401 2247 460 2281 ejus
472 2247 645 2280 generatione
659 2247 758 2274 diserte
769 2247 903 2282 disputat;
918 2257 986 2275 non-

205 2293 269 2320 dum
293 2298 381 2320 tamen
398 2299 457 2320 erat
471 2293 555 2320 Filius
571 2293 700 2320 hominis.
727 2292 801 2321 Hanc
823 2295 881 2328 ipse
902 2295 987 2322 inter-

250 2358 260 2373 ⁸
276 2359 342 2385 Dan.
357 2367 406 2390 vn,
421 2359 465 2386 15.

239 2450 293 2484 (60)
320 2449 382 2477 11.ῑο
403 2451 492 2477 omnia
512 2450 636 2478 Christus
660 2450 828 2478 meonomice
852 2455 981 2486 tanquam

203 2485 284 2522 homo
298 2486 468 2522 precabatur,
480 2486 528 2522 qui
537 2491 594 2522 erat
606 2494 683 2513 verus
693 2486 772 2519 Deus,
785 2486 850 2518 Θεὸς
866 2486 903 2513 ὢν
916 2486 981 2522 ἁλη-

202 2521 283 2552 θινός.
303 2523 331 2547 δ.
351 2520 471 2554 Hippol.,
489 2521 554 2547 Αάυ.
568 2520 684 2553 Judwos,
701 2529 775 2548 nutri.
794 2522 820 2548 4.

237 2556 291 2590 (nl)
315 2555 366 2582 Sed
384 2563 478 2589 quare,
498 2564 515 2583 o
537 2557 675 2590 propheta,
698 2558 816 2583 edissere
830 2556 917 2587 nobis.
931 2564 980 2584 cur

200 2593 328 2624 templum
347 2591 513 2626 devastatum
528 2591 587 2618 est?
598 2591 638 2617 An
659 2597 765 2626 propter
777 2591 847 2618 illam
860 2591 924 2617 olim
941 2593 979 2617 vi-

200 2626 248 2652 tuli
262 2625 484 2652 fabricationem?
503 2634 536 2652 an
552 2632 658 2660 propter
676 2627 764 2660 populi
782 2626 976 2653 idololatriami

200 2668 233 2685 an
251 2664 359 2694 propter
384 2661 542 2695 sanguinem
566 2661 776 2695 prophetarum?
806 2669 840 2688 an
868 2669 977 2695 propter

200 2694 331 2730 adulteria
346 2699 372 2721 et
389 2694 581 2723 fornicationes
606 2696 706 2723 Israel?
727 2696 846 2728 Minime,
870 2694 974 2730 inquit;

199 2729 227 2765 in
244 2730 370 2765 omnibus
392 2732 464 2757 enim
486 2732 537 2758 illis
547 2739 652 2765 semper
665 2732 770 2758 veniam
784 2736 811 2758 et
832 2729 975 2765 indulgen—

199 2764 265 2791 tiam
287 2764 423 2798 ferebant;
444 2767 490 2793 sed
507 2767 569 2800 quia
589 2766 684 2793 Filium
699 2768 815 2794 auctoris
832 2764 975 2793 beuelicio-

198 2807 260 2827 rum
285 2799 486 2835 interfecerunt,
508 2799 564 2836 ipse
584 2802 655 2829 enim
670 2807 712 2830 est
726 2807 876 2830 coaeternus
888 2801 972 2828 Patri.

1055 856 1160 891 putatio
1173 857 1339 891 postulabat,
1358 863 1386 884 ut
1405 857 1522 885 Verbum
1541 857 1701 894 Hippolytus
1721 865 1781 886 ante
1794 860 1829 887 in-

1057 903 1242 930 carnationem
1258 911 1310 931 non
1323 904 1516 939 metaplmrice.
1529 905 1574 931 sed
1591 912 1653 932 vere
1669 906 1705 932 ob
1723 905 1829 932 futuram

1054 955 1087 974 ex
1104 947 1212 983 Virgine
1235 949 1434 984 generationem
1456 950 1552 977 Filium
1573 951 1690 978 hominis
1713 957 1830 979 veratum

1053 993 1139 1022 fuisse
1147 995 1334 1029 prietettderet,
1346 1003 1394 1023 nec
1408 1000 1496 1022 tamen
1504 995 1620 1030 perfecte
1631 995 1732 1024 Filium
1745 997 1830 1031 fuisse,

1054 1040 1118 1074 quia
1136 1041 1253 1068 nondum
1272 1048 1304 1068 ex
1320 1040 1340 1067 V
1353 1042 1428 1076 rgine
1443 1042 1549 1076 genitus
1561 1046 1628 1069 erat.

1091 1086 1141 1113 «ll.
1160 1086 1217 1113 Non
1235 1087 1321 1114 solum
1345 1086 1460 1114 Verbqu
1484 1088 1509 1114 in
1531 1087 1658 1121 Christo,
1685 1089 1734 1116 sed
1759 1091 1830 1116 etiam

1053 1139 1154 1166 corpus
1169 1136 1196 1159 et
1210 1132 1328 1158 auituam
1347 1133 1501 1159 considerat
1522 1131 1700 1168 Hippolytus;
1724 1142 1756 1161 ac
1775 1133 1831 1160 Ver-

1052 1177 1116 1204 bum
1134 1178 1237 1204 unitum
1256 1178 1342 1209 carui,
1358 1185 1445 1204 unum
1469 1183 1497 1205 et
1513 1179 1662 1213 perfectura
1677 1178 1727 1206 Dei
1742 1179 1829 1207 Filiutu

1051 1226 1207 1253 existimat:
1225 1226 1261 1252 ita
1281 1231 1310 1252 ut
1328 1225 1453 1253 Christus
1492 1234 1544 1253 non
1579 1226 1667 1253 solum
1705 1233 1831 1261 quati-nus

1051 1271 1180 1305 Verbum,
1196 1272 1242 1299 sed
1257 1272 1338 1299 etiam
1368 1276 1506 1306 quatenus
1519 1272 1589 1299 Deus
1602 1277 1628 1299 et
1643 1273 1740 1304 homo,
1757 1273 1831 1300 Filius

1051 1317 1086 1344 sit
1102 1316 1159 1344 Dei.
1176 1317 1408 1350 Quemadmodum
1432 1318 1513 1352 igitur
1535 1325 1600 1345 caro
1615 1318 1675 1345 sine
1691 1317 1782 1345 Verbo
1795 1318 1830 1345 Fi-

1051 1362 1104 1389 lius
1121 1362 1166 1389 Dei
1182 1370 1242 1390 esse
1266 1371 1319 1390 non
1335 1367 1438 1397 potest;
1454 1364 1489 1390 ita
1508 1362 1626 1390 Verbum
1651 1364 1716 1390 sine
1747 1371 1829 1395 carne,

1050 1407 1199 1442 perfectum
1216 1408 1326 1442 quidem
1339 1407 1455 1435 Verbum
1471 1413 1529 1435 erat
1544 1413 1571 1435 et
1595 1408 1778 1443 Uriigeiiitus,
1790 1409 1829 1436 sed

1052 1461 1121 1481 unus
1141 1454 1185 1480 ille
1205 1454 1342 1488 perfectus
1364 1453 1466 1487 Filius,
1491 1461 1523 1481 ex
1553 1453 1654 1485 Verbo,
1670 1463 1789 1490 corpore
1809 1459 1830 1482 et

1049 1499 1141 1526 animo
1156 1505 1294 1531 constans,
1313 1508 1366 1527 non
1388 1505 1456 1527 erat.
1476 1499 1534 1527 Huc
1559 1501 1690 1534 pertinet.
1711 1502 1784 1536 quod
1799 1501 1830 1528 ait

1049 1553 1107 1580 cap.
1128 1545 1144 1572 4
1158 1555 1164 1572 :
1184 1554 1193 1571 ι
1209 1545 1257 1572 last
1272 1546 1353 1580 igitur
1365 1554 1445 1579 caro,
1460 1554 1520 1580 quae
1532 1554 1548 1573 a
1565 1545 1653 1573 Verbo
1677 1546 1771 1574 Patris
1787 1549 1829 1574 ob-

1050 1600 1059 1616 ‹
1073 1591 1283 1624 lata,utmunus
1298 1597 1355 1624 est;
1372 1600 1445 1624 caro,
1463 1592 1582 1626 inquam,
1594 1599 1655 1625 quae
1670 1598 1716 1619 est
1729 1601 1761 1619 ex
1777 1592 1829 1627 Spi-

1049 1645 1058 1661 ι
1075 1636 1126 1663 ritu
1142 1641 1247 1668 sancto,
1259 1641 1286 1663 et
1301 1636 1419 1671 Virgine,
1434 1636 1568 1671 perfectus
1584 1636 1668 1664 Filius
1684 1636 1733 1664 Dei
1747 1642 1829 1665 osten-

1050 1688 1058 1704 ι
1075 1687 1131 1706 sus.
1149 1689 1158 1705 ι
1177 1681 1203 1707 In
1218 1680 1341 1707 eamdem
1358 1681 1518 1708 sententiam
1531 1681 1689 1716 accipienda
1700 1702 1709 1715 ,
1725 1691 1786 1716 qua:
1797 1683 1830 1710 le-

1045 1730 1144 1759 guntur
1164 1726 1190 1752 in
1209 1726 1276 1753 libro
1300 1727 1418 1761 genuino
1437 1726 1473 1753 De
1496 1727 1675 1759 Antia/triste,
1703 1736 1766 1762 cap.
1791 1728 1827 1755 ὅτ

1044 1771 1130 1803 Αὐτὸς
1155 1771 1234 1799 πάλιν
1246 1772 1259 1797 ὁ
1272 1771 1318 1798 τοῦ
1345 1771 1411 1798 Θεοῦ
1440 1773 1522 1804 παῖς,
1540 1773 1554 1798 ὁ
1567 1772 1649 1799 πάλαι
1669 1773 1721 1808 μὲν
1737 1773 1827 1806 Λόγος.

1047 1826 1056 1841 ι
1074 1817 1130 1852 lpse
1144 1825 1240 1844 rursus
1254 1816 1299 1844 Dei
1315 1817 1416 1850 Filius,
1432 1817 1476 1850 qui
1490 1818 1564 1851 prius
1590 1817 1710 1845 Verbum
1729 1824 1796 1846 erat.
1817 1828 1825 1845 ι

1043 1860 1179 1890 Hactenus
1195 1861 1225 1889 V.
1236 1862 1267 1889 C.
1285 1861 1378 1897 Neque
1393 1863 1483 1889 minus
1495 1863 1579 1889 solide
1596 1867 1688 1890 tuetur
1702 1865 1826 1891 eumdem

1042 1907 1132 1934 locum
1149 1907 1297 1942 Gregorius
1318 1907 1412 1935 Bullus
1427 1912 1521 1935 contra
1542 1907 1716 1935 Zwicharum
1735 1909 1827 1937 lrenici

1042 1948 1208 1980 Irenicortim
1221 1959 1358 1981 auctorem
1376 1954 1402 1980 in
1421 1953 1478 1981 hch
1494 1954 1574 1980 verba
1589 1954 1731 1982 disserens
1750 1955 1804 1988 (66)
1819 1963 1825 1981 :

1045 2009 1054 2026 ι
1069 1999 1129 2026 Non
1159 1999 1195 2026 ita
1219 1999 1329 2026 insaniit
1353 1998 1528 2034 Hippolytus,
1555 2001 1586 2026 ut
1610 1999 1715 2027 diceret
1741 2000 1825 2035 (quod

1041 2044 1143 2072 dixisse
1165 2045 1241 2071 illum
1258 2052 1409 2080 anonymus
1434 2045 1538 2079 voluit)
1562 2045 1651 2071 Verbo
1678 2046 1740 2072 sive
1764 2046 1826 2073 Uni-

1041 2090 1132 2125 εθιιὶιο
1142 2090 1290 2125 quidquam
1311 2090 1464 2116 iutrinsecae
1481 2089 1652 2124 perfectionis
1668 2098 1766 2118 revera
1783 2099 1825 2118 ac«

1041 2136 1156 2163 ceSsisse
1177 2143 1210 2162 ex
1232 2136 1322 2162 carnis
1345 2141 1545 2170 assumptione;
1573 2136 1628 2163 imo
1654 2138 1823 2164 contrarium

1040 2185 1131 2216 aperte
1155 2181 1256 2208 docuit.
1276 2181 1342 2208 Nam
1365 2182 1452 2217 pritno
1472 2182 1570 2209 dlserte
1596 2183 1650 2211 ait.
1675 2182 1822 2209 Dominum

1038 2232 1160 2255 nostrum
1181 2228 1328 2262 perlectum
1349 2228 1434 2255 fuisse
1461 2226 1576 2254 Verbum
1599 2232 1625 2254 et
1646 2227 1822 2260 Uuigenitum

1037 2279 1100 2301 ante
1117 2274 1346 2302 incarnationem.
1368 2273 1467 2300 Deinde
1489 2274 1561 2300 clare
1582 2274 1679 2307 docet,
1702 2274 1821 2302 Verbqu

1031 2449 1115 2487 ᾼῦτὸς
1131 2450 1184 2484 γὰρ
1197 2450 1268 2487 tertii
1283 2450 1297 2476 ὁ
1310 2449 1348 2487 rip
1366 2449 1452 2484 Πατρ),
1469 2448 1610 2487 συναῗᾶιος.
1628 2449 1657 2476 S.
1678 2449 1817 2487 Hippolyt.

1032 2485 1180 2512 Demomtr.
1199 2486 1298 2512 advers.
1313 2485 1430 2515 Judwos,
1447 2493 1520 2510 nunt.
1540 2485 1564 2510 7.

1066 2521 1120 2556 ((52)
1138 2520 1165 2547 S.
1181 2519 1460 2555 H.ppolyt.C0mntcul.
1475 2520 1500 2545 in
1513 2518 1689 2552 Cenes.,tom.
1706 2520 1740 2554 ll,
1755 2530 1815 2556 pag.

1029 2554 1072 2587 27,
1089 2554 1123 2582 ‘28
1135 2560 1160 2582 et
1170 2556 1214 2582 29.

1064 2591 1117 2626 (65)
1135 2590 1216 2626 idem,
1235 2589 1331 2626 gontra
1348 2587 1576 2626 Nuetqnun‘nii.

1062 2624 1117 2659 (6i)
1135 2625 1216 2657 Idem,
1229 2624 1327 2651 (Συηινα
1347 2625 1367 2648 :V'
1379 2629 1432 2659 31.,
1448 2632 1471 2650 c.
1497 2624 1537 2650 l5.

1026 2657 1231 2721 ἆὸἓδδνιιιωηυ.
1255 2657 1400 2686 DivinitJ.
1416 2658 1446 2686 C.
1464 2658 1510 2685 lib.
1536 2666 1573 2691 tv,
1597 2667 1622 2685 c.
1646 2659 1689 2690 l5,
1706 2659 1719 2694 ᾗ
1734 2659 1762 2692 »1,
1789 2669 1813 2690 p.

1025 2714 1116 2801 ἑξάϋ)
1136 2729 1238 2792 Βαὲέἒιε,
1257 2729 1358 2764 Defens.
1373 2728 1420 2763 fid.
1439 2727 1541 2755 Nirten.
1552 2747 1559 2760 ,
1574 2733 1641 2755 sect.
1659 2736 1692 2762 tr,
1706 2737 1770 2764 cap.
1784 2728 1813 2763 8,

1070 2786 1077 2798 ,
1094 2774 1154 2801 pag.
1207 2785 1213 2792 .

1070 2786 1077 2798 ,
1094 2774 1154 2801 pag.
1169 2774 1213 2792 an.
