1857 3051
49 151 96 178 561

544 147 589 176 DE
614 147 695 175 VITA
711 146 755 174 ΕΤ
771 143 927 173 SCRIPTIS
954 144 983 171 S.
1003 141 1196 170 IHPPOLYTI.

1622 143 1675 170 362

49 213 105 240 sive
118 209 303 246 Unigenitum
321 210 388 238 adeo
402 217 434 237 ex
451 216 532 236 carne
545 209 663 235 humana
678 215 730 234 non
745 207 839 234 melio-
854 208 876 236 Α
891 204 980 236 Patre,
997 208 1125 238 tanquam
1140 203 1231 230 lumen
1245 209 1277 230 ex
1290 201 1403 234 lumine,
1416 206 1443 230 et
1461 209 1530 237 aqua
1543 209 1576 229 ex
1590 201 1675 233 fonte,

45 262 131 286 ratum
153 264 238 289 esse,
255 261 287 283 ut
306 264 371 283 caro
395 256 439 282 ilia
457 255 541 289 ipsam
557 262 634 281 suam
657 252 837 280 substantiam

46 303 133 331 Verbo
149 303 261 330 debeat.
280 303 350 335 Quid
374 309 457 337 ergo,
480 301 604 335 inquies.
627 299 713 326 voluit
737 298 838 334 Hippo‘

45 350 128 385 lytus,
150 357 215 375 cum
235 349 273 375 ait
295 347 413 374 Verbum
444 352 470 374 et
493 346 664 380 Uuigenitum
683 345 742 372 sine
757 352 839 371 carne

45 395 195 431 perfectum
210 402 266 421 non
284 394 368 421 fuisse
382 393 500 420 Filium?
519 392 626 424 Voluit,
646 392 768 426 inquam,
780 399 838 418 nta-

45 441 162 474 nifeste,
190 441 239 467 τὸν
267 441 354 474 Λόγον
377 444 440 466 alite
461 439 674 466 incarnationem
694 446 747 465 non
763 436 837 464 omni

45 489 188 516 ﬁliationis
204 497 306 524 genere
319 509 326 519 ,
346 493 376 515 ut
393 489 429 514 ita
446 488 552 520 dicant,
568 486 725 514 defunctum
741 484 836 518 fuisse,

44 535 100 561 sive
118 534 244 561 nondum
261 533 347 561 fuisse
362 534 436 561 omni
455 533 552 562 modo.
575 540 628 567 quo
640 531 722 558 Pater
739 530 836 563 voluit,

43 580 91 607 Dei
107 580 222 607 Filium,
240 580 350 607 Scilicet
361 579 475 606 Domino
488 584 580 606 nostro
596 577 725 612 triplicem
741 577 838 603 nativi-

43 631 126 652 tatem
153 631 182 661 ct
209 625 368 652 liliationem
398 625 579 652 attribuerunt
606 631 720 652 veteres.
746 624 837 652 Prima

42 677 93 702 est,
106 680 162 706 qua
181 676 211 698 ut
228 671 313 705 Λόγος
329 679 361 698 ex
379 676 468 698 mente
491 671 577 698 Patris
592 672 626 698 ab
639 676 741 699 telerno
759 677 837 699 natus

43 717 105 744 fuit.
132 717 173 744 Ex
196 717 249 744 hac
274 718 413 744 natiritate
435 717 553 751 perfecta
577 717 730 752 hypostasis
747 718 836 745 divina

42 764 166 797 exstitit;
197 771 248 790 nec
272 764 323 798 ipsi
349 764 496 798 quidquam
512 768 605 798 postea
629 765 760 797 accessit,
788 764 837 791 sed

42 811 138 845 potius
162 815 270 837 caetera:
293 810 446 837 nativitates
477 810 693 844 συγχαταϐάσεις
710 810 836 844 fuerunt,

43 857 102 883 sire
126 857 374 884 condescensiones
390 856 449 883 Filii
465 856 522 883 Dei.
546 857 637 884 Altera
653 865 749 892 nempe
771 858 838 885 nati-

43 904 117 930 ritas
131 908 249 938 est,qua
262 905 276 930 6
290 903 373 936 Λόγος
383 910 398 930 a
413 902 468 930 Deo
482 903 571 936 Patre,
586 905 656 939 apud
670 912 762 940 quem,
775 913 836 932 cum

41 950 111 977 nihil
135 950 230 976 adhuc
253 954 350 984 praeter
371 949 454 976 Deum
479 950 636 984 exsisteret,
664 951 785 986 adeoque
805 959 838 979 ex

42 1002 146 1024 azterno
165 995 276 1028 fuerat,
300 997 359 1023 κατ’
377 996 517 1032 ἐνέργειαν
535 997 635 1030 exivit,
659 1005 691 1024 ac
708 1001 836 1032 tauquam

42 1050 74 1069 ex
90 1047 170 1069 utero
188 1041 249 1076 ejus
264 1042 378 1077 prodiit,
392 1050 474 1078 seque
492 1043 600 1071 demisit
615 1043 648 1070 ad
665 1043 836 1071 condendam

43 1089 185 1115 universa.
204 1087 298 1115 Tertia
318 1087 427 1116 demum
455 1089 583 1117 nativitas
607 1094 662 1117 tum
683 1089 752 1122 fuit,
775 1097 836 1117 eum

45 1135 116 1162 idem
133 1136 147 1162 6
164 1135 255 1169 Λόγος
273 1143 336 1162 caro
354 1135 441 1163 factus
463 1141 514 1168 est,
531 1140 558 1164 et
577 1144 592 1164 e
615 1136 674 1164 sinu
700 1136 789 1164 Patris
809 1137 837 1163 in

43 1187 151 1208 uterum
171 1181 338 1208 beatissinue
352 1180 469 1215 Virginis
485 1182 607 1217 illapsus,
630 1183 712 1209 homo
728 1190 759 1209 ex
777 1182 837 1217 ipsa

43 1232 123 1254 natus
141 1231 186 1254 est
210 1234 260 1258 per
278 1227 506 1254 iuumbrationem
528 1227 647 1262 Spiritus
658 1228 756 1255 sancti.
778 1227 835 1256 Hoc

43 1271 94 1299 fuit
105 1272 154 1299 τοῦ
168 1274 260 1307 Λόγου
274 1279 392 1301 extrema
407 1274 607 1309 συγκατάὁασις
621 1275 645 1310 (a
659 1275 738 1302 nobis
749 1274 838 1301 homi-

43 1319 135 1351 nibus,
148 1320 278 1354 adeoque
292 1321 326 1347 ab
340 1321 406 1355 ipsis
419 1321 521 1355 angelis
529 1325 659 1348 aeternum
673 1320 835 1356 adoranda),

43 1372 96 1399 qua
113 1370 247 1400 peracta,
272 1367 407 1400 perlectus
423 1366 509 1394 Filius
527 1365 573 1393 Dei
593 1366 682 1394 factus
706 1371 762 1400 est,
784 1366 837 1394 hoc

43 1415 93 1443 est,
109 1416 141 1437 ut
157 1412 216 1438 dixi
231 1433 239 1444 ,
255 1413 329 1438 omni
348 1412 487 1440 liliationis
501 1421 600 1448 genere
613 1413 758 1440 defunctus
771 1418 812 1441 est
826 1421 835 1441 :

46 1457 184 1490 siquidem
199 1462 306 1484 caetcrze
322 1458 474 1491 liliationes,
491 1467 551 1494 quae
570 1459 716 1486 humanam
735 1459 836 1487 Christi

43 1508 172 1529 naturam
187 1508 322 1538 spectant,
346 1511 379 1531 ex
394 1504 443 1531 hac
457 1505 619 1539 dependent,
634 1511 715 1540 atque
729 1513 762 1533 ex
777 1506 835 1541 ipsa

43 1554 266 1583 consequuntur.
296 1549 357 1577 Hmc
386 1549 474 1577 fusius
501 1551 717 1585 explicabimus,
749 1553 870 1587 inquitc

44 1594 78 1620 cl.
99 1594 201 1621 Bullus
212 1615 219 1627 ,
237 1595 270 1621 ad
291 1595 438 1622 sectionem
453 1595 527 1622 illam
544 1596 577 1628 ὅ,
592 1596 625 1623 de
641 1596 702 1623 Filii
716 1597 756 1633 τῷ
777 1605 837 1623 συν-

44 1639 133 1674 αῐδὶῳ.
151 1649 162 1665 ι

75 1685 194 1712 interim
220 1684 287 1712 illud
310 1685 507 1713 observandum
530 1691 587 1718 est,
612 1687 683 1715 inter
704 1695 752 1720 ea,
776 1695 838 1723 qua:

47 1732 147 1759 Ircnict'
167 1735 268 1758 auctor
293 1739 323 1758 ex
350 1732 419 1759 libro
442 1731 576 1768 Hippolyti
604 1732 703 1760 Contra
722 1734 836 1761 Noetum

45 1779 180 1811 adduxit,
199 1783 330 1812 tanquam
344 1779 498 1811 catholicae,
527 1779 552 1806 id
573 1785 631 1813 est,
646 1780 760 1808 Nicaeum
774 1781 835 1808 fidei

45 1826 205 1856 contraria,
223 1825 347 1859 quaedam
373 1832 448 1856 esse,
466 1832 526 1859 quae
551 1825 623 1852 illam
649 1826 736 1860 ipsam
755 1825 836 1853 [idem

46 1871 154 1906 egregie
190 1870 364 1897 conﬁrmant.
394 1869 558 1904 Huiusmodi
594 1875 637 1897 est
672 1870 738 1897 illud
768 1871 836 1906 (67):

49 1927 58 1942 ι
70 1917 142 1944 Cum
168 1916 255 1943 alium
273 1915 332 1943 dico
356 1916 469 1950 (uetnpe
486 1916 583 1943 Filium
607 1924 621 1943 a
649 1917 728 1943 l'atre
743 1916 800 1953 [68]
815 1917 836 1952 ),

47 1972 99 1990 non
114 1964 189 1990 duos
203 1962 273 1990 Deos
288 1963 359 1994 dico,
373 1962 419 1990 sed
433 1967 559 1997 tanquam
571 1963 663 1990 lumen
677 1971 710 1990 ex
723 1963 835 1996 lumine,

47 2014 71 2036 et
87 2016 192 2044 aquam
217 2015 252 2035 ex
277 2008 369 2039 fonte,
385 2012 431 2034 aut
444 2008 549 2034 radium
567 2016 582 2035 a
600 2008 657 2035 sole
671 2017 677 2034 :
695 2017 747 2035 una
763 2009 836 2036 enim

47 2056 133 2082 rirtus
158 2063 194 2082 ex
212 2059 287 2086 toto;
311 2059 397 2081 totum
415 2062 479 2081 vero
499 2052 589 2086 Pater,
613 2062 645 2081 ex
660 2063 715 2089 quo
732 2055 834 2088 virtus,

47 2100 169 2129 Verbum
186 2110 193 2128 :
208 2101 261 2128 hoc
274 2107 338 2127 vero
352 2108 428 2127 mens
442 2108 491 2127 seu
508 2107 606 2128 sensus
617 2120 624 2132 ,
643 2101 690 2133 qui
707 2102 835 2136 prodicus

48 2147 72 2174 in
97 2147 254 2178 mundum,
275 2151 403 2173 ostensus
423 2152 464 2174 est
479 2146 550 2173 Puer
575 2147 622 2173 Dei
645 2147 711 2182 (69).
739 2147 836 2175 Omnia

47 2193 130 2228 igitur
145 2200 196 2228 per
207 2200 270 2219 eum
285 2192 356 2219 facta
373 2197 456 2224 sunt;
473 2192 531 2226 ipse
554 2191 629 2219 solus
643 2199 677 2219 ex
691 2192 769 2219 Patre
786 2201 834 2228 ge-

49 2241 133 2267 nitus.
150 2249 159 2265 ι
180 2237 230 2265 Ubi
247 2237 355 2266 Patrem
370 2241 397 2264 ct
418 2237 527 2269 Filium,
547 2245 661 2273 persona
679 2238 833 2272 distinctos,

49 2294 133 2313 unum
156 2290 249 2312 tamen
265 2292 326 2311 esse
351 2283 434 2311 Deum
453 2283 515 2310 inde
534 2285 646 2319 probat,
661 2285 732 2318 quod
750 2284 835 2312 Filius

50 2340 99 2359 non
116 2334 154 2359 sit
169 2331 243 2358 Deus
255 2339 270 2358 a
287 2331 378 2365 seipse
389 2351 396 2362 ,
417 2331 464 2358 sed
481 2329 552 2357 Deus
567 2330 600 2357 de
613 2330 685 2363 Deo,
703 2335 786 2366 atque
802 2339 835 2359 ex

83 2443 140 2478 (67)
161 2443 255 2470 Contr.
269 2441 359 2473 ΝΟΜ..
375 2450 449 2469 num.
467 2443 510 2469 Η.

84 2481 141 2512 165)
165 2478 275 2505 Justiuo
289 2478 414 2513 martyri,
437 2477 546 2512 quando
562 2477 646 2505 Filius
668 2477 766 2513 Erspov'
777 2487 802 2504 τι
820 2486 834 2506 a

50 2507 208 2540 Patru'esse
226 2513 336 2543 dicitur,
360 2507 387 2540 et
402 2507 567 2540 'l'et'tulliauo
580 2535 586 2545 ,
608 2507 722 2548 quando
734 2513 835 2540 Filium

51 2555 72 2574 et
86 2549 195 2575 Patrem
207 2556 262 2574 esse
278 2547 352 2574 aliud
373 2548 404 2574 ub
421 2548 474 2574 alio
492 2547 622 2579 allii-mat,
639 2549 748 2580 eadem,
775 2557 836 2583 qua:

52 2583 197 2618 Hippolyto
228 2591 324 2615 utens,
355 2588 385 2609 ut
416 2582 596 2610 Personarum
626 2582 830 2611 distinctionem

52 2623 206 2649 astri-dant,
223 2627 276 2645 non
294 2623 324 2645 ut
338 2618 478 2653 ὀμοούσιον
495 2619 657 2645 iulicieutur.

84 2656 141 2688 (69)
161 2654 293 2680 Observat
313 2654 346 2680 cl.
370 2653 486 2680 Grabius
501 2653 530 2680 S.
549 2654 691 2688 Hippolyto
715 2654 836 2681 solemne

53 2687 296 2717 l‘uisseJLhristuiu
309 2697 405 2716 vocare
418 2688 462 2714 τὸν
471 2689 555 2715 Παίδα
563 2687 609 2715 me
617 2687 694 2720 esas,
707 2688 834 2722 Puerum,

54 2725 107 2750 sive
126 2729 216 2758 potius
230 2723 332 2750 Filium
349 2724 414 2756 Dei;
425 2725 497 2758 quod
515 2729 587 2758 patet
603 2732 635 2750 ex
649 2724 708 2758 ejus
723 2725 836 2750 denum-

54 2764 183 2786 stratione
208 2759 244 2785 De
265 2759 370 2785 Christo
390 2765 412 2785 et
430 2759 684 2794 Atttt'tltrista,muu.
699 2760 727 2790 5,
749 2759 835 2790 Αὐτὸς

55 2794 133 2819 πάλιν
148 2795 163 2820 6
179 2794 225 2820 τοῦ
246 2794 314 2820 Θεοῦ
337 2794 415 2825 Παῖς,
444 2795 458 2820 6
478 2794 560 2821 πάλαι
586 2794 634 2829 μὲν
657 2795 752 2829 Λόγος.
769 2795 836 2827 Quae

55 2831 133 2855 rurba
150 2830 294 2859 sollicitius
307 2829 477 2863 perpendens
492 2830 527 2856 cl.
547 2829 674 2857 Mai-anus
687 2831 713 2857 iu
725 2831 835 2864 egregio

56 2871 144 2898 opere,
162 2866 205 2893 ci
221 2864 318 2892 titulus
334 2874 341 2891 :
359 2863 491 2891 Diriuitas
507 2864 541 2892 D.
557 2864 594 2893 Ν.
614 2864 643 2892 Ι.
662 2864 709 2898 C.,
730 2863 777 2893 lib.
793 2863 833 2899 iv,

207 2912 347 2943 ΡΑτκυι.
372 2910 431 2942 Gtt.
448 2909 488 2943 X.

889 255 916 278 et
932 250 1023 277 radius
1036 257 1050 276 a
1065 249 1122 276 sole
1137 248 1259 283 prodeat,
1272 252 1298 275 et
1311 247 1410 274 Filium
1423 247 1522 275 diserte
1536 247 1630 274 eximit
1643 255 1677 275 cx

889 303 1004 322 numero
1020 302 1110 322 rerum
1137 301 1152 320 a
1170 293 1224 321 Deo
1249 293 1403 326 factarum,
1429 293 1504 319 illum
1531 293 1619 320 solum
1643 300 1677 321 ex

888 341 948 376 ipso
966 338 1019 367 Deo
1037 340 1116 367 Patre
1132 340 1252 375 genitum
1272 339 1470 374 pronuntians:
1485 347 1544 373 quae
1556 346 1618 366 eum
1632 337 1678 367 Ni-

888 395 960 414 cmua
977 387 1027 413 lidc
1042 394 1074 413 ac
1090 386 1263 413 confessione
1282 385 1394 411 omnino
1410 386 1579 418 conspirant.

924 432 1016 466 Neque
1027 432 1126 466 cuique
1138 430 1300 458 olleudieulo
1314 430 1473 461 essedebet,
1488 430 1560 464 quod
1576 428 1675 456 ibidem

889 478 1048 514 Hippolytus
1066 477 1173 505 Patrem
1191 478 1264 504 dicat
1282 482 1376 509 totum,
1395 477 1492 503 Filium
1508 484 1573 504 Vero
1589 477 1675 503 virtu—

889 529 940 552 tem
952 533 983 550 ex
997 529 1060 550 toto.
1076 523 1143 550 Nam
1158 528 1244 550 totum
1262 527 1335 549 recte
1351 523 1451 549 dicitur
1461 521 1551 554 Pater,
1564 524 1627 558 quia
1635 528 1677 551 est

889 571 964 607 πηγὴ
977 571 1112 606 Θεότητος.
1126 569 1266 604 Siquidem
1281 569 1419 600 divinitas,
1436 576 1496 604 quae
1511 569 1537 595 in
1552 569 1620 596 Filio
1632 573 1675 596 est.

887 621 914 645 et
931 618 957 644 iu
977 616 1078 651 Spiritu
1096 621 1202 647 sancto,
1220 615 1308 642 Patris
1321 620 1377 646 est,
1393 615 1456 649 quia
1475 622 1488 642 a
1508 614 1586 642 Patre
1604 615 1676 642 deri-

887 669 976 691 vatur.
993 663 1121 698 Apprime
1136 663 1230 690 itidem
1241 662 1375 689 catholica
1391 667 1470 693 sunt,
1487 669 1547 696 qua:
1561 669 1624 688 mox
1641 669 1673 688 ex

887 711 982 738 eodem
1016 709 1152 745 Hippolyti
1192 709 1262 735 libro
1299 708 1421 743 sophista
1451 708 1545 739 all‘ert,
1578 715 1676 741 nempe

888 757 945 784 haec
958 756 1014 792 (70)
1031 764 1037 782 :
1059 765 1067 781 ‹
1083 755 1164 782 Pater
1178 755 1299 788 mandat,
1316 754 1434 782 Verbum
1451 754 1573 789 perlicit;
1590 754 1676 780 Filius

887 808 975 830 autem
1000 801 1163 834 ostenditur,
1189 809 1236 836 per
1250 809 1331 836 quem
1349 800 1429 827 Pater
1444 801 1570 827 creditur.
1587 799 1676 827 OEco-

888 849 977 876 nomia
992 847 1182 875 consensionis
1199 848 1329 882 redigitur
1345 846 1377 874 ad
1391 855 1474 873 unum
1489 846 1583 873 Deum.
1597 838 1677 874 Unus

888 895 959 922 enim
972 900 1013 921 est
1027 893 1109 926 Deus,
1124 894 1170 929 qui
1187 893 1298 920 mandat
1309 893 1399 926 Pater,
1414 894 1459 928 qui
1473 893 1565 920 obedit
1578 892 1673 926 Filius,

888 940 934 974 qui
951 939 1027 966 docet
1043 939 1184 966 scientiam
1198 938 1314 973 Spiritus
1331 943 1451 965 sanctus.
1469 937 1558 971 Pater,
1573 938 1618 972 qui
1633 942 1676 966 est

888 993 970 1020 super
985 985 1089 1018 omnia,
1104 984 1189 1011 Filius
1205 993 1251 1018 per
1267 984 1370 1016 omnia,
1389 984 1508 1019 Spiritus
1521 988 1631 1011 sanctus
1646 984 1675 1012 in

888 1032 1025 1059 omnibus.
1042 1041 1051 1057 ι
1073 1031 1122 1058 Hic
1139 1031 1241 1057 scilicet
1257 1030 1284 1058 S.
1305 1029 1466 1065 Hippolytus
1481 1029 1588 1057 Patrem
1601 1050 1609 1062 ,
1629 1030 1676 1057 Fi-

889 1078 954 1105 lium
969 1083 996 1106 et
1019 1078 1151 1113 Spiritum
1170 1083 1295 1104 sanctum
1312 1084 1395 1104 unum
1410 1084 1470 1104 esse
1486 1076 1569 1103 Deum
1582 1081 1674 1111 aperte

887 1125 976 1155 docet,
985 1129 1011 1151 et
1025 1124 1172 1159 unicuique
1185 1122 1328 1150 Trinitatis
1341 1122 1468 1149 Persona
1482 1123 1675 1158 omniprwscn-

888 1171 952 1198 tiam
971 1170 1075 1202 tribuit,
1088 1178 1120 1196 ac
1130 1169 1184 1196 vim
1202 1169 1334 1200 divinam,
1351 1175 1411 1202 quae
1422 1173 1519 1195 cuncta
1534 1168 1672 1203 pervadat.

888 1215 966 1248 Quod
985 1223 1050 1242 vero
1066 1214 1173 1242 Patrem
1186 1213 1252 1241 dicit
1268 1213 1410 1244 ntandare,
1432 1213 1530 1240 Filium
1552 1213 1673 1246 obedire,

888 1261 914 1288 iu
939 1268 972 1288 eo
993 1261 1194 1288 consentientes
1215 1267 1307 1286 secum
1332 1264 1359 1286 et
1383 1259 1508 1285 similiter
1530 1259 1674 1294 loquentes

887 1306 970 1333 habet
992 1306 1060 1332 alios
1078 1305 1171 1332 Patres
1185 1305 1370 1337 orthodoxos,
1389 1312 1442 1330 non
1467 1304 1546 1331 modo
1560 1304 1674 1332 Auteni-

887 1359 991 1385 catnos,
1009 1347 1055 1378 sed
1071 1356 1096 1378 et
1111 1351 1157 1386 qui
1171 1355 1233 1385 post
1247 1350 1393 1377 concilium
1412 1350 1551 1377 Nicaeuum
1573 1350 1673 1378 ﬂorue-

887 1402 983 1425 runt...
1009 1396 1087 1430 Quod
1115 1397 1205 1423 itidem
1223 1396 1331 1424 Patretn
1350 1396 1458 1431 proprie
1482 1404 1564 1431 super
1581 1396 1673 1424 omnia

885 1451 946 1471 esse
962 1443 1044 1475 dicit,
1070 1443 1094 1469 id
1113 1442 1146 1469 ad
1167 1442 1262 1478 ἐξοχὴν
1284 1442 1357 1469 illam
1381 1441 1488 1473 Patris,
1515 1450 1568 1476 qua
1590 1442 1672 1469 Pater

886 1494 942 1522 est,
964 1490 1075 1516 omnino
1099 1489 1290 1521 referendum,
1316 1496 1397 1523 quam
1421 1488 1553 1516 Catholici
1577 1496 1673 1516 omnes

886 1540 1046 1571 agnoscunt.

1146 1580 1346 1608 ARTlCULUS
1367 1580 1400 1608 ν.

888 1647 920 1666 DE
940 1646 1097 1666 DIVINITATE
1117 1646 1239 1666 SPllllTUS
1265 1647 1378 1670 SANCTI,
1404 1646 1516 1670 EJUSQUE
1543 1645 1672 1666 PBOPIIB'

1111 1682 1224 1702 TATlDl'S
1245 1681 1447 1701 PEHSONALIBUS.

923 1719 1017 1752 Quoad
1036 1719 1167 1754 Spiritum
1185 1724 1319 1752 sanctum,
1333 1719 1407 1746 omni
1433 1719 1554 1754 possibili
1577 1720 1675 1754 praeci-

888 1765 965 1793 sione
986 1765 1105 1793 declarat
1122 1765 1192 1792 idem
1217 1770 1329 1792 sanctus
1353 1766 1497 1800 cpiscopus
1517 1770 1543 1793 et
1559 1772 1673 1801 martyr,

888 1811 1011 1838 divinum
1043 1811 1117 1838 hunc
1144 1811 1275 1845 Spiritum
1302 1819 1363 1838 esse
1389 1812 1497 1838 tertiam
1520 1811 1672 1839 Personam

888 1858 1067 1885 sanctissimae
1083 1857 1235 1889 Trinitatis,
1250 1862 1280 1884 ut
1293 1865 1376 1892 supra
1389 1858 1445 1892 jam
1460 1858 1588 1885 vidimus.
1602 1857 1674 1892 Sup-

887 1905 963 1939 pouit
978 1912 1041 1931 vero
1058 1904 1128 1931 idem
1143 1909 1238 1931 auctor
1262 1908 1317 1931 tres
1342 1904 1449 1932 divinas
1462 1904 1595 1932 Personas
1611 1913 1673 1932 esse

888 1958 972 1978 unum
990 1951 1171 1985 eumdemque
1190 1951 1291 1982 Deum;
1307 1950 1344 1977 ait
1363 1951 1462 1985 quippe
1476 1955 1531 1978 tres
1547 1951 1597 1978 has
1606 1949 1672 1977 Per-

887 2005 969 2024 sonas
989 1997 1088 2024 baberc
1102 2005 1184 2023 unam
1205 1997 1383 2032 eamdemque
1405 1998 1569 2032 potentiam,
1587 2005 1672 2025 unam

887 2043 1065 2078 eamdemque
1105 2043 1233 2070 virtutem
1258 2052 1264 2069 :
1291 2051 1354 2077 ergo
1380 2045 1510 2077 supponit
1534 2044 1669 2079 Spiritum

888 2093 1013 2116 sanctum
1026 2096 1086 2116 esse
1101 2088 1184 2116 Deum
1199 2093 1226 2115 et
1239 2096 1300 2116 esse
1322 2086 1395 2116 Patri
1415 2089 1539 2124 Filioque
1552 2090 1671 2117 consub-

887 2135 1051 2163 stautialem.
1067 2135 1200 2162 Caeterum
1219 2135 1362 2169 perspicue
1380 2141 1497 2162 mentem
1513 2143 1590 2162 suam
1607 2143 1670 2170 pro-

886 2181 926 2208 dit
947 2188 1028 2215 super
1042 2180 1093 2207 hoc
1108 2181 1223 2207 articulo
1238 2188 1300 2208 cum
1317 2181 1371 2213 ait,
1394 2190 1403 2207 ι
1426 2181 1496 2211 hanc
1512 2181 1671 2208 consensio-

848 2227 947 2256 Dnem
966 2237 975 2252 ›
1003 2227 1085 2254 trium
1109 2227 1261 2254 divinarum
1279 2226 1462 2255 Personarum
1490 2237 1499 2253 ‹
1522 2227 1607 2262 redigi
1634 2228 1670 2254 ad

887 2281 971 2301 unum
988 2273 1071 2301 Deum
1089 2273 1146 2308 (Ἠ)
1159 2281 1165 2299 :
1179 2273 1346 2301 (Economia
1364 2274 1553 2302 consensionis
1571 2274 1671 2309 redigi-

886 2322 931 2345 tur
946 2318 978 2345 ad
996 2326 1080 2345 unum
1098 2318 1193 2346 Deum.
1214 2319 1289 2347 Unus
1313 2319 1386 2346 enim
1403 2323 1444 2347 est
1458 2319 1539 2353 Deus,
1556 2319 1672 2354 subjun~

886 2451 946 2477 cap.
961 2443 1003 2476 l5,
1020 2451 1080 2478 pag.
1095 2442 1211 2478 460,_ea
1229 2442 1268 2469 sic
1285 2442 1372 2469 reddit
1384 2451 1419 2478 ιλ
1435 2442 1494 2477 Ipse
1509 2451 1604 2471 rursus
1621 2443 1669 2472 Dei

886 2476 982 2509 Filius,
1000 2476 1045 2513 qiu
1062 2478 1135 2512 prius
1155 2476 1270 2513 Verbum
1283 2482 1351 2504 erat.
1367 2487 1376 2502 ι
1394 2476 1486 2513 Neque
1501 2479 1580 2505 aliter
1596 2479 1671 2507 hunc

886 2514 975 2540 locum
999 2512 1321 2548 interpretaturrGral’iius
1339 2513 1371 2538 ad
1392 2512 1462 2539 Bulli
1489 2513 1593 2547 Deleta.
1619 2513 1668 2548 βά.

888 2548 961 2581 Νἰε..
976 2556 1036 2583 pag.
1053 2548 1112 2574 10l'.
1133 2547 1201 2579 Quid
1219 2548 1291 2581 quod
1309 2548 1402 2574 eadem
1421 2548 1549 2583 loquendi
1563 2549 1670 2575 ratione

886 2581 1048 2617 paulo—post
1074 2583 1158 2609 utitur
1182 2587 1291 2609 sanctus
1312 2583 1432 2618 martyr?
1454 2581 1501 2614 Εἷς
1521 2583 1575 2618 γὰρ
1592 2584 1638 2610 καὶ
1653 2584 1670 2611 6

886 2619 932 2645 τοῦ
947 2618 1013 2645 Θεοῦ
1029 2619 1106 2650 Παῖς,
1121 2625 1180 2652 quze
1197 2618 1236 2644 sic
1248 2618 1328 2645 vertit
1344 2619 1456 2652 ipsemet
1465 2617 1666 2646 Conibelisius:

889 2663 898 2680 r
919 2654 994 2681 Unus
1010 2654 1081 2680 enim
1098 2658 1140 2680 est
1158 2653 1201 2679 Dei
1218 2653 1311 2680 l-‘ilius.
1330 2663 1338 2679 ι
1355 2653 1392 2680 ita
1406 2653 1510 2681 scilicet
1523 2653 1551 2680 S.
1565 2653 1667 2688 Hippo-

886 2690 957 2724 lytns
981 2688 1080 2721 aliique
1099 2688 1202 2724 antiqui
1223 2689 1317 2716 Patres
1333 2689 1471 2716 Christum
1496 2689 1668 2724 appellarunt

885 2723 917 2751 ex
932 2724 1007 2750 lsaite
1021 2731 1085 2754 xui,
1103 2723 1219 2757 aliisque
1234 2725 1311 2755 locis,
1326 2724 1369 2751 ubi
1390 2725 1461 2751 Deus
1477 2723 1584 2759 deipso
1603 2725 1641 2752 ait
1655 2732 1662 2751 :

886 2759 957 2822 graec)
973 2760 988 2785 6
1000 2759 1064 2790 παῖς
1083 2766 1149 2793 μου·
1165 2766 1322 2794 quanquam
1335 2761 1399 2792 παῖς
1415 2760 1452 2788 ibi
1463 2768 1566 2788 servum
1583 2760 1668 2795 signi-

906 2799 958 2822 eet.

906 2799 958 2822 ρει.

921 2829 976 2867 ρο)
998 2827 1193 2867 ςρηινηΝοετη.
1209 2838 1285 2858 num.
1301 2830 1352 2867 M.‘

921 2865 977 2901 (il)
997 2865 1081 2898 Idem,
1095 2865 1147 2893 loc.
1163 2865 1215 2895 cit.

1474 2913 1512 2944 12
