1857 3051
177 137 234 175 ,εδδ

667 135 810 164 DE_VITA
830 135 874 163 ET
896 134 1052 163 SCRIPTIS
1072 135 1102 162 S.
1121 135 1314 164 HIPPOLYTL

1748 138 1798 166 εει

185 197 232 231 git,
244 196 290 231 qui
307 195 427 227 mandat,
451 195 545 228 Pater;
561 195 606 230 qui
621 195 721 228 obedit,
738 195 838 229 Filius;
854 195 900 230 qui
915 195 959 222 do-
981 198 1003 225 Α
1019 195 1148 229 Spiritum
1168 201 1291 223 sanctum
1309 197 1454 223 humanam
1470 204 1579 224 carnem
1603 198 1798 232 assumpsisse.

185 247 228 269 cet
242 241 394 273 scientiam,
405 239 520 275 Spiritus
532 244 652 266 sanctus.
668 249 677 265 ι
688 239 773 266 Aliter
786 239 869 266 Deum
882 246 965 266 unum

185 289 334 322 intelligere
347 295 400 314 non
415 294 571 321 possumus,
585 296 593 312 ι
610 286 661 313 nisi
676 294 739 313 vere
753 285 836 318 Patri,
848 290 873 312 et
887 285 964 317 Filio,

184 339 211 362 et
229 333 342 368 Spiritui
359 337 453 360 sancto
461 333 603 360 credamus
619 342 626 359 :
640 340 689 367 per
701 333 770 359 hanc
785 332 857 359 enim
874 331 965 359 Trini-

185 385 267 408 tatem
279 379 359 406 Pater
371 379 564 414 gloriﬁcatura
577 379 622 406 Ait
633 379 744 414 insuper
755 378 784 405 S.
794 378 964 414 Hippolytus,

184 433 233 452 nos
260 424 374 452 adorare
402 423 532 458 Spiritum
552 428 676 451 sanctum
700 424 782 459 (72):
806 433 815 449 ‹
834 423 965 458 Spiritum

183 475 306 498 sanctum
322 470 479 497 adoramus.
498 478 507 495 ›
524 469 563 496 Illi
581 470 676 497 tribuit
694 469 815 496 eamdem
833 469 964 504 gloriam,

182 516 360 550 eamdemque
380 516 528 551 potentiam
567 522 600 542 ac
636 514 721 548 Filio,
745 515 822 549 cujus
849 515 966 550 Spiritus

182 566 224 589 est
238 571 244 588 :
264 571 272 587 ι
288 561 340 596 Ipsi
358 561 502 596 (Christo)
520 560 604 596 gloria
619 566 646 587 et
661 560 779 594 potentia
795 568 855 587 cum
873 568 965 587 sacro—

183 614 278 636 sancto
295 608 367 634 bono
387 611 414 634 et
430 606 536 633 viviﬁco
561 606 620 641 ejus
643 606 743 640 Spiritu
766 606 831 641 (75).
851 615 860 632 ι
882 606 965 639 Igitur

183 659 286 682 certum
310 659 454 688 ratumque
477 658 536 685 est,
561 653 637 687 juxta
662 652 690 680 S.
709 652 844 688 Hippolyti
863 653 965 680 doctri-

183 708 258 732 nam,
275 699 404 734 Spiritum
421 703 545 726 sanctum
562 707 624 726 esse
638 700 732 730 Deum,
749 699 828 726 sicuti
841 703 868 725 et
884 698 964 726 Pater

183 747 254 773 Dcus
265 751 317 777 est,
331 750 358 772 et
375 745 461 772 Filius
477 744 547 772 Deus
564 749 615 777 est,
630 744 738 780 illisque
752 752 815 772 vere
827 753 886 772 esse
899 753 964 772 con-

183 792 399 820 sulistautialem.

218 838 396 873 'Proprietatcs
413 837 560 872 personatos
586 835 701 871 Spiritus
720 837 814 863 sancti.
839 851 874 856 —-
896 835 963 862 Pro-

182 886 310 921 prietates
322 883 480 919 personales
494 882 612 917 Spiritus
625 881 712 909 sancti
728 881 808 908 modo
822 886 962 908 enumerat
978 879 998 906 Β

183 931 212 959 S.
228 930 390 965 Hippolytus
407 927 481 964 (74):
501 927 566 954 (HIC
581 931 622 954 est
636 926 754 961 Spiritus
767 926 813 962 qui
835 927 869 953 ab
886 927 962 953 initio

182 977 315 1012 ferebatur
326 982 402 1009 super
416 982 497 1009 aquas
508 974 529 1005 ‘,
545 981 592 1008 per
603 980 682 1007 quem
697 977 820 999 movetur
835 972 961 1004 mundus,

182 1029 279 1051 natura
303 1026 391 1049 creata
418 1020 558 1050 consistit.
577 1020 666 1047 omnia
689 1019 771 1045 vitam
798 1019 935 1053 accipiunt
954 1028 960 1045 :

182 1071 229 1105 qui
244 1070 270 1096 in
282 1068 420 1107 prophetis
434 1071 560 1102 operatus
576 1070 636 1098 est,
662 1066 690 1092 in
705 1064 842 1093 Christum
855 1066 964 1093 devola-

182 1117 230 1143 vit.
253 1115 303 1142 Hic
328 1118 369 1141 est
389 1113 506 1148 Spiritus
529 1111 619 1146 specie
644 1111 798 1146 linguarum
821 1112 961 1147 ignearum

182 1163 261 1189 datus
276 1159 406 1196 apostolis
419 1168 426 1192 ;
439 1158 472 1185 de
488 1158 538 1185 hoc
553 1157 662 1184 Gabriel
677 1157 710 1184 ad
728 1156 864 1192 Virginem
880 1166 885 1183 :
899 1156 963 1192 Spi-

183 1207 250 1233 ritus
272 1211 378 1232 sanctus
401 1204 560 1239 superveniet
587 1204 614 1230 in
636 1206 701 1237 te",
727 1209 779 1230 etc.
816 1203 867 1229 Per
891 1203 964 1231 hunc

184 1252 314 1287 Spiritum
331 1251 427 1278 Petrus
443 1251 548 1277 beatam
576 1249 649 1276 illam
671 1256 765 1276 vocem
784 1248 882 1276 elTatus
903 1253 959 1276 est:

185 1297 224 1325 Tu
240 1306 266 1325 es
281 1297 400 1324 Christus
417 1295 504 1322 Filius
524 1295 570 1322 Dei
582 1295 716 1327 virentis“;
730 1303 777 1330 per
794 1295 865 1321 hunc
878 1294 964 1329 Spiri-

183 1349 240 1371 tum
255 1344 358 1370 tirmata
375 1342 502 1370 Ecclesiae
518 1346 593 1376 petra
610 1346 660 1368 est.
679 1340 799 1368 Tandem
824 1348 872 1375 per
890 1340 964 1368 hunc

184 1389 325 1425 Spiritum,
344 1389 518 1423 eonjunctum
535 1395 597 1415 cum
615 1395 685 1422 aqua
700 1386 875 1422 (baptismi),
887 1394 964 1421 rege-

183 1440 293 1464 neratus
308 1435 390 1462 homo
405 1434 567 1466 viviﬁcatur,
580 1442 612 1461 ex
628 1434 759 1461 servitute
773 1433 798 1460 in
813 1433 964 1460 libertatem

183 1484 297 1517 transit,
318 1490 350 1510 ex
373 1481 513 1517 tyrannide
533 1481 567 1507 ad
582 1487 713 1515 regnum,
741 1487 774 1506 ex
790 1479 964 1513 corruptione

183 1531 217 1558 ad
246 1528 536 1561 incorruptibilitatem.
560 1536 569 1552 ι
602 1526 664 1554 Haec
689 1531 753 1554 sunt
782 1526 962 1559 notabiliora,

182 1584 244 1611 quae
259 1576 284 1602 in
300 1575 362 1601 divo
373 1574 514 1609 Hippolyto
525 1577 672 1600 occurrunt
685 1571 774 1608 quoad
789 1576 844 1599 tres
855 1572 962 1600 divinas

185 1621 330 1649 Personas.

444 1674 641 1703 ABTICULUS
659 1674 703 1701 Vl.

183 1731 217 1751 DF.
236 1730 366 1750 MVSTERIO
386 1730 606 1753 ιΝςΑκκΑτιοΝιε,
624 1729 658 1747 ΕΤ
677 1728 782 1748 DUABUS!
800 1728 963 1748 NATUBARUI

376 1765 561 1785 DISTINCTIONE
581 1765 607 1783 IN
626 1763 752 1783 CIIRISTO.

219 1803 297 1830 Solus
320 1802 408 1830 Filius
430 1803 594 1829 incarnatus.
613 1816 649 1820 —
668 1800 726 1827 Non
744 1801 834 1828 minus
847 1801 962 1829 dilucide

182 1850 293 1884 exponit
309 1854 419 1877 sanctus
435 1847 593 1875 Portuensis
614 1846 756 1881 episcopus
782 1851 873 1874 noster
896 1855 961 1874 san-

183 1896 333 1924 ctissimum
362 1893 558 1921 incarnationis
582 1892 761 1927 mysterium,
785 1892 906 1927 duasque
934 1892 961 1919 in

182 1942 297 1970 Domino
314 1945 408 1968 nostro
424 1939 490 1966 Jesu
502 1938 611 1965 Christo
626 1938 738 1964 omnino
756 1937 898 1965 distinctas
913 1946 962 1966 na-

181 1991 257 2014 turas
268 2006 275 2018 ,
291 1986 410 2013 divinam
428 1983 556 2011 nimirum
578 1986 605 2009 et
629 1983 791 2014 humanam,
807 1983 958 2017 proﬁtetur.

181 2032 270 2067 Atque
286 2031 375 2066 primo
390 2030 470 2057 docet
485 2028 513 2056 S.
530 2028 689 2063 Hippolytus
705 2035 755 2055 nec
769 2027 876 2056 Patrem
887 2050 895 2063 ,
911 2039 962 2058 nec

217 2099 227 2114 °
247 2098 315 2126 Gen.
335 2105 358 2129 ι,
374 2096 400 2124 ‘2.
439 2097 449 2110 ⁷
467 2094 533 2123 Luc.
548 2103 570 2128 ι,
587 2095 631 2122 35.

218 2178 274 2214 (72)
339 2175 474 2214 Hippolyt.
487 2174 556 2214 _Adi-r.
572 2174 662 2214 No_ct..
679 2183 737 2209 cap.
755 2175 797 2202 I2.

217 2209 274 2248 (75)
292 2209 381 2248 Idem,
395 2209 471 2248 Qrat.
484 2210 511 2236 in
525 2209 685 2248 “capitam,
703 2218 778 2245 num.
797 2211 840 2238 10.

216 2245 274 2283 (74)
293 2246 375 2283 Idem,
391 2245 468 2283 ibid_.,
487 2252 562 2283 num.
579 2245 605 2272 9.

217 2278 275 2314 ('75)
295 2281 367 2308 Idem
380 2300 388 2312 ,
409 2280 475 2307 Adv.
494 2278 584 2312 Noet.,
598 2287 672 2306 num.
687 2281 730 2308 15.

219 2314 275 2353 (76)
296 2325 305 2341 ‹
320 2315 368 2342 Dic
380 2315 467 2347 mihi,
480 2321 496 2341 ο
508 2314 586 2353 beata
604 2314 697 2353 Maria,
714 2315 847 2353 quiderat
859 2324 879 2353 ra
896 2321 920 2344 te
936 2317 962 2344 in

182 2349 435 2387 utero'eouceptum
447 2369 453 2380 ,
469 2353 496 2375 et
508 2349 602 2387 quid}
616 2354 643 2387 te
657 2350 684 2377 in
707 2349 818 2387 matrice
839 2352 964 2387 virginali

183 2383 491 2423 gestabatur?_Verbum
505 2388 562 2410 erat
576 2384 634 2423 Dei,
650 2386 848 2423 primogenitus
861 2407 871 2423 ,γ
882 2383 931 2421 qui
949 2396 964 2414 e

182 2419 260 2450 caelis
276 2421 303 2456 in
321 2424 347 2446 te
358 2419 551 2450 descenderat,
562 2424 600 2456 _et
623 2422 705 2447 homo
725 2419 919 2456 primogenitus
936 2422 962 2449 in

184 2463 262 2484 utero
292 2454 501 2490 formatusyut
529 2454 736 2490 primogenitum
766 2454 882 2483 Verbum
916 2457 963 2484 Dei

185 2489 367 2526 primogenita
387 2489 492 2526 homini
514 2489 626 2526 unitum
641 2491 838 2519 ostenderetur.
855 2501 864 2517 ι
891 2491 963 2518 Idem

185 2523 255 2560 apud
276 2523 438 2560 Theodoret.
458 2523 562 2560 Diatog.
577 2526 602 2555 t,
617 2529 644 2551 et
656 2529 721 2552 tom.
737 2526 745 2552 l
762 2525 841 2560 0pp..
858 2534 884 2560 p.
900 2527 963 2553 ⁴267.

222 2560 277 2596 (77)
296 2567 305 2584 ‹
320 2558 468 2596 Credamus
485 2559 576 2593 igitur,
593 2561 699 2596 ﬁ'atres.
711 2558 865 2596 secundum
879 2561 963 2588 tradi-

186 2594 287 2623 tionem
311 2594 514 2627 apostolorum,
534 2595 604 2627 quod
622 2595 692 2622 Deus
710 2595 826 2623 Verbum
850 2604 865 2622 a
888 2597 964 2623 coalis

186 2629 325 2656 descendit
347 2629 373 2655 in
398 2633 518 2656 sanctam
534 2628 671 2664 Virginem
689 2630 800 2657 Mariam
815 2651 822 2662 ,
841 2636 868 2657 ut
884 2639 914 2657 ex
933 2639 964 2658 ea

187 2665 463 2700 incarnatus.sumpta
475 2664 564 2700 anima
576 2665 704 2697 humana,
720 2667 833 2693 rationis
852 2666 964 2700 inquam

187 2699 326 2733 participe,
342 2698 428 2726 factus
455 2699 545 2726 omnia
566 2707 734 2735 quaecunque
750 2701 830 2728 homo
846 2698 897 2733 est,
918 2708 965 2727 ex-

188 2738 265 2768 cepto
278 2738 403 2770 peccato,
419 2735 536 2770 salvarct
549 2734 646 2768 Adam,
656 2734 701 2770 qui
716 2736 858 2768 ceciderat,
873 2741 899 2762 et
914 2736 965 2762 im-

189 2768 378 2805 mortalitatem
393 2769 545 2805 ltqminibus
561 2768 704 2804 largiretur
719 2771 752 2797 iis
763 2771 810 2805 qui
825 2771 966 2797 crederent

188 2804 216 2831 in
229 2803 336 2839 nomine
350 2811 409 2831 suo.
423 2803 451 2830 lu
462 2805 588 2833 omnibus
601 2803 682 2839 igitur
696 2803 911 2832 demonstratum
924 2811 966 2832 est

187 2838 266 2867 nobis
280 2837 395 2866 Verbqu
408 2839 537 2874 veritatis,
551 2837 623 2874 quod
640 2848 710 2868 unus
724 2845 767 2868 est
780 2840 870 2874 Pater,
886 2840 964 2875 cujus

979 2214 1001 2242 D

1018 241 1064 268 sed
1086 241 1200 269 Verbum
1215 243 1260 268 Dei
1275 242 1330 276 (75)
1347 251 1353 268 :
1373 242 1486 269 cMissns
1501 248 1603 273 autem,
1621 242 1728 277 inquit,
1749 251 1799 270 non

1017 293 1058 315 cst
1079 288 1166 320 alius,
1193 296 1274 322 quam
1291 288 1419 315 Verbum.
1440 298 1449 314 ι
1468 288 1592 316 Divinum
1612 289 1663 316 hoc
1683 288 1800 316 Verbum

1016 332 1156 360 descendit
1179 333 1205 359 iu
1222 337 1344 359 sanctam
1367 332 1504 367 Virginem
1520 333 1631 360 Mariam
1642 334 1712 369 ('76),
1727 338 1754 361 ct
1768 343 1800 361 ex

1016 386 1047 406 ea
1063 384 1105 406 est.
1123 379 1303 410 iucarnatum,
1320 384 1425 412 sumpta
1440 379 1530 406 anima
1542 380 1672 407 humana.
1692 389 1702 405 ί
1714 379 1800 408 factus

1016 422 1106 448 omnia
1128 430 1297 457 quaecunque
1308 423 1390 449 homo
1401 428 1452 455 est,
1465 429 1577 458 excepto
1590 429 1702 458 peccato
1714 425 1798 460 (77).»

1016 466 1074 495 Iloc
1095 467 1210 495 Verbum
1230 469 1274 495 Dei
1293 469 1456 503 appellatum
1473 474 1517 497 est
1533 470 1578 496 Dei
1597 470 1683 497 Filius
1698 471 1733 498 ab
1748 471 1801 497 ini-

1016 514 1063 546 tio,
1080 515 1141 548 quia
1157 515 1182 541 in
1202 519 1322 549 tempore
1340 516 1409 543 inter
1429 516 1554 543 homines
1571 517 1645 544 nasci
1662 517 1799 544 debebat:

1017 568 1027 584 ς
1043 559 1096 586 Nec
1113 560 1184 587 enim
1207 559 1326 587 Verbum
1353 569 1402 595 per
1428 569 1457 588 se
1480 565 1507 588 et
1528 562 1587 588 siue
1611 569 1694 588 carne
1715 562 1802 588 Filius

1015 605 1149 640 perfectus
1161 611 1228 646 erat,
1241 614 1302 633 cum
1319 611 1408 634 tamen
1417 612 1499 635 esset
1514 607 1662 642 perfectum
1676 607 1801 635 Verbum

1016 652 1176 687 Unigenitus
1191 652 1258 686 ('78).
1277 663 1286 678 ι
1310 652 1368 680 Hoc
1390 658 1445 686 est,
1471 661 1524 681 non
1541 659 1582 681 est
1598 655 1713 689 adeptus
1740 662 1802 689 per-

1014 698 1110 725 fectam
1126 699 1282 733 qualitatem
1299 699 1375 731 Filii,
1392 699 1444 727 nisi
1469 707 1516 734 per
1531 701 1660 727 unionem
1681 701 1801 727 duarum

1014 748 1183 775 naturarum,
1195 752 1242 778 per
1257 752 1338 779 quam
1351 749 1378 772 et
1394 743 1480 772 Filius
1495 745 1552 778 Dei,
1567 750 1594 773 et
1606 745 1693 772 Filius
1710 746 1803 773 homi-

1012 790 1056 816 nis
1073 789 1153 817 simul
1170 790 1282 818 elicctus
1299 795 1350 818 est.

1051 836 1116 863 Unio
1127 836 1240 863 duarum
1257 842 1412 863 naturarum
1428 836 1527 864 Christi
1544 837 1573 864 in
1592 846 1646 864 una
1663 837 1724 864 sola
1743 847 1804 873 per-

1012 892 1124 911 sonu.—-
1134 883 1257 912 Divinum
1268 883 1396 916 Verbum,
1406 883 1452 910 Dei
1460 884 1803 919 primogenitum,unitum

1014 937 1074 957 cum
1091 930 1208 964 Virginis
1222 931 1415 965 primogenito,
1432 936 1473 958 est
1489 938 1568 958 verus
1589 930 1660 959 Deus
1675 936 1703 958 et
1719 939 1805 958 verus

1013 977 1112 1008 homo,
1132 976 1268 1011 perfectus
1283 977 1353 1004 Deus
1373 981 1399 1003 et
1415 976 1550 1012 perfectus
1569 976 1662 1004 homo.
1681 986 1691 1002 ι
1715 976 1805 1004 Totus

1013 1022 1082 1049 Dens
1093 1022 1159 1056 ipse,
1173 1026 1245 1049 totus
1258 1021 1340 1048 homo
1353 1022 1423 1049 idem
1439 1022 1505 1056 ipse,
1523 1026 1595 1048 totus
1610 1021 1684 1049 Deus
1696 1023 1805 1055 pariter

1013 1073 1109 1095 natura
1119 1088 1126 1101 ,
1139 1071 1166 1095 et
1184 1068 1265 1095 homo
1278 1068 1346 1094 idem
1360 1068 1426 1102 ipse.
1446 1067 1548 1095 Deitate
1563 1067 1673 1102 quidem
1685 1088 1692 1100 ,
1709 1068 1804 1094 divina

1013 1122 1060 1148 per
1072 1122 1149 1141 suam
1164 1113 1248 1148 ipsius
1260 1114 1588 1145 sanctissimamcarnem,
1601 1121 1655 1140 non
1668 1113 1806 1141 exsisteb-

1012 1161 1049 1188 tia
1068 1165 1163 1188 natura
1189 1161 1290 1194 carnis,
1308 1167 1424 1195 operans
1436 1169 1444 1193 ;
1457 1160 1625 1188 humanitate
1643 1170 1729 1195 vero,
1753 1162 1807 1188 hu-

1014 1205 1333 1239 mana,nouexsistentia
1349 1209 1444 1232 natura
1457 1205 1574 1238 dcitatis,
1588 1206 1700 1234 deitatis
1712 1207 1807 1233 indul~

1014 1251 1102 1286 gentia
1118 1251 1232 1286 patiens.
1251 1250 1293 1278 Nil
1312 1251 1433 1278 divinum
1451 1252 1552 1278 nudum
1571 1259 1687 1286 corpore
1705 1259 1807 1286 opera-

1014 1302 1068 1330 tur,
1091 1298 1128 1324 nil
1151 1298 1300 1325 humanum
1327 1298 1396 1324 idem
1418 1298 1474 1332 ipse
1496 1297 1632 1332 privatum
1655 1298 1807 1325 divinitate

1014 1352 1129 1380 gerens;
1145 1352 1255 1372 servans
1272 1345 1378 1371 sibimet
1398 1345 1506 1370 modum
1525 1343 1674 1370 secundum
1689 1348 1807 1370 utrum-

1014 1397 1067 1426 que
1085 1390 1279 1417 immutabilem
1291 1411 1297 1422 ,
1315 1397 1362 1424 per
1378 1397 1457 1424 quem
1474 1395 1602 1423 operatus
1620 1394 1662 1416 est
1684 1394 1808 1424 utraque

1015 1435 1118 1463 decenti
1156 1443 1249 1467 more,
1275 1435 1309 1462 ad
1343 1435 1562 1469 approbationem
1603 1434 1734 1469 perfectae
1774 1443 1809 1462 ac

1015 1489 1085 1508 vera:
1107 1481 1229 1516 nihilque
1250 1480 1374 1508 habentis
1401 1479 1540 1514 pravitatis
1563 1480 1809 1507 inhumanatiouis

1014 1535 1070 1554 θυῖε
1081 1527 1148 1562 (79).
1165 1536 1174 1552 ι

1049 1572 1126 1605 Quod
1138 1572 1247 1606 quidem
1266 1571 1367 1599 factum
1382 1575 1423 1599 est
1445 1573 1547 1607 absque
1570 1572 1623 1599 ulla
1647 1573 1810 1600 mutatione

1015 1617 1095 1651 hujus
1112 1617 1151 1644 vel
1164 1617 1235 1644 illius
1250 1622 1370 1644 naturae:
1388 1627 1397 1643 σ
1414 1616 1519 1644 Habeas
1532 1618 1652 1648 cmleste,
1665 1618 1741 1652 quod
1759 1626 1810 1652 pa-

1013 1667 1118 1691 ternum
1144 1669 1219 1695 erat,
1243 1669 1369 1698 tanquam
1396 1662 1535 1696 Verbum;
1559 1669 1700 1690 terrenum
1725 1671 1807 1695 vero,

1012 1715 1141 1745 tauquam
1155 1717 1185 1736 ex
1199 1715 1288 1738 vetere
1299 1709 1396 1740 Adam,
1407 1717 1454 1743 per
1470 1708 1606 1743 Virginem
1625 1709 1808 1736 incarnatus.

1014 1754 1092 1782 Sic...
1113 1754 1184 1782 Deus
1201 1759 1360 1788 corporatus
1382 1755 1505 1788 apparuit
1525 1753 1591 1788 (80).
1615 1753 1746 1781 Salvator
1773 1762 1809 1782 ex

1012 1808 1043 1828 ea
1056 1800 1161 1835 (Maria)
1178 1804 1257 1826 natus
1271 1804 1313 1827 est
1332 1799 1390 1826 sine
1404 1799 1563 1828 confusione
1580 1799 1650 1826 Deus
1663 1804 1691 1826 et
1706 1800 1809 1831 homo,

1013 1846 1170 1881 ἁσυγχὺτως
1192 1847 1257 1878 Θεὸς
1281 1846 1327 1872 καὶ
1354 1845 1503 1882 ἄνθρωπος.
1540 1856 1549 1872 ι
1580 1845 1627 1872 liae
1652 1851 1811 1880 postrema:

1012 1891 1139 1926 loquendi
1160 1891 1282 1919 formulae
1302 1895 1434 1926 excerpta:
1454 1895 1518 1918 sunt
1542 1898 1575 1917 ex
1599 1891 1723 1925 quodam
1749 1890 1811 1918 fra-

1013 1942 1122 1972 gmento
1137 1937 1345 1968 Commentarii,
1362 1937 1433 1971 quod
1455 1937 1576 1963 exaravit
1591 1936 1620 1963 S.
1635 1936 1811 1972 Hippolytus

1013 1983 1040 2010 in
1063 1982 1227 2015 Proverbia;
1253 1983 1289 2009 ibi
1313 1983 1385 2010 enim
1405 1983 1544 2017 explicans
1568 1983 1626 2010 hare
1648 1984 1754 2018 capitis
1783 1992 1810 2011 Ix

1013 2027 1114 2055 verba:
1133 2027 1266 2061 Sapientia
1295 2027 1435 2061 aediﬁcavit
1461 2027 1566 2054 domum
1658 2048 1665 2060 ,
1695 2029 1811 2056 miscuit

671 2095 682 2110 '
700 2094 793 2122 Matth.
812 2104 856 2123 va
867 2116 875 2129 ,
907 2098 958 2132 16;
975 2098 1058 2126 Marc.
1073 2105 1133 2129 vin,
1147 2097 1196 2130 29;
1213 2097 1277 2124 Luc.
1293 2105 1330 2129 lx,
1345 2097 1397 2130 20;
1415 2097 1493 2125 Joau.
1509 2105 1546 2129 vr,
1560 2097 1603 2124 70.

1017 2180 1092 2206 adest
1106 2179 1235 2210 Verbum,
1257 2186 1304 2213 per
1321 2178 1393 2212 quod
1409 2178 1499 2204 omnia
1511 2177 1598 2214 fecit;
1615 2179 1690 2212 quod
1710 2185 1814 2214 poste-

1017 2215 1133 2242 rioribus
1149 2214 1324 2247 temporibus,
1343 2214 1414 2240 sicut
1427 2213 1552 2247 superius
1567 2213 1718 2244 diximus.’
1729 2216 1817 2242 misit

1015 2250 1094 2277 Pater
1126 2249 1159 2276 ad
1188 2249 1301 2275 salutem
1326 2248 1476 2275 hominum.
1503 2247 1560 2274 Hoc
1589 2256 1638 2282 per
1664 2249 1759 2284 legem
1786 2256 1817 2277 ct

1014 2285 1159 2320 prophetas
1176 2284 1350 2320 praedicatum
1370 2289 1411 2309 cst
1426 2287 1570 2320 venturum
1588 2291 1651 2310 esse
1672 2284 1700 2311 in
1723 2293 1816 2311 mun-

1014 2318 1089 2346 dum.
1101 2319 1177 2346 Sicut
1186 2326 1249 2352 ergo
1255 2318 1428 2353 praedicatum
1439 2318 1539 2353 estasic
1547 2325 1667 2352 praesens
1679 2320 1816 2353 seipsum

1014 2354 1188 2381 manifestum
1205 2353 1265 2379 fecit
1277 2361 1308 2379 ex
1323 2352 1430 2386 Virgine
1441 2357 1467 2379 et
1483 2352 1585 2386 Spiritu
1601 2359 1701 2380 sancto
1715 2352 1815 2381 novus

1014 2390 1097 2416 homo
1113 2389 1200 2415 factus
1214 2397 1220 2414 :
1235 2388 1336 2415 habens
1351 2387 1469 2417 cmlestc.
1482 2388 1555 2421 quod
1568 2393 1716 2422 paternum
1733 2395 1815 2422 erat,

1016 2429 1143 2458 tanquam
1160 2422 1293 2458 Verbum;
1312 2427 1448 2458 terrenum
1463 2430 1544 2454 vero,
1560 2427 1693 2457 tanquam
1710 2431 1747 2451 ex
1761 2433 1818 2451 ve-

1015 2457 1184 2490 tereAdam,
1203 2465 1251 2492 per
1266 2457 1401 2492 Virginem
1416 2457 1584 2484 incarnatus.
1610 2459 1657 2485 Sic
1676 2459 1705 2485 in
1722 2467 1817 2486 mun-

1015 2494 1079 2521 dum
1103 2500 1239 2527 egressus,
1265 2493 1334 2519 Deus
1357 2497 1527 2528 corporatus,
1544 2492 1610 2524 Θεὸς
1627 2494 1657 2519 ὲν
1675 2493 1795 2528 σώματι
1808 2516 1817 2527 ,

1015 2529 1155 2562 apparuit,
1179 2535 1305 2563 egressus
1321 2527 1455 2563 perfectus
1480 2527 1579 2560 homo,
1594 2527 1746 2563 ἄνθρωπὸς
1765 2531 1818 2556 τέ-

1015 2564 1093 2594 λειος.
1112 2562 1169 2589 Non
1184 2562 1255 2589 enim
1270 2570 1317 2596 per
1330 2562 1464 2588 ﬁctionem
1487 2567 1534 2589 aut
1545 2562 1741 2596 mutationem,
1761 2566 1817 2591 sed

1015 2606 1078 2634 vere
1098 2598 1195 2634 factus
1211 2597 1312 2634 homo:
1329 2598 1365 2623 Οὐ
1381 2596 1521 2634 γᾴρ-κατὰ
1539 2598 1693 2634 φαντᾳσὶᾳγ
1711 2599 1728 2634 ἢ
1745 2607 1820 2634 τρο-

1016 2633 1086 2670 πὴν,
1109 2631 1215 2670 ἀληθῶς
1236 2633 1378 2670 var/opera);
1401 2631 1577 2667 ἄνθρωπος.»
1606 2633 1637 2660 S.
1663 2631 1818 2670 Hippol'yt.

1016 2667 1107 2696 Cdntr.
1124 2667 1213 2699 Noet.,
1228 2675 1303 2693 num.
1321 2667 1365 2694 17.

1050 2703 1104 2741 (zu)
1125 2703 1215 2741 ςρηιτ.
1231 2701 1321 2741 ζξζοειεἴ
1339 2703 1473 2741 ιιψιιᾚξ.

1051 2736 1107 2773 (79)
1126 2737 1215 2768 ldern,
1232 2736 1336 2773 lib._l)e
1353 2737 1482 2772 theologia
1498 2742 1522 2764 et
1540 2739 1729 2767 incarnatione
1743 2747 1822 2767 cou-

1017 2771 1060 2800 tra
1072 2773 1196 2799 Beroncm
1208 2776 1232 2798 et
1242 2771 1366 2801 llelicem,
1378 2771 1454 2799 num.
1470 2773 1495 2799 7.

1052 2807 1107 2843 (80)
1128 2806 1309 2837 Idem,(Iontra
1338 2806 1428 2839 Noet.,
1441 2815 1516 2835 num.
1529 2808 1573 2835 I7.
