1857 3051
36 162 83 189 565

508 159 551 187 DE
568 159 651 187 VITA
671 158 715 186 ET
735 157 888 185 SCRIPTIS
910 157 938 184 S.
958 155 1152 184 IIIPI‘OLVTI.

1588 155 1623 183 εξ

39 223 184 254 τίπιιηι⁹-²⁰,
200 232 210 249 ›
239 223 334 250 eadem
357 222 545 256 interpretatur
569 221 602 249 de
626 220 731 247 duabus
748 218 811 245 Jesu
827 220 850 246 A
863 218 1036 252 operabatur,
1055 217 1122 243 nihil
1137 217 1284 242 humanum
1302 215 1444 242 divinitate
1458 215 1577 249 gerebat.
1598 219 1649 242 Ve-

38 268 127 296 Christi
140 269 261 301 naturis,
279 277 326 303 per
340 269 429 296 vinunt
449 267 601 302 intelligens
621 270 744 293 naturam
767 264 809 291 di-

39 315 134 347 vinam;
157 323 206 349 per
228 323 327 350 aquam
347 323 411 342 vero
435 320 559 342 naturain
583 314 727 340 humanam
744 311 809 346 (8|).

40 360 134 386 Miscuit
165 360 192 385 in
213 361 307 395 poculo
321 370 368 388 suo
379 361 466 388 uinum
480 360 579 395 (inquit
595 358 691 392 ille),in
709 357 811 392 Virgine

40 406 188 432 dit-irritatem
205 414 281 432 suam
293 407 382 434 uniens
398 415 455 433 cum
472 413 548 432 carne
558 425 565 434 .
581 409 707 438 tanquer
720 398 812 430 irinum

40 461 126 478 merum
147 461 178 478 ac
194 453 394 487 purissimum;
422 451 494 480 sive.
510 455 538 477 ut
565 449 629 476 alibi
656 449 737 475 etiam
765 448 812 474 Ita-

40 499 76 525 bet
89 498 140 533 (82)
157 508 163 525 :
185 499 302 526 Mortale
335 505 426 533 corpus
439 502 557 524 nostrum
578 504 632 522 sua:
645 494 812 521 admiscendo

39 544 127 571 virtuti.

70 588 239 622 Propnetates
256 593 281 615 et
294 589 455 623 operatione;
467 588 597 614 distincta:
607 588 720 614 duarum
736 592 813 612 mttu-

40 641 116 658 rarum
130 633 156 658 in
168 632 231 659 Jesu
251 633 549 660 Chium—Caeterum
565 632 654 658 inanis
668 631 813 665 scrupulus

41 683 100 706 esset
113 679 226 714 opinari,
242 679 439 714 Eutyehianam
465 679 587 705 hatresim
609 679 744 713 designari
765 679 814 705 hac

41 734 96 752 vocc
110 725 202 760 μίξας,
216 726 386 755 admiscens;
400 730 494 760 praeter
509 725 580 752 enim
604 724 729 758 superius
745 725 814 750 reci-

43 776 86 798 tata
100 771 266 806 apertissima
291 771 461 803 testimonia,
480 771 621 796 innumera
637 769 738 803 pariter
762 769 814 796 hoc

43 816 91 843 loco
102 816 192 844 afferre
209 825 375 852 possumus,
392 823 452 851 quze
469 816 503 842 ab
514 815 588 842 omni
604 814 705 841 erroris
725 815 813 849 suspi—

43 862 108 889 cione
121 869 199 896 super
219 863 272 890 hoc
289 862 405 889 articulo
419 862 494 888 illum
514 861 629 889 reddunt
653 860 810 888 itnmunem.

44 909 131 935 Etenim
145 909 171 936 in
185 913 303 936 tractatu
319 908 418 936 Contra
437 907 549 934 Noetum
562 930 568 941 ,
583 907 734 942 peculiares
750 915 812 942 pro-

44 955 152 989 prietates
166 955 394 990 operatiouesqtte
411 954 505 981 tribuit
519 954 625 981 duabus
640 953 742 981 Christi
765 961 812 980 na-

46 999 100 1025 turis
121 1005 146 1026 et
167 999 278 1034 quidem
305 999 347 1026 his
365 999 454 1026 verbis
467 999 545 1034 (83):
565 1007 573 1024 I
593 998 637 1025 Sic
658 999 738 1033 igitur
762 999 812 1025 hu-

45 1051 110 1071 mana
129 1052 175 1071 sua
201 1053 256 1072 non
281 1050 389 1072 recusat
402 1065 409 1075 .
424 1044 470 1080 qui
494 1045 732 1072 demonstrabatur
752 1052 813 1072 esse

47 1088 116 1120 Deus,
130 1098 222 1116 eum...
238 1098 324 1125 super
336 1090 474 1124 pulvinum
491 1089 592 1116 dOrmit
604 1109 611 1120 ,
629 1089 675 1123 qui
687 1093 812 1115 naturam

47 1133 110 1161 habet
120 1135 268 1162 insomnem
281 1155 289 1167 ,
307 1140 337 1162 ut
357 1134 473 1161 Deus....
489 1142 550 1160 cum
568 1134 601 1160 ab
616 1132 719 1160 Herode
738 1141 814 1168 sper-

47 1180 114 1212 nitur,
127 1181 169 1215 qui
181 1185 266 1207 totam
282 1185 382 1207 terram
395 1180 567 1214 iudicaturus
581 1184 655 1206 est...
671 1183 698 1206 et
714 1187 729 1206 a
745 1179 814 1206 mili-

47 1225 230 1254 tibusilluditur
244 1227 280 1259 is,
290 1226 334 1253 cui
348 1231 437 1253 astant
451 1226 534 1254 millia
547 1225 672 1257 millium,
686 1229 713 1252 et
723 1225 814 1252 decies

48 1277 139 1299 centena
154 1273 235 1300 millia
256 1273 426 1307 angelorum.
445 1282 454 1297 ι
472 1271 500 1298 In
517 1275 632 1298 tractatu
651 1270 749 1297 Contra
761 1270 813 1297 Be-

49 1325 119 1344 ronem
132 1326 257 1353 expresse
274 1319 372 1349 docet,
386 1317 581 1345 incarnationis
596 1317 754 1352 mysterium
767 1317 814 1343 de-

50 1369 180 1391 monstrare
195 1365 265 1391 duas
286 1363 453 1391 substantias
476 1362 627 1398 perfectas,
648 1362 767 1389 divinam
789 1365 816 1388 et

50 1409 174 1436 humanam
186 1410 241 1445 (84)
257 1419 264 1436 :
283 1419 292 1435 ε
310 1409 465 1445 Mysterium
483 1417 600 1443 namque
614 1409 711 1436 divina:
726 1409 815 1435 incar-

51 1456 178 1483 nationis...
192 1456 322 1491 petfecta:
341 1456 448 1482 deitatis
471 1460 497 1482 et
517 1455 602 1490 plena:
625 1455 816 1482 demonstrati-

51 1509 99 1528 tutn
119 1502 311 1535 humanitatis;
348 1512 356 1527 ι
379 1506 405 1529 et
430 1506 573 1536 utramque
599 1506 725 1528 naturam
752 1508 816 1529 suas

51 1549 205 1582 proprietates
231 1554 259 1575 et
282 1549 455 1582 operationes
478 1547 615 1574 naturales
639 1547 741 1581 absque
762 1547 815 1573 ulla
830 1558 850 1586 ρ
867 1557 948 1592 casu,

52 1595 178 1621 mulatione
199 1602 327 1621 servasse
344 1603 350 1621 :
370 1603 379 1619 ι
398 1595 549 1621 secundum
569 1597 714 1628 utrumque
734 1600 814 1619 suum

53 1647 138 1674 a-mper
150 1648 313 1675 permanens
329 1640 387 1667 sine
403 1647 467 1667 casu
479 1659 486 1670 .
499 1639 599 1674 quibus
613 1639 704 1666 divine
717 1638 816 1673 pariter

53 1693 72 1712 et
86 1686 188 1714 humane
201 1690 332 1722 operatus
348 1690 389 1713 est
403 1695 410 1712 :
429 1686 619 1720 perfectionem
643 1692 690 1719 per
706 1692 814 1712 omnem

54 1732 172 1767 utriusque
183 1734 318 1760 rationem
332 1732 383 1759 sibi
395 1731 554 1758 naturaliter
568 1731 815 1758 ineommutabiletn

55 1784 164 1811 servans;
188 1789 197 1805 ι
218 1784 303 1813 atque
323 1778 383 1805 ideo
404 1777 526 1804 divinum
550 1776 665 1804 Verbum
685 1776 816 1803 miracula

56 1825 170 1858 patrabat,
185 1834 249 1854 caro
261 1833 327 1852 vero
345 1824 496 1859 patiebatur
509 1823 586 1858 (85):
605 1833 614 1849 ‹
633 1822 735 1850 Deitate
754 1823 816 1857 qui-

57 1870 102 1896 dem
115 1871 229 1899 divina...
247 1879 366 1906 operans
380 1880 386 1904 ;
403 1870 572 1897 humanitate
585 1877 648 1896 vero
663 1869 790 1896 humana.
805 1879 813 1894 ι

84 1915 105 1942 In
119 1917 278 1945 humanitate
298 1926 347 1945 sua
367 1917 491 1944 Salvator
504 1921 595 1943 noster
609 1915 722 1942 esurivit
735 1919 762 1942 et
779 1916 816 1942 si-

58 1962 119 1994 tivit;
133 1968 157 1990 et
174 1964 199 1992 in
217 1964 362 1992 divinitate
381 1971 430 1990 sua
449 1970 502 1990 uno
524 1963 673 1996 eodemque
697 1966 817 1995 tempore

60 2009 196 2037 adorabatur
218 2011 253 2038 ab
277 2010 381 2045 angelis
397 2009 473 2045 (86):
500 2018 509 2034 ε
528 2008 681 2035 Humanam
707 2007 821 2042 quidem-

60 2055 126 2089 ipsius
137 2063 254 2085 naturam
271 2057 352 2084 facile
372 2062 412 2083 est
435 2063 599 2091 agnoscere,
614 2055 723 2088 quando
733 2053 818 2080 esurit

60 2106 79 2126 et
95 2102 170 2129 sitit...
188 2102 281 2129 Divina
307 2109 371 2128 vero
395 2101 483 2135 ipsius
503 2104 600 2126 natura
624 2107 677 2125 non
700 2099 818 2126 obscure

60 2147 164 2179 cernitur,
177 2148 284 2183 quando
299 2147 333 2174 ab
355 2146 456 2181 angelis
472 2145 609 2172 adorator.
625 2154 634 2170 ι
650 2144 710 2171 Uno
725 2143 816 2175 verbo,

62 2193 204 2225 operationes
218 2195 276 2221 ista:
290 2193 356 2221 adeo
373 2193 507 2220 distincta:
519 2196 599 2224 sunt,
613 2191 691 2226 juxta
707 2190 735 2217 S.
752 2190 818 2225 Ilip—

864 272 922 290 ruttt
943 264 1003 291 licet
1022 268 1146 290 mortuus
1167 267 1208 289 est
1231 267 1359 297 tanquam
1382 262 1480 294 homo,
1500 266 1589 289 tamen
1607 268 1651 289 so-

863 310 980 336 cundum
1004 309 1154 336 divinitatis
1179 313 1304 334 natttram
1329 308 1428 334 mansit
1454 308 1532 334 vivus
1551 308 1617 342 (88).
1637 317 1649 334 ι

864 354 952 381 Ilahes
975 355 1057 389 igitur
1080 354 1148 380 duas
1162 353 1261 380 Christi
1291 359 1401 380 natura:
1419 353 1568 379 formaliter
1595 354 1653 381 dis-

863 401 983 432 tinctas,
1009 400 1220 433 earumdcmque
1247 399 1388 425 distinctas
1418 399 1589 432 operationes
1623 401 1651 426 in

863 447 925 473 divo
949 446 1092 481 Hippolyto
1107 450 1226 472 asset-tas
1241 444 1386 478 Conspicis.
1405 444 1651 472 Demonstmndum

864 497 1004 527 superest,
1020 496 1154 519 vetustum
1180 490 1253 517 hunc
1279 489 1405 517 Ecclesiae
1425 490 1549 522 Patrem,
1568 499 1653 518 unam

864 538 1007 572 agnovisse
1032 538 1057 564 in
1075 537 1184 564 Christo
1207 543 1348 569 personam
1362 556 1370 567 ,
1389 544 1526 571 unumque
1552 538 1653 572 princi-

864 585 936 618 piutn
959 584 1148 618 operationum
1173 584 1314 616 omniutn,
1336 591 1397 618 qua:
1423 584 1531 618 utrique
1549 589 1653 611 natura:

864 631 1038 657 conveniunt.

901 677 926 703 Id
943 684 1006 704 ινα-ο
1022 676 1224 703 evidentissima
1240 676 1375 703 constabit
1395 677 1542 712 unicuique
1560 677 1599 703 vel
1615 677 1655 704 Ie-

863 725 932 751 viter
949 724 1095 751 attendenti
1113 730 1183 757 quos
1207 723 1333 757 superius
1347 723 1487 750 attulimus
1499 727 1606 753 textus,
1625 726 1654 750 ut

864 771 1067 798 distinctionem
1084 770 1200 796 duarunt
1224 775 1384 796 naturarum
1407 774 1538 796 assertum
1559 777 1574 796 a
1591 769 1654 795 divo

864 817 1008 852 Hippolyto
1025 817 1229 849 evinceremus;
1250 824 1283 843 ex
1304 816 1357 843 illis
1372 816 1443 842 enim
1463 817 1547 850 probe
1565 815 1654 842 mani-

865 863 962 891 festum
978 864 1049 894 erit,
1062 863 1134 897 quod
1157 863 1219 890 licet
1242 863 1357 889 duarum
1379 867 1538 888 naturarum
1556 861 1656 888 distin-

864 909 916 936 ctio
935 908 1078 942 perspicue
1099 913 1248 939 asseratur,
1269 906 1449 933 nihilominus
1473 913 1526 933 una
1548 910 1663 937 tantum,

864 955 891 981 in
903 954 1011 981 Christo
1027 961 1142 988 persona
1157 953 1298 980 astruitur.

901 999 995 1027 Unitas
1015 1007 1131 1034 persona:
1147 1000 1174 1026 in
1187 998 1251 1025 Iesu
1264 997 1379 1025 Christo.
1390 1012 1425 1017 -υ
1440 997 1499 1032 Ipse
1513 997 1614 1032 quippe
1628 1001 1656 1026 et

863 1046 1001 1082 perit-ctus
1025 1045 1094 1072 Deus
1114 1050 1170 1077 est,
1185 1049 1212 1072 et
1232 1044 1368 1079 perfectus
1383 1043 1483 1076 homo;
1498 1043 1556 1078 ipse
1575 1048 1656 1078 prout

865 1092 911 1118 Dei
925 1091 1054 1122 Verbum,
1070 1091 1189 1118 divinatn
1203 1090 1320 1117 habebat
1336 1095 1460 1117 naturam
1470 1109 1478 1122 ,
1493 1094 1574 1125 prout
1590 1098 1655 1118 vero

864 1137 929 1164 Adae
948 1137 1036 1169 filius,
1052 1137 1168 1164 habebat
1187 1141 1314 1163 naturam
1333 1136 1480 1163 humanam
1496 1145 1502 1163 :
1524 1135 1597 1163 Deus
1616 1137 1657 1162 in-

865 1189 994 1212 carnalus
1013 1188 1071 1216 est,
1093 1193 1102 1209 ε
1129 1183 1200 1210 Dens
1221 1184 1429 1217 incorporatus;
1455 1191 1465 1209 ι
1487 1189 1513 1210 et
1535 1183 1579 1211 ille
1597 1185 1656 1218 ipse

865 1233 922 1260 est,
939 1229 986 1263 qui
1003 1233 1083 1256 natus
1100 1233 1176 1255 est...
1194 1227 1266 1255 Deus
1285 1231 1312 1254 et
1332 1228 1431 1255 homo:
1449 1227 1519 1254 idem
1535 1233 1591 1261 est,
1608 1229 1657 1263 qui

868 1284 878 1301 ι
894 1276 928 1302 ab
949 1275 1055 1302 Herode
1079 1275 1228 1309 spernitur,
1242 1278 1268 1300 et
1291 1274 1326 1301 ab
1346 1274 1448 1309 angelis
1469 1275 1618 1307 adoratur;
1642 1284 1653 1300 ι

865 1321 912 1355 qui
927 1329 936 1346 ι
950 1320 1041 1348 divina
1061 1327 1188 1354 operatur
1203 1324 1231 1346 et
1250 1319 1387 1352 humana,
1405 1330 1414 1345 ι
1433 1320 1479 1354 qui
1499 1330 1508 1346 ι
1529 1321 1655 1353 moritur,

865 1371 892 1393 et
910 1371 1001 1394 manet
1014 1367 1103 1393 vivus.
1124 1376 1132 1391 ι
1155 1365 1297 1398 Quomodo
1311 1366 1452 1393 conciliari
1472 1367 1529 1393 hinc
1540 1371 1657 1401 possunt

841 1420 928 1440 xcum
943 1412 1118 1439 distinctione
1133 1411 1315 1438 naturarum?
1335 1410 1406 1438 Audi
1420 1412 1546 1438 eumdem
1561 1411 1656 1438 divum

866 1457 1040 1492 Hippolytum
1063 1457 1180 1492 perbelle
1199 1457 1249 1484 hoc
1267 1457 1446 1491 explicantem
1467 1457 1544 1492 (89):
1570 1467 1579 1483 ι
1605 1457 1656 1484 Se-

867 1503 986 1531 cundum
1009 1508 1158 1537 utrumque
1182 1511 1261 1530 suum
1285 1511 1392 1537 semper
1413 1510 1576 1537 permanens
1598 1505 1657 1531 sine

976 1549 1077 1583 quibus
1101 1549 1192 1576 divine
1216 1549 1315 1583 parit-2r
1335 1553 1362 1576 et
1384 1549 1504 1576 humane
1528 1553 1657 1584 operatus

865 1599 939 1623 est...
962 1605 972 1621 ι
993 1594 1026 1621 Ει
1040 1595 1122 1622 alibi:
1145 1604 1153 1620 ι
1171 1595 1287 1621 Sibitnet
1299 1594 1409 1621 modum
1427 1602 1539 1622 servans
1559 1603 1658 1622 secun-

866 1642 929 1669 dum
952 1646 1099 1676 utrumque
1124 1640 1335 1673 immutabilem,
1361 1648 1409 1675 per
1428 1649 1508 1675 quem
1530 1647 1658 1676 operatus

866 1691 908 1714 est
928 1691 1045 1722 utraque
1067 1687 1173 1714 decenti
1196 1695 1272 1714 more
1284 1686 1351 1721 (90).
1368 1696 1376 1712 ι
1397 1685 1438 1713 Ex
1463 1687 1591 1714 omnibus
1614 1687 1658 1715 his

866 1742 927 1768 qua:
950 1734 1030 1761 modo
1055 1733 1196 1760 attulimus
1217 1733 1306 1767 quoad
1330 1732 1561 1765 incarnationem,
1589 1733 1658 1760 infe-

867 1781 980 1808 rendum
992 1783 1049 1811 est,
1062 1779 1154 1806 divutn
1172 1778 1344 1814 Hippolytum
1361 1779 1387 1805 in
1405 1779 1463 1806 suis
1480 1778 1588 1813 scriptis
1600 1787 1659 1806 ma.

867 1825 965 1853 nifeste
982 1825 1112 1852 damnare
1135 1829 1189 1851 tres
1212 1823 1356 1858 primarias
1375 1823 1491 1850 haereses
1515 1827 1575 1857 post
1599 1824 1658 1858 ejus

867 1876 982 1899 mortem
1006 1876 1136 1898 exortas:
1162 1869 1396 1905 Eutychianorum
1417 1869 1534 1902 scilicet,
1560 1869 1657 1896 Mono-

867 1917 1024 1943 thelitarum
1061 1920 1088 1942 et
1115 1914 1339 1942 Nestorianorum
1363 1915 1503 1949 :primam
1531 1915 1657 1949 quidem,

867 1963 931 1989 dum
951 1962 1049 1989 astruit
1063 1962 1089 1988 in
1103 1961 1212 1988 Christo
1229 1961 1298 1988 duas
1314 1965 1426 1988 naturas
1441 1961 1601 1993 distinctas;
1619 1968 1660 1987 se-

868 2008 984 2034 cundam
1009 2015 1073 2034 vero
1084 2027 1090 2039 ,
1104 2006 1168 2033 dum
1183 2006 1251 2034 duas
1265 2006 1383 2035 admittit
1395 2006 1547 2033 voluntates
1565 2007 1593 2035 in
1609 2013 1657 2033 θο-

868 2052 928 2078 dem
940 2051 1060 2084 Christo,
1073 2051 1196 2086 duasque
1209 2051 1392 2085 operationes,
1408 2059 1468 2085 qua:
1479 2050 1594 2077 duarum
1610 2059 1659 2078 na~

869 2101 991 2124 tut-arum
1012 2103 1075 2124 sunt
1091 2097 1227 2131 proprite;
1246 2097 1352 2124 tertiam
1374 2097 1499 2131 tandem,
1515 2097 1578 2124 dum
1597 2097 1659 2124 uni-

870 2147 951 2169 tatem
964 2149 1086 2177 personae
1101 2142 1127 2169 in
1139 2141 1249 2169 Christo
1262 2147 1334 2169 :uetu
1340 2150 1361 2168 r.
1536 2146 1543 2150 ‘

904 2187 1004 2222 Scopas
1026 2188 1228 2215 incarnationis.
1255 2187 1470 2214 Circumstantiw
1492 2188 1657 2214 incarnatio-

63 2235 157 2272 polytum
167 2239 230 2274 (87),
239 2239 314 2274 quod
326 2238 456 2270 Verbum,
469 2247 477 2264 ι
493 2238 560 2265 nihil
570 2237 690 2264 divinum
705 2244 818 2271 corpore
834 2236 856 2263 D
870 2235 920 2263 nis.
935 2249 971 2254 —
985 2233 1060 2262 Finis
1071 2242 1103 2262 ac
1119 2242 1218 2270 scopus
1239 2234 1434 2262 incarnationis
1446 2233 1498 2262 fuit
1516 2234 1657 2262 hominum

87 2301 125 2321 ’-“'
141 2302 214 2331 Prov.
229 2312 265 2339 ιι,
276 2309 304 2332 2.

91 2381 229 2420 (8i)_ldem,
241 2385 267 2412 in
281 2385 347 2412 illud
374 2385 499 2412 Proverb.
526 2393 568 2418 tx,
595 2389 661 2411 tom.
694 2385 704 2411 Ι
731 2384 814 2420 Oppi,

230 2424 301 2456 apud
323 2421 458 2452 Gal!and.,
481 2425 546 2448 tom.
566 2420 588 2446 II
609 2420 734 2447 Biblioth.
757 2418 815 2448 PP.

91 2459 142 2480 tum.
156 2459 213 2481 488.

94 2488 136 2523 182)
155 2499 163 2515 ε
179 2491 253 2523 Quod
273 2491 346 2518 enim
364 2490 411 2518 Dei
426 2490 544 2518 Verbum
563 2498 626 2518 cum
642 2495 714 2518 esset
727 2491 818 2519 carnis

68 2527 152 2556 expers,
170 2532 285 2553 sanctam
301 2534 410 2553 carnem
427 2533 458 2553 ex
474 2532 566 2553 sancta
582 2525 690 2560 Virgine
713 2527 798 2553 induit
809 2548 816 2558 ,

69 2559 169 2591 tanquam
184 2568 296 2593 Sponsus
315 2561 367 2588 sibi
386 2563 471 2595 ipsam
493 2562 520 2588 in
537 2562 624 2588 crucis
636 2559 759 2594 patibulo
773 2569 818 2587 ve-

70 2595 119 2631 stem
131 2600 281 2629 contexens;
301 2604 356 2631 quo
379 2597 507 2623 nimirum
526 2596 639 2622 mortale
655 2603 754 2630 corpus
771 2604 819 2622 no-

71 2630 200 2668 ξιωῐιξξμδε
212 2630 358 2668 adunatido
375 2632 478 2668 virtuti,
494 2635 521 2668 et
534 2631 713 2668 corruptibile
731 2631 819 2668 i_neor-_

73 2663 186 2700 '“lttibili,
211 2666 346 2693 infirmum
371 2666 435 2694 forti
466 2667 586 2693 miscens
603 2663 625 2699 ,ί
643 2666 743 2692 homini
773 2666 819 2700 qui

73 2700 170 2759 (mittit,
189 2701 297 2728 salutem
313 2705 461 2737 praestaret.
478 2711 487 2728 ι
512 2701 601 2734 Idem,
621 2700 660 2728 De
679 2701 798 2727 Amic/tr.
811 2721 818 2732 ,

79 2738 129 2756 tum.
139 2738 162 2760 4,

100 2767 142 2805 (βξ)
159 2768 341 2805 Idem,Contra
355 2771 444 2805 NonL,
457 2779 531 2798 num.
546 2771 590 2798 I8.

100 2802 241 2841 «sontem,
258 2807 324 2833 Adv.
344 2802 442 2833 Bero";
457 2811 482 2833 et
502 2806 604 2839 Helia,
619 2807 691 2834 ’tom.
711 2806 720 2832 I
740 2806 819 2841 0pp.,

133 2837 176 2866 2'27
191 2846 215 2868 et
229 2842 279 2869 228
289 2863 296 2876 ,
312 2846 338 2870 et
356 2842 426 2877 apud
441 2841 566 2877 ,Galland.
577 2862 585 2876 ,
597 2837 707 2870 Vcolum.
723 2837 784 2870 467'
795 2837 823 2869 et

905 2390 962 2425 (85)
983 2389 1066 2421 Idem,
1083 2389 1161 2422 illid.,
1176 2389 1256 2424 apud.
1267 2388 1387 2421 Fabric.,
1402 2396 1463 2424 pag.
1477 2387 1541 2420 226.
1553 2391 1580 2415 et
1595 2387 1658 2415 Gal-

869 2426 942 2452 Iattd.
961 2426 1013 2452 col.
1029 2425 1092 2451 469.

905 2471 960 2505 (86)
980 2470 1067 2501 Idem,
1083 2471 1109 2497 in
1124 2469 1191 2504 psul.
1210 2478 1244 2502 ll,
1260 2474 1326 2496 tom.
1342 2469 1351 2495 I
1373 2469 1440 2505 Opp.
1451 2490 1458 2501 ,
1473 2478 1534 2504 pag.
1546 2469 1617 2502 268,
1635 2476 1662 2497 et

870 2505 993 2533 Gnlland.
1006 2526 1012 2535 .
1025 2506 1075 2533 col.
1089 2506 1152 2532 486.
1166 2505 1232 2531 Vith
1245 2509 1271 2532 et
1286 2506 1356 2539 apud
1373 2504 1478 2532 Fabric.
1488 2525 1495 2535 ,
1511 2513 1572 2539 pag.
1588 2505 1641 2532 226
1654 2526 1660 2533 .

870 2547 896 2603 c't
907 2547 972 2603 tooéq.
988 2540 1021 2574 Il,
1041 2549 1102 2576 pag.
1114 2541 1160 2574 '24,
1175 2540 1220 2573 ‘27,
1233 2540 1280 2572 :28,
1297 2539 1342 2572 45,
1360 2545 1386 2567 et
1404 2545 1470 2567 tom.
1485 2539 1514 2573 l,
1531 2547 1593 2574 pag.
1608 2540 1662 2566 265

870 2584 884 2602 e
912 2596 926 2604 .
967 2597 974 2605 .

908 2622 963 2656 (87)
983 2620 1054 2648 Idem
1065 2641 1072 2652 .
1087 2621 1187 2648 Contra
1203 2620 1326 2647 Beronem
1337 2640 1343 2652 ,
1360 2628 1435 2648 num.
1453 2620 1469 2647 8
1480 2641 1487 2654 ,
1503 2620 1574 2655 apud
1596 2619 1661 2648 Gal-

871 2656 944 2683 Iand.
953 2676 960 2688 ,
978 2657 1030 2683 col.
1047 2656 1108 2684 469.

908 2702 963 2737 (88)
982 2702 1053 2730 Idem
1065 2724 1072 2735 ,
1095 2702 1240 2730 Comment.
1258 2703 1287 2730 in
1301 2702 1420 2729 Genesim
1432 2721 1440 2734 ,
1459 2705 1514 2729 tom
1538 2702 1549 2728 I
1572 2702 1629 2735 Ορρ
1651 2722 1661 2735 ,

872 2746 933 2773 pag.
948 2738 992 2769 24,
1008 2742 1034 2764 et
1047 2738 1118 2772 apud
1133 2737 1270 2773 Galland.,
1282 2738 1334 2764 col.
1349 2737 1412 2764 478.

909 2771 963 2808 (89)
983 2771 1075 2804 Idem,
1094 2773 1194 2799 Contra
1204 2772 1308 2808 VBeron.
1321 2793 1328 2803 ,
1346 2777 1412 2799 tum.
1429 2771 1458 2805 I,
1475 2780 1535 2807 pag.
1551 2772 1620 2803 228,
1633 2776 1661 2799 et

873 2808 946 2843 apud,
957 2807 1092 2840 Galland.,
1110 2808 1162 2835 col.
1177 2807 1336 2843 468,7num.
1350 2807 1376 2833 Δ.

892 2841 898 2843 ⁷
908 2842 975 2905 (30).
986 2842 1024 2870 Id.
1038 2863 1045 2874 ,
1057 2844 1122 2871 ibid.
1135 2862 1144 2875 ,
1157 2851 1219 2878 pag.
1234 2842 1286 2869 250
1297 2862 1304 2875 ,
1317 2847 1343 2869 et
1357 2842 1428 2877 apud
1445 2842 1568 2870 Galiaud.
1581 2862 1588 2876 ,
1604 2841 1658 2870 col.

874 2878 907 2906 ιϐ
929 2899 936 2907 .
951 2887 1025 2906 nunt.
1042 2879 1068 2907 8.
1638 2890 1640 2892 ι

929 2899 936 2912 ,
951 2887 1025 2906 num.
1042 2887 1068 2907 δ.
1638 2890 1640 2892 ι
