  <div class='ocr_page' id='page_1' title='image "/cluster/home/n/w/nwhite01/storage/ocr_20150623/10/njp.32101077772406/209.png"; bbox 0 0 1857 3051; ppageno 0'>
   <div class='ocr_carea' id='block_1_1' title="bbox 187 145 238 174">
    <p class='ocr_par' dir='ltr' id='par_1_1' title="bbox 187 145 238 174">
     <span class='ocr_line' id='line_1_1' title="bbox 187 145 238 174; baseline -0.039 0"><span class='ocrx_word' id='word_1_1' title='bbox 187 145 238 174; x_wconf 65' lang='lat'><strong>567</strong></span> 
     </span>
    </p>
   </div>
   <div class='ocr_carea' id='block_1_2' title="bbox 665 146 1316 176">
    <p class='ocr_par' dir='ltr' id='par_1_2' title="bbox 665 146 1316 176">
     <span class='ocr_line' id='line_1_2' title="bbox 665 146 1316 176; baseline 0.005 -3"><span class='ocrx_word' id='word_1_2' title='bbox 665 146 708 174; x_wconf 84' lang='lat' dir='ltr'><strong>DE</strong></span> <span class='ocrx_word' id='word_1_3' title='bbox 729 147 810 174; x_wconf 79' lang='lat' dir='ltr'><strong>VlTA</strong></span> <span class='ocrx_word' id='word_1_4' title='bbox 831 147 876 174; x_wconf 83' lang='lat' dir='ltr'>ET</span> <span class='ocrx_word' id='word_1_5' title='bbox 895 146 1054 176; x_wconf 80' lang='lat' dir='ltr'><strong>SCRIPTIS</strong></span> <span class='ocrx_word' id='word_1_6' title='bbox 1071 147 1101 175; x_wconf 90' lang='lat' dir='ltr'><strong>S.</strong></span> <span class='ocrx_word' id='word_1_7' title='bbox 1122 147 1316 176; x_wconf 73' lang='lat' dir='ltr'><strong>HlPPOLVTl.</strong></span> 
     </span>
    </p>
   </div>
   <div class='ocr_carea' id='block_1_3' title="bbox 1769 149 1821 177">
    <p class='ocr_par' dir='ltr' id='par_1_3' title="bbox 1769 149 1821 177">
     <span class='ocr_line' id='line_1_3' title="bbox 1769 149 1821 177; baseline 0.019 -1"><span class='ocrx_word' id='word_1_8' title='bbox 1769 149 1821 177; x_wconf 73' lang='lat'><strong>368</strong></span> 
     </span>
    </p>
   </div>
   <div class='ocr_carea' id='block_1_4' title="bbox 187 207 1822 244">
    <p class='ocr_par' dir='ltr' id='par_1_4' title="bbox 187 207 1822 244">
     <span class='ocr_line' id='line_1_4' title="bbox 187 207 1822 244; baseline -0.001 -8"><span class='ocrx_word' id='word_1_9' title='bbox 187 210 262 237; x_wconf 80' lang='lat' dir='ltr'><strong>salus</strong></span> <span class='ocrx_word' id='word_1_10' title='bbox 276 208 350 244; x_wconf 90' lang='lat'><strong>(9|);</strong></span> <span class='ocrx_word' id='word_1_11' title='bbox 367 209 431 236; x_wconf 87' lang='lat' dir='ltr'><strong>hinc</strong></span> <span class='ocrx_word' id='word_1_12' title='bbox 445 217 453 233; x_wconf 78' lang='grc' dir='ltr'>ι</span> <span class='ocrx_word' id='word_1_13' title='bbox 470 207 587 235; x_wconf 83' lang='lat' dir='ltr'><strong>Verbum</strong></span> <span class='ocrx_word' id='word_1_14' title='bbox 605 215 620 235; x_wconf 93' lang='lat' dir='ltr'><strong>e</strong></span> <span class='ocrx_word' id='word_1_15' title='bbox 633 208 711 236; x_wconf 86' lang='lat' dir='ltr'><strong>ccelis</strong></span> <span class='ocrx_word' id='word_1_16' title='bbox 725 208 898 237; x_wconf 85' lang='lat' dir='ltr'><strong>descendit...</strong></span> <span class='ocrx_word' id='word_1_17' title='bbox 915 214 978 237; x_wconf 92' lang='lat' dir='ltr'><strong>ut...</strong></span> <span class='ocrx_word' id='word_1_18' title='bbox 993 211 1016 239; x_wconf 81' lang='grc' dir='ltr'><strong>Α</strong></span> <span class='ocrx_word' id='word_1_19' title='bbox 1033 212 1109 236; x_wconf 91' lang='lat' dir='ltr'><strong>notat</strong></span> <span class='ocrx_word' id='word_1_20' title='bbox 1128 209 1177 244; x_wconf 66' lang='lat'><strong>(5&#39;,</strong></span> <span class='ocrx_word' id='word_1_21' title='bbox 1191 218 1222 236; x_wconf 78' lang='lat' dir='ltr'><strong>ev</strong></span> <span class='ocrx_word' id='word_1_22' title='bbox 1240 210 1283 241; x_wconf 84' lang='lat' dir='ltr'><strong>iis,</strong></span> <span class='ocrx_word' id='word_1_23' title='bbox 1304 215 1365 244; x_wconf 66' lang='lat' dir='ltr'><strong>quae</strong></span> <span class='ocrx_word' id='word_1_24' title='bbox 1390 209 1481 236; x_wconf 89' lang='lat' dir='ltr'><strong>statim</strong></span> <span class='ocrx_word' id='word_1_25' title='bbox 1511 212 1673 244; x_wconf 84' lang='lat' dir='ltr'><strong>sequuntur,</strong></span> <span class='ocrx_word' id='word_1_26' title='bbox 1705 208 1822 243; x_wconf 88' lang='lat' dir='ltr'><strong>quisque</strong></span> 
     </span>
    </p>
   </div>
   <div class='ocr_carea' id='block_1_5' title="bbox 187 255 980 290">
    <p class='ocr_par' dir='ltr' id='par_1_5' title="bbox 187 255 980 290">
     <span class='ocr_line' id='line_1_5' title="bbox 187 255 980 290; baseline 0 -7"><span class='ocrx_word' id='word_1_27' title='bbox 187 257 306 284; x_wconf 87' lang='lat' dir='ltr'><strong>salvaret</strong></span> <span class='ocrx_word' id='word_1_28' title='bbox 330 255 434 287; x_wconf 80' lang='lat' dir='ltr'><strong>Adam,</strong></span> <span class='ocrx_word' id='word_1_29' title='bbox 455 255 500 290; x_wconf 95' lang='lat' dir='ltr'><strong>qui</strong></span> <span class='ocrx_word' id='word_1_30' title='bbox 523 255 678 289; x_wconf 84' lang='lat' dir='ltr'><strong>ceciderat,</strong></span> <span class='ocrx_word' id='word_1_31' title='bbox 696 261 722 283; x_wconf 88' lang='lat' dir='ltr'><strong>et</strong></span> <span class='ocrx_word' id='word_1_32' title='bbox 747 256 980 283; x_wconf 76' lang='lat' dir='ltr'><strong>immortalitatem</strong></span> 
     </span>
    </p>
   </div>
   <div class='ocr_carea' id='block_1_6' title="bbox 187 301 981 337">
    <p class='ocr_par' dir='ltr' id='par_1_6' title="bbox 187 301 981 337">
     <span class='ocr_line' id='line_1_6' title="bbox 187 301 981 337; baseline -0.001 -7"><span class='ocrx_word' id='word_1_33' title='bbox 187 303 331 337; x_wconf 76' lang='lat' dir='ltr'><strong>largiretur</strong></span> <span class='ocrx_word' id='word_1_34' title='bbox 348 302 381 328; x_wconf 85' lang='lat' dir='ltr'><strong>iis</strong></span> <span class='ocrx_word' id='word_1_35' title='bbox 414 301 459 336; x_wconf 88' lang='lat' dir='ltr'><strong>qui</strong></span> <span class='ocrx_word' id='word_1_36' title='bbox 479 301 621 329; x_wconf 83' lang='lat' dir='ltr'><strong>crederent</strong></span> <span class='ocrx_word' id='word_1_37' title='bbox 643 301 670 329; x_wconf 83' lang='lat' dir='ltr'><strong>in</strong></span> <span class='ocrx_word' id='word_1_38' title='bbox 690 301 801 329; x_wconf 88' lang='lat' dir='ltr'><strong>nomine</strong></span> <span class='ocrx_word' id='word_1_39' title='bbox 816 302 910 337; x_wconf 83' lang='lat' dir='ltr'><strong>ejus...</strong></span> <span class='ocrx_word' id='word_1_40' title='bbox 928 301 981 329; x_wconf 82' lang='lat' dir='ltr'><strong>Ne-</strong></span> 
     </span>
    </p>
   </div>
   <div class='ocr_carea' id='block_1_7' title="bbox 185 349 978 385">
    <p class='ocr_par' dir='ltr' id='par_1_7' title="bbox 185 349 978 385">
     <span class='ocr_line' id='line_1_7' title="bbox 185 349 978 385; baseline -0.001 -8"><span class='ocrx_word' id='word_1_41' title='bbox 185 358 240 385; x_wconf 86' lang='lat' dir='ltr'><strong>que</strong></span> <span class='ocrx_word' id='word_1_42' title='bbox 261 358 324 377; x_wconf 87' lang='lat' dir='ltr'><strong>caro</strong></span> <span class='ocrx_word' id='word_1_43' title='bbox 345 357 393 383; x_wconf 89' lang='lat' dir='ltr'><strong>per</strong></span> <span class='ocrx_word' id='word_1_44' title='bbox 419 357 448 376; x_wconf 91' lang='lat' dir='ltr'><strong>se</strong></span> <span class='ocrx_word' id='word_1_45' title='bbox 477 349 537 376; x_wconf 86' lang='lat' dir='ltr'><strong>sine</strong></span> <span class='ocrx_word' id='word_1_46' title='bbox 563 349 653 377; x_wconf 83' lang='lat' dir='ltr'><strong>Verbo</strong></span> <span class='ocrx_word' id='word_1_47' title='bbox 683 349 832 377; x_wconf 79' lang='lat' dir='ltr'><strong>subsistere</strong></span> <span class='ocrx_word' id='word_1_48' title='bbox 854 354 978 384; x_wconf 82' lang='lat' dir='ltr'><strong>poterat;</strong></span> 
     </span>
    </p>
   </div>
   <div class='ocr_carea' id='block_1_8' title="bbox 185 395 980 431">
    <p class='ocr_par' dir='ltr' id='par_1_8' title="bbox 185 395 980 431">
     <span class='ocr_line' id='line_1_8' title="bbox 185 395 980 431; baseline -0.001 -8"><span class='ocrx_word' id='word_1_49' title='bbox 185 397 249 431; x_wconf 88' lang='lat' dir='ltr'><strong>quia</strong></span> <span class='ocrx_word' id='word_1_50' title='bbox 270 397 296 423; x_wconf 88' lang='lat' dir='ltr'><strong>in</strong></span> <span class='ocrx_word' id='word_1_51' title='bbox 320 395 409 423; x_wconf 81' lang='lat' dir='ltr'><strong>Verbo</strong></span> <span class='ocrx_word' id='word_1_52' title='bbox 430 395 546 422; x_wconf 84' lang='lat' dir='ltr'><strong>habebat</strong></span> <span class='ocrx_word' id='word_1_53' title='bbox 565 395 788 425; x_wconf 82' lang='lat' dir='ltr'><strong>subsistentiam.</strong></span> <span class='ocrx_word' id='word_1_54' title='bbox 807 395 856 431; x_wconf 79' lang='grc' dir='ltr'><strong>τὴν</strong></span> <span class='ocrx_word' id='word_1_55' title='bbox 881 395 980 422; x_wconf 82' lang='grc' dir='ltr'><strong>σύστα-</strong></span> 
     </span>
    </p>
   </div>
   <div class='ocr_carea' id='block_1_9' title="bbox 185 441 978 474">
    <p class='ocr_par' dir='ltr' id='par_1_9' title="bbox 185 441 978 474">
     <span class='ocr_line' id='line_1_9' title="bbox 185 441 978 474; baseline -0.001 -5"><span class='ocrx_word' id='word_1_56' title='bbox 185 452 236 469; x_wconf 84' lang='grc' dir='ltr'><strong>σιν.</strong></span> <span class='ocrx_word' id='word_1_57' title='bbox 255 442 397 469; x_wconf 87' lang='lat' dir='ltr'><strong>lncarnato</strong></span> <span class='ocrx_word' id='word_1_58' title='bbox 414 441 503 468; x_wconf 87' lang='lat' dir='ltr'><strong>Verho</strong></span> <span class='ocrx_word' id='word_1_59' title='bbox 520 445 546 468; x_wconf 89' lang='lat' dir='ltr'><strong>et</strong></span> <span class='ocrx_word' id='word_1_60' title='bbox 561 441 632 468; x_wconf 78' lang='lat' dir='ltr'><strong>facto</strong></span> <span class='ocrx_word' id='word_1_61' title='bbox 647 442 768 474; x_wconf 86' lang='lat' dir='ltr'><strong>homine,</strong></span> <span class='ocrx_word' id='word_1_62' title='bbox 786 441 867 469; x_wconf 83' lang='lat' dir='ltr'><strong>Pater</strong></span> <span class='ocrx_word' id='word_1_63' title='bbox 879 446 938 469; x_wconf 88' lang='lat' dir='ltr'><strong>erat</strong></span> <span class='ocrx_word' id='word_1_64' title='bbox 951 442 978 469; x_wconf 93' lang='lat' dir='ltr'><strong>in</strong></span> 
     </span>
    </p>
   </div>
   <div class='ocr_carea' id='block_1_10' title="bbox 183 487 978 522">
    <p class='ocr_par' dir='ltr' id='par_1_10' title="bbox 183 487 978 522">
     <span class='ocr_line' id='line_1_10' title="bbox 183 487 978 522; baseline -0.001 -6"><span class='ocrx_word' id='word_1_65' title='bbox 183 489 270 521; x_wconf 90' lang='lat' dir='ltr'><strong>Filio,</strong></span> <span class='ocrx_word' id='word_1_66' title='bbox 289 493 315 515; x_wconf 89' lang='lat' dir='ltr'><strong>et</strong></span> <span class='ocrx_word' id='word_1_67' title='bbox 336 487 423 515; x_wconf 82' lang='lat' dir='ltr'><strong>Filius</strong></span> <span class='ocrx_word' id='word_1_68' title='bbox 443 488 469 514; x_wconf 93' lang='lat' dir='ltr'><strong>in</strong></span> <span class='ocrx_word' id='word_1_69' title='bbox 485 487 599 514; x_wconf 85' lang='lat' dir='ltr'><strong>Patre...</strong></span> <span class='ocrx_word' id='word_1_70' title='bbox 616 487 675 514; x_wconf 86' lang='lat' dir='ltr'><strong>Non</strong></span> <span class='ocrx_word' id='word_1_71' title='bbox 694 495 740 522; x_wconf 91' lang='lat' dir='ltr'><strong>per</strong></span> <span class='ocrx_word' id='word_1_72' title='bbox 759 487 894 515; x_wconf 81' lang='lat' dir='ltr'><strong>ﬁctionem</strong></span> <span class='ocrx_word' id='word_1_73' title='bbox 906 508 914 521; x_wconf 92' lang='lat'><strong>,</strong></span> <span class='ocrx_word' id='word_1_74' title='bbox 931 488 978 515; x_wconf 89' lang='lat' dir='ltr'><strong>sed</strong></span> 
     </span>
    </p>
   </div>
   <div class='ocr_carea' id='block_1_11' title="bbox 182 533 977 569">
    <p class='ocr_par' dir='ltr' id='par_1_11' title="bbox 182 533 977 569">
     <span class='ocr_line' id='line_1_11' title="bbox 182 533 977 569; baseline 0.001 -8"><span class='ocrx_word' id='word_1_75' title='bbox 182 542 245 562; x_wconf 86' lang='lat' dir='ltr'><strong>vere</strong></span> <span class='ocrx_word' id='word_1_76' title='bbox 261 534 348 562; x_wconf 77' lang='lat' dir='ltr'><strong>factus</strong></span> <span class='ocrx_word' id='word_1_77' title='bbox 360 539 402 561; x_wconf 91' lang='lat' dir='ltr'><strong>est</strong></span> <span class='ocrx_word' id='word_1_78' title='bbox 415 534 497 560; x_wconf 85' lang='lat' dir='ltr'><strong>homo</strong></span> <span class='ocrx_word' id='word_1_79' title='bbox 512 533 579 568; x_wconf 71' lang='lat'><strong>(9&#39;2).</strong></span> <span class='ocrx_word' id='word_1_80' title='bbox 598 543 607 560; x_wconf 76' lang='grc' dir='ltr'><strong><em>ι</em></strong></span> <span class='ocrx_word' id='word_1_81' title='bbox 624 533 687 561; x_wconf 73' lang='lat' dir='ltr'><strong>lbec</strong></span> <span class='ocrx_word' id='word_1_82' title='bbox 702 533 854 562; x_wconf 86' lang='lat' dir='ltr'><strong>incarnatio</strong></span> <span class='ocrx_word' id='word_1_83' title='bbox 867 539 977 569; x_wconf 89' lang='lat' dir='ltr'><strong>peracta</strong></span> 
     </span>
    </p>
   </div>
   <div class='ocr_carea' id='block_1_12' title="bbox 183 581 978 618">
    <p class='ocr_par' dir='ltr' id='par_1_12' title="bbox 183 581 978 618">
     <span class='ocr_line' id='line_1_12' title="bbox 183 581 978 618; baseline 0.001 -9"><span class='ocrx_word' id='word_1_84' title='bbox 183 587 224 610; x_wconf 84' lang='lat' dir='ltr'><strong>est</strong></span> <span class='ocrx_word' id='word_1_85' title='bbox 247 583 273 609; x_wconf 93' lang='lat' dir='ltr'><strong>in</strong></span> <span class='ocrx_word' id='word_1_86' title='bbox 295 582 414 618; x_wconf 76' lang='lat' dir='ltr'><strong>Virginis</strong></span> <span class='ocrx_word' id='word_1_87' title='bbox 430 586 525 614; x_wconf 89' lang='lat' dir='ltr'><strong>utero,</strong></span> <span class='ocrx_word' id='word_1_88' title='bbox 542 586 671 616; x_wconf 78' lang='lat' dir='ltr'><strong>operante</strong></span> <span class='ocrx_word' id='word_1_89' title='bbox 692 581 796 616; x_wconf 87' lang='lat' dir='ltr'><strong>Spiritu</strong></span> <span class='ocrx_word' id='word_1_90' title='bbox 813 587 908 610; x_wconf 84' lang='lat' dir='ltr'><strong>sancto</strong></span> <span class='ocrx_word' id='word_1_91' title='bbox 923 591 930 610; x_wconf 92' lang='lat'>:</span> <span class='ocrx_word' id='word_1_92' title='bbox 951 587 978 610; x_wconf 88' lang='lat' dir='ltr'><strong>et</strong></span> 
     </span>
    </p>
   </div>
   <div class='ocr_carea' id='block_1_13' title="bbox 183 627 976 664">
    <p class='ocr_par' dir='ltr' id='par_1_13' title="bbox 183 627 976 664">
     <span class='ocr_line' id='line_1_13' title="bbox 183 627 976 664; baseline -0.001 -7"><span class='ocrx_word' id='word_1_93' title='bbox 183 638 260 658; x_wconf 85' lang='lat' dir='ltr'><strong>error</strong></span> <span class='ocrx_word' id='word_1_94' title='bbox 279 634 320 656; x_wconf 84' lang='lat' dir='ltr'><strong>cst</strong></span> <span class='ocrx_word' id='word_1_95' title='bbox 340 628 462 664; x_wconf 84' lang='lat' dir='ltr'><strong>opinari,</strong></span> <span class='ocrx_word' id='word_1_96' title='bbox 481 627 600 655; x_wconf 78' lang='lat' dir='ltr'><strong>Verbum</strong></span> <span class='ocrx_word' id='word_1_97' title='bbox 629 633 675 655; x_wconf 91' lang='lat' dir='ltr'><strong>aut</strong></span> <span class='ocrx_word' id='word_1_98' title='bbox 697 629 806 655; x_wconf 89' lang='lat' dir='ltr'><strong>aliunde</strong></span> <span class='ocrx_word' id='word_1_99' title='bbox 841 637 923 664; x_wconf 87' lang='lat' dir='ltr'><strong>quam</strong></span> <span class='ocrx_word' id='word_1_100' title='bbox 942 629 976 656; x_wconf 84' lang='lat' dir='ltr'><strong>de</strong></span> 
     </span>
    </p>
   </div>
   <div class='ocr_carea' id='block_1_14' title="bbox 183 674 975 709">
    <p class='ocr_par' dir='ltr' id='par_1_14' title="bbox 183 674 975 709">
     <span class='ocr_line' id='line_1_14' title="bbox 183 674 975 709; baseline -0.001 -6"><span class='ocrx_word' id='word_1_101' title='bbox 183 676 244 703; x_wconf 88' lang='lat' dir='ltr'><strong>sinu</strong></span> <span class='ocrx_word' id='word_1_102' title='bbox 262 674 383 709; x_wconf 74' lang='lat' dir='ltr'><strong>Virginis</strong></span> <span class='ocrx_word' id='word_1_103' title='bbox 402 682 512 701; x_wconf 86' lang='lat' dir='ltr'><strong>carnem</strong></span> <span class='ocrx_word' id='word_1_104' title='bbox 530 674 696 708; x_wconf 84' lang='lat' dir='ltr'><strong>sumpsisse,</strong></span> <span class='ocrx_word' id='word_1_105' title='bbox 718 678 764 701; x_wconf 90' lang='lat' dir='ltr'><strong>aut</strong></span> <span class='ocrx_word' id='word_1_106' title='bbox 781 682 890 702; x_wconf 84' lang='lat' dir='ltr'><strong>carnem</strong></span> <span class='ocrx_word' id='word_1_107' title='bbox 906 675 975 702; x_wconf 88' lang='lat' dir='ltr'><strong>hanc</strong></span> 
     </span>
    </p>
   </div>
   <div class='ocr_carea' id='block_1_15' title="bbox 183 720 974 753">
    <p class='ocr_par' dir='ltr' id='par_1_15' title="bbox 183 720 974 753">
     <span class='ocr_line' id='line_1_15' title="bbox 183 720 974 753; baseline -0.004 -3"><span class='ocrx_word' id='word_1_108' title='bbox 183 723 216 750; x_wconf 87' lang='lat' dir='ltr'><strong>de</strong></span> <span class='ocrx_word' id='word_1_109' title='bbox 238 721 308 748; x_wconf 74' lang='lat' dir='ltr'><strong>ctelo</strong></span> <span class='ocrx_word' id='word_1_110' title='bbox 325 720 460 753; x_wconf 74' lang='lat' dir='ltr'><strong>traxisse;</strong></span> <span class='ocrx_word' id='word_1_111' title='bbox 475 727 536 746; x_wconf 88' lang='lat' dir='ltr'><strong>eum</strong></span> <span class='ocrx_word' id='word_1_112' title='bbox 554 725 616 746; x_wconf 88' lang='lat' dir='ltr'><strong>ante</strong></span> <span class='ocrx_word' id='word_1_113' title='bbox 636 720 850 747; x_wconf 84' lang='lat' dir='ltr'><strong>incarnationem</strong></span> <span class='ocrx_word' id='word_1_114' title='bbox 870 720 974 747; x_wconf 91' lang='lat' dir='ltr'><strong>nullum</strong></span> 
     </span>
    </p>
   </div>
   <div class='ocr_carea' id='block_1_16' title="bbox 183 765 974 802">
    <p class='ocr_par' dir='ltr' id='par_1_16' title="bbox 183 765 974 802">
     <span class='ocr_line' id='line_1_16' title="bbox 183 765 974 802; baseline -0.001 -7"><span class='ocrx_word' id='word_1_115' title='bbox 183 775 283 802; x_wconf 78' lang='lat' dir='ltr'><strong>corpus</strong></span> <span class='ocrx_word' id='word_1_116' title='bbox 296 767 422 797; x_wconf 87' lang='lat' dir='ltr'><strong>haberet,</strong></span> <span class='ocrx_word' id='word_1_117' title='bbox 435 770 562 801; x_wconf 83' lang='lat' dir='ltr'><strong>essetque</strong></span> <span class='ocrx_word' id='word_1_118' title='bbox 581 774 666 800; x_wconf 86' lang='lat' dir='ltr'><strong>purus</strong></span> <span class='ocrx_word' id='word_1_119' title='bbox 684 766 808 800; x_wconf 86' lang='lat' dir='ltr'><strong>spiritus.</strong></span> <span class='ocrx_word' id='word_1_120' title='bbox 832 765 974 801; x_wconf 68' lang='lat' dir='ltr'><strong>Propheta:</strong></span> 
     </span>
    </p>
   </div>
   <div class='ocr_carea' id='block_1_17' title="bbox 182 813 972 849">
    <p class='ocr_par' dir='ltr' id='par_1_17' title="bbox 182 813 972 849">
     <span class='ocr_line' id='line_1_17' title="bbox 182 813 972 849; baseline -0.001 -8"><span class='ocrx_word' id='word_1_121' title='bbox 182 815 276 849; x_wconf 83' lang='lat' dir='ltr'><strong>utique</strong></span> <span class='ocrx_word' id='word_1_122' title='bbox 293 814 391 840; x_wconf 79' lang='lat' dir='ltr'><strong>Filium</strong></span> <span class='ocrx_word' id='word_1_123' title='bbox 414 813 460 840; x_wconf 87' lang='lat' dir='ltr'><strong>Dei</strong></span> <span class='ocrx_word' id='word_1_124' title='bbox 478 813 682 848; x_wconf 85' lang='lat' dir='ltr'><strong>appellaverunt</strong></span> <span class='ocrx_word' id='word_1_125' title='bbox 695 813 776 840; x_wconf 88' lang='lat' dir='ltr'><strong>etiam</strong></span> <span class='ocrx_word' id='word_1_126' title='bbox 802 813 900 840; x_wconf 88' lang='lat' dir='ltr'><strong>Filium</strong></span> <span class='ocrx_word' id='word_1_127' title='bbox 922 814 972 840; x_wconf 89' lang='lat' dir='ltr'><strong>ho-</strong></span> 
     </span>
    </p>
   </div>
   <div class='ocr_carea' id='block_1_18' title="bbox 182 858 973 894">
    <p class='ocr_par' dir='ltr' id='par_1_18' title="bbox 182 858 973 894">
     <span class='ocr_line' id='line_1_18' title="bbox 182 858 973 894; baseline -0.004 -7"><span class='ocrx_word' id='word_1_128' title='bbox 182 860 279 893; x_wconf 87' lang='lat' dir='ltr'><strong>minis,</strong></span> <span class='ocrx_word' id='word_1_129' title='bbox 297 860 343 887; x_wconf 89' lang='lat' dir='ltr'><strong>sed</strong></span> <span class='ocrx_word' id='word_1_130' title='bbox 362 867 409 894; x_wconf 89' lang='lat' dir='ltr'><strong>per</strong></span> <span class='ocrx_word' id='word_1_131' title='bbox 429 859 648 893; x_wconf 81' lang='lat' dir='ltr'><strong>anticipationem</strong></span> <span class='ocrx_word' id='word_1_132' title='bbox 660 879 666 888; x_wconf 86' lang='lat'><strong>.</strong></span> <span class='ocrx_word' id='word_1_133' title='bbox 680 858 781 885; x_wconf 88' lang='lat' dir='ltr'><strong>scilicet</strong></span> <span class='ocrx_word' id='word_1_134' title='bbox 802 863 912 893; x_wconf 82' lang='lat' dir='ltr'><strong>propter</strong></span> <span class='ocrx_word' id='word_1_135' title='bbox 929 858 973 885; x_wconf 83' lang='lat' dir='ltr'><strong>l‘u-</strong></span> 
     </span>
    </p>
   </div>
   <div class='ocr_carea' id='block_1_19' title="bbox 182 904 972 940">
    <p class='ocr_par' dir='ltr' id='par_1_19' title="bbox 182 904 972 940">
     <span class='ocr_line' id='line_1_19' title="bbox 182 904 972 940; baseline -0.004 -7"><span class='ocrx_word' id='word_1_136' title='bbox 182 911 271 933; x_wconf 64' lang='lat' dir='ltr'><strong>tu&#39;am</strong></span> <span class='ocrx_word' id='word_1_137' title='bbox 289 905 348 940; x_wconf 83' lang='lat' dir='ltr'><strong>ejus</strong></span> <span class='ocrx_word' id='word_1_138' title='bbox 368 905 581 933; x_wconf 86' lang='lat' dir='ltr'><strong>incarnationem</strong></span> <span class='ocrx_word' id='word_1_139' title='bbox 604 912 610 930; x_wconf 91' lang='lat'>:</span> <span class='ocrx_word' id='word_1_140' title='bbox 635 913 644 929; x_wconf 68' lang='grc' dir='ltr'>ι</span> <span class='ocrx_word' id='word_1_141' title='bbox 660 904 778 932; x_wconf 82' lang='lat' dir='ltr'><strong>Vocatus</strong></span> <span class='ocrx_word' id='word_1_142' title='bbox 802 912 816 931; x_wconf 89' lang='lat' dir='ltr'><strong>a</strong></span> <span class='ocrx_word' id='word_1_143' title='bbox 838 904 972 939; x_wconf 90' lang='lat' dir='ltr'><strong>principio</strong></span> 
     </span>
    </p>
   </div>
   <div class='ocr_carea' id='block_1_20' title="bbox 182 950 970 987">
    <p class='ocr_par' dir='ltr' id='par_1_20' title="bbox 182 950 970 987">
     <span class='ocr_line' id='line_1_20' title="bbox 182 950 970 987; baseline -0.004 -7"><span class='ocrx_word' id='word_1_144' title='bbox 182 952 268 980; x_wconf 83' lang='lat' dir='ltr'><strong>Filius</strong></span> <span class='ocrx_word' id='word_1_145' title='bbox 280 952 410 987; x_wconf 79' lang='lat' dir='ltr'><strong>hominis,</strong></span> <span class='ocrx_word' id='word_1_146' title='bbox 431 956 540 986; x_wconf 86' lang='lat' dir='ltr'><strong>propter</strong></span> <span class='ocrx_word' id='word_1_147' title='bbox 559 950 681 977; x_wconf 77' lang='lat' dir='ltr'><strong>tutorum</strong></span> <span class='ocrx_word' id='word_1_148' title='bbox 692 971 699 983; x_wconf 92' lang='lat'><strong>,</strong></span> <span class='ocrx_word' id='word_1_149' title='bbox 713 950 838 985; x_wconf 78' lang='lat' dir='ltr'><strong>quamvis</strong></span> <span class='ocrx_word' id='word_1_150' title='bbox 851 950 970 978; x_wconf 86' lang='lat' dir='ltr'><strong>nondum</strong></span> 
     </span>
    </p>
   </div>
   <div class='ocr_carea' id='block_1_21' title="bbox 181 996 970 1033">
    <p class='ocr_par' dir='ltr' id='par_1_21' title="bbox 181 996 970 1033">
     <span class='ocr_line' id='line_1_21' title="bbox 181 996 970 1033; baseline -0.004 -6"><span class='ocrx_word' id='word_1_151' title='bbox 181 1003 253 1027; x_wconf 83' lang='lat' dir='ltr'><strong>esset</strong></span> <span class='ocrx_word' id='word_1_152' title='bbox 273 999 354 1026; x_wconf 86' lang='lat' dir='ltr'><strong>homo</strong></span> <span class='ocrx_word' id='word_1_153' title='bbox 370 999 435 1033; x_wconf 74' lang='lat'><strong>(93).</strong></span> <span class='ocrx_word' id='word_1_154' title='bbox 449 1008 457 1023; x_wconf 76' lang='grc' dir='ltr'><strong><em>ι</em></strong></span> <span class='ocrx_word' id='word_1_155' title='bbox 474 997 506 1024; x_wconf 84' lang='grc' dir='ltr'><strong>Ει</strong></span> <span class='ocrx_word' id='word_1_156' title='bbox 519 997 583 1024; x_wconf 89' lang='lat' dir='ltr'><strong>alibi</strong></span> <span class='ocrx_word' id='word_1_157' title='bbox 598 1007 604 1024; x_wconf 87' lang='lat'>:</span> <span class='ocrx_word' id='word_1_158' title='bbox 620 1007 629 1023; x_wconf 71' lang='grc' dir='ltr'><strong>ε</strong></span> <span class='ocrx_word' id='word_1_159' title='bbox 646 996 759 1030; x_wconf 84' lang='lat' dir='ltr'><strong>Qualem</strong></span> <span class='ocrx_word' id='word_1_160' title='bbox 774 998 857 1032; x_wconf 80' lang='lat' dir='ltr'><strong>igitur</strong></span> <span class='ocrx_word' id='word_1_161' title='bbox 871 997 970 1024; x_wconf 86' lang='lat' dir='ltr'><strong>Filium</strong></span> 
     </span>
    </p>
   </div>
   <div class='ocr_carea' id='block_1_22' title="bbox 147 1043 970 1080">
    <p class='ocr_par' dir='ltr' id='par_1_22' title="bbox 147 1043 970 1080">
     <span class='ocr_line' id='line_1_22' title="bbox 147 1043 970 1080; baseline -0.002 -7"><span class='ocrx_word' id='word_1_162' title='bbox 147 1052 150 1057; x_wconf 93' lang='lat'>&#39;</span> <span class='ocrx_word' id='word_1_163' title='bbox 180 1054 261 1073; x_wconf 83' lang='lat' dir='ltr'><strong>suum</strong></span> <span class='ocrx_word' id='word_1_164' title='bbox 272 1046 348 1073; x_wconf 61' lang='lat' dir='ltr'><strong>Deus</strong></span> <span class='ocrx_word' id='word_1_165' title='bbox 360 1053 407 1080; x_wconf 80' lang='lat' dir='ltr'><strong>per</strong></span> <span class='ocrx_word' id='word_1_166' title='bbox 419 1052 527 1072; x_wconf 88' lang='lat' dir='ltr'><strong>carnem</strong></span> <span class='ocrx_word' id='word_1_167' title='bbox 544 1044 633 1077; x_wconf 78' lang='lat' dir='ltr'><strong>misit,</strong></span> <span class='ocrx_word' id='word_1_168' title='bbox 647 1044 700 1071; x_wconf 92' lang='lat' dir='ltr'><strong>nisi</strong></span> <span class='ocrx_word' id='word_1_169' title='bbox 716 1043 848 1076; x_wconf 85' lang='lat' dir='ltr'><strong>Verbum,</strong></span> <span class='ocrx_word' id='word_1_170' title='bbox 865 1044 938 1079; x_wconf 91' lang='lat' dir='ltr'><strong>quod</strong></span> <span class='ocrx_word' id='word_1_171' title='bbox 955 1051 970 1071; x_wconf 88' lang='lat' dir='ltr'><strong>a</strong></span> 
     </span>
    </p>
   </div>
   <div class='ocr_carea' id='block_1_23' title="bbox 180 1089 971 1126">
    <p class='ocr_par' dir='ltr' id='par_1_23' title="bbox 180 1089 971 1126">
     <span class='ocr_line' id='line_1_23' title="bbox 180 1089 971 1126; baseline 0 -8"><span class='ocrx_word' id='word_1_172' title='bbox 180 1091 314 1126; x_wconf 85' lang='lat' dir='ltr'><strong>principio</strong></span> <span class='ocrx_word' id='word_1_173' title='bbox 327 1090 429 1118; x_wconf 85' lang='lat' dir='ltr'><strong>scilicet</strong></span> <span class='ocrx_word' id='word_1_174' title='bbox 444 1090 543 1117; x_wconf 82' lang='lat' dir='ltr'><strong>Filium</strong></span> <span class='ocrx_word' id='word_1_175' title='bbox 557 1090 674 1123; x_wconf 87' lang='lat' dir='ltr'><strong>vocavit,</strong></span> <span class='ocrx_word' id='word_1_176' title='bbox 687 1091 749 1125; x_wconf 85' lang='lat' dir='ltr'><strong>quia</strong></span> <span class='ocrx_word' id='word_1_177' title='bbox 763 1089 886 1117; x_wconf 84' lang='lat' dir='ltr'><strong>futurum</strong></span> <span class='ocrx_word' id='word_1_178' title='bbox 913 1095 971 1118; x_wconf 88' lang='lat' dir='ltr'><strong>erat</strong></span> 
     </span>
    </p>
   </div>
   <div class='ocr_carea' id='block_1_24' title="bbox 179 1136 970 1172">
    <p class='ocr_par' dir='ltr' id='par_1_24' title="bbox 179 1136 970 1172">
     <span class='ocr_line' id='line_1_24' title="bbox 179 1136 970 1172; baseline -0.003 -7"><span class='ocrx_word' id='word_1_179' title='bbox 179 1143 210 1166; x_wconf 90' lang='lat' dir='ltr'><strong>ut</strong></span> <span class='ocrx_word' id='word_1_180' title='bbox 225 1143 314 1165; x_wconf 92' lang='lat' dir='ltr'><strong>ortum</strong></span> <span class='ocrx_word' id='word_1_181' title='bbox 327 1137 454 1172; x_wconf 84' lang='lat' dir='ltr'><strong>caperet?</strong></span> <span class='ocrx_word' id='word_1_182' title='bbox 466 1137 497 1164; x_wconf 87' lang='lat' dir='ltr'><strong>Et</strong></span> <span class='ocrx_word' id='word_1_183' title='bbox 512 1144 574 1164; x_wconf 90' lang='lat' dir='ltr'><strong>cum</strong></span> <span class='ocrx_word' id='word_1_184' title='bbox 590 1136 676 1163; x_wconf 87' lang='lat' dir='ltr'><strong>Filius</strong></span> <span class='ocrx_word' id='word_1_185' title='bbox 688 1140 810 1169; x_wconf 88' lang='lat' dir='ltr'><strong>vocatur,</strong></span> <span class='ocrx_word' id='word_1_186' title='bbox 824 1143 970 1164; x_wconf 87' lang='lat' dir='ltr'><strong>commune</strong></span> 
     </span>
    </p>
   </div>
   <div class='ocr_carea' id='block_1_25' title="bbox 178 1182 818 1219">
    <p class='ocr_par' dir='ltr' id='par_1_25' title="bbox 178 1182 818 1219">
     <span class='ocr_line' id='line_1_25' title="bbox 178 1182 818 1219; baseline -0.006 -7"><span class='ocrx_word' id='word_1_187' title='bbox 178 1192 278 1212; x_wconf 88' lang='lat' dir='ltr'><strong>nomen</strong></span> <span class='ocrx_word' id='word_1_188' title='bbox 295 1184 396 1211; x_wconf 90' lang='lat' dir='ltr'><strong>amoris</strong></span> <span class='ocrx_word' id='word_1_189' title='bbox 410 1191 473 1219; x_wconf 75' lang='lat' dir='ltr'><strong>erga</strong></span> <span class='ocrx_word' id='word_1_190' title='bbox 489 1183 614 1210; x_wconf 89' lang='lat' dir='ltr'><strong>homines</strong></span> <span class='ocrx_word' id='word_1_191' title='bbox 625 1183 708 1210; x_wconf 90' lang='lat' dir='ltr'><strong>sumit</strong></span> <span class='ocrx_word' id='word_1_192' title='bbox 722 1182 788 1218; x_wconf 64' lang='grc'>(94).</span> <span class='ocrx_word' id='word_1_193' title='bbox 808 1192 818 1208; x_wconf 73' lang='grc' dir='ltr'><strong><em>ι</em></strong></span> 
     </span>
    </p>
   </div>
   <div class='ocr_carea' id='block_1_26' title="bbox 215 1229 970 1258">
    <p class='ocr_par' dir='ltr' id='par_1_26' title="bbox 215 1229 970 1258">
     <span class='ocr_line' id='line_1_26' title="bbox 215 1229 970 1258; baseline -0.004 0"><span class='ocrx_word' id='word_1_194' title='bbox 215 1232 338 1258; x_wconf 71' lang='lat' dir='ltr'><strong>Christus</strong></span> <span class='ocrx_word' id='word_1_195' title='bbox 349 1239 381 1258; x_wconf 70' lang='lat' dir='ltr'><strong>ex</strong></span> <span class='ocrx_word' id='word_1_196' title='bbox 395 1231 492 1257; x_wconf 80' lang='lat' dir='ltr'><strong>semine</strong></span> <span class='ocrx_word' id='word_1_197' title='bbox 506 1229 591 1256; x_wconf 80' lang='lat' dir='ltr'><strong>David</strong></span> <span class='ocrx_word' id='word_1_198' title='bbox 604 1237 678 1256; x_wconf 77' lang='lat' dir='ltr'><strong>verus</strong></span> <span class='ocrx_word' id='word_1_199' title='bbox 689 1229 757 1256; x_wconf 76' lang='lat' dir='ltr'><strong>Deus</strong></span> <span class='ocrx_word' id='word_1_200' title='bbox 768 1237 855 1256; x_wconf 74' lang='lat' dir='ltr'><strong>omnes</strong></span> <span class='ocrx_word' id='word_1_201' title='bbox 868 1229 970 1256; x_wconf 77' lang='lat' dir='ltr'><strong>salvare</strong></span> 
     </span>
    </p>
   </div>
   <div class='ocr_carea' id='block_1_27' title="bbox 178 1274 970 1310">
    <p class='ocr_par' dir='ltr' id='par_1_27' title="bbox 178 1274 970 1310">
     <span class='ocr_line' id='line_1_27' title="bbox 178 1274 970 1310; baseline -0.003 -7"><span class='ocrx_word' id='word_1_202' title='bbox 178 1275 243 1304; x_wconf 71' lang='lat' dir='ltr'><strong>vult.</strong></span> <span class='ocrx_word' id='word_1_203' title='bbox 262 1291 297 1295; x_wconf 98' lang='lat'><strong>—</strong></span> <span class='ocrx_word' id='word_1_204' title='bbox 314 1275 352 1303; x_wconf 77' lang='lat' dir='ltr'><strong>Ex</strong></span> <span class='ocrx_word' id='word_1_205' title='bbox 371 1276 425 1303; x_wconf 72' lang='lat' dir='ltr'><strong>diu</strong></span> <span class='ocrx_word' id='word_1_206' title='bbox 441 1274 579 1310; x_wconf 84' lang='lat' dir='ltr'><strong>Hippolyti</strong></span> <span class='ocrx_word' id='word_1_207' title='bbox 595 1276 706 1309; x_wconf 80' lang='lat' dir='ltr'><strong>insuper</strong></span> <span class='ocrx_word' id='word_1_208' title='bbox 726 1274 849 1302; x_wconf 88' lang='lat' dir='ltr'><strong>doctrina</strong></span> <span class='ocrx_word' id='word_1_209' title='bbox 867 1275 970 1309; x_wconf 81' lang='lat' dir='ltr'><strong>colligi-</strong></span> 
     </span>
    </p>
   </div>
   <div class='ocr_carea' id='block_1_28' title="bbox 178 1319 967 1356">
    <p class='ocr_par' dir='ltr' id='par_1_28' title="bbox 178 1319 967 1356">
     <span class='ocr_line' id='line_1_28' title="bbox 178 1319 967 1356; baseline -0.004 -7"><span class='ocrx_word' id='word_1_210' title='bbox 178 1330 251 1354; x_wconf 87' lang='lat' dir='ltr'><strong>mus,</strong></span> <span class='ocrx_word' id='word_1_211' title='bbox 266 1322 337 1356; x_wconf 85' lang='lat' dir='ltr'><strong>quod</strong></span> <span class='ocrx_word' id='word_1_212' title='bbox 353 1321 424 1349; x_wconf 84' lang='lat' dir='ltr'><strong>Deus</strong></span> <span class='ocrx_word' id='word_1_213' title='bbox 439 1329 534 1349; x_wconf 84' lang='lat' dir='ltr'><strong>onmes</strong></span> <span class='ocrx_word' id='word_1_214' title='bbox 547 1321 671 1356; x_wconf 82' lang='lat' dir='ltr'><strong>homines</strong></span> <span class='ocrx_word' id='word_1_215' title='bbox 691 1320 797 1348; x_wconf 87' lang='lat' dir='ltr'><strong>salvare</strong></span> <span class='ocrx_word' id='word_1_216' title='bbox 812 1320 877 1348; x_wconf 83' lang='lat' dir='ltr'><strong>velit</strong></span> <span class='ocrx_word' id='word_1_217' title='bbox 893 1319 949 1355; x_wconf 78' lang='lat'><strong>(95)</strong></span> <span class='ocrx_word' id='word_1_218' title='bbox 960 1339 967 1351; x_wconf 86' lang='lat'><strong>,</strong></span> 
     </span>
    </p>
   </div>
   <div class='ocr_carea' id='block_1_29' title="bbox 178 1365 967 1404">
    <p class='ocr_par' dir='ltr' id='par_1_29' title="bbox 178 1365 967 1404">
     <span class='ocr_line' id='line_1_29' title="bbox 178 1365 967 1404; baseline -0.003 -9"><span class='ocrx_word' id='word_1_219' title='bbox 178 1367 250 1404; x_wconf 86' lang='lat' dir='ltr'><strong>quod</strong></span> <span class='ocrx_word' id='word_1_220' title='bbox 265 1367 397 1394; x_wconf 86' lang='lat' dir='ltr'><strong>Dominus</strong></span> <span class='ocrx_word' id='word_1_221' title='bbox 411 1371 505 1394; x_wconf 89' lang='lat' dir='ltr'><strong>noster</strong></span> <span class='ocrx_word' id='word_1_222' title='bbox 515 1365 595 1393; x_wconf 80' lang='lat' dir='ltr'><strong>)esus</strong></span> <span class='ocrx_word' id='word_1_223' title='bbox 609 1365 735 1393; x_wconf 84' lang='lat' dir='ltr'><strong>Christus</strong></span> <span class='ocrx_word' id='word_1_224' title='bbox 748 1366 784 1392; x_wconf 83' lang='lat' dir='ltr'><strong>sit</strong></span> <span class='ocrx_word' id='word_1_225' title='bbox 800 1373 881 1392; x_wconf 84' lang='lat' dir='ltr'><strong>verus</strong></span> <span class='ocrx_word' id='word_1_226' title='bbox 895 1365 967 1393; x_wconf 85' lang='lat' dir='ltr'><strong>Deus</strong></span> 
     </span>
    </p>
   </div>
   <div class='ocr_carea' id='block_1_30' title="bbox 178 1411 967 1450">
    <p class='ocr_par' dir='ltr' id='par_1_30' title="bbox 178 1411 967 1450">
     <span class='ocr_line' id='line_1_30' title="bbox 178 1411 967 1450; baseline -0.003 -8"><span class='ocrx_word' id='word_1_227' title='bbox 178 1415 235 1450; x_wconf 79' lang='grc'>(96)</span> <span class='ocrx_word' id='word_1_228' title='bbox 250 1414 322 1442; x_wconf 83' lang='lat' dir='ltr'><strong>Patri</strong></span> <span class='ocrx_word' id='word_1_229' title='bbox 336 1418 488 1441; x_wconf 54' lang='lat' dir='ltr'><strong>coaeternus</strong></span> <span class='ocrx_word' id='word_1_230' title='bbox 505 1413 571 1447; x_wconf 89' lang='lat'><strong>(97),</strong></span> <span class='ocrx_word' id='word_1_231' title='bbox 585 1413 643 1447; x_wconf 89' lang='lat' dir='ltr'><strong>ipse</strong></span> <span class='ocrx_word' id='word_1_232' title='bbox 657 1411 683 1439; x_wconf 96' lang='lat' dir='ltr'><strong>in</strong></span> <span class='ocrx_word' id='word_1_233' title='bbox 700 1411 789 1443; x_wconf 82' lang='lat' dir='ltr'><strong>Patre.</strong></span> <span class='ocrx_word' id='word_1_234' title='bbox 805 1417 832 1439; x_wconf 85' lang='lat' dir='ltr'><strong>et</strong></span> <span class='ocrx_word' id='word_1_235' title='bbox 846 1412 926 1440; x_wconf 85' lang='lat' dir='ltr'><strong>Pater</strong></span> <span class='ocrx_word' id='word_1_236' title='bbox 941 1413 967 1440; x_wconf 92' lang='lat' dir='ltr'><strong>iu</strong></span> 
     </span>
    </p>
   </div>
   <div class='ocr_carea' id='block_1_31' title="bbox 176 1459 968 1495">
    <p class='ocr_par' dir='ltr' id='par_1_31' title="bbox 176 1459 968 1495">
     <span class='ocr_line' id='line_1_31' title="bbox 176 1459 968 1495; baseline -0.004 -6"><span class='ocrx_word' id='word_1_237' title='bbox 176 1461 289 1489; x_wconf 83' lang='lat' dir='ltr'><strong>Christo</strong></span> <span class='ocrx_word' id='word_1_238' title='bbox 304 1461 340 1489; x_wconf 90' lang='lat' dir='ltr'><strong>sit</strong></span> <span class='ocrx_word' id='word_1_239' title='bbox 352 1460 425 1495; x_wconf 85' lang='lat'><strong>(98);</strong></span> <span class='ocrx_word' id='word_1_240' title='bbox 441 1460 514 1495; x_wconf 88' lang='lat' dir='ltr'><strong>quod</strong></span> <span class='ocrx_word' id='word_1_241' title='bbox 529 1459 610 1486; x_wconf 84' lang='lat' dir='ltr'><strong>Pater</strong></span> <span class='ocrx_word' id='word_1_242' title='bbox 625 1467 733 1486; x_wconf 92' lang='lat' dir='ltr'><strong>omnem</strong></span> <span class='ocrx_word' id='word_1_243' title='bbox 749 1463 912 1493; x_wconf 85' lang='lat' dir='ltr'><strong>potestatem</strong></span> <span class='ocrx_word' id='word_1_244' title='bbox 926 1460 968 1486; x_wconf 85' lang='lat' dir='ltr'><strong>ei-</strong></span> 
     </span>
    </p>
   </div>
   <div class='ocr_carea' id='block_1_32' title="bbox 176 1505 966 1541">
    <p class='ocr_par' dir='ltr' id='par_1_32' title="bbox 176 1505 966 1541">
     <span class='ocr_line' id='line_1_32' title="bbox 176 1505 966 1541; baseline -0.004 -6"><span class='ocrx_word' id='word_1_245' title='bbox 176 1507 238 1535; x_wconf 92' lang='lat' dir='ltr'><strong>dem</strong></span> <span class='ocrx_word' id='word_1_246' title='bbox 253 1507 358 1535; x_wconf 91' lang='lat' dir='ltr'><strong>dederit</strong></span> <span class='ocrx_word' id='word_1_247' title='bbox 383 1507 449 1541; x_wconf 81' lang='lat'><strong>(99),</strong></span> <span class='ocrx_word' id='word_1_248' title='bbox 471 1510 497 1533; x_wconf 90' lang='lat' dir='ltr'><strong>et</strong></span> <span class='ocrx_word' id='word_1_249' title='bbox 513 1505 639 1533; x_wconf 89' lang='lat' dir='ltr'><strong>eumdem</strong></span> <span class='ocrx_word' id='word_1_250' title='bbox 663 1505 834 1532; x_wconf 88' lang='lat' dir='ltr'><strong>constituerit</strong></span> <span class='ocrx_word' id='word_1_251' title='bbox 847 1505 966 1540; x_wconf 72' lang='lat' dir='ltr'><strong>judicent</strong></span> 
     </span>
    </p>
   </div>
   <div class='ocr_carea' id='block_1_33' title="bbox 1035 254 1822 290">
    <p class='ocr_par' dir='ltr' id='par_1_33' title="bbox 1035 254 1822 290">
     <span class='ocr_line' id='line_1_33' title="bbox 1035 254 1822 290; baseline -0.001 -8"><span class='ocrx_word' id='word_1_252' title='bbox 1035 255 1186 290; x_wconf 83' lang='lat' dir='ltr'><strong>perspicere</strong></span> <span class='ocrx_word' id='word_1_253' title='bbox 1199 259 1304 290; x_wconf 82' lang='lat' dir='ltr'><strong>potest,</strong></span> <span class='ocrx_word' id='word_1_254' title='bbox 1322 254 1350 282; x_wconf 87' lang='lat' dir='ltr'><strong>S.</strong></span> <span class='ocrx_word' id='word_1_255' title='bbox 1364 255 1472 283; x_wconf 88' lang='lat' dir='ltr'><strong>Patrem</strong></span> <span class='ocrx_word' id='word_1_256' title='bbox 1487 263 1520 283; x_wconf 82' lang='lat' dir='ltr'><strong>ex</strong></span> <span class='ocrx_word' id='word_1_257' title='bbox 1539 257 1623 290; x_wconf 82' lang='lat' dir='ltr'><strong>stirpe</strong></span> <span class='ocrx_word' id='word_1_258' title='bbox 1643 255 1754 290; x_wconf 81' lang='lat' dir='ltr'><strong>quidem</strong></span> <span class='ocrx_word' id='word_1_259' title='bbox 1770 254 1822 281; x_wconf 88' lang='lat' dir='ltr'><strong>Da-</strong></span> 
     </span>
    </p>
   </div>
   <div class='ocr_carea' id='block_1_34' title="bbox 1032 300 1822 337">
    <p class='ocr_par' dir='ltr' id='par_1_34' title="bbox 1032 300 1822 337">
     <span class='ocr_line' id='line_1_34' title="bbox 1032 300 1822 337; baseline -0.001 -9"><span class='ocrx_word' id='word_1_260' title='bbox 1032 301 1119 328; x_wconf 88' lang='lat' dir='ltr'><strong>vidica</strong></span> <span class='ocrx_word' id='word_1_261' title='bbox 1133 307 1221 329; x_wconf 90' lang='lat' dir='ltr'><strong>ortum</strong></span> <span class='ocrx_word' id='word_1_262' title='bbox 1234 302 1326 330; x_wconf 83' lang='lat' dir='ltr'><strong>Jcsum</strong></span> <span class='ocrx_word' id='word_1_263' title='bbox 1338 300 1476 330; x_wconf 81' lang='lat' dir='ltr'><strong>Christum</strong></span> <span class='ocrx_word' id='word_1_264' title='bbox 1490 310 1637 337; x_wconf 80' lang='lat' dir='ltr'><strong>agnoscere</strong></span> <span class='ocrx_word' id='word_1_265' title='bbox 1650 311 1657 333; x_wconf 85' lang='grc'>;</span> <span class='ocrx_word' id='word_1_266' title='bbox 1670 301 1707 328; x_wconf 90' lang='lat' dir='ltr'><strong>ita</strong></span> <span class='ocrx_word' id='word_1_267' title='bbox 1719 306 1822 333; x_wconf 82' lang='lat' dir='ltr'><strong>tamen,</strong></span> 
     </span>
    </p>
   </div>
   <div class='ocr_carea' id='block_1_35' title="bbox 1032 347 1822 383">
    <p class='ocr_par' dir='ltr' id='par_1_35' title="bbox 1032 347 1822 383">
     <span class='ocr_line' id='line_1_35' title="bbox 1032 347 1822 383; baseline -0.001 -9"><span class='ocrx_word' id='word_1_268' title='bbox 1032 351 1062 374; x_wconf 89' lang='lat' dir='ltr'><strong>ut</strong></span> <span class='ocrx_word' id='word_1_269' title='bbox 1075 353 1154 383; x_wconf 81' lang='lat' dir='ltr'><strong>neget</strong></span> <span class='ocrx_word' id='word_1_270' title='bbox 1172 347 1259 382; x_wconf 87' lang='lat' dir='ltr'><strong>ipsum</strong></span> <span class='ocrx_word' id='word_1_271' title='bbox 1275 356 1305 375; x_wconf 86' lang='lat' dir='ltr'><strong>ea</strong></span> <span class='ocrx_word' id='word_1_272' title='bbox 1319 353 1408 375; x_wconf 84' lang='lat' dir='ltr'><strong>ortum</strong></span> <span class='ocrx_word' id='word_1_273' title='bbox 1427 357 1438 374; x_wconf 83' lang='grc'><strong>‹</strong></span> <span class='ocrx_word' id='word_1_274' title='bbox 1455 355 1489 375; x_wconf 74' lang='lat' dir='ltr'><strong>ex</strong></span> <span class='ocrx_word' id='word_1_275' title='bbox 1507 347 1616 375; x_wconf 86' lang='lat' dir='ltr'><strong>Davidis</strong></span> <span class='ocrx_word' id='word_1_276' title='bbox 1631 347 1736 375; x_wconf 88' lang='lat' dir='ltr'><strong>semine</strong></span> <span class='ocrx_word' id='word_1_277' title='bbox 1748 356 1758 372; x_wconf 75' lang='grc' dir='ltr'>ι</span> <span class='ocrx_word' id='word_1_278' title='bbox 1776 355 1822 374; x_wconf 86' lang='lat' dir='ltr'><strong>ra-</strong></span> 
     </span>
    </p>
   </div>
   <div class='ocr_carea' id='block_1_36' title="bbox 1030 393 1821 429">
    <p class='ocr_par' dir='ltr' id='par_1_36' title="bbox 1030 393 1821 429">
     <span class='ocr_line' id='line_1_36' title="bbox 1030 393 1821 429; baseline 0 -9"><span class='ocrx_word' id='word_1_279' title='bbox 1030 393 1104 421; x_wconf 88' lang='lat' dir='ltr'><strong>tione</strong></span> <span class='ocrx_word' id='word_1_280' title='bbox 1118 394 1239 429; x_wconf 77' lang='lat' dir='ltr'><strong>vulgari,</strong></span> <span class='ocrx_word' id='word_1_281' title='bbox 1255 402 1307 429; x_wconf 91' lang='lat' dir='ltr'><strong>qua</strong></span> <span class='ocrx_word' id='word_1_282' title='bbox 1322 394 1411 422; x_wconf 66' lang='lat' dir='ltr'><strong>caeteri</strong></span> <span class='ocrx_word' id='word_1_283' title='bbox 1430 393 1565 426; x_wconf 88' lang='lat' dir='ltr'><strong>homines,</strong></span> <span class='ocrx_word' id='word_1_284' title='bbox 1579 394 1679 428; x_wconf 87' lang='lat' dir='ltr'><strong>quippe</strong></span> <span class='ocrx_word' id='word_1_285' title='bbox 1695 402 1704 418; x_wconf 74' lang='grc' dir='ltr'><strong>ε</strong></span> <span class='ocrx_word' id='word_1_286' title='bbox 1723 393 1770 428; x_wconf 91' lang='lat' dir='ltr'><strong>qui</strong></span> <span class='ocrx_word' id='word_1_287' title='bbox 1786 393 1821 420; x_wconf 82' lang='lat' dir='ltr'><strong>de</strong></span> 
     </span>
    </p>
   </div>
   <div class='ocr_carea' id='block_1_37' title="bbox 1031 438 1819 476">
    <p class='ocr_par' dir='ltr' id='par_1_37' title="bbox 1031 438 1819 476">
     <span class='ocr_line' id='line_1_37' title="bbox 1031 438 1819 476; baseline 0.001 -10"><span class='ocrx_word' id='word_1_288' title='bbox 1031 438 1134 475; x_wconf 88' lang='lat' dir='ltr'><strong>Spiritu</strong></span> <span class='ocrx_word' id='word_1_289' title='bbox 1157 446 1252 468; x_wconf 85' lang='lat' dir='ltr'><strong>sancto</strong></span> <span class='ocrx_word' id='word_1_290' title='bbox 1270 446 1417 476; x_wconf 85' lang='lat' dir='ltr'><strong>conceptus</strong></span> <span class='ocrx_word' id='word_1_291' title='bbox 1437 440 1532 474; x_wconf 80' lang='lat' dir='ltr'><strong>fuerit,</strong></span> <span class='ocrx_word' id='word_1_292' title='bbox 1549 445 1575 468; x_wconf 90' lang='lat' dir='ltr'><strong>et</strong></span> <span class='ocrx_word' id='word_1_293' title='bbox 1593 448 1626 468; x_wconf 84' lang='lat' dir='ltr'><strong>ex</strong></span> <span class='ocrx_word' id='word_1_294' title='bbox 1644 445 1740 468; x_wconf 81' lang='lat' dir='ltr'><strong>sancto</strong></span> <span class='ocrx_word' id='word_1_295' title='bbox 1760 447 1819 476; x_wconf 82' lang='lat' dir='ltr'><strong>ger-</strong></span> 
     </span>
    </p>
   </div>
   <div class='ocr_carea' id='block_1_38' title="bbox 1030 486 1428 522">
    <p class='ocr_par' dir='ltr' id='par_1_38' title="bbox 1030 486 1428 522">
     <span class='ocr_line' id='line_1_38' title="bbox 1030 486 1428 522; baseline 0 -10"><span class='ocrx_word' id='word_1_296' title='bbox 1030 486 1103 514; x_wconf 85' lang='lat' dir='ltr'><strong>mine</strong></span> <span class='ocrx_word' id='word_1_297' title='bbox 1116 494 1131 514; x_wconf 90' lang='lat' dir='ltr'><strong>e</strong></span> <span class='ocrx_word' id='word_1_298' title='bbox 1144 491 1214 514; x_wconf 86' lang='lat' dir='ltr'><strong>terra</strong></span> <span class='ocrx_word' id='word_1_299' title='bbox 1229 487 1402 522; x_wconf 89' lang='lat' dir='ltr'><strong>processerit.</strong></span> <span class='ocrx_word' id='word_1_300' title='bbox 1418 496 1428 512; x_wconf 74' lang='grc' dir='ltr'><strong><em>ι</em></strong></span> 
     </span>
    </p>
   </div>
   <div class='ocr_carea' id='block_1_39' title="bbox 1283 541 1558 570">
    <p class='ocr_par' dir='ltr' id='par_1_39' title="bbox 1283 541 1558 570">
     <span class='ocr_line' id='line_1_39' title="bbox 1283 541 1558 570; baseline -0.004 0"><span class='ocrx_word' id='word_1_301' title='bbox 1283 541 1483 570; x_wconf 78' lang='lat' dir='ltr'><strong>ARTlC‘ULUS</strong></span> <span class='ocrx_word' id='word_1_302' title='bbox 1502 542 1558 570; x_wconf 75' lang='grc' dir='ltr'><strong>νη.</strong></span> 
     </span>
    </p>
   </div>
   <div class='ocr_carea' id='block_1_40' title="bbox 1061 597 1790 618">
    <p class='ocr_par' dir='ltr' id='par_1_40' title="bbox 1061 597 1790 618">
     <span class='ocr_line' id='line_1_40' title="bbox 1061 597 1790 618; baseline 0.001 -2"><span class='ocrx_word' id='word_1_303' title='bbox 1061 597 1094 617; x_wconf 76' lang='grc' dir='ltr'><strong>ΒΕ</strong></span> <span class='ocrx_word' id='word_1_304' title='bbox 1113 597 1207 616; x_wconf 68' lang='lat' dir='ltr'><strong>REATE</strong></span> <span class='ocrx_word' id='word_1_305' title='bbox 1228 597 1316 617; x_wconf 69' lang='grc' dir='ltr'><strong>ΙΑῐίιιΕ</strong></span> <span class='ocrx_word' id='word_1_306' title='bbox 1336 597 1511 617; x_wconf 61' lang='grc' dir='ltr'><strong>νικςικιτΑτε</strong></span> <span class='ocrx_word' id='word_1_307' title='bbox 1532 599 1566 617; x_wconf 82' lang='grc' dir='ltr'><strong>ΕΤ</strong></span> <span class='ocrx_word' id='word_1_308' title='bbox 1585 597 1790 618; x_wconf 72' lang='grc' dir='ltr'><strong>ΙΙΑΤΕΙΞΝΙΤΔΤΒ.</strong></span> 
     </span>
    </p>
   </div>
   <div class='ocr_carea' id='block_1_41' title="bbox 1061 635 1818 672">
    <p class='ocr_par' dir='ltr' id='par_1_41' title="bbox 1061 635 1818 672">
     <span class='ocr_line' id='line_1_41' title="bbox 1061 635 1818 672; baseline 0 -10"><span class='ocrx_word' id='word_1_309' title='bbox 1061 635 1222 670; x_wconf 82' lang='lat' dir='ltr'><strong>Quanquam</strong></span> <span class='ocrx_word' id='word_1_310' title='bbox 1249 641 1361 664; x_wconf 88' lang='lat' dir='ltr'><strong>sanctus</strong></span> <span class='ocrx_word' id='word_1_311' title='bbox 1381 635 1541 672; x_wconf 88' lang='lat' dir='ltr'><strong>Hippolytus</strong></span> <span class='ocrx_word' id='word_1_312' title='bbox 1567 637 1663 663; x_wconf 90' lang='lat' dir='ltr'><strong>nullibi</strong></span> <span class='ocrx_word' id='word_1_313' title='bbox 1689 636 1818 664; x_wconf 78' lang='lat' dir='ltr'><strong>beatissi—</strong></span> 
     </span>
    </p>
   </div>
   <div class='ocr_carea' id='block_1_42' title="bbox 1026 678 1819 717">
    <p class='ocr_par' dir='ltr' id='par_1_42' title="bbox 1026 678 1819 717">
     <span class='ocr_line' id='line_1_42' title="bbox 1026 678 1819 717; baseline 0.004 -12"><span class='ocrx_word' id='word_1_314' title='bbox 1026 686 1098 706; x_wconf 89' lang='lat' dir='ltr'><strong>mam</strong></span> <span class='ocrx_word' id='word_1_315' title='bbox 1116 678 1252 715; x_wconf 66' lang='lat' dir='ltr'><strong>Virginem</strong></span> <span class='ocrx_word' id='word_1_316' title='bbox 1280 680 1392 707; x_wconf 85' lang='lat' dir='ltr'><strong>Mariam</strong></span> <span class='ocrx_word' id='word_1_317' title='bbox 1418 680 1497 708; x_wconf 87' lang='lat' dir='ltr'><strong>titulo</strong></span> <span class='ocrx_word' id='word_1_318' title='bbox 1520 681 1643 716; x_wconf 83' lang='lat' dir='ltr'><strong>Deipam-</strong></span> <span class='ocrx_word' id='word_1_319' title='bbox 1665 681 1819 717; x_wconf 73' lang='grc' dir='ltr'><strong>(Θεοτόχος)</strong></span> 
     </span>
    </p>
   </div>
   <div class='ocr_carea' id='block_1_43' title="bbox 1027 724 1817 761">
    <p class='ocr_par' dir='ltr' id='par_1_43' title="bbox 1027 724 1817 761">
     <span class='ocr_line' id='line_1_43' title="bbox 1027 724 1817 761; baseline 0.004 -11"><span class='ocrx_word' id='word_1_320' title='bbox 1027 724 1172 759; x_wconf 85' lang='lat' dir='ltr'><strong>insigniat,</strong></span> <span class='ocrx_word' id='word_1_321' title='bbox 1188 726 1368 754; x_wconf 89' lang='lat' dir='ltr'><strong>nihilominus</strong></span> <span class='ocrx_word' id='word_1_322' title='bbox 1388 731 1479 754; x_wconf 91' lang='lat' dir='ltr'><strong>tamen</strong></span> <span class='ocrx_word' id='word_1_323' title='bbox 1498 727 1632 761; x_wconf 88' lang='lat' dir='ltr'><strong>ejusmodi</strong></span> <span class='ocrx_word' id='word_1_324' title='bbox 1642 727 1744 761; x_wconf 88' lang='lat' dir='ltr'><strong>passim</strong></span> <span class='ocrx_word' id='word_1_325' title='bbox 1762 728 1817 754; x_wconf 90' lang='lat' dir='ltr'><strong>uti-</strong></span> 
     </span>
    </p>
   </div>
   <div class='ocr_carea' id='block_1_44' title="bbox 1026 772 1818 809">
    <p class='ocr_par' dir='ltr' id='par_1_44' title="bbox 1026 772 1818 809">
     <span class='ocr_line' id='line_1_44' title="bbox 1026 772 1818 809; baseline 0.004 -11"><span class='ocrx_word' id='word_1_326' title='bbox 1026 775 1070 798; x_wconf 90' lang='lat' dir='ltr'><strong>tur</strong></span> <span class='ocrx_word' id='word_1_327' title='bbox 1099 772 1226 806; x_wconf 91' lang='lat' dir='ltr'><strong>loquendi</strong></span> <span class='ocrx_word' id='word_1_328' title='bbox 1253 773 1439 806; x_wconf 80' lang='lat' dir='ltr'><strong>t&#39;ormulis,ex</strong></span> <span class='ocrx_word' id='word_1_329' title='bbox 1463 774 1562 809; x_wconf 93' lang='lat' dir='ltr'><strong>quibus</strong></span> <span class='ocrx_word' id='word_1_330' title='bbox 1587 773 1646 800; x_wconf 88' lang='lat' dir='ltr'><strong>luce</strong></span> <span class='ocrx_word' id='word_1_331' title='bbox 1665 773 1818 801; x_wconf 84' lang='lat' dir='ltr'><strong>meridiana</strong></span> 
     </span>
    </p>
   </div>
   <div class='ocr_carea' id='block_1_45' title="bbox 1025 817 1817 855">
    <p class='ocr_par' dir='ltr' id='par_1_45' title="bbox 1025 817 1817 855">
     <span class='ocr_line' id='line_1_45' title="bbox 1025 817 1817 855; baseline 0.003 -11"><span class='ocrx_word' id='word_1_332' title='bbox 1025 817 1126 845; x_wconf 90' lang='lat' dir='ltr'><strong>clarius</strong></span> <span class='ocrx_word' id='word_1_333' title='bbox 1139 819 1268 853; x_wconf 81' lang='lat' dir='ltr'><strong>patescit,</strong></span> <span class='ocrx_word' id='word_1_334' title='bbox 1285 824 1409 847; x_wconf 90' lang='lat' dir='ltr'><strong>sanctum</strong></span> <span class='ocrx_word' id='word_1_335' title='bbox 1427 820 1583 855; x_wconf 87' lang='lat' dir='ltr'><strong>episcopum</strong></span> <span class='ocrx_word' id='word_1_336' title='bbox 1599 820 1706 847; x_wconf 85' lang='lat' dir='ltr'><strong>beatam</strong></span> <span class='ocrx_word' id='word_1_337' title='bbox 1724 819 1817 854; x_wconf 78' lang='lat' dir='ltr'><strong>Virgi-</strong></span> 
     </span>
    </p>
   </div>
   <div class='ocr_carea' id='block_1_46' title="bbox 1025 864 1818 899">
    <p class='ocr_par' dir='ltr' id='par_1_46' title="bbox 1025 864 1818 899">
     <span class='ocr_line' id='line_1_46' title="bbox 1025 864 1818 899; baseline 0.003 -9"><span class='ocrx_word' id='word_1_338' title='bbox 1025 871 1085 890; x_wconf 90' lang='lat' dir='ltr'><strong>nem</strong></span> <span class='ocrx_word' id='word_1_339' title='bbox 1098 869 1124 891; x_wconf 93' lang='lat' dir='ltr'><strong>ct</strong></span> <span class='ocrx_word' id='word_1_340' title='bbox 1141 864 1253 892; x_wconf 80' lang='lat' dir='ltr'><strong>Matrem</strong></span> <span class='ocrx_word' id='word_1_341' title='bbox 1270 865 1316 892; x_wconf 88' lang='lat' dir='ltr'><strong>Dei</strong></span> <span class='ocrx_word' id='word_1_342' title='bbox 1331 865 1492 899; x_wconf 89' lang='lat' dir='ltr'><strong>credidisse,</strong></span> <span class='ocrx_word' id='word_1_343' title='bbox 1508 871 1535 893; x_wconf 90' lang='lat' dir='ltr'><strong>et</strong></span> <span class='ocrx_word' id='word_1_344' title='bbox 1555 870 1584 893; x_wconf 92' lang='lat' dir='ltr'><strong>ut</strong></span> <span class='ocrx_word' id='word_1_345' title='bbox 1603 866 1685 893; x_wconf 86' lang='lat' dir='ltr'><strong>talem</strong></span> <span class='ocrx_word' id='word_1_346' title='bbox 1702 874 1818 893; x_wconf 83' lang='lat' dir='ltr'><strong>venera-</strong></span> 
     </span>
    </p>
   </div>
   <div class='ocr_carea' id='block_1_47' title="bbox 1024 910 1817 948">
    <p class='ocr_par' dir='ltr' id='par_1_47' title="bbox 1024 910 1817 948">
     <span class='ocr_line' id='line_1_47' title="bbox 1024 910 1817 948; baseline 0.004 -12"><span class='ocrx_word' id='word_1_347' title='bbox 1024 914 1080 937; x_wconf 91' lang='lat' dir='ltr'><strong>tum</strong></span> <span class='ocrx_word' id='word_1_348' title='bbox 1103 910 1196 938; x_wconf 86' lang='lat' dir='ltr'><strong>fuisse.</strong></span> <span class='ocrx_word' id='word_1_349' title='bbox 1219 911 1325 939; x_wconf 83' lang='lat' dir='ltr'><strong>Etenim</strong></span> <span class='ocrx_word' id='word_1_350' title='bbox 1347 913 1457 940; x_wconf 87' lang='lat' dir='ltr'><strong>disertis</strong></span> <span class='ocrx_word' id='word_1_351' title='bbox 1475 913 1565 940; x_wconf 84' lang='lat' dir='ltr'><strong>verbis</strong></span> <span class='ocrx_word' id='word_1_352' title='bbox 1585 913 1741 948; x_wconf 77' lang='lat' dir='ltr'><strong>profitetur,</strong></span> <span class='ocrx_word' id='word_1_353' title='bbox 1764 913 1817 939; x_wconf 80' lang='lat' dir='ltr'><strong>Ma-</strong></span> 
     </span>
    </p>
   </div>
   <div class='ocr_carea' id='block_1_48' title="bbox 1023 956 1819 995">
    <p class='ocr_par' dir='ltr' id='par_1_48' title="bbox 1023 956 1819 995">
     <span class='ocr_line' id='line_1_48' title="bbox 1023 956 1819 995; baseline 0.005 -12"><span class='ocrx_word' id='word_1_354' title='bbox 1023 957 1091 984; x_wconf 87' lang='lat' dir='ltr'><strong>riam</strong></span> <span class='ocrx_word' id='word_1_355' title='bbox 1112 956 1159 984; x_wconf 90' lang='lat' dir='ltr'><strong>Dei</strong></span> <span class='ocrx_word' id='word_1_356' title='bbox 1183 957 1302 986; x_wconf 83' lang='lat' dir='ltr'><strong>Verbum</strong></span> <span class='ocrx_word' id='word_1_357' title='bbox 1330 959 1356 986; x_wconf 92' lang='lat' dir='ltr'><strong>in</strong></span> <span class='ocrx_word' id='word_1_358' title='bbox 1381 964 1458 986; x_wconf 89' lang='lat' dir='ltr'><strong>utero</strong></span> <span class='ocrx_word' id='word_1_359' title='bbox 1482 964 1508 987; x_wconf 92' lang='lat' dir='ltr'><strong>et</strong></span> <span class='ocrx_word' id='word_1_360' title='bbox 1534 960 1692 994; x_wconf 85' lang='lat' dir='ltr'><strong>concepisse</strong></span> <span class='ocrx_word' id='word_1_361' title='bbox 1715 964 1743 987; x_wconf 86' lang='lat' dir='ltr'><strong>et</strong></span> <span class='ocrx_word' id='word_1_362' title='bbox 1770 968 1819 995; x_wconf 68' lang='lat' dir='ltr'><strong>ge-</strong></span> 
     </span>
    </p>
   </div>
   <div class='ocr_carea' id='block_1_49' title="bbox 1023 1004 1818 1039">
    <p class='ocr_par' dir='ltr' id='par_1_49' title="bbox 1023 1004 1818 1039">
     <span class='ocr_line' id='line_1_49' title="bbox 1023 1004 1818 1039; baseline 0.004 -9"><span class='ocrx_word' id='word_1_363' title='bbox 1023 1008 1111 1031; x_wconf 90' lang='lat' dir='ltr'><strong>stasse</strong></span> <span class='ocrx_word' id='word_1_364' title='bbox 1127 1005 1176 1039; x_wconf 68' lang='lat' dir='ltr'><strong>(l).</strong></span> <span class='ocrx_word' id='word_1_365' title='bbox 1193 1014 1202 1030; x_wconf 87' lang='grc'><strong>‹</strong></span> <span class='ocrx_word' id='word_1_366' title='bbox 1218 1004 1383 1033; x_wconf 81' lang='lat' dir='ltr'><strong>Salvatorem</strong></span> <span class='ocrx_word' id='word_1_367' title='bbox 1396 1014 1427 1033; x_wconf 83' lang='lat' dir='ltr'><strong>ex</strong></span> <span class='ocrx_word' id='word_1_368' title='bbox 1443 1014 1474 1034; x_wconf 88' lang='lat' dir='ltr'><strong>ea</strong></span> <span class='ocrx_word' id='word_1_369' title='bbox 1487 1011 1591 1039; x_wconf 88' lang='lat' dir='ltr'><strong>natum,</strong></span> <span class='ocrx_word' id='word_1_370' title='bbox 1603 1011 1630 1033; x_wconf 89' lang='lat' dir='ltr'><strong>et</strong></span> <span class='ocrx_word' id='word_1_371' title='bbox 1644 1006 1704 1034; x_wconf 69' lang='lat' dir='ltr'><strong>sine</strong></span> <span class='ocrx_word' id='word_1_372' title='bbox 1718 1006 1818 1034; x_wconf 77' lang='lat' dir='ltr'><strong>confu-</strong></span> 
     </span>
    </p>
   </div>
   <div class='ocr_carea' id='block_1_50' title="bbox 1022 1050 1813 1087">
    <p class='ocr_par' dir='ltr' id='par_1_50' title="bbox 1022 1050 1813 1087">
     <span class='ocr_line' id='line_1_50' title="bbox 1022 1050 1813 1087; baseline 0.004 -11"><span class='ocrx_word' id='word_1_373' title='bbox 1022 1050 1097 1076; x_wconf 83' lang='lat' dir='ltr'><strong>sione</strong></span> <span class='ocrx_word' id='word_1_374' title='bbox 1117 1050 1199 1077; x_wconf 90' lang='lat' dir='ltr'><strong>Deum</strong></span> <span class='ocrx_word' id='word_1_375' title='bbox 1219 1055 1246 1078; x_wconf 85' lang='lat' dir='ltr'><strong>et</strong></span> <span class='ocrx_word' id='word_1_376' title='bbox 1265 1051 1402 1078; x_wconf 91' lang='lat' dir='ltr'><strong>hominem</strong></span> <span class='ocrx_word' id='word_1_377' title='bbox 1419 1053 1471 1087; x_wconf 78' lang='lat'><strong>(5);</strong></span> <span class='ocrx_word' id='word_1_378' title='bbox 1491 1063 1500 1078; x_wconf 80' lang='grc' dir='ltr'><strong><em>ι</em></strong></span> <span class='ocrx_word' id='word_1_379' title='bbox 1521 1057 1602 1087; x_wconf 86' lang='lat' dir='ltr'><strong>atque</strong></span> <span class='ocrx_word' id='word_1_380' title='bbox 1619 1052 1713 1084; x_wconf 71' lang='lat' dir='ltr'><strong>Iesum</strong></span> <span class='ocrx_word' id='word_1_381' title='bbox 1733 1052 1813 1079; x_wconf 88' lang='lat' dir='ltr'><strong>Chri-</strong></span> 
     </span>
    </p>
   </div>
   <div class='ocr_carea' id='block_1_51' title="bbox 1021 1096 1641 1132">
    <p class='ocr_par' dir='ltr' id='par_1_51' title="bbox 1021 1096 1641 1132">
     <span class='ocr_line' id='line_1_51' title="bbox 1021 1096 1641 1132; baseline 0.006 -11"><span class='ocrx_word' id='word_1_382' title='bbox 1021 1100 1092 1122; x_wconf 91' lang='lat' dir='ltr'><strong>stum</strong></span> <span class='ocrx_word' id='word_1_383' title='bbox 1107 1103 1167 1123; x_wconf 91' lang='lat' dir='ltr'><strong>csse</strong></span> <span class='ocrx_word' id='word_1_384' title='bbox 1178 1104 1273 1125; x_wconf 88' lang='lat' dir='ltr'><strong>verum</strong></span> <span class='ocrx_word' id='word_1_385' title='bbox 1291 1096 1375 1124; x_wconf 88' lang='lat' dir='ltr'><strong>Deum</strong></span> <span class='ocrx_word' id='word_1_386' title='bbox 1391 1105 1423 1124; x_wconf 91' lang='lat' dir='ltr'><strong>ac</strong></span> <span class='ocrx_word' id='word_1_387' title='bbox 1436 1098 1573 1125; x_wconf 90' lang='lat' dir='ltr'><strong>hominem</strong></span> <span class='ocrx_word' id='word_1_388' title='bbox 1591 1097 1641 1132; x_wconf 83' lang='lat'><strong>(6).</strong></span> 
     </span>
    </p>
   </div>
   <div class='ocr_carea' id='block_1_52' title="bbox 1056 1140 1817 1176">
    <p class='ocr_par' dir='ltr' id='par_1_52' title="bbox 1056 1140 1817 1176">
     <span class='ocr_line' id='line_1_52' title="bbox 1056 1140 1817 1176; baseline 0.004 -10"><span class='ocrx_word' id='word_1_389' title='bbox 1056 1140 1128 1167; x_wconf 85' lang='lat' dir='ltr'><strong>Idem</strong></span> <span class='ocrx_word' id='word_1_390' title='bbox 1151 1148 1261 1176; x_wconf 88' lang='lat' dir='ltr'><strong>quoque</strong></span> <span class='ocrx_word' id='word_1_391' title='bbox 1284 1146 1396 1169; x_wconf 88' lang='lat' dir='ltr'><strong>sanctus</strong></span> <span class='ocrx_word' id='word_1_392' title='bbox 1415 1141 1494 1169; x_wconf 88' lang='lat' dir='ltr'><strong>Pater</strong></span> <span class='ocrx_word' id='word_1_393' title='bbox 1515 1142 1543 1169; x_wconf 95' lang='lat' dir='ltr'><strong>in</strong></span> <span class='ocrx_word' id='word_1_394' title='bbox 1569 1142 1727 1170; x_wconf 87' lang='lat' dir='ltr'><strong>beatissima</strong></span> <span class='ocrx_word' id='word_1_395' title='bbox 1752 1141 1817 1169; x_wconf 72' lang='lat' dir='ltr'><strong>\‘ir-</strong></span> 
     </span>
    </p>
   </div>
   <div class='ocr_carea' id='block_1_53' title="bbox 1021 1185 1817 1224">
    <p class='ocr_par' dir='ltr' id='par_1_53' title="bbox 1021 1185 1817 1224">
     <span class='ocr_line' id='line_1_53' title="bbox 1021 1185 1817 1224; baseline 0.004 -11"><span class='ocrx_word' id='word_1_396' title='bbox 1021 1186 1082 1221; x_wconf 76' lang='lat' dir='ltr'><strong>gine</strong></span> <span class='ocrx_word' id='word_1_397' title='bbox 1108 1185 1192 1213; x_wconf 85' lang='lat' dir='ltr'><strong>Maria</strong></span> <span class='ocrx_word' id='word_1_398' title='bbox 1220 1192 1378 1222; x_wconf 88' lang='lat' dir='ltr'><strong>perpetuam</strong></span> <span class='ocrx_word' id='word_1_399' title='bbox 1401 1187 1475 1216; x_wconf 92' lang='lat' dir='ltr'><strong>illius</strong></span> <span class='ocrx_word' id='word_1_400' title='bbox 1501 1188 1684 1223; x_wconf 78' lang='lat' dir='ltr'><strong>virginitatem</strong></span> <span class='ocrx_word' id='word_1_401' title='bbox 1706 1189 1817 1224; x_wconf 76' lang='lat' dir='ltr'><strong>egregie</strong></span> 
     </span>
    </p>
   </div>
   <div class='ocr_carea' id='block_1_54' title="bbox 1020 1233 1815 1264">
    <p class='ocr_par' dir='ltr' id='par_1_54' title="bbox 1020 1233 1815 1264">
     <span class='ocr_line' id='line_1_54' title="bbox 1020 1233 1815 1264; baseline 0.006 -6"><span class='ocrx_word' id='word_1_402' title='bbox 1020 1233 1206 1264; x_wconf 85' lang='lat' dir='ltr'><strong>commendat,</strong></span> <span class='ocrx_word' id='word_1_403' title='bbox 1222 1233 1286 1260; x_wconf 91' lang='lat' dir='ltr'><strong>dum</strong></span> <span class='ocrx_word' id='word_1_404' title='bbox 1306 1234 1342 1261; x_wconf 89' lang='lat' dir='ltr'><strong>ita</strong></span> <span class='ocrx_word' id='word_1_405' title='bbox 1358 1234 1473 1262; x_wconf 85' lang='lat' dir='ltr'><strong>scribit:</strong></span> <span class='ocrx_word' id='word_1_406' title='bbox 1495 1244 1505 1260; x_wconf 70' lang='grc' dir='ltr'><strong><em>ι</em></strong></span> <span class='ocrx_word' id='word_1_407' title='bbox 1524 1234 1721 1262; x_wconf 86' lang='lat' dir='ltr'><strong>Universorum</strong></span> <span class='ocrx_word' id='word_1_408' title='bbox 1748 1244 1815 1263; x_wconf 89' lang='lat' dir='ltr'><strong>con-</strong></span> 
     </span>
    </p>
   </div>
   <div class='ocr_carea' id='block_1_55' title="bbox 1019 1278 1815 1317">
    <p class='ocr_par' dir='ltr' id='par_1_55' title="bbox 1019 1278 1815 1317">
     <span class='ocr_line' id='line_1_55' title="bbox 1019 1278 1815 1317; baseline 0.006 -13"><span class='ocrx_word' id='word_1_409' title='bbox 1019 1278 1089 1305; x_wconf 90' lang='lat' dir='ltr'><strong>ditor</strong></span> <span class='ocrx_word' id='word_1_410' title='bbox 1101 1286 1134 1305; x_wconf 79' lang='lat' dir='ltr'><strong>ex</strong></span> <span class='ocrx_word' id='word_1_411' title='bbox 1153 1279 1325 1306; x_wconf 87' lang='lat' dir='ltr'><strong>sanctissima</strong></span> <span class='ocrx_word' id='word_1_412' title='bbox 1346 1288 1445 1314; x_wconf 74' lang='lat' dir='ltr'><strong>semper</strong></span> <span class='ocrx_word' id='word_1_413' title='bbox 1462 1280 1567 1316; x_wconf 79' lang='lat' dir='ltr'><strong>Virgine</strong></span> <span class='ocrx_word' id='word_1_414' title='bbox 1583 1281 1672 1308; x_wconf 80' lang='lat' dir='ltr'><strong>Maria</strong></span> <span class='ocrx_word' id='word_1_415' title='bbox 1688 1290 1735 1317; x_wconf 82' lang='lat' dir='ltr'><strong>per</strong></span> <span class='ocrx_word' id='word_1_416' title='bbox 1751 1291 1815 1309; x_wconf 80' lang='lat' dir='ltr'><strong>Con-</strong></span> 
     </span>
    </p>
   </div>
   <div class='ocr_carea' id='block_1_56' title="bbox 1020 1323 1815 1357">
    <p class='ocr_par' dir='ltr' id='par_1_56' title="bbox 1020 1323 1815 1357">
     <span class='ocr_line' id='line_1_56' title="bbox 1020 1323 1815 1357; baseline 0.008 -8"><span class='ocrx_word' id='word_1_417' title='bbox 1020 1323 1161 1357; x_wconf 75' lang='lat' dir='ltr'><strong>ceptionem</strong></span> <span class='ocrx_word' id='word_1_418' title='bbox 1174 1324 1351 1351; x_wconf 67' lang='lat' dir='ltr'><strong>inviolabilem</strong></span> <span class='ocrx_word' id='word_1_419' title='bbox 1368 1325 1426 1353; x_wconf 88' lang='lat' dir='ltr'><strong>sine</strong></span> <span class='ocrx_word' id='word_1_420' title='bbox 1440 1326 1669 1354; x_wconf 85' lang='lat' dir='ltr'><strong>conversibilitate</strong></span> <span class='ocrx_word' id='word_1_421' title='bbox 1682 1327 1815 1355; x_wconf 88' lang='lat' dir='ltr'><strong>substan-</strong></span> 
     </span>
    </p>
   </div>
   <div class='ocr_carea' id='block_1_57' title="bbox 1020 1368 1815 1401">
    <p class='ocr_par' dir='ltr' id='par_1_57' title="bbox 1020 1368 1815 1401">
     <span class='ocr_line' id='line_1_57' title="bbox 1020 1368 1815 1401; baseline 0.006 -6"><span class='ocrx_word' id='word_1_422' title='bbox 1020 1368 1091 1396; x_wconf 85' lang='lat' dir='ltr'><strong>tians</strong></span> <span class='ocrx_word' id='word_1_423' title='bbox 1105 1369 1214 1396; x_wconf 90' lang='lat' dir='ltr'><strong>sibimet</strong></span> <span class='ocrx_word' id='word_1_424' title='bbox 1230 1370 1349 1397; x_wconf 89' lang='lat' dir='ltr'><strong>animam</strong></span> <span class='ocrx_word' id='word_1_425' title='bbox 1370 1371 1577 1399; x_wconf 80' lang='lat' dir='ltr'><strong>intellectualem</strong></span> <span class='ocrx_word' id='word_1_426' title='bbox 1601 1380 1663 1400; x_wconf 94' lang='lat' dir='ltr'><strong>cum</strong></span> <span class='ocrx_word' id='word_1_427' title='bbox 1681 1374 1815 1401; x_wconf 79' lang='lat' dir='ltr'><strong>sensitive</strong></span> 
     </span>
    </p>
   </div>
   <div class='ocr_carea' id='block_1_58' title="bbox 1019 1416 1814 1454">
    <p class='ocr_par' dir='ltr' id='par_1_58' title="bbox 1019 1416 1814 1454">
     <span class='ocr_line' id='line_1_58' title="bbox 1019 1416 1814 1454; baseline 0.008 -13"><span class='ocrx_word' id='word_1_428' title='bbox 1019 1422 1142 1450; x_wconf 79' lang='lat' dir='ltr'><strong>corpore,</strong></span> <span class='ocrx_word' id='word_1_429' title='bbox 1152 1421 1250 1444; x_wconf 88' lang='lat' dir='ltr'><strong>natura</strong></span> <span class='ocrx_word' id='word_1_430' title='bbox 1273 1416 1360 1445; x_wconf 79' lang='lat' dir='ltr'><strong>factus</strong></span> <span class='ocrx_word' id='word_1_431' title='bbox 1381 1423 1422 1445; x_wconf 90' lang='lat' dir='ltr'><strong>est</strong></span> <span class='ocrx_word' id='word_1_432' title='bbox 1448 1419 1530 1445; x_wconf 85' lang='lat' dir='ltr'><strong>homo</strong></span> <span class='ocrx_word' id='word_1_433' title='bbox 1549 1418 1598 1454; x_wconf 88' lang='lat'><strong>(7).</strong></span> <span class='ocrx_word' id='word_1_434' title='bbox 1623 1428 1632 1444; x_wconf 74' lang='grc' dir='ltr'><strong><em>ι</em></strong></span> <span class='ocrx_word' id='word_1_435' title='bbox 1656 1418 1814 1454; x_wconf 46' lang='lat' dir='ltr'><strong>Sina-ulnis</strong></span> 
     </span>
    </p>
   </div>
   <div class='ocr_carea' id='block_1_59' title="bbox 1019 1461 1813 1500">
    <p class='ocr_par' dir='ltr' id='par_1_59' title="bbox 1019 1461 1813 1500">
     <span class='ocr_line' id='line_1_59' title="bbox 1019 1461 1813 1500; baseline 0.009 -13"><span class='ocrx_word' id='word_1_436' title='bbox 1019 1466 1108 1488; x_wconf 87' lang='lat' dir='ltr'><strong>autem</strong></span> <span class='ocrx_word' id='word_1_437' title='bbox 1127 1461 1155 1488; x_wconf 89' lang='lat' dir='ltr'><strong>S.</strong></span> <span class='ocrx_word' id='word_1_438' title='bbox 1173 1461 1308 1498; x_wconf 89' lang='lat' dir='ltr'><strong>Hippolyti</strong></span> <span class='ocrx_word' id='word_1_439' title='bbox 1322 1471 1384 1498; x_wconf 77' lang='lat' dir='ltr'><strong>erga</strong></span> <span class='ocrx_word' id='word_1_440' title='bbox 1403 1463 1544 1498; x_wconf 88' lang='lat' dir='ltr'><strong>Dciparam</strong></span> <span class='ocrx_word' id='word_1_441' title='bbox 1562 1465 1659 1500; x_wconf 87' lang='lat' dir='ltr'><strong>pictas,</strong></span> <span class='ocrx_word' id='word_1_442' title='bbox 1674 1473 1738 1500; x_wconf 72' lang='lat' dir='ltr'><strong>qutn</strong></span> <span class='ocrx_word' id='word_1_443' title='bbox 1755 1466 1813 1493; x_wconf 59' lang='lat' dir='ltr'><strong>hac.</strong></span> 
     </span>
    </p>
   </div>
   <div class='ocr_carea' id='block_1_60' title="bbox 1019 1507 1814 1547">
    <p class='ocr_par' dir='ltr' id='par_1_60' title="bbox 1019 1507 1814 1547">
     <span class='ocr_line' id='line_1_60' title="bbox 1019 1507 1814 1547; baseline 0.008 -14"><span class='ocrx_word' id='word_1_444' title='bbox 1019 1507 1147 1534; x_wconf 86' lang='lat' dir='ltr'><strong>redilario</strong></span> <span class='ocrx_word' id='word_1_445' title='bbox 1168 1508 1284 1542; x_wconf 87' lang='lat' dir='ltr'><strong>quodam</strong></span> <span class='ocrx_word' id='word_1_446' title='bbox 1304 1509 1366 1544; x_wconf 89' lang='lat' dir='ltr'><strong>jure</strong></span> <span class='ocrx_word' id='word_1_447' title='bbox 1384 1509 1434 1544; x_wconf 90' lang='lat' dir='ltr'><strong>ipsi</strong></span> <span class='ocrx_word' id='word_1_448' title='bbox 1458 1510 1556 1543; x_wconf 85' lang='lat' dir='ltr'><strong>cessit,</strong></span> <span class='ocrx_word' id='word_1_449' title='bbox 1574 1519 1669 1545; x_wconf 63' lang='lat' dir='ltr'><strong>quieve</strong></span> <span class='ocrx_word' id='word_1_450' title='bbox 1689 1519 1722 1539; x_wconf 79' lang='lat' dir='ltr'><strong>ex</strong></span> <span class='ocrx_word' id='word_1_451' title='bbox 1746 1520 1814 1547; x_wconf 85' lang='lat' dir='ltr'><strong>apo-</strong></span> 
     </span>
    </p>
   </div>
   <div class='ocr_carea' id='block_1_61' title="bbox 176 1551 1814 1592">
    <p class='ocr_par' dir='ltr' id='par_1_61' title="bbox 176 1551 1814 1592">
     <span class='ocr_line' id='line_1_61' title="bbox 176 1551 1814 1592; baseline 0.002 -11"><span class='ocrx_word' id='word_1_452' title='bbox 176 1562 209 1582; x_wconf 86' lang='lat' dir='ltr'><strong>ac</strong></span> <span class='ocrx_word' id='word_1_453' title='bbox 223 1562 313 1589; x_wconf 75' lang='lat' dir='ltr'><strong>regem</strong></span> <span class='ocrx_word' id='word_1_454' title='bbox 326 1553 447 1581; x_wconf 94' lang='lat' dir='ltr'><strong>omnium</strong></span> <span class='ocrx_word' id='word_1_455' title='bbox 466 1556 652 1579; x_wconf 83' lang='lat' dir='ltr'><strong>creaturarum</strong></span> <span class='ocrx_word' id='word_1_456' title='bbox 674 1551 700 1578; x_wconf 91' lang='lat' dir='ltr'><strong>in</strong></span> <span class='ocrx_word' id='word_1_457' title='bbox 720 1552 813 1583; x_wconf 71' lang='lat' dir='ltr'><strong>caelis,</strong></span> <span class='ocrx_word' id='word_1_458' title='bbox 839 1553 866 1578; x_wconf 94' lang='lat' dir='ltr'><strong>in</strong></span> <span class='ocrx_word' id='word_1_459' title='bbox 889 1553 967 1580; x_wconf 87' lang='lat' dir='ltr'><strong>terris</strong></span> <span class='ocrx_word' id='word_1_460' title='bbox 981 1562 1002 1591; x_wconf 71' lang='grc' dir='ltr'><strong>ρ</strong></span> <span class='ocrx_word' id='word_1_461' title='bbox 1018 1553 1088 1581; x_wconf 85' lang='lat' dir='ltr'><strong>stole</strong></span> <span class='ocrx_word' id='word_1_462' title='bbox 1107 1552 1211 1581; x_wconf 85' lang='lat' dir='ltr'><strong>Joanne</strong></span> <span class='ocrx_word' id='word_1_463' title='bbox 1233 1554 1260 1581; x_wconf 94' lang='lat' dir='ltr'><strong>in</strong></span> <span class='ocrx_word' id='word_1_464' title='bbox 1278 1554 1474 1590; x_wconf 87' lang='lat' dir='ltr'><strong>Polycarpum,</strong></span> <span class='ocrx_word' id='word_1_465' title='bbox 1492 1563 1523 1583; x_wconf 80' lang='lat' dir='ltr'><strong>ex</strong></span> <span class='ocrx_word' id='word_1_466' title='bbox 1543 1555 1696 1592; x_wconf 79' lang='lat' dir='ltr'><strong>Polycarpo</strong></span> <span class='ocrx_word' id='word_1_467' title='bbox 1711 1557 1738 1584; x_wconf 94' lang='lat' dir='ltr'><strong>in</strong></span> <span class='ocrx_word' id='word_1_468' title='bbox 1756 1558 1814 1585; x_wconf 92' lang='lat' dir='ltr'><strong>lre—</strong></span> 
     </span>
    </p>
   </div>
   <div class='ocr_carea' id='block_1_62' title="bbox 175 1596 967 1634">
    <p class='ocr_par' dir='ltr' id='par_1_62' title="bbox 175 1596 967 1634">
     <span class='ocr_line' id='line_1_62' title="bbox 175 1596 967 1634; baseline -0.006 -5"><span class='ocrx_word' id='word_1_469' title='bbox 175 1607 202 1629; x_wconf 84' lang='lat' dir='ltr'><strong>ct</strong></span> <span class='ocrx_word' id='word_1_470' title='bbox 219 1602 246 1628; x_wconf 89' lang='lat' dir='ltr'><strong>in</strong></span> <span class='ocrx_word' id='word_1_471' title='bbox 265 1600 380 1632; x_wconf 78' lang='lat' dir='ltr'><strong>inferis;</strong></span> <span class='ocrx_word' id='word_1_472' title='bbox 405 1598 477 1634; x_wconf 86' lang='lat' dir='ltr'><strong>quod</strong></span> <span class='ocrx_word' id='word_1_473' title='bbox 495 1598 622 1625; x_wconf 72' lang='lat' dir='ltr'><strong>voluntas</strong></span> <span class='ocrx_word' id='word_1_474' title='bbox 640 1596 728 1624; x_wconf 54' lang='lat' dir='ltr'><strong>Patvis</strong></span> <span class='ocrx_word' id='word_1_475' title='bbox 755 1598 791 1624; x_wconf 91' lang='lat' dir='ltr'><strong>sit</strong></span> <span class='ocrx_word' id='word_1_476' title='bbox 815 1597 872 1632; x_wconf 86' lang='lat' dir='ltr'><strong>ipse</strong></span> <span class='ocrx_word' id='word_1_477' title='bbox 887 1597 967 1625; x_wconf 89' lang='lat' dir='ltr'><strong>Chri-</strong></span> 
     </span>
    </p>
   </div>
   <div class='ocr_carea' id='block_1_63' title="bbox 175 1643 968 1682">
    <p class='ocr_par' dir='ltr' id='par_1_63' title="bbox 175 1643 968 1682">
     <span class='ocr_line' id='line_1_63' title="bbox 175 1643 968 1682; baseline -0.005 -6"><span class='ocrx_word' id='word_1_478' title='bbox 175 1654 234 1676; x_wconf 85' lang='lat' dir='ltr'><strong>stus</strong></span> <span class='ocrx_word' id='word_1_479' title='bbox 248 1649 297 1682; x_wconf 91' lang='lat' dir='ltr'><strong>(l).</strong></span> <span class='ocrx_word' id='word_1_480' title='bbox 318 1646 385 1673; x_wconf 91' lang='lat' dir='ltr'><strong>Dum</strong></span> <span class='ocrx_word' id='word_1_481' title='bbox 402 1653 466 1672; x_wconf 86' lang='lat' dir='ltr'><strong>vero</strong></span> <span class='ocrx_word' id='word_1_482' title='bbox 479 1645 512 1671; x_wconf 86' lang='lat' dir='ltr'><strong>de</strong></span> <span class='ocrx_word' id='word_1_483' title='bbox 531 1643 591 1670; x_wconf 87' lang='lat' dir='ltr'><strong>Filii</strong></span> <span class='ocrx_word' id='word_1_484' title='bbox 607 1643 748 1678; x_wconf 88' lang='lat' dir='ltr'><strong>temporali</strong></span> <span class='ocrx_word' id='word_1_485' title='bbox 766 1643 905 1671; x_wconf 87' lang='lat' dir='ltr'><strong>nativitate</strong></span> <span class='ocrx_word' id='word_1_486' title='bbox 926 1644 968 1672; x_wconf 91' lang='lat' dir='ltr'><strong>lo-</strong></span> 
     </span>
    </p>
   </div>
   <div class='ocr_carea' id='block_1_64' title="bbox 175 1689 966 1729">
    <p class='ocr_par' dir='ltr' id='par_1_64' title="bbox 175 1689 966 1729">
     <span class='ocr_line' id='line_1_64' title="bbox 175 1689 966 1729; baseline -0.004 -8"><span class='ocrx_word' id='word_1_487' title='bbox 175 1695 279 1729; x_wconf 83' lang='lat' dir='ltr'><strong>quitur,</strong></span> <span class='ocrx_word' id='word_1_488' title='bbox 300 1694 326 1719; x_wconf 92' lang='lat' dir='ltr'><strong>in</strong></span> <span class='ocrx_word' id='word_1_489' title='bbox 340 1691 523 1726; x_wconf 85' lang='lat' dir='ltr'><strong>suspicionem</strong></span> <span class='ocrx_word' id='word_1_490' title='bbox 537 1690 610 1717; x_wconf 82' lang='lat' dir='ltr'><strong>venit</strong></span> <span class='ocrx_word' id='word_1_491' title='bbox 629 1689 657 1716; x_wconf 87' lang='lat' dir='ltr'><strong>S.</strong></span> <span class='ocrx_word' id='word_1_492' title='bbox 674 1689 820 1724; x_wconf 89' lang='lat' dir='ltr'><strong>episcopus</strong></span> <span class='ocrx_word' id='word_1_493' title='bbox 832 1689 966 1718; x_wconf 87' lang='lat' dir='ltr'><strong>Portuen-</strong></span> 
     </span>
    </p>
   </div>
   <div class='ocr_carea' id='block_1_65' title="bbox 176 1735 965 1774">
    <p class='ocr_par' dir='ltr' id='par_1_65' title="bbox 176 1735 965 1774">
     <span class='ocr_line' id='line_1_65' title="bbox 176 1735 965 1774; baseline -0.004 -7"><span class='ocrx_word' id='word_1_494' title='bbox 176 1741 231 1773; x_wconf 83' lang='lat' dir='ltr'><strong>sis,</strong></span> <span class='ocrx_word' id='word_1_495' title='bbox 247 1739 325 1774; x_wconf 89' lang='lat' dir='ltr'><strong>quasi</strong></span> <span class='ocrx_word' id='word_1_496' title='bbox 339 1745 439 1773; x_wconf 77' lang='lat' dir='ltr'><strong>negare</strong></span> <span class='ocrx_word' id='word_1_497' title='bbox 455 1737 586 1764; x_wconf 87' lang='lat' dir='ltr'><strong>voluisset</strong></span> <span class='ocrx_word' id='word_1_498' title='bbox 598 1735 737 1763; x_wconf 84' lang='lat' dir='ltr'><strong>Christum</strong></span> <span class='ocrx_word' id='word_1_499' title='bbox 752 1735 851 1763; x_wconf 85' lang='lat' dir='ltr'><strong>Filium</strong></span> <span class='ocrx_word' id='word_1_500' title='bbox 870 1736 917 1764; x_wconf 88' lang='lat' dir='ltr'><strong>Dei</strong></span> <span class='ocrx_word' id='word_1_501' title='bbox 932 1745 965 1764; x_wconf 83' lang='lat' dir='ltr'><strong>ex</strong></span> 
     </span>
    </p>
   </div>
   <div class='ocr_carea' id='block_1_66' title="bbox 175 1781 966 1816">
    <p class='ocr_par' dir='ltr' id='par_1_66' title="bbox 175 1781 966 1816">
     <span class='ocr_line' id='line_1_66' title="bbox 175 1781 966 1816; baseline -0.003 -4"><span class='ocrx_word' id='word_1_502' title='bbox 175 1785 260 1812; x_wconf 78' lang='lat' dir='ltr'><strong>David</strong></span> <span class='ocrx_word' id='word_1_503' title='bbox 282 1783 464 1815; x_wconf 88' lang='lat' dir='ltr'><strong>descendisse,</strong></span> <span class='ocrx_word' id='word_1_504' title='bbox 482 1782 597 1816; x_wconf 75' lang='lat' dir='ltr'><strong>ejusque</strong></span> <span class='ocrx_word' id='word_1_505' title='bbox 615 1789 648 1808; x_wconf 75' lang='lat' dir='ltr'><strong>ex</strong></span> <span class='ocrx_word' id='word_1_506' title='bbox 665 1781 770 1809; x_wconf 89' lang='lat' dir='ltr'><strong>semine</strong></span> <span class='ocrx_word' id='word_1_507' title='bbox 788 1781 907 1814; x_wconf 82' lang='lat' dir='ltr'><strong>factum;</strong></span> <span class='ocrx_word' id='word_1_508' title='bbox 927 1783 966 1810; x_wconf 90' lang='lat' dir='ltr'><strong>ait</strong></span> 
     </span>
    </p>
   </div>
   <div class='ocr_carea' id='block_1_67' title="bbox 175 1828 963 1865">
    <p class='ocr_par' dir='ltr' id='par_1_67' title="bbox 175 1828 963 1865">
     <span class='ocr_line' id='line_1_67' title="bbox 175 1828 963 1865; baseline -0.004 -6"><span class='ocrx_word' id='word_1_509' title='bbox 175 1832 248 1859; x_wconf 90' lang='lat' dir='ltr'><strong>enim</strong></span> <span class='ocrx_word' id='word_1_510' title='bbox 274 1830 313 1865; x_wconf 74' lang='grc' dir='ltr'>(ξ’.)</span> <span class='ocrx_word' id='word_1_511' title='bbox 337 1839 343 1855; x_wconf 89' lang='lat'><strong>:</strong></span> <span class='ocrx_word' id='word_1_512' title='bbox 369 1839 379 1856; x_wconf 87' lang='grc'><em>‹</em></span> <span class='ocrx_word' id='word_1_513' title='bbox 401 1829 526 1857; x_wconf 80' lang='lat' dir='ltr'><strong>Catulum</strong></span> <span class='ocrx_word' id='word_1_514' title='bbox 554 1828 641 1855; x_wconf 88' lang='lat' dir='ltr'><strong>leonis</strong></span> <span class='ocrx_word' id='word_1_515' title='bbox 659 1828 767 1856; x_wconf 85' lang='lat' dir='ltr'><strong>vocavit</strong></span> <span class='ocrx_word' id='word_1_516' title='bbox 784 1829 914 1863; x_wconf 84' lang='lat' dir='ltr'><strong>propheta</strong></span> <span class='ocrx_word' id='word_1_517' title='bbox 931 1831 963 1864; x_wconf 86' lang='lat'><strong>“,</strong></span> 
     </span>
    </p>
   </div>
   <div class='ocr_carea' id='block_1_68' title="bbox 175 1873 963 1913">
    <p class='ocr_par' dir='ltr' id='par_1_68' title="bbox 175 1873 963 1913">
     <span class='ocr_line' id='line_1_68' title="bbox 175 1873 963 1913; baseline -0.001 -9"><span class='ocrx_word' id='word_1_518' title='bbox 175 1878 221 1913; x_wconf 89' lang='lat' dir='ltr'><strong>qui</strong></span> <span class='ocrx_word' id='word_1_519' title='bbox 233 1885 266 1904; x_wconf 78' lang='lat' dir='ltr'><strong>ex</strong></span> <span class='ocrx_word' id='word_1_520' title='bbox 281 1875 350 1903; x_wconf 80' lang='lat' dir='ltr'><strong>Juda</strong></span> <span class='ocrx_word' id='word_1_521' title='bbox 367 1880 393 1903; x_wconf 82' lang='lat' dir='ltr'><strong>et</strong></span> <span class='ocrx_word' id='word_1_522' title='bbox 409 1875 510 1902; x_wconf 84' lang='lat' dir='ltr'><strong>Davide</strong></span> <span class='ocrx_word' id='word_1_523' title='bbox 525 1873 674 1901; x_wconf 88' lang='lat' dir='ltr'><strong>secundum</strong></span> <span class='ocrx_word' id='word_1_524' title='bbox 689 1881 802 1901; x_wconf 88' lang='lat' dir='ltr'><strong>carnem</strong></span> <span class='ocrx_word' id='word_1_525' title='bbox 814 1873 902 1902; x_wconf 82' lang='lat' dir='ltr'><strong>factus</strong></span> <span class='ocrx_word' id='word_1_526' title='bbox 912 1879 963 1908; x_wconf 86' lang='lat' dir='ltr'><strong>est,</strong></span> 
     </span>
    </p>
   </div>
   <div class='ocr_carea' id='block_1_69' title="bbox 175 1919 965 1958">
    <p class='ocr_par' dir='ltr' id='par_1_69' title="bbox 175 1919 965 1958">
     <span class='ocr_line' id='line_1_69' title="bbox 175 1919 965 1958; baseline -0.001 -8"><span class='ocrx_word' id='word_1_527' title='bbox 175 1931 229 1950; x_wconf 93' lang='lat' dir='ltr'><strong>non</strong></span> <span class='ocrx_word' id='word_1_528' title='bbox 244 1923 353 1958; x_wconf 89' lang='lat' dir='ltr'><strong>quidem</strong></span> <span class='ocrx_word' id='word_1_529' title='bbox 368 1929 401 1949; x_wconf 80' lang='lat' dir='ltr'><strong>ex</strong></span> <span class='ocrx_word' id='word_1_530' title='bbox 416 1920 526 1948; x_wconf 85' lang='lat' dir='ltr'><strong>Davidis</strong></span> <span class='ocrx_word' id='word_1_531' title='bbox 545 1919 646 1946; x_wconf 83' lang='lat' dir='ltr'><strong>factum</strong></span> <span class='ocrx_word' id='word_1_532' title='bbox 665 1921 768 1947; x_wconf 88' lang='lat' dir='ltr'><strong>semine</strong></span> <span class='ocrx_word' id='word_1_533' title='bbox 778 1942 785 1954; x_wconf 91' lang='lat'><strong>,</strong></span> <span class='ocrx_word' id='word_1_534' title='bbox 799 1920 845 1948; x_wconf 91' lang='lat' dir='ltr'><strong>sed</strong></span> <span class='ocrx_word' id='word_1_535' title='bbox 867 1921 913 1956; x_wconf 90' lang='lat' dir='ltr'><strong>qui</strong></span> <span class='ocrx_word' id='word_1_536' title='bbox 931 1922 965 1949; x_wconf 85' lang='lat' dir='ltr'><strong>de</strong></span> 
     </span>
    </p>
   </div>
   <div class='ocr_carea' id='block_1_70' title="bbox 175 1967 964 2005">
    <p class='ocr_par' dir='ltr' id='par_1_70' title="bbox 175 1967 964 2005">
     <span class='ocr_line' id='line_1_70' title="bbox 175 1967 964 2005; baseline -0.001 -8"><span class='ocrx_word' id='word_1_537' title='bbox 175 1970 279 2005; x_wconf 90' lang='lat' dir='ltr'><strong>Spiritu</strong></span> <span class='ocrx_word' id='word_1_538' title='bbox 301 1973 396 1996; x_wconf 85' lang='lat' dir='ltr'><strong>sancto</strong></span> <span class='ocrx_word' id='word_1_539' title='bbox 409 1967 589 2002; x_wconf 83' lang='lat' dir='ltr'><strong>concipiatur,</strong></span> <span class='ocrx_word' id='word_1_540' title='bbox 603 1970 630 1994; x_wconf 82' lang='lat' dir='ltr'><strong>et</strong></span> <span class='ocrx_word' id='word_1_541' title='bbox 647 1974 680 1994; x_wconf 78' lang='lat' dir='ltr'><strong>ex</strong></span> <span class='ocrx_word' id='word_1_542' title='bbox 700 1972 794 1994; x_wconf 87' lang='lat' dir='ltr'><strong>saneto</strong></span> <span class='ocrx_word' id='word_1_543' title='bbox 812 1969 932 2003; x_wconf 74' lang='lat' dir='ltr'><strong>germine</strong></span> <span class='ocrx_word' id='word_1_544' title='bbox 949 1976 964 1996; x_wconf 82' lang='lat' dir='ltr'><strong>e</strong></span> 
     </span>
    </p>
   </div>
   <div class='ocr_carea' id='block_1_71' title="bbox 175 2013 963 2052">
    <p class='ocr_par' dir='ltr' id='par_1_71' title="bbox 175 2013 963 2052">
     <span class='ocr_line' id='line_1_71' title="bbox 175 2013 963 2052; baseline -0.001 -8"><span class='ocrx_word' id='word_1_545' title='bbox 175 2021 246 2044; x_wconf 87' lang='lat' dir='ltr'><strong>terra</strong></span> <span class='ocrx_word' id='word_1_546' title='bbox 268 2016 436 2052; x_wconf 84' lang='lat' dir='ltr'><strong>procederet.</strong></span> <span class='ocrx_word' id='word_1_547' title='bbox 455 2024 464 2040; x_wconf 74' lang='grc' dir='ltr'><em>ι</em></span> <span class='ocrx_word' id='word_1_548' title='bbox 483 2014 594 2046; x_wconf 75' lang='lat' dir='ltr'><strong>Verum,</strong></span> <span class='ocrx_word' id='word_1_549' title='bbox 609 2018 638 2041; x_wconf 89' lang='lat' dir='ltr'><strong>ut</strong></span> <span class='ocrx_word' id='word_1_550' title='bbox 657 2013 757 2048; x_wconf 85' lang='lat' dir='ltr'><strong>optime</strong></span> <span class='ocrx_word' id='word_1_551' title='bbox 776 2013 963 2043; x_wconf 88' lang='lat' dir='ltr'><strong>Tillemontius</strong></span> 
     </span>
    </p>
   </div>
   <div class='ocr_carea' id='block_1_72' title="bbox 210 2060 449 2094">
    <p class='ocr_par' dir='ltr' id='par_1_72' title="bbox 210 2060 449 2094">
     <span class='ocr_line' id='line_1_72' title="bbox 210 2060 449 2094; baseline -0.013 -5"><span class='ocrx_word' id='word_1_552' title='bbox 210 2062 232 2078; x_wconf 85' lang='lat'>“</span> <span class='ocrx_word' id='word_1_553' title='bbox 246 2061 315 2089; x_wconf 82' lang='lat' dir='ltr'><strong>Gen.</strong></span> <span class='ocrx_word' id='word_1_554' title='bbox 333 2069 408 2094; x_wconf 52' lang='grc' dir='ltr'>ηιξ,</span> <span class='ocrx_word' id='word_1_555' title='bbox 422 2060 449 2086; x_wconf 90' lang='lat'><strong>9.</strong></span> 
     </span>
    </p>
   </div>
   <div class='ocr_carea' id='block_1_73' title="bbox 209 2103 855 2142">
    <p class='ocr_par' dir='ltr' id='par_1_73' title="bbox 209 2103 855 2142">
     <span class='ocr_line' id='line_1_73' title="bbox 209 2103 855 2142; baseline -0.005 -8"><span class='ocrx_word' id='word_1_556' title='bbox 209 2108 266 2142; x_wconf 81' lang='lat' dir='ltr'><strong>(9i)</strong></span> <span class='ocrx_word' id='word_1_557' title='bbox 287 2106 316 2134; x_wconf 89' lang='lat' dir='ltr'><strong>S.</strong></span> <span class='ocrx_word' id='word_1_558' title='bbox 333 2105 482 2141; x_wconf 84' lang='lat' dir='ltr'><strong>Hippolyt.,</strong></span> <span class='ocrx_word' id='word_1_559' title='bbox 499 2103 702 2142; x_wconf 73' lang='lat' dir='ltr'><strong>Contrq_1\&#39;oet.,</strong></span> <span class='ocrx_word' id='word_1_560' title='bbox 719 2112 795 2142; x_wconf 82' lang='lat' dir='ltr'><strong>num.</strong></span> <span class='ocrx_word' id='word_1_561' title='bbox 813 2104 855 2131; x_wconf 79' lang='lat' dir='ltr'><strong>l7.</strong></span> 
     </span>
    </p>
   </div>
   <div class='ocr_carea' id='block_1_74' title="bbox 207 2140 770 2177">
    <p class='ocr_par' dir='ltr' id='par_1_74' title="bbox 207 2140 770 2177">
     <span class='ocr_line' id='line_1_74' title="bbox 207 2140 770 2177; baseline -0.007 -7"><span class='ocrx_word' id='word_1_562' title='bbox 207 2140 266 2177; x_wconf 79' lang='lat'><strong>(9‘2)</strong></span> <span class='ocrx_word' id='word_1_563' title='bbox 288 2142 371 2175; x_wconf 84' lang='lat' dir='ltr'><strong>idem,</strong></span> <span class='ocrx_word' id='word_1_564' title='bbox 385 2142 463 2177; x_wconf 73' lang='lat' dir='ltr'><strong>ibid.,</strong></span> <span class='ocrx_word' id='word_1_565' title='bbox 477 2148 553 2166; x_wconf 88' lang='lat' dir='ltr'><strong>num.</strong></span> <span class='ocrx_word' id='word_1_566' title='bbox 574 2140 604 2177; x_wconf 61' lang='lat' dir='ltr'><strong>lii</strong></span> <span class='ocrx_word' id='word_1_567' title='bbox 618 2144 728 2167; x_wconf 87' lang='lat' dir='ltr'><strong>etnum.</strong></span> <span class='ocrx_word' id='word_1_568' title='bbox 744 2140 770 2166; x_wconf 80' lang='grc'><em>4.</em></span> 
     </span>
    </p>
   </div>
   <div class='ocr_carea' id='block_1_75' title="bbox 223 2175 608 2213">
    <p class='ocr_par' dir='ltr' id='par_1_75' title="bbox 223 2175 608 2213">
     <span class='ocr_line' id='line_1_75' title="bbox 223 2175 608 2213; baseline -0.013 -7"><span class='ocrx_word' id='word_1_569' title='bbox 223 2179 268 2213; x_wconf 82' lang='grc'><strong>95)</strong></span> <span class='ocrx_word' id='word_1_570' title='bbox 285 2177 358 2205; x_wconf 88' lang='lat' dir='ltr'><strong>ldem</strong></span> <span class='ocrx_word' id='word_1_571' title='bbox 372 2197 380 2210; x_wconf 85' lang='lat'><strong>,</strong></span> <span class='ocrx_word' id='word_1_572' title='bbox 393 2176 472 2213; x_wconf 83' lang='lat' dir='ltr'><strong>ibid.,</strong></span> <span class='ocrx_word' id='word_1_573' title='bbox 488 2175 608 2213; x_wconf 55' lang='lat' dir='ltr'><strong>num._§_.</strong></span> 
     </span>
    </p>
   </div>
   <div class='ocr_carea' id='block_1_76' title="bbox 207 2180 612 2249">
    <p class='ocr_par' dir='ltr' id='par_1_76' title="bbox 207 2180 612 2249">
     <span class='ocr_line' id='line_1_76' title="bbox 223 2180 608 2213; baseline -0.013 -7"><span class='ocrx_word' id='word_1_574' title='bbox 223 2180 268 2213; x_wconf 82' lang='grc'><strong>95)</strong></span> <span class='ocrx_word' id='word_1_575' title='bbox 285 2180 358 2205; x_wconf 87' lang='lat' dir='ltr'><strong>Idem</strong></span> <span class='ocrx_word' id='word_1_576' title='bbox 372 2197 380 2210; x_wconf 85' lang='lat'><strong>,</strong></span> <span class='ocrx_word' id='word_1_577' title='bbox 393 2180 472 2208; x_wconf 60' lang='lat' dir='ltr'><strong>ibim,</strong></span> <span class='ocrx_word' id='word_1_578' title='bbox 488 2183 565 2202; x_wconf 93' lang='lat' dir='ltr'><strong>num.</strong></span> <span class='ocrx_word' id='word_1_579' title='bbox 581 2180 608 2201; x_wconf 66' lang='grc'><em>4.</em></span> 
     </span>
     <span class='ocr_line' id='line_1_77' title="bbox 207 2180 612 2249; baseline -0.015 -8"><span class='ocrx_word' id='word_1_580' title='bbox 207 2180 265 2249; x_wconf 55' lang='grc'>(94)</span> <span class='ocrx_word' id='word_1_581' title='bbox 284 2213 367 2249; x_wconf 68' lang='lat' dir='ltr'><strong>ldet’n.</strong></span> <span class='ocrx_word' id='word_1_582' title='bbox 381 2212 458 2243; x_wconf 77' lang='lat' dir='ltr'><strong>ibid.,</strong></span> <span class='ocrx_word' id='word_1_583' title='bbox 477 2218 553 2249; x_wconf 78' lang='lat' dir='ltr'><strong>nunt.</strong></span> <span class='ocrx_word' id='word_1_584' title='bbox 569 2210 612 2237; x_wconf 74' lang='grc'><strong>15.</strong></span> 
     </span>
    </p>
   </div>
   <div class='ocr_carea' id='block_1_77' title="bbox 208 2217 958 2285">
    <p class='ocr_par' dir='ltr' id='par_1_77' title="bbox 208 2217 958 2285">
     <span class='ocr_line' id='line_1_78' title="bbox 208 2217 612 2249; baseline -0.012 -8"><span class='ocrx_word' id='word_1_585' title='bbox 208 2217 253 2249; x_wconf 70' lang='grc'>(94</span> <span class='ocrx_word' id='word_1_586' title='bbox 284 2217 367 2242; x_wconf 83' lang='lat' dir='ltr'><strong>Idem.</strong></span> <span class='ocrx_word' id='word_1_587' title='bbox 381 2217 458 2243; x_wconf 62' lang='lat' dir='ltr'><strong>inut,</strong></span> <span class='ocrx_word' id='word_1_588' title='bbox 477 2218 553 2237; x_wconf 89' lang='lat' dir='ltr'><strong>nmn.</strong></span> <span class='ocrx_word' id='word_1_589' title='bbox 569 2217 612 2237; x_wconf 66' lang='grc' dir='ltr'><strong>ιθ.</strong></span> 
     </span>
     <span class='ocr_line' id='line_1_79' title="bbox 208 2217 958 2285; baseline -0.005 -9"><span class='ocrx_word' id='word_1_590' title='bbox 208 2217 265 2285; x_wconf 57' lang='grc'>(95)</span> <span class='ocrx_word' id='word_1_591' title='bbox 288 2247 423 2285; x_wconf 24' lang='grc' dir='ltr'><strong>«μοιιιῃεε</strong></span> <span class='ocrx_word' id='word_1_592' title='bbox 440 2246 520 2285; x_wconf 76' lang='lat' dir='ltr'><strong>_vul_t._</strong></span> <span class='ocrx_word' id='word_1_593' title='bbox 540 2253 635 2272; x_wconf 90' lang='lat' dir='ltr'><strong>omnes</strong></span> <span class='ocrx_word' id='word_1_594' title='bbox 653 2244 760 2285; x_wconf 68' lang='lat' dir='ltr'><strong>salvare</strong></span> <span class='ocrx_word' id='word_1_595' title='bbox 783 2244 927 2272; x_wconf 87' lang='lat' dir='ltr'><strong>desiderat.</strong></span> <span class='ocrx_word' id='word_1_596' title='bbox 948 2254 958 2271; x_wconf 72' lang='grc' dir='ltr'>ι</span> 
     </span>
    </p>
   </div>
   <div class='ocr_carea' id='block_1_78' title="bbox 172 2280 678 2319">
    <p class='ocr_par' dir='ltr' id='par_1_78' title="bbox 172 2280 678 2319">
     <span class='ocr_line' id='line_1_80' title="bbox 172 2280 678 2319; baseline -0.014 -6"><span class='ocrx_word' id='word_1_597' title='bbox 172 2284 202 2313; x_wconf 84' lang='lat' dir='ltr'><strong>S.</strong></span> <span class='ocrx_word' id='word_1_598' title='bbox 213 2280 364 2319; x_wconf 39' lang='lat' dir='ltr'><strong>&#39;liippolyt”</strong></span> <span class='ocrx_word' id='word_1_599' title='bbox 380 2283 416 2308; x_wconf 89' lang='lat' dir='ltr'><strong>De</strong></span> <span class='ocrx_word' id='word_1_600' title='bbox 428 2281 548 2319; x_wconf 40' lang='lat' dir='ltr'><strong>Amida,</strong></span> <span class='ocrx_word' id='word_1_601' title='bbox 558 2288 637 2319; x_wconf 71' lang='lat' dir='ltr'><strong>num.</strong></span> <span class='ocrx_word' id='word_1_602' title='bbox 653 2280 678 2307; x_wconf 81' lang='grc'><em>5.</em></span> 
     </span>
    </p>
   </div>
   <div class='ocr_carea' id='block_1_79' title="bbox 208 2315 960 2354">
    <p class='ocr_par' dir='ltr' id='par_1_79' title="bbox 208 2315 960 2354">
     <span class='ocr_line' id='line_1_81' title="bbox 208 2315 960 2354; baseline -0.009 -7"><span class='ocrx_word' id='word_1_603' title='bbox 208 2315 295 2354; x_wconf 50' lang='grc'>(96)]</span> <span class='ocrx_word' id='word_1_604' title='bbox 313 2315 483 2349; x_wconf 53' lang='lat' dir='ltr'><strong>Ha‘epmnia</strong></span> <span class='ocrx_word' id='word_1_605' title='bbox 500 2315 627 2354; x_wconf 80' lang='lat' dir='ltr'><strong>Christus</strong></span> <span class='ocrx_word' id='word_1_606' title='bbox 647 2315 813 2354; x_wconf 75' lang='lat' dir='ltr'><strong>(econpmice</strong></span> <span class='ocrx_word' id='word_1_607' title='bbox 831 2319 960 2354; x_wconf 76' lang='lat' dir='ltr'><strong>tanquam</strong></span> 
     </span>
    </p>
   </div>
   <div class='ocr_carea' id='block_1_80' title="bbox 171 2350 958 2388">
    <p class='ocr_par' dir='ltr' id='par_1_80' title="bbox 171 2350 958 2388">
     <span class='ocr_line' id='line_1_82' title="bbox 171 2350 958 2388; baseline -0.005 -6"><span class='ocrx_word' id='word_1_608' title='bbox 171 2350 260 2382; x_wconf 55' lang='lat' dir='ltr'><strong>hoino&#39;</strong></span> <span class='ocrx_word' id='word_1_609' title='bbox 274 2353 444 2388; x_wconf 81' lang='lat' dir='ltr'><strong>precabatur,</strong></span> <span class='ocrx_word' id='word_1_610' title='bbox 471 2351 523 2388; x_wconf 78' lang='lat' dir='ltr'><strong>qui</strong></span> <span class='ocrx_word' id='word_1_611' title='bbox 541 2355 599 2378; x_wconf 86' lang='lat' dir='ltr'><strong>erat</strong></span> <span class='ocrx_word' id='word_1_612' title='bbox 620 2359 701 2378; x_wconf 84' lang='lat' dir='ltr'><strong>verus</strong></span> <span class='ocrx_word' id='word_1_613' title='bbox 725 2350 806 2378; x_wconf 88' lang='lat' dir='ltr'><strong>Deus.</strong></span> <span class='ocrx_word' id='word_1_614' title='bbox 827 2360 836 2376; x_wconf 73' lang='grc' dir='ltr'><strong><em>ι</em></strong></span> <span class='ocrx_word' id='word_1_615' title='bbox 866 2351 958 2385; x_wconf 82' lang='lat' dir='ltr'><strong>Idem,</strong></span> 
     </span>
    </p>
   </div>
   <div class='ocr_carea' id='block_1_81' title="bbox 171 2386 536 2418">
    <p class='ocr_par' dir='ltr' id='par_1_81' title="bbox 171 2386 536 2418">
     <span class='ocr_line' id='line_1_83' title="bbox 171 2386 536 2418; baseline -0.014 -1"><span class='ocrx_word' id='word_1_616' title='bbox 171 2386 402 2418; x_wconf 29' lang='lat' dir='ltr'><strong>Contra’ludwos,</strong></span> <span class='ocrx_word' id='word_1_617' title='bbox 421 2394 496 2413; x_wconf 88' lang='lat' dir='ltr'><strong>num.</strong></span> <span class='ocrx_word' id='word_1_618' title='bbox 510 2386 536 2412; x_wconf 65' lang='grc'><em>4.</em></span> 
     </span>
    </p>
   </div>
   <div class='ocr_carea' id='block_1_82' title="bbox 208 2420 959 2460">
    <p class='ocr_par' dir='ltr' id='par_1_82' title="bbox 208 2420 959 2460">
     <span class='ocr_line' id='line_1_84' title="bbox 208 2420 959 2460; baseline -0.001 -10"><span class='ocrx_word' id='word_1_619' title='bbox 208 2425 263 2460; x_wconf 86' lang='lat'><strong>(97)</strong></span> <span class='ocrx_word' id='word_1_620' title='bbox 286 2433 295 2449; x_wconf 82' lang='grc'><strong>‹</strong></span> <span class='ocrx_word' id='word_1_621' title='bbox 318 2423 416 2460; x_wconf 80' lang='lat' dir='ltr'><strong>Filium</strong></span> <span class='ocrx_word' id='word_1_622' title='bbox 446 2421 566 2448; x_wconf 86' lang='lat' dir='ltr'><strong>auctoris</strong></span> <span class='ocrx_word' id='word_1_623' title='bbox 591 2421 786 2460; x_wconf 66' lang='lat' dir='ltr'><strong>beneﬁciorum</strong></span> <span class='ocrx_word' id='word_1_624' title='bbox 795 2420 959 2460; x_wconf 79' lang='lat' dir='ltr'><strong>__inte_rl‘ece-</strong></span> 
     </span>
    </p>
   </div>
   <div class='ocr_carea' id='block_1_83' title="bbox 170 2456 959 2494">
    <p class='ocr_par' dir='ltr' id='par_1_83' title="bbox 170 2456 959 2494">
     <span class='ocr_line' id='line_1_85' title="bbox 170 2456 959 2494; baseline -0.005 -6"><span class='ocrx_word' id='word_1_625' title='bbox 170 2456 245 2493; x_wconf 84' lang='lat' dir='ltr'><strong>runt,</strong></span> <span class='ocrx_word' id='word_1_626' title='bbox 255 2456 315 2494; x_wconf 86' lang='lat' dir='ltr'><strong>ipse</strong></span> <span class='ocrx_word' id='word_1_627' title='bbox 328 2459 400 2494; x_wconf 84' lang='lat' dir='ltr'><strong>enim</strong></span> <span class='ocrx_word' id='word_1_628' title='bbox 416 2461 456 2494; x_wconf 84' lang='lat' dir='ltr'><strong>est</strong></span> <span class='ocrx_word' id='word_1_629' title='bbox 467 2461 620 2494; x_wconf 70' lang='lat' dir='ltr'><strong>coaeternus</strong></span> <span class='ocrx_word' id='word_1_630' title='bbox 629 2456 718 2484; x_wconf 83' lang='lat' dir='ltr'><strong>Patri:</strong></span> <span class='ocrx_word' id='word_1_631' title='bbox 734 2458 779 2493; x_wconf 83' lang='grc' dir='ltr'>Τῷ</span> <span class='ocrx_word' id='word_1_632' title='bbox 795 2457 882 2492; x_wconf 70' lang='lat' dir='ltr'><strong>Harp).</strong></span> <span class='ocrx_word' id='word_1_633' title='bbox 897 2465 959 2484; x_wconf 80' lang='grc' dir='ltr'><strong>συν-</strong></span> 
     </span>
    </p>
   </div>
   <div class='ocr_carea' id='block_1_84' title="bbox 169 2492 629 2527">
    <p class='ocr_par' dir='ltr' id='par_1_84' title="bbox 169 2492 629 2527">
     <span class='ocr_line' id='line_1_86' title="bbox 169 2492 629 2527; baseline -0.011 -4"><span class='ocrx_word' id='word_1_634' title='bbox 169 2492 275 2527; x_wconf 57' lang='grc' dir='ltr'><strong>αῖδιοςξ</strong></span> <span class='ocrx_word' id='word_1_635' title='bbox 290 2504 299 2520; x_wconf 77' lang='grc' dir='ltr'><strong><em>ι</em></strong></span> <span class='ocrx_word' id='word_1_636' title='bbox 320 2493 402 2525; x_wconf 81' lang='lat' dir='ltr'><strong>idem,</strong></span> <span class='ocrx_word' id='word_1_637' title='bbox 417 2492 496 2524; x_wconf 75' lang='lat' dir='ltr'><strong>ibid.,</strong></span> <span class='ocrx_word' id='word_1_638' title='bbox 512 2500 588 2519; x_wconf 90' lang='lat' dir='ltr'><strong>num.</strong></span> <span class='ocrx_word' id='word_1_639' title='bbox 605 2492 629 2518; x_wconf 87' lang='lat'><strong>7.</strong></span> 
     </span>
    </p>
   </div>
   <div class='ocr_carea' id='block_1_85' title="bbox 205 2527 957 2565">
    <p class='ocr_par' dir='ltr' id='par_1_85' title="bbox 205 2527 957 2565">
     <span class='ocr_line' id='line_1_87' title="bbox 205 2527 957 2565; baseline -0.003 -8"><span class='ocrx_word' id='word_1_640' title='bbox 205 2531 262 2565; x_wconf 85' lang='lat'><strong>(98)</strong></span> <span class='ocrx_word' id='word_1_641' title='bbox 281 2539 294 2565; x_wconf 21' lang='lat' dir='ltr'><strong>rc</strong></span> <span class='ocrx_word' id='word_1_642' title='bbox 313 2530 342 2565; x_wconf 12' lang='lat' dir='ltr'><strong>lin</strong></span> <span class='ocrx_word' id='word_1_643' title='bbox 366 2536 420 2565; x_wconf 82' lang='lat' dir='ltr'><strong>quo</strong></span> <span class='ocrx_word' id='word_1_644' title='bbox 433 2533 532 2565; x_wconf 63' lang='lat' dir='ltr'><strong>autem</strong></span> <span class='ocrx_word' id='word_1_645' title='bbox 552 2532 593 2555; x_wconf 88' lang='lat' dir='ltr'><strong>est</strong></span> <span class='ocrx_word' id='word_1_646' title='bbox 619 2527 702 2565; x_wconf 85' lang='lat' dir='ltr'><strong>Deus,</strong></span> <span class='ocrx_word' id='word_1_647' title='bbox 718 2529 770 2556; x_wconf 90' lang='lat' dir='ltr'><strong>nisi</strong></span> <span class='ocrx_word' id='word_1_648' title='bbox 793 2528 820 2555; x_wconf 88' lang='lat' dir='ltr'><strong>in</strong></span> <span class='ocrx_word' id='word_1_649' title='bbox 848 2527 957 2565; x_wconf 82' lang='lat' dir='ltr'><strong>Christo</strong></span> 
     </span>
    </p>
   </div>
   <div class='ocr_carea' id='block_1_86' title="bbox 168 2563 957 2598">
    <p class='ocr_par' dir='ltr' id='par_1_86' title="bbox 168 2563 957 2598">
     <span class='ocr_line' id='line_1_88' title="bbox 168 2563 957 2598; baseline -0.003 -5"><span class='ocrx_word' id='word_1_650' title='bbox 168 2563 233 2593; x_wconf 85' lang='lat' dir='ltr'><strong>Jesu</strong></span> <span class='ocrx_word' id='word_1_651' title='bbox 243 2586 251 2598; x_wconf 85' lang='lat'><strong>,</strong></span> <span class='ocrx_word' id='word_1_652' title='bbox 266 2564 355 2591; x_wconf 84' lang='lat' dir='ltr'><strong>Verbo</strong></span> <span class='ocrx_word' id='word_1_653' title='bbox 367 2563 471 2592; x_wconf 81' lang='lat' dir='ltr'><strong>Patris.</strong></span> <span class='ocrx_word' id='word_1_654' title='bbox 488 2567 514 2589; x_wconf 87' lang='lat' dir='ltr'><strong>et</strong></span> <span class='ocrx_word' id='word_1_655' title='bbox 524 2563 654 2598; x_wconf 87' lang='lat' dir='ltr'><strong>mysterio</strong></span> <span class='ocrx_word' id='word_1_656' title='bbox 671 2565 830 2591; x_wconf 66' lang='lat' dir='ltr'><strong>(Etullnmitn</strong></span> <span class='ocrx_word' id='word_1_657' title='bbox 840 2583 847 2595; x_wconf 88' lang='lat'><strong>,</strong></span> <span class='ocrx_word' id='word_1_658' title='bbox 869 2563 896 2590; x_wconf 91' lang='lat' dir='ltr'><strong>id</strong></span> <span class='ocrx_word' id='word_1_659' title='bbox 915 2569 957 2591; x_wconf 89' lang='lat' dir='ltr'><strong>est</strong></span> 
     </span>
    </p>
   </div>
   <div class='ocr_carea' id='block_1_87' title="bbox 168 2598 953 2632">
    <p class='ocr_par' dir='ltr' id='par_1_87' title="bbox 168 2598 953 2632">
     <span class='ocr_line' id='line_1_89' title="bbox 168 2598 953 2632; baseline -0.005 -4"><span class='ocrx_word' id='word_1_660' title='bbox 168 2599 366 2628; x_wconf 85' lang='lat' dir='ltr'><strong>incarnationis</strong></span> <span class='ocrx_word' id='word_1_661' title='bbox 376 2600 419 2625; x_wconf 89' lang='lat'><strong>?...</strong></span> <span class='ocrx_word' id='word_1_662' title='bbox 438 2598 514 2631; x_wconf 85' lang='lat' dir='ltr'><strong>Quod</strong></span> <span class='ocrx_word' id='word_1_663' title='bbox 530 2603 620 2626; x_wconf 86' lang='lat' dir='ltr'><strong>autem</strong></span> <span class='ocrx_word' id='word_1_664' title='bbox 639 2599 722 2632; x_wconf 80' lang='lat' dir='ltr'><strong>dixit,</strong></span> <span class='ocrx_word' id='word_1_665' title='bbox 739 2600 767 2626; x_wconf 81' lang='lat' dir='ltr'><strong>in</strong></span> <span class='ocrx_word' id='word_1_666' title='bbox 783 2607 805 2626; x_wconf 78' lang='lat' dir='ltr'><strong>te</strong></span> <span class='ocrx_word' id='word_1_667' title='bbox 821 2604 858 2626; x_wconf 84' lang='lat' dir='ltr'><strong>est</strong></span> <span class='ocrx_word' id='word_1_668' title='bbox 873 2598 953 2632; x_wconf 80' lang='lat' dir='ltr'><strong>Deus,</strong></span> 
     </span>
    </p>
   </div>
   <div class='ocr_carea' id='block_1_88' title="bbox 168 2634 956 2669">
    <p class='ocr_par' dir='ltr' id='par_1_88' title="bbox 168 2634 956 2669">
     <span class='ocr_line' id='line_1_90' title="bbox 168 2634 956 2669; baseline -0.003 -7"><span class='ocrx_word' id='word_1_669' title='bbox 168 2635 288 2662; x_wconf 85' lang='lat' dir='ltr'><strong>ostendit</strong></span> <span class='ocrx_word' id='word_1_670' title='bbox 308 2634 466 2669; x_wconf 73' lang='lat' dir='ltr'><strong>mysterium</strong></span> <span class='ocrx_word' id='word_1_671' title='bbox 489 2635 664 2666; x_wconf 54' lang='lat' dir='ltr'><strong>oeconomiae,</strong></span> <span class='ocrx_word' id='word_1_672' title='bbox 682 2635 709 2661; x_wconf 90' lang='lat' dir='ltr'><strong>id</strong></span> <span class='ocrx_word' id='word_1_673' title='bbox 727 2640 769 2662; x_wconf 87' lang='lat' dir='ltr'><strong>est</strong></span> <span class='ocrx_word' id='word_1_674' title='bbox 788 2635 956 2661; x_wconf 85' lang='lat' dir='ltr'><strong>incarnatio-</strong></span> 
     </span>
    </p>
   </div>
   <div class='ocr_carea' id='block_1_89' title="bbox 168 2669 955 2705">
    <p class='ocr_par' dir='ltr' id='par_1_89' title="bbox 168 2669 955 2705">
     <span class='ocr_line' id='line_1_91' title="bbox 168 2669 955 2705; baseline 0 -9"><span class='ocrx_word' id='word_1_675' title='bbox 168 2671 212 2698; x_wconf 91' lang='lat' dir='ltr'><strong>nis</strong></span> <span class='ocrx_word' id='word_1_676' title='bbox 223 2690 230 2702; x_wconf 92' lang='lat'><strong>,</strong></span> <span class='ocrx_word' id='word_1_677' title='bbox 244 2669 316 2705; x_wconf 89' lang='lat' dir='ltr'><strong>quod</strong></span> <span class='ocrx_word' id='word_1_678' title='bbox 327 2689 333 2699; x_wconf 86' lang='lat'>.</span> <span class='ocrx_word' id='word_1_679' title='bbox 348 2670 488 2697; x_wconf 86' lang='lat' dir='ltr'><strong>incarnato</strong></span> <span class='ocrx_word' id='word_1_680' title='bbox 505 2669 591 2697; x_wconf 87' lang='lat' dir='ltr'><strong>Verbo</strong></span> <span class='ocrx_word' id='word_1_681' title='bbox 607 2676 633 2697; x_wconf 90' lang='lat' dir='ltr'><strong>et</strong></span> <span class='ocrx_word' id='word_1_682' title='bbox 647 2669 717 2698; x_wconf 81' lang='lat' dir='ltr'><strong>facto</strong></span> <span class='ocrx_word' id='word_1_683' title='bbox 730 2671 839 2697; x_wconf 91' lang='lat' dir='ltr'><strong>homine</strong></span> <span class='ocrx_word' id='word_1_684' title='bbox 853 2689 860 2701; x_wconf 87' lang='lat'><strong>,</strong></span> <span class='ocrx_word' id='word_1_685' title='bbox 875 2669 955 2705; x_wconf 67' lang='lat' dir='ltr'><strong>Pater</strong></span> 
     </span>
    </p>
   </div>
   <div class='ocr_carea' id='block_1_90' title="bbox 167 2703 953 2738">
    <p class='ocr_par' dir='ltr' id='par_1_90' title="bbox 167 2703 953 2738">
     <span class='ocr_line' id='line_1_92' title="bbox 167 2703 953 2738; baseline -0.001 -6"><span class='ocrx_word' id='word_1_686' title='bbox 167 2711 227 2732; x_wconf 85' lang='lat' dir='ltr'><strong>erat</strong></span> <span class='ocrx_word' id='word_1_687' title='bbox 240 2703 266 2732; x_wconf 84' lang='lat' dir='ltr'><strong>in</strong></span> <span class='ocrx_word' id='word_1_688' title='bbox 282 2705 366 2737; x_wconf 79' lang='lat' dir='ltr'><strong>Filio,</strong></span> <span class='ocrx_word' id='word_1_689' title='bbox 383 2710 410 2732; x_wconf 92' lang='lat' dir='ltr'><strong>ct</strong></span> <span class='ocrx_word' id='word_1_690' title='bbox 421 2704 507 2732; x_wconf 86' lang='lat' dir='ltr'><strong>Filius</strong></span> <span class='ocrx_word' id='word_1_691' title='bbox 521 2706 548 2732; x_wconf 89' lang='lat' dir='ltr'><strong>in</strong></span> <span class='ocrx_word' id='word_1_692' title='bbox 564 2705 659 2738; x_wconf 86' lang='lat' dir='ltr'><strong>Patre,</strong></span> <span class='ocrx_word' id='word_1_693' title='bbox 674 2709 853 2738; x_wconf 85' lang='lat' dir='ltr'><strong>conversante</strong></span> <span class='ocrx_word' id='word_1_694' title='bbox 883 2703 953 2731; x_wconf 86' lang='lat' dir='ltr'><strong>Filio</strong></span> 
     </span>
    </p>
   </div>
   <div class='ocr_carea' id='block_1_91' title="bbox 120 2737 876 2774">
    <p class='ocr_par' dir='ltr' id='par_1_91' title="bbox 120 2737 876 2774">
     <span class='ocr_line' id='line_1_93' title="bbox 120 2737 876 2774; baseline -0.003 -6"><span class='ocrx_word' id='word_1_695' title='bbox 120 2738 128 2744; x_wconf 84' lang='grc'><em>’</em></span> <span class='ocrx_word' id='word_1_696' title='bbox 167 2747 230 2768; x_wconf 90' lang='lat' dir='ltr'><strong>cum</strong></span> <span class='ocrx_word' id='word_1_697' title='bbox 243 2741 409 2768; x_wconf 87' lang='lat' dir='ltr'><strong>hominibus.</strong></span> <span class='ocrx_word' id='word_1_698' title='bbox 422 2751 430 2767; x_wconf 82' lang='grc' dir='ltr'>ι</span> <span class='ocrx_word' id='word_1_699' title='bbox 448 2741 530 2774; x_wconf 89' lang='lat' dir='ltr'><strong>Idem,</strong></span> <span class='ocrx_word' id='word_1_700' title='bbox 543 2741 634 2768; x_wconf 86' lang='lat' dir='ltr'><strong>Contr.</strong></span> <span class='ocrx_word' id='word_1_701' title='bbox 652 2740 743 2773; x_wconf 83' lang='lat' dir='ltr'><strong>Noet.,</strong></span> <span class='ocrx_word' id='word_1_702' title='bbox 760 2737 836 2768; x_wconf 75' lang='lat' dir='ltr'><strong>rium.</strong></span> <span class='ocrx_word' id='word_1_703' title='bbox 848 2739 876 2767; x_wconf 69' lang='grc'><em>4.</em></span> 
     </span>
    </p>
   </div>
   <div class='ocr_carea' id='block_1_92' title="bbox 203 2774 954 2811">
    <p class='ocr_par' dir='ltr' id='par_1_92' title="bbox 203 2774 954 2811">
     <span class='ocr_line' id='line_1_94' title="bbox 203 2774 954 2811; baseline -0.001 -9"><span class='ocrx_word' id='word_1_704' title='bbox 203 2776 259 2811; x_wconf 87' lang='lat'><strong>(99)</strong></span> <span class='ocrx_word' id='word_1_705' title='bbox 282 2785 292 2802; x_wconf 85' lang='grc'><strong><em>‹</em></strong></span> <span class='ocrx_word' id='word_1_706' title='bbox 310 2775 423 2803; x_wconf 83' lang='lat' dir='ltr'><strong>Omnem</strong></span> <span class='ocrx_word' id='word_1_707' title='bbox 440 2781 598 2811; x_wconf 81' lang='lat' dir='ltr'><strong>potestatein</strong></span> <span class='ocrx_word' id='word_1_708' title='bbox 615 2777 749 2809; x_wconf 87' lang='lat' dir='ltr'><strong>ostendit,</strong></span> <span class='ocrx_word' id='word_1_709' title='bbox 761 2783 822 2810; x_wconf 60' lang='lat' dir='ltr'><strong>qua).</strong></span> <span class='ocrx_word' id='word_1_710' title='bbox 840 2783 854 2802; x_wconf 88' lang='lat' dir='ltr'><strong>a</strong></span> <span class='ocrx_word' id='word_1_711' title='bbox 871 2774 954 2811; x_wconf 76' lang='lat' dir='ltr'><strong>Patre</strong></span> 
     </span>
    </p>
   </div>
   <div class='ocr_carea' id='block_1_93' title="bbox 167 2810 1020 2847">
    <p class='ocr_par' dir='ltr' id='par_1_93' title="bbox 167 2810 1020 2847">
     <span class='ocr_line' id='line_1_95' title="bbox 167 2810 1020 2847; baseline -0.002 -10"><span class='ocrx_word' id='word_1_712' title='bbox 167 2810 229 2838; x_wconf 79' lang='lat' dir='ltr'><strong>(lata</strong></span> <span class='ocrx_word' id='word_1_713' title='bbox 242 2816 282 2839; x_wconf 82' lang='lat' dir='ltr'><strong>est</strong></span> <span class='ocrx_word' id='word_1_714' title='bbox 293 2810 613 2847; x_wconf 55' lang='lat' dir='ltr'><strong>Filio,quibmlestium,</strong></span> <span class='ocrx_word' id='word_1_715' title='bbox 634 2811 803 2838; x_wconf 87' lang='lat' dir='ltr'><strong>terrestrium</strong></span> <span class='ocrx_word' id='word_1_716' title='bbox 820 2815 847 2837; x_wconf 88' lang='lat' dir='ltr'><strong>et</strong></span> <span class='ocrx_word' id='word_1_717' title='bbox 869 2810 952 2847; x_wconf 72' lang='lat' dir='ltr'><strong>infer-</strong></span> <span class='ocrx_word' id='word_1_718' title='bbox 974 2839 975 2842; x_wconf 26' lang='grc' dir='ltr'><strong>η</strong></span> <span class='ocrx_word' id='word_1_719' title='bbox 1002 2819 1020 2846; x_wconf 88' lang='lat' dir='ltr'><strong>p</strong></span> 
     </span>
    </p>
   </div>
   <div class='ocr_carea' id='block_1_94' title="bbox 166 2845 952 2883">
    <p class='ocr_par' dir='ltr' id='par_1_94' title="bbox 166 2845 952 2883">
     <span class='ocr_line' id='line_1_96' title="bbox 166 2845 952 2883; baseline 0 -11"><span class='ocrx_word' id='word_1_720' title='bbox 166 2853 264 2874; x_wconf 86' lang='lat' dir='ltr'><strong>norum</strong></span> <span class='ocrx_word' id='word_1_721' title='bbox 288 2855 336 2874; x_wconf 78' lang='lat' dir='ltr'><strong>rex</strong></span> <span class='ocrx_word' id='word_1_722' title='bbox 356 2845 535 2883; x_wconf 71' lang='lat' dir='ltr'><strong>omniumque</strong></span> <span class='ocrx_word' id='word_1_723' title='bbox 555 2847 636 2881; x_wconf 84' lang='lat' dir='ltr'><strong>judex</strong></span> <span class='ocrx_word' id='word_1_724' title='bbox 658 2850 768 2883; x_wconf 68' lang='lat' dir='ltr'><strong>creatus</strong></span> <span class='ocrx_word' id='word_1_725' title='bbox 790 2850 841 2873; x_wconf 84' lang='lat' dir='ltr'><strong>est.</strong></span> <span class='ocrx_word' id='word_1_726' title='bbox 863 2845 952 2883; x_wconf 58' lang='lat' dir='ltr'><strong>Carle-</strong></span> 
     </span>
    </p>
   </div>
   <div class='ocr_carea' id='block_1_95' title="bbox 166 2881 950 2918">
    <p class='ocr_par' dir='ltr' id='par_1_95' title="bbox 166 2881 950 2918">
     <span class='ocr_line' id='line_1_97' title="bbox 166 2881 950 2918; baseline -0.001 -10"><span class='ocrx_word' id='word_1_727' title='bbox 166 2882 249 2910; x_wconf 79' lang='lat' dir='ltr'><strong>stium</strong></span> <span class='ocrx_word' id='word_1_728' title='bbox 274 2883 399 2918; x_wconf 85' lang='lat' dir='ltr'><strong>quidem,</strong></span> <span class='ocrx_word' id='word_1_729' title='bbox 420 2881 498 2918; x_wconf 81' lang='lat' dir='ltr'><strong>quod</strong></span> <span class='ocrx_word' id='word_1_730' title='bbox 515 2882 634 2910; x_wconf 83' lang='lat' dir='ltr'><strong>Verbum</strong></span> <span class='ocrx_word' id='word_1_731' title='bbox 657 2881 747 2910; x_wconf 86' lang='lat' dir='ltr'><strong>Patris</strong></span> <span class='ocrx_word' id='word_1_732' title='bbox 766 2886 829 2909; x_wconf 86' lang='lat' dir='ltr'><strong>ante</strong></span> <span class='ocrx_word' id='word_1_733' title='bbox 852 2881 950 2908; x_wconf 64' lang='lat' dir='ltr'><strong>saecula</strong></span> 
     </span>
    </p>
   </div>
   <div class='ocr_carea' id='block_1_96' title="bbox 1019 1599 1813 1638">
    <p class='ocr_par' dir='ltr' id='par_1_96' title="bbox 1019 1599 1813 1638">
     <span class='ocr_line' id='line_1_98' title="bbox 1019 1599 1813 1638; baseline 0.006 -13"><span class='ocrx_word' id='word_1_734' title='bbox 1019 1606 1106 1625; x_wconf 79' lang='lat' dir='ltr'><strong>meum</strong></span> <span class='ocrx_word' id='word_1_735' title='bbox 1118 1619 1125 1631; x_wconf 94' lang='lat'><strong>,</strong></span> <span class='ocrx_word' id='word_1_736' title='bbox 1140 1607 1172 1626; x_wconf 73' lang='lat' dir='ltr'><strong>ex</strong></span> <span class='ocrx_word' id='word_1_737' title='bbox 1192 1599 1293 1627; x_wconf 66' lang='lat' dir='ltr'><strong>Irenaeo</strong></span> <span class='ocrx_word' id='word_1_738' title='bbox 1313 1601 1340 1627; x_wconf 94' lang='lat' dir='ltr'><strong>in</strong></span> <span class='ocrx_word' id='word_1_739' title='bbox 1361 1600 1532 1636; x_wconf 82' lang='lat' dir='ltr'><strong>Hippolytum</strong></span> <span class='ocrx_word' id='word_1_740' title='bbox 1545 1622 1552 1634; x_wconf 87' lang='lat'><strong>,</strong></span> <span class='ocrx_word' id='word_1_741' title='bbox 1571 1607 1744 1638; x_wconf 71' lang='lat' dir='ltr'><strong>czeterosque</strong></span> <span class='ocrx_word' id='word_1_742' title='bbox 1760 1603 1813 1631; x_wconf 82' lang='lat' dir='ltr'><strong>fuit</strong></span> 
     </span>
    </p>
   </div>
   <div class='ocr_carea' id='block_1_97' title="bbox 1017 1647 1812 1684">
    <p class='ocr_par' dir='ltr' id='par_1_97' title="bbox 1017 1647 1812 1684">
     <span class='ocr_line' id='line_1_99' title="bbox 1017 1647 1812 1684; baseline 0.009 -13"><span class='ocrx_word' id='word_1_743' title='bbox 1017 1650 1179 1681; x_wconf 78' lang='lat' dir='ltr'><strong>propagata,</strong></span> <span class='ocrx_word' id='word_1_744' title='bbox 1210 1651 1322 1681; x_wconf 82' lang='lat' dir='ltr'><strong>apparet</strong></span> <span class='ocrx_word' id='word_1_745' title='bbox 1355 1655 1388 1674; x_wconf 74' lang='lat' dir='ltr'><strong>ex</strong></span> <span class='ocrx_word' id='word_1_746' title='bbox 1417 1647 1492 1675; x_wconf 87' lang='lat' dir='ltr'><strong>hisce</strong></span> <span class='ocrx_word' id='word_1_747' title='bbox 1519 1648 1640 1683; x_wconf 80' lang='lat' dir='ltr'><strong>ejusdem</strong></span> <span class='ocrx_word' id='word_1_748' title='bbox 1669 1651 1812 1684; x_wconf 67' lang='lat' dir='ltr'><strong>praeclaris</strong></span> 
     </span>
    </p>
   </div>
   <div class='ocr_carea' id='block_1_98' title="bbox 1016 1691 1811 1728">
    <p class='ocr_par' dir='ltr' id='par_1_98' title="bbox 1016 1691 1811 1728">
     <span class='ocr_line' id='line_1_100' title="bbox 1016 1691 1811 1728; baseline 0.008 -10"><span class='ocrx_word' id='word_1_749' title='bbox 1016 1692 1106 1719; x_wconf 83' lang='lat' dir='ltr'><strong>verbis</strong></span> <span class='ocrx_word' id='word_1_750' title='bbox 1125 1692 1184 1727; x_wconf 89' lang='lat'><strong>(8):</strong></span> <span class='ocrx_word' id='word_1_751' title='bbox 1209 1702 1218 1718; x_wconf 84' lang='grc'><strong>‹</strong></span> <span class='ocrx_word' id='word_1_752' title='bbox 1236 1691 1295 1724; x_wconf 87' lang='lat' dir='ltr'><strong>Quo</strong></span> <span class='ocrx_word' id='word_1_753' title='bbox 1318 1697 1438 1728; x_wconf 85' lang='lat' dir='ltr'><strong>tempore</strong></span> <span class='ocrx_word' id='word_1_754' title='bbox 1461 1695 1607 1723; x_wconf 85' lang='lat' dir='ltr'><strong>adveniens</strong></span> <span class='ocrx_word' id='word_1_755' title='bbox 1634 1695 1764 1724; x_wconf 76' lang='lat' dir='ltr'><strong>Salvator</strong></span> <span class='ocrx_word' id='word_1_756' title='bbox 1777 1705 1811 1725; x_wconf 74' lang='lat' dir='ltr'><strong>ex</strong></span> 
     </span>
    </p>
   </div>
   <div class='ocr_carea' id='block_1_99' title="bbox 1017 1738 1809 1777">
    <p class='ocr_par' dir='ltr' id='par_1_99' title="bbox 1017 1738 1809 1777">
     <span class='ocr_line' id='line_1_101' title="bbox 1017 1738 1809 1777; baseline 0.008 -12"><span class='ocrx_word' id='word_1_757' title='bbox 1017 1738 1127 1774; x_wconf 81' lang='lat' dir='ltr'><strong>Virgine</strong></span> <span class='ocrx_word' id='word_1_758' title='bbox 1143 1738 1216 1774; x_wconf 82' lang='lat' dir='ltr'><strong>(arca</strong></span> <span class='ocrx_word' id='word_1_759' title='bbox 1234 1746 1301 1766; x_wconf 84' lang='lat' dir='ltr'><strong>auro</strong></span> <span class='ocrx_word' id='word_1_760' title='bbox 1316 1740 1418 1767; x_wconf 79' lang='lat' dir='ltr'><strong>mundo</strong></span> <span class='ocrx_word' id='word_1_761' title='bbox 1434 1740 1581 1774; x_wconf 65' lang='lat' dir='ltr'><strong>deaurata,</strong></span> <span class='ocrx_word' id='word_1_762' title='bbox 1599 1742 1675 1770; x_wconf 89' lang='lat' dir='ltr'><strong>iutus</strong></span> <span class='ocrx_word' id='word_1_763' title='bbox 1697 1744 1809 1777; x_wconf 86' lang='lat' dir='ltr'><strong>quidem</strong></span> 
     </span>
    </p>
   </div>
   <div class='ocr_carea' id='block_1_100' title="bbox 1017 1783 1810 1823">
    <p class='ocr_par' dir='ltr' id='par_1_100' title="bbox 1017 1783 1810 1823">
     <span class='ocr_line' id='line_1_102' title="bbox 1017 1783 1810 1823; baseline 0.005 -12"><span class='ocrx_word' id='word_1_764' title='bbox 1017 1784 1123 1817; x_wconf 82' lang='lat' dir='ltr'><strong>Verbo,</strong></span> <span class='ocrx_word' id='word_1_765' title='bbox 1150 1783 1217 1811; x_wconf 84' lang='lat' dir='ltr'><strong>foris</strong></span> <span class='ocrx_word' id='word_1_766' title='bbox 1243 1785 1326 1812; x_wconf 89' lang='lat' dir='ltr'><strong>verbo</strong></span> <span class='ocrx_word' id='word_1_767' title='bbox 1349 1784 1451 1820; x_wconf 92' lang='lat' dir='ltr'><strong>Spiritu</strong></span> <span class='ocrx_word' id='word_1_768' title='bbox 1475 1786 1578 1820; x_wconf 80' lang='lat' dir='ltr'><strong>sancto)</strong></span> <span class='ocrx_word' id='word_1_769' title='bbox 1604 1794 1686 1814; x_wconf 90' lang='lat' dir='ltr'><strong>suum</strong></span> <span class='ocrx_word' id='word_1_770' title='bbox 1707 1796 1810 1823; x_wconf 74' lang='lat' dir='ltr'><strong>corpus</strong></span> 
     </span>
    </p>
   </div>
   <div class='ocr_carea' id='block_1_101' title="bbox 1017 1831 1808 1868">
    <p class='ocr_par' dir='ltr' id='par_1_101' title="bbox 1017 1831 1808 1868">
     <span class='ocr_line' id='line_1_103' title="bbox 1017 1831 1808 1868; baseline 0.005 -10"><span class='ocrx_word' id='word_1_771' title='bbox 1017 1831 1119 1858; x_wconf 90' lang='lat' dir='ltr'><strong>mundo</strong></span> <span class='ocrx_word' id='word_1_772' title='bbox 1134 1831 1263 1866; x_wconf 75' lang='lat' dir='ltr'><strong>protulit;</strong></span> <span class='ocrx_word' id='word_1_773' title='bbox 1279 1831 1362 1864; x_wconf 88' lang='lat' dir='ltr'><strong>adeo,</strong></span> <span class='ocrx_word' id='word_1_774' title='bbox 1383 1836 1412 1858; x_wconf 93' lang='lat' dir='ltr'><strong>ut</strong></span> <span class='ocrx_word' id='word_1_775' title='bbox 1431 1832 1531 1860; x_wconf 87' lang='lat' dir='ltr'><strong>veritas</strong></span> <span class='ocrx_word' id='word_1_776' title='bbox 1549 1832 1740 1861; x_wconf 86' lang='lat' dir='ltr'><strong>demonstrata</strong></span> <span class='ocrx_word' id='word_1_777' title='bbox 1756 1835 1808 1868; x_wconf 86' lang='lat' dir='ltr'><strong>sit,</strong></span> 
     </span>
    </p>
   </div>
   <div class='ocr_carea' id='block_1_102' title="bbox 1016 1876 1808 1917">
    <p class='ocr_par' dir='ltr' id='par_1_102' title="bbox 1016 1876 1808 1917">
     <span class='ocr_line' id='line_1_104' title="bbox 1016 1876 1808 1917; baseline 0.005 -13"><span class='ocrx_word' id='word_1_778' title='bbox 1016 1882 1042 1904; x_wconf 92' lang='lat' dir='ltr'><strong>et</strong></span> <span class='ocrx_word' id='word_1_779' title='bbox 1067 1876 1239 1904; x_wconf 81' lang='lat' dir='ltr'><strong>manifestata</strong></span> <span class='ocrx_word' id='word_1_780' title='bbox 1256 1885 1330 1904; x_wconf 80' lang='lat' dir='ltr'><strong>arca.</strong></span> <span class='ocrx_word' id='word_1_781' title='bbox 1359 1885 1368 1902; x_wconf 79' lang='grc' dir='ltr'><strong><em>ι</em></strong></span> <span class='ocrx_word' id='word_1_782' title='bbox 1394 1876 1474 1904; x_wconf 78' lang='lat' dir='ltr'><strong>Paria</strong></span> <span class='ocrx_word' id='word_1_783' title='bbox 1498 1882 1588 1905; x_wconf 85' lang='lat' dir='ltr'><strong>autem</strong></span> <span class='ocrx_word' id='word_1_784' title='bbox 1612 1886 1645 1906; x_wconf 86' lang='lat' dir='ltr'><strong>ex</strong></span> <span class='ocrx_word' id='word_1_785' title='bbox 1670 1878 1808 1917; x_wconf 77' lang='lat' dir='ltr'><strong>Hippolyti</strong></span> 
     </span>
    </p>
   </div>
   <div class='ocr_carea' id='block_1_103' title="bbox 1016 1922 1807 1959">
    <p class='ocr_par' dir='ltr' id='par_1_103' title="bbox 1016 1922 1807 1959">
     <span class='ocr_line' id='line_1_105' title="bbox 1016 1922 1807 1959; baseline 0.006 -10"><span class='ocrx_word' id='word_1_786' title='bbox 1016 1922 1124 1956; x_wconf 89' lang='lat' dir='ltr'><strong>scriptis</strong></span> <span class='ocrx_word' id='word_1_787' title='bbox 1150 1923 1176 1948; x_wconf 94' lang='lat' dir='ltr'><strong>in</strong></span> <span class='ocrx_word' id='word_1_788' title='bbox 1207 1922 1341 1956; x_wconf 88' lang='lat' dir='ltr'><strong>psalmum</strong></span> <span class='ocrx_word' id='word_1_789' title='bbox 1373 1930 1430 1949; x_wconf 79' lang='lat' dir='ltr'><strong>xxn</strong></span> <span class='ocrx_word' id='word_1_790' title='bbox 1456 1923 1572 1950; x_wconf 86' lang='lat' dir='ltr'><strong>servavit</strong></span> <span class='ocrx_word' id='word_1_791' title='bbox 1598 1923 1807 1959; x_wconf 79' lang='lat' dir='ltr'><strong>Theodoretus.</strong></span> 
     </span>
    </p>
   </div>
   <div class='ocr_carea' id='block_1_104' title="bbox 1014 1967 1806 2007">
    <p class='ocr_par' dir='ltr' id='par_1_104' title="bbox 1014 1967 1806 2007">
     <span class='ocr_line' id='line_1_106' title="bbox 1014 1967 1806 2007; baseline 0.008 -13"><span class='ocrx_word' id='word_1_792' title='bbox 1014 1967 1119 2003; x_wconf 79' lang='lat' dir='ltr'><strong>Dialog.</strong></span> <span class='ocrx_word' id='word_1_793' title='bbox 1148 1968 1173 1999; x_wconf 81' lang='grc' dir='ltr'>Ι,</span> <span class='ocrx_word' id='word_1_794' title='bbox 1190 1976 1250 2003; x_wconf 79' lang='lat' dir='ltr'><strong>pag.</strong></span> <span class='ocrx_word' id='word_1_795' title='bbox 1267 1968 1310 2000; x_wconf 77' lang='lat'><strong>56,</strong></span> <span class='ocrx_word' id='word_1_796' title='bbox 1322 1973 1387 1995; x_wconf 90' lang='lat' dir='ltr'><strong>tom.</strong></span> <span class='ocrx_word' id='word_1_797' title='bbox 1402 1967 1435 1994; x_wconf 83' lang='grc' dir='ltr'><strong>ιν</strong></span> <span class='ocrx_word' id='word_1_798' title='bbox 1448 1969 1514 1996; x_wconf 90' lang='lat' dir='ltr'><strong>edit.</strong></span> <span class='ocrx_word' id='word_1_799' title='bbox 1531 1968 1735 2000; x_wconf 68' lang='lat' dir='ltr'><strong>Sijmondianae</strong></span> <span class='ocrx_word' id='word_1_800' title='bbox 1750 1973 1806 2007; x_wconf 85' lang='lat'><strong>(9):</strong></span> 
     </span>
    </p>
   </div>
   <div class='ocr_carea' id='block_1_105' title="bbox 1017 2014 1805 2051">
    <p class='ocr_par' dir='ltr' id='par_1_105' title="bbox 1017 2014 1805 2051">
     <span class='ocr_line' id='line_1_107' title="bbox 1017 2014 1805 2051; baseline 0.006 -10"><span class='ocrx_word' id='word_1_801' title='bbox 1017 2023 1026 2041; x_wconf 79' lang='grc' dir='ltr'>ι</span> <span class='ocrx_word' id='word_1_802' title='bbox 1045 2014 1130 2042; x_wconf 88' lang='lat' dir='ltr'><strong>Porro</strong></span> <span class='ocrx_word' id='word_1_803' title='bbox 1147 2018 1237 2041; x_wconf 90' lang='lat' dir='ltr'><strong>autem</strong></span> <span class='ocrx_word' id='word_1_804' title='bbox 1253 2021 1315 2041; x_wconf 89' lang='lat' dir='ltr'><strong>arca</strong></span> <span class='ocrx_word' id='word_1_805' title='bbox 1328 2021 1361 2041; x_wconf 75' lang='lat' dir='ltr'><strong>ex</strong></span> <span class='ocrx_word' id='word_1_806' title='bbox 1390 2014 1470 2049; x_wconf 75' lang='lat' dir='ltr'><strong>lignis</strong></span> <span class='ocrx_word' id='word_1_807' title='bbox 1492 2022 1554 2050; x_wconf 61' lang='lat' dir='ltr'><strong>quin</strong></span> <span class='ocrx_word' id='word_1_808' title='bbox 1573 2020 1737 2051; x_wconf 72' lang='lat' dir='ltr'><strong>putrescere,</strong></span> <span class='ocrx_word' id='word_1_809' title='bbox 1751 2026 1805 2046; x_wconf 93' lang='lat' dir='ltr'><strong>nou</strong></span> 
     </span>
    </p>
   </div>
   <div class='ocr_carea' id='block_1_106' title="bbox 1013 2105 1806 2140">
    <p class='ocr_par' dir='ltr' id='par_1_106' title="bbox 1013 2105 1806 2140">
     <span class='ocr_line' id='line_1_108' title="bbox 1013 2105 1806 2140; baseline 0.003 -7"><span class='ocrx_word' id='word_1_810' title='bbox 1013 2106 1163 2137; x_wconf 77' lang='lat' dir='ltr'><strong>exstiterit;</strong></span> <span class='ocrx_word' id='word_1_811' title='bbox 1179 2106 1347 2133; x_wconf 85' lang='lat' dir='ltr'><strong>terrestrium</strong></span> <span class='ocrx_word' id='word_1_812' title='bbox 1364 2112 1445 2135; x_wconf 81' lang='lat' dir='ltr'><strong>vero.</strong></span> <span class='ocrx_word' id='word_1_813' title='bbox 1462 2105 1534 2140; x_wconf 87' lang='lat' dir='ltr'><strong>quod</strong></span> <span class='ocrx_word' id='word_1_814' title='bbox 1561 2106 1644 2134; x_wconf 89' lang='lat' dir='ltr'><strong>homo</strong></span> <span class='ocrx_word' id='word_1_815' title='bbox 1665 2107 1738 2135; x_wconf 91' lang='lat' dir='ltr'><strong>inter</strong></span> <span class='ocrx_word' id='word_1_816' title='bbox 1757 2109 1806 2135; x_wconf 83' lang='lat' dir='ltr'><strong>ho-</strong></span> 
     </span>
    </p>
   </div>
   <div class='ocr_carea' id='block_1_107' title="bbox 1013 2141 1806 2179">
    <p class='ocr_par' dir='ltr' id='par_1_107' title="bbox 1013 2141 1806 2179">
     <span class='ocr_line' id='line_1_109' title="bbox 1013 2141 1806 2179; baseline 0.003 -11"><span class='ocrx_word' id='word_1_817' title='bbox 1013 2142 1102 2179; x_wconf 76' lang='lat' dir='ltr'><strong>mines</strong></span> <span class='ocrx_word' id='word_1_818' title='bbox 1113 2146 1193 2168; x_wconf 91' lang='lat' dir='ltr'><strong>natus</strong></span> <span class='ocrx_word' id='word_1_819' title='bbox 1203 2146 1260 2173; x_wconf 86' lang='lat' dir='ltr'><strong>est,</strong></span> <span class='ocrx_word' id='word_1_820' title='bbox 1278 2146 1335 2168; x_wconf 87' lang='lat' dir='ltr'><strong>uta</strong></span> <span class='ocrx_word' id='word_1_821' title='bbox 1354 2141 1455 2179; x_wconf 71' lang='lat' dir='ltr'><strong>seipse</strong></span> <span class='ocrx_word' id='word_1_822' title='bbox 1475 2141 1610 2168; x_wconf 79' lang='lat' dir='ltr'><strong>Adamum</strong></span> <span class='ocrx_word' id='word_1_823' title='bbox 1628 2142 1806 2179; x_wconf 77' lang='lat' dir='ltr'><strong>reformaret;</strong></span> 
     </span>
    </p>
   </div>
   <div class='ocr_carea' id='block_1_108' title="bbox 1017 2176 1804 2212">
    <p class='ocr_par' dir='ltr' id='par_1_108' title="bbox 1017 2176 1804 2212">
     <span class='ocr_line' id='line_1_110' title="bbox 1017 2176 1804 2212; baseline 0.003 -9"><span class='ocrx_word' id='word_1_824' title='bbox 1017 2176 1183 2204; x_wconf 77' lang='lat' dir='ltr'><strong>inl‘ernorum</strong></span> <span class='ocrx_word' id='word_1_825' title='bbox 1196 2181 1286 2204; x_wconf 86' lang='lat' dir='ltr'><strong>autem</strong></span> <span class='ocrx_word' id='word_1_826' title='bbox 1297 2197 1304 2208; x_wconf 90' lang='lat'><strong>,</strong></span> <span class='ocrx_word' id='word_1_827' title='bbox 1320 2177 1393 2211; x_wconf 88' lang='lat' dir='ltr'><strong>quod</strong></span> <span class='ocrx_word' id='word_1_828' title='bbox 1414 2176 1483 2202; x_wconf 86' lang='lat' dir='ltr'><strong>inter</strong></span> <span class='ocrx_word' id='word_1_829' title='bbox 1501 2181 1624 2204; x_wconf 89' lang='lat' dir='ltr'><strong>mortuos</strong></span> <span class='ocrx_word' id='word_1_830' title='bbox 1642 2176 1804 2212; x_wconf 67' lang='lat' dir='ltr'><strong>reputatus,</strong></span> 
     </span>
    </p>
   </div>
   <div class='ocr_carea' id='block_1_109' title="bbox 1014 2211 1804 2246">
    <p class='ocr_par' dir='ltr' id='par_1_109' title="bbox 1014 2211 1804 2246">
     <span class='ocr_line' id='line_1_111' title="bbox 1014 2211 1804 2246; baseline 0.004 -8"><span class='ocrx_word' id='word_1_831' title='bbox 1014 2218 1170 2239; x_wconf 87' lang='lat' dir='ltr'><strong>sanctorum</strong></span> <span class='ocrx_word' id='word_1_832' title='bbox 1187 2212 1331 2239; x_wconf 88' lang='lat' dir='ltr'><strong>animabus</strong></span> <span class='ocrx_word' id='word_1_833' title='bbox 1342 2211 1508 2246; x_wconf 78' lang='lat' dir='ltr'><strong>przedicans,</strong></span> <span class='ocrx_word' id='word_1_834' title='bbox 1523 2217 1609 2239; x_wconf 88' lang='lat' dir='ltr'><strong>morte</strong></span> <span class='ocrx_word' id='word_1_835' title='bbox 1622 2211 1712 2240; x_wconf 85' lang='lat' dir='ltr'><strong>victor</strong></span> <span class='ocrx_word' id='word_1_836' title='bbox 1729 2221 1804 2241; x_wconf 86' lang='lat' dir='ltr'><strong>mor-</strong></span> 
     </span>
    </p>
   </div>
   <div class='ocr_carea' id='block_1_110' title="bbox 976 2239 1658 2278">
    <p class='ocr_par' dir='ltr' id='par_1_110' title="bbox 976 2239 1658 2278">
     <span class='ocr_line' id='line_1_112' title="bbox 976 2239 1658 2278; baseline 0 -5"><span class='ocrx_word' id='word_1_837' title='bbox 976 2239 999 2268; x_wconf 84' lang='lat' dir='ltr'><strong>D</strong></span> <span class='ocrx_word' id='word_1_838' title='bbox 1013 2247 1047 2274; x_wconf 90' lang='lat' dir='ltr'><strong>tis</strong></span> <span class='ocrx_word' id='word_1_839' title='bbox 1061 2247 1174 2274; x_wconf 84' lang='lat' dir='ltr'><strong>exstitit.</strong></span> <span class='ocrx_word' id='word_1_840' title='bbox 1196 2256 1205 2272; x_wconf 76' lang='grc' dir='ltr'><strong><em>ι</em></strong></span> <span class='ocrx_word' id='word_1_841' title='bbox 1223 2247 1306 2277; x_wconf 80' lang='lat' dir='ltr'><strong>Idem.</strong></span> <span class='ocrx_word' id='word_1_842' title='bbox 1326 2239 1361 2273; x_wconf 74' lang='grc' dir='ltr'><strong>ύε</strong></span> <span class='ocrx_word' id='word_1_843' title='bbox 1375 2239 1508 2278; x_wconf 61' lang='lat' dir='ltr'><strong>Amic/nn,</strong></span> <span class='ocrx_word' id='word_1_844' title='bbox 1524 2255 1600 2275; x_wconf 87' lang='lat' dir='ltr'><strong>num.</strong></span> <span class='ocrx_word' id='word_1_845' title='bbox 1613 2247 1658 2274; x_wconf 78' lang='grc'><strong>16.</strong></span> 
     </span>
    </p>
   </div>
   <div class='ocr_carea' id='block_1_111' title="bbox 1048 2280 1801 2317">
    <p class='ocr_par' dir='ltr' id='par_1_111' title="bbox 1048 2280 1801 2317">
     <span class='ocr_line' id='line_1_113' title="bbox 1048 2280 1801 2317; baseline 0.005 -9"><span class='ocrx_word' id='word_1_846' title='bbox 1048 2282 1087 2317; x_wconf 77' lang='grc' dir='ltr'>(ί)</span> <span class='ocrx_word' id='word_1_847' title='bbox 1109 2291 1119 2308; x_wconf 87' lang='grc'><strong><em>‹</em></strong></span> <span class='ocrx_word' id='word_1_848' title='bbox 1142 2281 1271 2310; x_wconf 83' lang='lat' dir='ltr'><strong>Voluntas</strong></span> <span class='ocrx_word' id='word_1_849' title='bbox 1284 2281 1371 2309; x_wconf 86' lang='lat' dir='ltr'><strong>Patris</strong></span> <span class='ocrx_word' id='word_1_850' title='bbox 1385 2286 1427 2309; x_wconf 90' lang='lat' dir='ltr'><strong>est</strong></span> <span class='ocrx_word' id='word_1_851' title='bbox 1443 2280 1522 2309; x_wconf 85' lang='lat' dir='ltr'><strong>Jesus</strong></span> <span class='ocrx_word' id='word_1_852' title='bbox 1536 2282 1672 2310; x_wconf 90' lang='lat' dir='ltr'><strong>Christus.</strong></span> <span class='ocrx_word' id='word_1_853' title='bbox 1686 2291 1695 2308; x_wconf 80' lang='grc' dir='ltr'><strong><em>ι</em></strong></span> <span class='ocrx_word' id='word_1_854' title='bbox 1712 2282 1801 2316; x_wconf 85' lang='lat' dir='ltr'><strong>Idem,</strong></span> 
     </span>
    </p>
   </div>
   <div class='ocr_carea' id='block_1_112' title="bbox 1013 2316 1355 2349">
    <p class='ocr_par' dir='ltr' id='par_1_112' title="bbox 1013 2316 1355 2349">
     <span class='ocr_line' id='line_1_114' title="bbox 1013 2316 1355 2349; baseline 0 -5"><span class='ocrx_word' id='word_1_855' title='bbox 1013 2316 1103 2344; x_wconf 78' lang='lat' dir='ltr'><strong>Contr.</strong></span> <span class='ocrx_word' id='word_1_856' title='bbox 1119 2317 1210 2349; x_wconf 89' lang='lat' dir='ltr'><strong>Noet.,</strong></span> <span class='ocrx_word' id='word_1_857' title='bbox 1223 2325 1297 2344; x_wconf 92' lang='lat' dir='ltr'><strong>num.</strong></span> <span class='ocrx_word' id='word_1_858' title='bbox 1312 2317 1355 2344; x_wconf 77' lang='grc'><strong>15.</strong></span> 
     </span>
    </p>
   </div>
   <div class='ocr_carea' id='block_1_113' title="bbox 1047 2351 1645 2388">
    <p class='ocr_par' dir='ltr' id='par_1_113' title="bbox 1047 2351 1645 2388">
     <span class='ocr_line' id='line_1_115' title="bbox 1047 2351 1645 2388; baseline 0.002 -9"><span class='ocrx_word' id='word_1_859' title='bbox 1047 2352 1084 2386; x_wconf 75' lang='grc' dir='ltr'>(Ξ)</span> <span class='ocrx_word' id='word_1_860' title='bbox 1106 2352 1254 2388; x_wconf 73' lang='grc' dir='ltr'><strong>ΙἸῙρροΙ)·ι.,</strong></span> <span class='ocrx_word' id='word_1_861' title='bbox 1270 2351 1365 2388; x_wconf 26' lang='lat' dir='ltr'><strong>libide</strong></span> <span class='ocrx_word' id='word_1_862' title='bbox 1377 2352 1511 2382; x_wconf 67' lang='lat' dir='ltr'><strong>Antia/1n.</strong></span> <span class='ocrx_word' id='word_1_863' title='bbox 1529 2360 1604 2388; x_wconf 84' lang='lat' dir='ltr'><strong>num.</strong></span> <span class='ocrx_word' id='word_1_864' title='bbox 1618 2353 1645 2380; x_wconf 82' lang='grc'><em>8.</em></span> 
     </span>
    </p>
   </div>
   <div class='ocr_carea' id='block_1_114' title="bbox 1046 2387 1802 2423">
    <p class='ocr_par' dir='ltr' id='par_1_114' title="bbox 1046 2387 1802 2423">
     <span class='ocr_line' id='line_1_116' title="bbox 1046 2387 1802 2423; baseline 0.003 -9"><span class='ocrx_word' id='word_1_865' title='bbox 1046 2388 1084 2421; x_wconf 80' lang='grc' dir='ltr'>(ὅ)</span> <span class='ocrx_word' id='word_1_866' title='bbox 1105 2387 1252 2415; x_wconf 72' lang='lat' dir='ltr'><strong>Tillembnt</strong></span> <span class='ocrx_word' id='word_1_867' title='bbox 1267 2408 1275 2420; x_wconf 86' lang='lat'><strong>,</strong></span> <span class='ocrx_word' id='word_1_868' title='bbox 1304 2387 1438 2420; x_wconf 77' lang='lat' dir='ltr'><strong>Mémoir.,</strong></span> <span class='ocrx_word' id='word_1_869' title='bbox 1462 2391 1528 2416; x_wconf 89' lang='lat' dir='ltr'><strong>tom.</strong></span> <span class='ocrx_word' id='word_1_870' title='bbox 1555 2387 1605 2423; x_wconf 79' lang='grc' dir='ltr'>ιιι,</span> <span class='ocrx_word' id='word_1_871' title='bbox 1627 2393 1685 2416; x_wconf 79' lang='lat' dir='ltr'><strong>nat.</strong></span> <span class='ocrx_word' id='word_1_872' title='bbox 1716 2389 1733 2416; x_wconf 85' lang='lat'><strong><em>6</em></strong></span> <span class='ocrx_word' id='word_1_873' title='bbox 1755 2398 1802 2416; x_wconf 71' lang='lat' dir='ltr'><strong>sur</strong></span> 
     </span>
    </p>
   </div>
   <div class='ocr_carea' id='block_1_115' title="bbox 1010 2422 1356 2458">
    <p class='ocr_par' dir='ltr' id='par_1_115' title="bbox 1010 2422 1356 2458">
     <span class='ocr_line' id='line_1_117' title="bbox 1010 2422 1356 2458; baseline -0.003 -8"><span class='ocrx_word' id='word_1_874' title='bbox 1010 2422 1040 2451; x_wconf 91' lang='lat' dir='ltr'><strong>S.</strong></span> <span class='ocrx_word' id='word_1_875' title='bbox 1056 2423 1207 2458; x_wconf 82' lang='lat' dir='ltr'><strong>Hippalyt.,</strong></span> <span class='ocrx_word' id='word_1_876' title='bbox 1219 2430 1279 2458; x_wconf 75' lang='lat' dir='ltr'><strong>pag.</strong></span> <span class='ocrx_word' id='word_1_877' title='bbox 1295 2423 1356 2450; x_wconf 76' lang='grc'><strong>515.</strong></span> 
     </span>
    </p>
   </div>
   <div class='ocr_carea' id='block_1_116' title="bbox 1046 2457 1799 2493">
    <p class='ocr_par' dir='ltr' id='par_1_116' title="bbox 1046 2457 1799 2493">
     <span class='ocr_line' id='line_1_118' title="bbox 1046 2457 1799 2493; baseline 0.003 -8"><span class='ocrx_word' id='word_1_878' title='bbox 1046 2459 1084 2493; x_wconf 76' lang='grc'><strong>(4)</strong></span> <span class='ocrx_word' id='word_1_879' title='bbox 1108 2468 1116 2484; x_wconf 81' lang='grc' dir='ltr'>ι</span> <span class='ocrx_word' id='word_1_880' title='bbox 1135 2457 1183 2486; x_wconf 92' lang='lat' dir='ltr'><strong>Dic</strong></span> <span class='ocrx_word' id='word_1_881' title='bbox 1198 2457 1275 2492; x_wconf 91' lang='lat' dir='ltr'><strong>mihi,</strong></span> <span class='ocrx_word' id='word_1_882' title='bbox 1287 2466 1303 2486; x_wconf 91' lang='grc' dir='ltr'><strong>ο</strong></span> <span class='ocrx_word' id='word_1_883' title='bbox 1320 2459 1396 2485; x_wconf 89' lang='lat' dir='ltr'><strong>beata</strong></span> <span class='ocrx_word' id='word_1_884' title='bbox 1417 2457 1512 2493; x_wconf 73' lang='lat' dir='ltr'><strong>Maria,</strong></span> <span class='ocrx_word' id='word_1_885' title='bbox 1527 2458 1592 2493; x_wconf 89' lang='lat' dir='ltr'><strong>quid</strong></span> <span class='ocrx_word' id='word_1_886' title='bbox 1608 2463 1670 2487; x_wconf 87' lang='lat' dir='ltr'><strong>erat</strong></span> <span class='ocrx_word' id='word_1_887' title='bbox 1692 2467 1708 2487; x_wconf 88' lang='lat' dir='ltr'><strong>a</strong></span> <span class='ocrx_word' id='word_1_888' title='bbox 1730 2464 1756 2487; x_wconf 84' lang='lat' dir='ltr'><strong>te</strong></span> <span class='ocrx_word' id='word_1_889' title='bbox 1773 2460 1799 2487; x_wconf 89' lang='lat' dir='ltr'><strong>in</strong></span> 
     </span>
    </p>
   </div>
   <div class='ocr_carea' id='block_1_117' title="bbox 1009 2493 1798 2530">
    <p class='ocr_par' dir='ltr' id='par_1_117' title="bbox 1009 2493 1798 2530">
     <span class='ocr_line' id='line_1_119' title="bbox 1009 2493 1798 2530; baseline 0.001 -9"><span class='ocrx_word' id='word_1_890' title='bbox 1009 2499 1086 2521; x_wconf 84' lang='lat' dir='ltr'><strong>utero</strong></span> <span class='ocrx_word' id='word_1_891' title='bbox 1103 2498 1279 2530; x_wconf 76' lang='lat' dir='ltr'><strong>conceptum,</strong></span> <span class='ocrx_word' id='word_1_892' title='bbox 1295 2499 1321 2520; x_wconf 89' lang='lat' dir='ltr'><strong>et</strong></span> <span class='ocrx_word' id='word_1_893' title='bbox 1333 2493 1398 2528; x_wconf 85' lang='lat' dir='ltr'><strong>quid</strong></span> <span class='ocrx_word' id='word_1_894' title='bbox 1413 2501 1428 2520; x_wconf 81' lang='lat' dir='ltr'><strong>a</strong></span> <span class='ocrx_word' id='word_1_895' title='bbox 1448 2498 1474 2530; x_wconf 76' lang='lat' dir='ltr'><strong>te</strong></span> <span class='ocrx_word' id='word_1_896' title='bbox 1494 2494 1651 2530; x_wconf 72' lang='lat' dir='ltr'><strong>gestabatur</strong></span> <span class='ocrx_word' id='word_1_897' title='bbox 1669 2495 1696 2522; x_wconf 92' lang='lat' dir='ltr'><strong>in</strong></span> <span class='ocrx_word' id='word_1_898' title='bbox 1714 2496 1798 2530; x_wconf 79' lang='lat' dir='ltr'><strong>virgi-</strong></span> 
     </span>
    </p>
   </div>
   <div class='ocr_carea' id='block_1_118' title="bbox 1008 2528 1799 2565">
    <p class='ocr_par' dir='ltr' id='par_1_118' title="bbox 1008 2528 1799 2565">
     <span class='ocr_line' id='line_1_120' title="bbox 1008 2528 1799 2565; baseline 0.003 -9"><span class='ocrx_word' id='word_1_899' title='bbox 1008 2530 1062 2565; x_wconf 69' lang='lat' dir='ltr'><strong>nali</strong></span> <span class='ocrx_word' id='word_1_900' title='bbox 1086 2530 1219 2565; x_wconf 53' lang='lat' dir='ltr'><strong>matrimi</strong></span> <span class='ocrx_word' id='word_1_901' title='bbox 1242 2528 1359 2565; x_wconf 79' lang='lat' dir='ltr'><strong>Verbum</strong></span> <span class='ocrx_word' id='word_1_902' title='bbox 1380 2533 1439 2555; x_wconf 74' lang='lat' dir='ltr'><strong>erat</strong></span> <span class='ocrx_word' id='word_1_903' title='bbox 1456 2528 1544 2565; x_wconf 56' lang='lat' dir='ltr'><strong>Dei.)</strong></span> <span class='ocrx_word' id='word_1_904' title='bbox 1565 2528 1706 2565; x_wconf 82' lang='lat' dir='ltr'><strong>llippolyt.</strong></span> <span class='ocrx_word' id='word_1_905' title='bbox 1728 2528 1799 2565; x_wconf 78' lang='lat' dir='ltr'><strong>apud</strong></span> 
     </span>
    </p>
   </div>
   <div class='ocr_carea' id='block_1_119' title="bbox 1008 2563 1749 2600">
    <p class='ocr_par' dir='ltr' id='par_1_119' title="bbox 1008 2563 1749 2600">
     <span class='ocr_line' id='line_1_121' title="bbox 1008 2563 1749 2600; baseline 0.001 -9"><span class='ocrx_word' id='word_1_906' title='bbox 1008 2563 1299 2600; x_wconf 63' lang='lat' dir='ltr'><strong>Tlteodoret.,0ia109.</strong></span> <span class='ocrx_word' id='word_1_907' title='bbox 1325 2564 1355 2600; x_wconf 12' lang='lat' dir='ltr'><strong>li.</strong></span> <span class='ocrx_word' id='word_1_908' title='bbox 1365 2569 1391 2590; x_wconf 87' lang='lat' dir='ltr'><strong>et</strong></span> <span class='ocrx_word' id='word_1_909' title='bbox 1406 2568 1471 2591; x_wconf 91' lang='lat' dir='ltr'><strong>tom.</strong></span> <span class='ocrx_word' id='word_1_910' title='bbox 1487 2563 1496 2590; x_wconf 84' lang='grc' dir='ltr'><strong>Ι</strong></span> <span class='ocrx_word' id='word_1_911' title='bbox 1513 2563 1591 2598; x_wconf 78' lang='grc' dir='ltr'><strong>Ορρ.,</strong></span> <span class='ocrx_word' id='word_1_912' title='bbox 1609 2563 1674 2600; x_wconf 65' lang='lat' dir='ltr'><strong>pag.</strong></span> <span class='ocrx_word' id='word_1_913' title='bbox 1687 2563 1749 2592; x_wconf 72' lang='lat'><strong>267.</strong></span> 
     </span>
    </p>
   </div>
   <div class='ocr_carea' id='block_1_120' title="bbox 1043 2599 1795 2634">
    <p class='ocr_par' dir='ltr' id='par_1_120' title="bbox 1043 2599 1795 2634">
     <span class='ocr_line' id='line_1_122' title="bbox 1043 2599 1795 2634; baseline 0.003 -7"><span class='ocrx_word' id='word_1_914' title='bbox 1043 2601 1080 2634; x_wconf 79' lang='lat' dir='ltr'><strong>t5)</strong></span> <span class='ocrx_word' id='word_1_915' title='bbox 1101 2600 1174 2626; x_wconf 90' lang='lat' dir='ltr'><strong>ldem</strong></span> <span class='ocrx_word' id='word_1_916' title='bbox 1193 2599 1218 2626; x_wconf 92' lang='lat' dir='ltr'><strong>in</strong></span> <span class='ocrx_word' id='word_1_917' title='bbox 1235 2599 1299 2627; x_wconf 90' lang='lat' dir='ltr'><strong>illud</strong></span> <span class='ocrx_word' id='word_1_918' title='bbox 1313 2608 1320 2625; x_wconf 90' lang='lat'><strong>:</strong></span> <span class='ocrx_word' id='word_1_919' title='bbox 1338 2599 1474 2633; x_wconf 75' lang='lat' dir='ltr'><strong>Sapientia</strong></span> <span class='ocrx_word' id='word_1_920' title='bbox 1491 2599 1795 2633; x_wconf 50' lang='lat' dir='ltr'><strong>wdi/icaritfProverb.</strong></span> 
     </span>
    </p>
   </div>
   <div class='ocr_carea' id='block_1_121' title="bbox 1006 2634 1432 2670">
    <p class='ocr_par' dir='ltr' id='par_1_121' title="bbox 1006 2634 1432 2670">
     <span class='ocr_line' id='line_1_123' title="bbox 1006 2634 1432 2670; baseline -0.002 -8"><span class='ocrx_word' id='word_1_921' title='bbox 1006 2643 1045 2666; x_wconf 80' lang='lat' dir='ltr'><strong>Ix,</strong></span> <span class='ocrx_word' id='word_1_922' title='bbox 1060 2635 1084 2668; x_wconf 71' lang='lat'>1;</span> <span class='ocrx_word' id='word_1_923' title='bbox 1098 2641 1164 2663; x_wconf 88' lang='lat' dir='ltr'><strong>tom.</strong></span> <span class='ocrx_word' id='word_1_924' title='bbox 1177 2634 1187 2660; x_wconf 93' lang='lat' dir='ltr'><strong>l</strong></span> <span class='ocrx_word' id='word_1_925' title='bbox 1201 2634 1279 2668; x_wconf 80' lang='lat' dir='ltr'><strong>0pp.,</strong></span> <span class='ocrx_word' id='word_1_926' title='bbox 1295 2643 1356 2670; x_wconf 74' lang='lat' dir='ltr'><strong>pag.</strong></span> <span class='ocrx_word' id='word_1_927' title='bbox 1369 2635 1432 2661; x_wconf 63' lang='lat'><strong>1&#39;82.</strong></span> 
     </span>
    </p>
   </div>
   <div class='ocr_carea' id='block_1_122' title="bbox 1053 2670 1466 2705">
    <p class='ocr_par' dir='ltr' id='par_1_122' title="bbox 1053 2670 1466 2705">
     <span class='ocr_line' id='line_1_124' title="bbox 1053 2670 1466 2705; baseline 0 -8"><span class='ocrx_word' id='word_1_928' title='bbox 1053 2672 1080 2704; x_wconf 76' lang='lat' dir='ltr'><strong>ti)</strong></span> <span class='ocrx_word' id='word_1_929' title='bbox 1103 2670 1166 2697; x_wconf 83' lang='lat' dir='ltr'><strong>Vide</strong></span> <span class='ocrx_word' id='word_1_930' title='bbox 1180 2671 1288 2698; x_wconf 83' lang='lat' dir='ltr'><strong>articul.</strong></span> <span class='ocrx_word' id='word_1_931' title='bbox 1304 2671 1466 2705; x_wconf 66' lang='lat' dir='ltr'><strong>praecedent.</strong></span> 
     </span>
    </p>
   </div>
   <div class='ocr_carea' id='block_1_123' title="bbox 1053 2705 1792 2740">
    <p class='ocr_par' dir='ltr' id='par_1_123' title="bbox 1053 2705 1792 2740">
     <span class='ocr_line' id='line_1_125' title="bbox 1053 2705 1792 2740; baseline 0 -8"><span class='ocrx_word' id='word_1_932' title='bbox 1053 2707 1079 2740; x_wconf 89' lang='lat'><strong>7)</strong></span> <span class='ocrx_word' id='word_1_933' title='bbox 1100 2705 1129 2732; x_wconf 92' lang='lat' dir='ltr'><strong>S.</strong></span> <span class='ocrx_word' id='word_1_934' title='bbox 1152 2705 1299 2740; x_wconf 77' lang='lat' dir='ltr'><strong>llippolyt.,</strong></span> <span class='ocrx_word' id='word_1_935' title='bbox 1324 2705 1422 2731; x_wconf 82' lang='lat' dir='ltr'><strong>Contra</strong></span> <span class='ocrx_word' id='word_1_936' title='bbox 1448 2705 1575 2733; x_wconf 68' lang='lat' dir='ltr'><strong>Heronem</strong></span> <span class='ocrx_word' id='word_1_937' title='bbox 1601 2711 1626 2733; x_wconf 81' lang='lat' dir='ltr'><strong>et</strong></span> <span class='ocrx_word' id='word_1_938' title='bbox 1651 2705 1792 2740; x_wconf 71' lang='lat' dir='ltr'><strong>Helicen,</strong></span> 
     </span>
    </p>
   </div>
   <div class='ocr_carea' id='block_1_124' title="bbox 1004 2740 1794 2776">
    <p class='ocr_par' dir='ltr' id='par_1_124' title="bbox 1004 2740 1794 2776">
     <span class='ocr_line' id='line_1_126' title="bbox 1004 2740 1794 2776; baseline -0.003 -8"><span class='ocrx_word' id='word_1_939' title='bbox 1004 2748 1081 2768; x_wconf 91' lang='lat' dir='ltr'><strong>num.</strong></span> <span class='ocrx_word' id='word_1_940' title='bbox 1095 2741 1122 2772; x_wconf 90' lang='lat'><strong>8,</strong></span> <span class='ocrx_word' id='word_1_941' title='bbox 1138 2748 1164 2776; x_wconf 94' lang='lat' dir='ltr'><strong>p.</strong></span> <span class='ocrx_word' id='word_1_942' title='bbox 1183 2741 1244 2769; x_wconf 67' lang='lat'><strong>469.</strong></span> <span class='ocrx_word' id='word_1_943' title='bbox 1258 2740 1327 2776; x_wconf 82' lang='lat' dir='ltr'><strong>apud</strong></span> <span class='ocrx_word' id='word_1_944' title='bbox 1340 2740 1478 2773; x_wconf 81' lang='lat' dir='ltr'><strong>Galland.,</strong></span> <span class='ocrx_word' id='word_1_945' title='bbox 1491 2746 1516 2768; x_wconf 88' lang='lat' dir='ltr'><strong>et</strong></span> <span class='ocrx_word' id='word_1_946' title='bbox 1532 2741 1585 2768; x_wconf 74' lang='lat'><strong>250</strong></span> <span class='ocrx_word' id='word_1_947' title='bbox 1598 2742 1671 2776; x_wconf 89' lang='lat' dir='ltr'><strong>apud</strong></span> <span class='ocrx_word' id='word_1_948' title='bbox 1687 2741 1794 2770; x_wconf 72' lang='lat' dir='ltr'><strong>Fabric.</strong></span> 
     </span>
    </p>
   </div>
   <div class='ocr_carea' id='block_1_125' title="bbox 1040 2775 1791 2812">
    <p class='ocr_par' dir='ltr' id='par_1_125' title="bbox 1040 2775 1791 2812">
     <span class='ocr_line' id='line_1_127' title="bbox 1040 2775 1791 2812; baseline 0.001 -9"><span class='ocrx_word' id='word_1_949' title='bbox 1040 2777 1078 2812; x_wconf 80' lang='lat'><strong>(8)</strong></span> <span class='ocrx_word' id='word_1_950' title='bbox 1099 2776 1129 2812; x_wconf 74' lang='lat' dir='ltr'><strong>S.</strong></span> <span class='ocrx_word' id='word_1_951' title='bbox 1139 2775 1274 2812; x_wconf 81' lang='lat' dir='ltr'><strong>Hippolyti</strong></span> <span class='ocrx_word' id='word_1_952' title='bbox 1284 2775 1470 2809; x_wconf 84' lang='lat' dir='ltr'><strong>lnterpretutio</strong></span> <span class='ocrx_word' id='word_1_953' title='bbox 1482 2775 1670 2812; x_wconf 21' lang='lat' dir='ltr'><strong>hzrbqnielcnt,</strong></span> <span class='ocrx_word' id='word_1_954' title='bbox 1679 2785 1755 2812; x_wconf 69' lang='lat' dir='ltr'><strong>num.</strong></span> <span class='ocrx_word' id='word_1_955' title='bbox 1765 2777 1791 2808; x_wconf 85' lang='lat'><strong>6.</strong></span> 
     </span>
    </p>
   </div>
   <div class='ocr_carea' id='block_1_126' title="bbox 1022 2811 1791 2845">
    <p class='ocr_par' dir='ltr' id='par_1_126' title="bbox 1022 2811 1791 2845">
     <span class='ocr_line' id='line_1_128' title="bbox 1022 2811 1791 2845; baseline -0.001 -7"><span class='ocrx_word' id='word_1_956' title='bbox 1022 2819 1064 2845; x_wconf 77' lang='lat' dir='ltr'><strong>ag.</strong></span> <span class='ocrx_word' id='word_1_957' title='bbox 1083 2811 1132 2840; x_wconf 69' lang='lat' dir='ltr'><strong>tu!</strong></span> <span class='ocrx_word' id='word_1_958' title='bbox 1145 2832 1153 2842; x_wconf 84' lang='lat'>.</span> <span class='ocrx_word' id='word_1_959' title='bbox 1163 2812 1190 2837; x_wconf 95' lang='lat' dir='ltr'><strong>in</strong></span> <span class='ocrx_word' id='word_1_960' title='bbox 1203 2811 1311 2838; x_wconf 83' lang='lat' dir='ltr'><strong>Dauiele</strong></span> <span class='ocrx_word' id='word_1_961' title='bbox 1322 2811 1471 2838; x_wconf 81' lang='lat' dir='ltr'><strong>secundum</strong></span> <span class='ocrx_word' id='word_1_962' title='bbox 1486 2811 1556 2838; x_wconf 72' lang='lat' dir='ltr'><strong>LXX</strong></span> <span class='ocrx_word' id='word_1_963' title='bbox 1567 2831 1575 2843; x_wconf 90' lang='lat'><strong>,</strong></span> <span class='ocrx_word' id='word_1_964' title='bbox 1592 2811 1699 2844; x_wconf 67' lang='lat' dir='ltr'><strong>Roma,</strong></span> <span class='ocrx_word' id='word_1_965' title='bbox 1714 2811 1791 2843; x_wconf 70' lang='lat'><strong>1772,</strong></span> 
     </span>
    </p>
   </div>
   <div class='ocr_carea' id='block_1_127' title="bbox 1039 2845 1790 2882">
    <p class='ocr_par' dir='ltr' id='par_1_127' title="bbox 1039 2845 1790 2882">
     <span class='ocr_line' id='line_1_129' title="bbox 1039 2845 1790 2882; baseline -0.003 -8"><span class='ocrx_word' id='word_1_966' title='bbox 1039 2847 1077 2881; x_wconf 90' lang='lat'><strong>(9)</strong></span> <span class='ocrx_word' id='word_1_967' title='bbox 1097 2845 1258 2882; x_wconf 78' lang='lat' dir='ltr'><strong>Hippolytus</strong></span> <span class='ocrx_word' id='word_1_968' title='bbox 1269 2846 1338 2880; x_wconf 90' lang='lat' dir='ltr'><strong>apud</strong></span> <span class='ocrx_word' id='word_1_969' title='bbox 1351 2845 1457 2882; x_wconf 65' lang='lat' dir='ltr'><strong>Fabric.</strong></span> <span class='ocrx_word' id='word_1_970' title='bbox 1466 2866 1473 2876; x_wconf 84' lang='lat'><strong>.</strong></span> <span class='ocrx_word' id='word_1_971' title='bbox 1489 2851 1556 2874; x_wconf 86' lang='lat' dir='ltr'><strong>tom.</strong></span> <span class='ocrx_word' id='word_1_972' title='bbox 1569 2846 1580 2882; x_wconf 19' lang='lat' dir='ltr'><strong>l7</strong></span> <span class='ocrx_word' id='word_1_973' title='bbox 1591 2846 1661 2882; x_wconf 77' lang='lat' dir='ltr'><strong>Opp.</strong></span> <span class='ocrx_word' id='word_1_974' title='bbox 1672 2868 1680 2880; x_wconf 92' lang='lat'><strong>,</strong></span> <span class='ocrx_word' id='word_1_975' title='bbox 1689 2855 1716 2882; x_wconf 86' lang='lat' dir='ltr'><strong>p.</strong></span> <span class='ocrx_word' id='word_1_976' title='bbox 1725 2847 1790 2874; x_wconf 72' lang='grc'><strong>268.</strong></span> 
     </span>
    </p>
   </div>
   <div class='ocr_carea' id='block_1_128' title="bbox 1001 2880 1790 2917">
    <p class='ocr_par' dir='ltr' id='par_1_128' title="bbox 1001 2880 1790 2917">
     <span class='ocr_line' id='line_1_130' title="bbox 1001 2880 1790 2917; baseline -0.001 -8"><span class='ocrx_word' id='word_1_977' title='bbox 1001 2886 1027 2909; x_wconf 87' lang='lat' dir='ltr'><strong>et</strong></span> <span class='ocrx_word' id='word_1_978' title='bbox 1035 2880 1106 2917; x_wconf 79' lang='lat' dir='ltr'><strong>apud</strong></span> <span class='ocrx_word' id='word_1_979' title='bbox 1117 2880 1299 2915; x_wconf 82' lang='lat' dir='ltr'><strong>Gallandium,</strong></span> <span class='ocrx_word' id='word_1_980' title='bbox 1309 2886 1384 2909; x_wconf 89' lang='lat' dir='ltr'><strong>tomo</strong></span> <span class='ocrx_word' id='word_1_981' title='bbox 1392 2880 1413 2908; x_wconf 82' lang='grc' dir='ltr'>ιι</span> <span class='ocrx_word' id='word_1_982' title='bbox 1424 2881 1553 2910; x_wconf 77' lang='lat' dir='ltr'><strong>Biblioth.</strong></span> <span class='ocrx_word' id='word_1_983' title='bbox 1567 2880 1639 2915; x_wconf 82' lang='lat' dir='ltr'><strong>PP.,</strong></span> <span class='ocrx_word' id='word_1_984' title='bbox 1651 2880 1707 2910; x_wconf 83' lang='lat' dir='ltr'><strong>col.</strong></span> <span class='ocrx_word' id='word_1_985' title='bbox 1718 2882 1790 2915; x_wconf 68' lang='lat'><strong>496.,</strong></span> 
     </span>
    </p>
   </div>
  </div>
