1857 3051
82 80 134 109 369

561 79 605 107 DE
625 79 705 107 VITA
726 79 772 106 ΕΤ
790 78 947 107 SCHIPTIS
964 79 994 106 S.
1007 78 1198 107 IHPPOLYTI.

1652 77 1704 105 370

80 143 220 175 poterant,
233 143 293 166 erat
308 138 366 174 ipse
382 137 516 166 Salvator.
528 138 580 166 Per
597 139 668 166 hanc
684 139 755 166 enim
765 143 865 178 ‘putre-
879 147 900 174 Α
917 138 1029 167 aﬂ‘ectus
1050 139 1185 174 superbia:
1207 138 1254 165 libi
1274 137 1442 171 dominetur;
1459 137 1482 165 si
1500 137 1594 165 sordes
1616 137 1690 172 impu

78 187 145 214 diuis
158 191 185 213 et
203 187 386 222 corruptionis
402 193 498 220 expers
516 185 576 221 ejus
601 185 807 213 tabernaculum
823 186 861 212 si-

78 233 250 267 gniﬁcabatur
261 253 268 265 ,
296 233 370 267 quod
397 233 497 259 nullam
514 232 618 267 peccati
635 232 803 267 putredinem
816 239 862 267 ge-

78 279 166 306 nuit...
187 279 319 306 Dominus
340 283 430 306 autem
450 286 466 306 a
485 283 595 313 peccato
616 278 722 305 alienus
742 282 817 310 erat,
835 282 862 305 et

76 333 105 352 ex
119 325 201 360 lignis
216 325 406 360 putrefactioni
425 332 479 352 non
499 324 625 351 obnoxiis
641 323 792 351 secundum
811 324 861 350 ho-

75 371 189 404 minem,
207 371 324 404 hocest,
344 379 376 398 ex
396 369 504 405 Virgine
524 375 550 397 et
573 370 674 404 Spiritu
697 374 802 401 sancto,
819 369 862 395 in-

74 423 114 446 tus
126 423 152 445 et
171 417 240 446 l’oris
261 422 390 452 tanquam
406 418 553 452 purissimo
568 416 646 444 Verbi
663 417 709 444 Dei
727 425 794 444 auro
808 417 861 444 cir-

73 468 231 492 cumtectus.
259 473 268 490 ι
295 464 395 491 Eadem
418 463 474 491 fere
496 473 511 492 e
529 468 625 491 sancto
648 465 750 491 Irenaeo
780 463 860 491 habet

72 514 178 538 sanctus
191 509 314 538 Joannes
333 510 519 538 Damascenus
533 515 630 538 contra
644 510 794 538 Jacobitas.

323 565 502 594 ARTICULU
509 565 527 593 S
547 566 614 593 Vill.

241 621 275 640 DE
295 621 428 640 BAPTISIO
449 621 483 640 ET
504 621 694 642 ευοιιιιιιςτιλ.

103 657 235 693 Baptismi
252 660 369 693 c/fcctus.
386 675 422 679 —
446 659 564 686 Sanctus
580 664 682 695 martyr
703 667 735 687 ac
755 658 861 694 episeo-

70 712 116 738 pus
132 705 295 741 Hippolytus
308 706 365 733 suis
380 706 406 732 in
424 706 532 740 scriptis
552 706 585 733 de
606 706 713 733 duobus
730 706 863 733 duntaxat

70 752 255 783 sacramentis,
266 750 404 786 Baptismo
417 751 544 778 nimirum
553 756 579 778 et
589 751 772 782 Eucharistia,
787 759 863 778 Ineu-

70 796 162 824 tionem
185 796 267 830 fecit;
290 805 383 823 verum
406 797 510 832 reliqua
528 797 623 824 nullibi
647 805 774 831 expresse
789 805 804 823 e
818 805 862 824 sa'

69 846 266 868 cranrentorum
284 849 398 868 numero
413 842 538 869 esclusit.
556 842 638 869 Docet
651 847 740 869 autem
757 849 804 876 per
816 850 859 869 sa-

69 891 229 913 cramentum
259 886 435 922 Baptismatis
458 895 508 914 nos
528 887 649 914 obtinere
668 887 860 914 immortalitas

68 936 115 959 tem
130 937 155 959 et
167 933 255 960 vitam
268 933 450 967 spiritualem,
467 941 482 960 a
505 933 633 960 servitute
652 941 683 960 ac
704 935 860 968 captiv.tate

68 978 190 1006 daemonis
216 987 269 1006 nos
290 979 410 1012 liberari,
428 983 454 1006 et
473 979 584 1007 induere
601 979 772 1014 adoptionem
790 979 859 1007 tilio-

70 1031 124 1050 rum
137 1023 192 1050 Dei.
213 1033 222 1049 ι
243 1024 324 1051 Pater
341 1024 422 1059 igitur
436 1024 660 1057 immortalitatis,
683 1024 774 1059 inquit
784 1015 856 1060 ’(10),

69 1069 242 1096 immortalem
264 1069 365 1097 Filium
380 1078 412 1098 ac
433 1070 552 1098 Verbum
570 1071 596 1098 in
618 1072 750 1098 mundum
771 1072 857 1108 misit,

68 1115 108 1149 qui
122 1115 193 1142 venit
207 1116 242 1143 ad
260 1116 399 1147 homines,
413 1116 519 1144 loturus
535 1125 582 1144 eos
599 1126 670 1152 aqua
692 1123 718 1145 et
742 1118 856 1152 Spiritu,

69 1165 91 1187 et
105 1167 313 1195 regeneraturus
332 1162 364 1188 ad
381 1162 478 1190 animm
493 1163 670 1198 corporisque
690 1164 856 1198 incorrupti-

68 1206 197 1240 bilitatem,
214 1208 361 1242 inspiravit
377 1209 404 1235 in
423 1216 474 1236 nos
491 1210 615 1243 spiritum
634 1210 705 1243 vitae,
719 1215 746 1237 et
763 1210 855 1237 incor-

68 1255 176 1289 ruptibili
201 1262 344 1283 armatura
368 1256 464 1284 induit.
495 1257 523 1285 Si
550 1258 631 1294 igitur
655 1259 737 1286 homo
765 1258 854 1286 factus

67 1300 218 1329 immortalis
230 1308 284 1333 est,
301 1302 372 1330 Deus
389 1304 470 1331 etiam
489 1304 550 1331 erit.
568 1304 596 1331 Si
607 1312 672 1331 vero
687 1313 734 1340 per
753 1313 852 1340 aquam

67 1352 89 1372 et
107 1347 233 1382 Spiritum
259 1355 385 1377 sanctum
413 1358 428 1377 a
460 1351 666 1385 regeneratione
688 1359 721 1378 ex
742 1351 853 1379 lavacro

66 1389 129 1419 Deus
141 1394 178 1425 tit,
195 1395 383 1428 eomperictur
403 1395 485 1422 etiam
505 1400 567 1430 post
588 1396 817 1423 resurrectionem
837 1405 852 1424 e

66 1439 170 1466 mortuis
183 1440 301 1467 cohttres
317 1439 417 1467 Christi
434 1449 499 1467 esse.
528 1440 611 1476 Igitur
631 1442 763 1476 praeconis
786 1451 852 1470 voce

65 1484 192 1517 prodamo
210 1495 216 1512 :
239 1485 344 1519 Venite,
356 1494 449 1514 omnes
468 1487 556 1514 tribus
570 1488 691 1522 gentium
710 1489 742 1516 ad
756 1488 851 1524 Bapti-

65 1531 151 1558 smatis
166 1532 402 1560 immortalitatem
419 1541 426 1560 :
451 1532 539 1560 Vitam
559 1534 642 1565 vobis.
657 1535 703 1569 qui
725 1535 751 1562 in
773 1535 849 1570 igno-

64 1577 148 1603 rantia:
166 1578 285 1613 caligine
299 1579 398 1606 versati
416 1579 507 1608 adhuc
528 1580 605 1614 estis,
624 1581 713 1615 fausto
729 1583 849 1617 signiﬁco

65 1623 162 1655 nuntio;
175 1625 260 1650 venite
273 1632 305 1651 ea:
319 1625 442 1652 sert-itute
455 1626 481 1652 in
493 1626 651 1658 libertatem,
664 1635 697 1654 ea:
709 1629 850 1663 tyrannide

64 1668 94 1693 ad
104 1677 217 1703 regnum,
233 1677 268 1696 er-
283 1671 450 1705 carruptione
462 1671 496 1698 ad
508 1673 800 1707 incorruptibilitatem.
817 1674 849 1702 Et

65 1716 200 1748 quomodo,
216 1716 318 1751 inquit,
336 1717 501 1745 veniemus?
513 1719 673 1751 Quomodo?
693 1728 739 1754 per
752 1729 849 1756 aquam

64 1765 84 1786 et
104 1759 229 1794 Spiritum
259 1769 392 1790 sanctum.
415 1764 478 1791 Ila'c
505 1769 544 1791 est
573 1773 641 1800 aqua
668 1775 726 1792 cum
746 1766 849 1802 Spiritu

65 1806 203 1840 cattjunrta,
231 1816 285 1843 qua
301 1809 444 1843 paradisus
461 1811 573 1845 rigatur,
602 1816 672 1838 terra
689 1814 847 1848 pinguescit,

65 1855 136 1886 atque
155 1858 184 1880 ut
205 1855 300 1881 omnia
322 1857 484 1890 compendio
509 1859 666 1892 amplectar,
683 1868 728 1894 per
751 1869 848 1895 aquam

64 1904 190 1931 generatus
205 1901 285 1927 homo
302 1902 460 1935 viviﬁcatur,
477 1911 530 1938 qua
546 1904 673 1932 Christus
695 1906 847 1940 baptizatus

63 1949 108 1976 est,
132 1945 156 1972 in
174 1954 259 1981 quam
278 1947 398 1982 Spiritus
416 1955 528 1977 sanctus
546 1951 678 1978 columbm
700 1953 847 1986 speeiede-

63 1992 166 2019 scendit.
234 1993 342 2021 Accede
355 2002 429 2028 ergo,
441 1999 468 2022 et
480 2003 649 2030 regenerarc,
663 2005 680 2024 ο
696 1998 794 2026 homo!
813 1998 847 2025 ad

63 2037 222 2071 adoptionem
252 2039 370 2067 Iiliorum
388 2041 446 2068 Dei.
476 2041 508 2068 Et
529 2043 789 2079 quomodo?inquit.
818 2044 847 2072 Si

66 2090 111 2110 non
123 2085 287 2113 adulterium
312 2095 361 2114 nec
377 2089 476 2116 eadem
493 2090 673 2122 commiseris,
699 2099 750 2118 nec
774 2091 846 2119 idola

63 2130 169 2159 colueris
186 2132 255 2167 (ll),
268 2133 294 2160 id
309 2139 361 2166 est,
379 2134 500 2162 habitum
513 2142 539 2164 et
550 2137 674 2164 aﬂ'cetum
691 2138 723 2164 ad
736 2138 802 2171 haec,
820 2143 847 2166 et

913 187 1002 214 ritatis
1020 187 1170 222 abstergas,
1197 191 1224 214 ct
1240 194 1310 214 onus
1331 187 1434 221 peccati
1452 194 1466 214 a
1485 191 1510 213 te
1529 186 1662 221 alzjicias;
1680 186 1704 213 si

912 240 997 260 exuas
1022 237 1188 260 armaturam
1214 233 1325 265 diaboli,
1350 237 1377 260 et
1405 233 1502 260 induas
1529 233 1589 260 tidci
1612 233 1705 259 thora-

913 287 972 307 cem
998 280 1030 305 ".
1070 278 1146 306 Sicut
1184 279 1286 312 Isaias,
1322 287 1381 314 cap.
1401 287 1431 306 ιε
1452 289 1461 305 ι
1490 279 1642 311 Lavamini,
1662 279 1704 305 in-

913 325 982 359 quit,
1003 329 1030 352 et
1042 325 1154 360 quaerite
1171 324 1316 360 judicium,
1337 326 1432 360 eripite
1444 331 1615 360 oppressum,
1629 325 1703 359 judi-

913 375 974 397 cate
987 371 1121 405 orphano,
1139 371 1271 398 absolvite
1285 371 1404 403 viduam,
1417 375 1443 399 et
1456 372 1553 403 venite,
1569 376 1596 398 ct
1612 371 1703 398 disce-

912 421 1031 451 ptemus,
1045 417 1083 443 ait
1095 417 1236 445 Dominus.
1253 417 1284 444 Et
1296 418 1319 444 si
1339 418 1392 445 sint
1405 422 1514 452 peccata
1528 421 1616 444 vestra
1633 417 1703 444 sicut

912 461 1045 495 punieeus
1059 469 1177 496 pannus,
1193 467 1222 489 ut
1239 463 1327 489 nivem
1343 463 1490 496 dealbabo;
1507 463 1584 498 sique
1603 463 1704 490 fuerin:

913 511 943 533 ut
957 508 1108 541 coccinum,
1123 509 1256 536 tlealbabo
1279 514 1307 536 ut
1323 510 1423 538 lanam.
1438 510 1470 537 Et
1491 511 1601 545 quando
1619 511 1702 538 vultis

913 560 1006 579 vocem
1020 561 1107 581 meam
1121 555 1225 588 audire,
1241 556 1310 583 bona
1323 561 1401 583 terras
1415 557 1570 583 comedetis.
1585 565 1594 582 ι
1612 557 1701 584 \‘ides.

912 599 1020 632 dilecte,
1044 601 1181 634 quomodo
1203 602 1333 636 propheta
1360 602 1487 637 baptismi
1508 603 1562 629 vim
1581 603 1702 638 purgati-

912 652 973 671 vam
986 645 1126 679 przedixit;
1150 647 1196 681 qui
1214 647 1285 674 enim
1297 655 1359 674 cum
1377 647 1428 675 lide
1443 648 1469 674 in
1486 649 1537 675 hoc
1559 656 1702 683 regenera—

914 691 997 718 tionis
1011 691 1149 718 lavacrum
1164 693 1314 725 descendit,
1331 693 1469 721 renuntiat
1485 694 1568 728 malo,
1586 698 1613 721 et
1623 694 1703 721 Chri-

914 742 957 765 sto
973 745 1001 764 se
1013 738 1123 765 addicit.
1142 737 1253 766 Hostem
1273 739 1400 774 abnegat,
1414 747 1446 767 ae
1461 740 1600 767 Christum
1617 740 1701 767 Deum

913 791 974 811 esse
994 783 1156 817 conlitetur;
1179 785 1338 812 servitutem
1366 786 1451 818 exuit,
1471 786 1559 812 induit
1581 786 1702 821 adoptio-

878 826 897 854 Β
912 838 991 863 trem;
1019 831 1088 858 redit
1108 838 1140 858 es
1158 831 1293 866 baptismo
1311 832 1478 866 splendidus,
1499 836 1528 859 ut
1549 833 1589 860 sol
1609 833 1701 860 radios

911 875 1023 910 justitia:
1041 876 1218 911 eﬂ‘ulgurans.
1241 876 1319 909 Quod
1337 885 1403 904 vero
1421 878 1570 906 maximum
1587 883 1639 911 est,
1658 886 1701 908 re-

912 923 1025 949 vertitur
1036 921 1121 949 Filius
1134 922 1180 949 Dei
1195 928 1221 949 et
1233 923 1335 950 Christi
1355 923 1450 950 hmres.
1467 933 1476 949 ι

947 967 1062 994 Fructus
1075 968 1198 1001 baptismi
1213 967 1324 996 Clu-isti.
1337 983 1371 988 —
1386 968 1535 997 Enumerat
1552 969 1633 1004 paulo
1654 977 1699 996 sm

911 1022 957 1049 pra
973 1014 1078 1042 fructus
1098 1015 1224 1050 baptismi
1239 1014 1389 1043 Salvatoris
1410 1016 1495 1043 nostri
1518 1015 1582 1042 Jesu
1598 1015 1698 1043 Christi

910 1061 961 1087 hoc
972 1061 1051 1088 modo
1066 1061 1140 1096 ([2):
1157 1071 1166 1087 ι
1183 1060 1275 1094 Vides,
1292 1061 1399 1094 dilecte,
1415 1067 1481 1096 quot
1495 1067 1521 1089 et
1532 1067 1698 1097 quanlorum

908 1106 1042 1135 bonorum
1067 1109 1204 1142 iacturam
1233 1104 1330 1136 facturi
1357 1108 1514 1138 fuissemus.
1535 1108 1558 1135 si
1584 1107 1698 1136 Joannis

909 1153 1049 1180 monitioni
1062 1153 1193 1182 Dominus
1209 1156 1347 1187 cessisset,
1360 1160 1384 1181 et
1393 1154 1560 1189 Baptismum
1573 1162 1626 1181 non
1636 1162 1698 1182 sus-

907 1199 1031 1234 cepisset.
1045 1199 1138 1227 Clausi
1153 1201 1228 1231 enim
1244 1206 1321 1228 erant
1337 1201 1452 1228 antehac
1466 1201 1538 1232 (teli,
1556 1200 1696 1228 inaccessa

906 1251 1005 1278 supera
1023 1245 1131 1279 regio...
1153 1244 1250 1272 Statim
1267 1250 1356 1272 autem
1374 1246 1457 1280 aperti
1473 1249 1537 1272 sunt
1551 1246 1612 1273 caeli
1632 1245 1694 1280 ipsi.

906 1289 1101 1318 Reconciliatio
1114 1291 1184 1319 facta
1197 1292 1343 1318 visibilium
1359 1299 1421 1318 cum
1434 1292 1627 1323 invisibilibus,
1640 1299 1696 1319 cce-

904 1336 986 1363 lestes
997 1336 1108 1364 ordines
1123 1338 1221 1372 gaudio
1234 1342 1297 1364 sunt
1314 1337 1427 1371 impleti,
1444 1336 1552 1363 Satanae
1572 1336 1599 1362 in
1615 1336 1696 1363 terris

903 1383 1089 1418 :egritudines,
1110 1391 1154 1411 res
1171 1384 1347 1415 absconditae,
1366 1391 1427 1418 quin
1445 1387 1534 1415 erant,
1556 1382 1696 1418 patefacta:

903 1433 976 1461 sunt,
991 1437 1052 1465 quae
1066 1430 1184 1457 hostium
1200 1434 1278 1458 erant
1299 1430 1326 1456 in
1349 1437 1474 1462 numero,
1497 1429 1601 1456 reddita
1621 1428 1696 1456 fuere

902 1476 1001 1503 amica.
1024 1486 1033 1502 ι

937 1522 1027 1558 Realis
1048 1523 1148 1550 Christi
1174 1523 1201 1549 in
1232 1522 1402 1550 Eucharistia
1425 1522 1575 1557 prwserrtia.
1597 1521 1696 1548 Noster

900 1569 976 1604 panis
990 1576 1028 1597 est
1047 1570 1172 1597 Dominus
1189 1576 1278 1597 noster
1286 1570 1364 1597 Iesus
1383 1570 1516 1598 Christus.
1533 1584 1568 1590 -ρ
1588 1569 1695 1597 Eucha-

901 1617 994 1649 ristia,
1028 1622 1107 1652 prout
1133 1618 1212 1645 docet
1232 1617 1260 1644 S.
1283 1617 1454 1652 Hippolytus,
1476 1622 1517 1644 est
1540 1624 1695 1645 sacramen-

902 1669 969 1695 tum.
983 1671 1037 1698 quo
1050 1664 1129 1691 Jcsns
1140 1664 1268 1690 Christus
1285 1663 1404 1690 divinam
1421 1664 1508 1698 ipsius
1523 1671 1645 1696 carnem,
1663 1671 1695 1690 ac

901 1710 1081 1737 venerabilem
1102 1711 1161 1744 ejus
1178 1710 1338 1745 sanguinem
1358 1710 1432 1737 dedit
1459 1710 1537 1736 nobis
1559 1709 1694 1737 edendum

900 1757 1101 1792 bibendumque
1119 1757 1146 1784 in
1165 1757 1356 1784 remissionem
1375 1761 1549 1791 peccatorum
1570 1756 1638 1792 (l3).
1654 1756 1694 1783 En

900 1808 1024 1838 apertum
1046 1804 1145 1831 veteris
1166 1803 1246 1838 hujus
1266 1803 1387 1830 doctoris
1412 1803 1615 1836 testimonium,
1639 1811 1694 1838 quo

900 1850 980 1877 rcalis
992 1849 1093 1877 Christi
1113 1849 1255 1884 praesentia
1274 1849 1300 1876 in
1317 1849 1493 1876 sanctissimo
1514 1848 1695 1877 Eucharistiae

899 1900 1070 1923 sacramento
1092 1900 1185 1923 contra
1205 1895 1368 1922 Calviuistas
1389 1895 1569 1922 invictissime
1579 1895 1694 1922 demon-

899 1947 1010 1970 stratur.
1034 1941 1092 1968 Huc
1118 1945 1242 1976 spectant
1263 1942 1357 1974 etiam,
1380 1949 1441 1976 quae
1460 1941 1575 1976 legimus
1590 1942 1617 1968 in
1638 1941 1693 1968 ira-

899 1987 1015 2022 gtnentis
1025 1987 1082 2020 ejus
1091 1987 1280 2014 Connuentarii
1295 1987 1321 2013 in
1331 1986 1450 2014 Ceuesim
1459 1988 1491 2014 ad
1502 1995 1533 2014 ea
1546 1987 1693 2022 Scriptura:

899 2033 981 2060 verba
1002 2042 1008 2059 :
1029 2033 1142 2067 Pinguis
1159 2033 1215 2066 ejus
1238 2034 1327 2067 panis,
1350 2037 1375 2059 ct
1402 2033 1457 2067 ipse
1473 2033 1547 2060 dabit
1579 2033 1692 2060 delicias

898 2079 1061 2114 principibus
1082 2079 1113 2106 ¹³.
1147 2088 1156 2104 ι
1173 2078 1230 2106 Hoc
1258 2079 1372 2113 ﬁguram
1403 2079 1556 2107 vocationis
1592 2084 1692 2107 nostra:

899 2126 1120 2160 interpretamur,
1145 2125 1182 2152 ait
1198 2124 1227 2152 S.
1250 2125 1427 2160 Hippolytus;
1453 2126 1526 2160 quod
1541 2126 1613 2153 enim
1631 2126 1692 2160 pin-

63 2176 107 2202 alia
118 2178 228 2206 crimina
238 2179 494 2216 fructumlhptismi
508 2182 682 2217 impedientia
692 2183 824 2218 abjeceris
839 2194 845 2212 :
865 2176 885 2203 θ
901 2179 963 2205 “"e'
980 2171 1084 2198 lamum
1105 2176 1155 2199 ⁸⁵⁸·
1171 2171 1290 2204 Quinam
1306 2179 1370 2199 vero
1382 2172 1460 2206 Panis
1471 2171 1570 2199 lautior
1580 2173 1692 2199 "05""?

63 2221 82 2247 si
99 2230 148 2250 non
167 2225 289 2253 vincaris
307 2234 327 2253 'a
345 2227 494 2262 voluptate,
517 2229 541 2256 si
557 2237 610 2256 non
626 2230 794 2264 committas,
819 2236 848 2259 ut

93 2281 113 2296 "
125 2281 220 2317 Ephes.
238 2292 276 2318 vr,
294 2285 336 2312 M.
377 2285 398 2301 ”
414 2285 482 2318 Gen.
496 2295 571 2324 nux,
587 2288 633 2316 20.

206 2342 343 2384 Hippolyt.
360 2339 460 2384 flamil.
481 2345 693 2384 in‘Theoplmnq
715 2355 790 2375 num.
811 2347 837 2380 8,

62 2380 115 2418 pag:
128 2376 188 2418 264,
202 2376 274 2418 apud
291 2376 410 2418 Fabric,
424 2385 490 2408 tom.
512 2381 521 2408 l
544 2376 623 2417 Oppi,
639 2388 665 2410 et
685 2376 755 2418 apud
775 2376 839 2411 Gal;

62 2408 137 2443 larid.,
155 2408 270 2445 tumin,
287 2415 340 2441 col.
352 2408 413 2442 494'.

85 2445 144 2484 .(ll)
164 2447 202 2474 Eu
216 2449 268 2488 tria
282 2451 324 2477 illa
340 2451 509 2488 eapitaliora,
519 2456 545 2479 et
555 2453 626 2487 apud
641 2454 744 2488 primos
757 2453 839 2480 Chri-

62 2483 156 2521 stianos
165 2484 286 2521 ex_pertia
298 2483 493 2520 propemodum
510 2483 594 2515 veniae
609 2483 736 2521 crimina,
752 2489 832 2516 idolo—

62 2513 373 2558 latrian];homicidium
400 2526 427 2548 et
446 2513 736 2558 adulteiiiiiniprium
751 2513 840 2551 ιὶῖὸίιὶυ

116 2551 143 2578 S.
161 2552 295 2594 Hippolyti
309 2556 388 2594 verba
404 2566 410 2584 :
426 2567 435 2583 ι
454 2548 841 2594 Αεριξιιεένίᾇιίυισξ

62 2591 126 2617 rare,
143 2595 159 2627 o
181 2589 300 2627 homo...
319 2590 359 2627 rSi
388 2600 441 2619 non
465 2589 642 2625 adulterium,
661 2589 714 2621 nec
736 2589 838 2621 εεέιίυηι

63 2625 233 2664 ςριιιιιιιςςι-ἱε,
252 2633 301 2664 uec
318 2626 388 2664 idola
402 2627 534 2664 _colueris.
556 2638 565 2653 ›
584 2630 668 2656 videri
691 2633 802 2664 possent
822 2637 838 2656 a

64 2653 182 2699 baptismi
196 2653 283 2699 gratia
299 2668 345 2699 eos
357 2653 549 2699 abigerciqui
578 2653 672 2690 talin—un
691 2653 837 2692 ἓὲίῖἶιῖἱὶἱηῆ

64 2697 178 2734 ςυιδιιιιῑ.
196 2697 301 2734 sivetu
318 2697 398 2731 hujus
415 2698 502 2725 Patris
519 2707 595 2726 mens
608 2705 708 2726 attente
725 2707 839 2734 perpen-

63 2723 144 2769 detur.
159 2730 248 2757 omnis
263 2732 336 2769 illico
766 2723 838 2762 crnim

64 2767 149 2798 omnes
164 2769 256 2796 gentes
276 2767 308 2792 ad
332 2767 382 2794 hoe
401 2774 599 2796 sacramentum
617 2767 712 2797 invitat
729 2779 734 2796 :
757 2779 766 2795 ι
787 2769 838 2796 Ve-

64 2801 121 2829 nite,
143 2806 236 2828 omnes
251 2802 337 2828 tribus
348 2804 475 2837 grntiunt,
491 2805 523 2831 ad
536 2804 708 2838 Baptismatis
726 2805 839 2832 immor-

900 2218 997 2246 Noster
1030 2219 1102 2246 enim
1134 2219 1211 2254 panis
1248 2218 1381 2246 Dominus
1416 2222 1467 2252 est,
1504 2221 1533 2245 ut
1555 2218 1614 2253 ipse
1632 2219 1689 2246 ait:

893 2348 1039 2379 uilitatem;
1053 2357 1062 2374 ι
1074 2347 1146 2382 quod
1160 2354 1224 2374 sane
1235 2351 1263 2373 et
1281 2347 1421 2382 idolorum,
1431 2347 1559 2379 cultores,
1571 2350 1598 2374 et
1611 2347 1690 2374 adul-

894 2388 983 2415 teros,
1014 2381 1090 2414 etc.,’
1108 2382 1302 2417 praesupponit.
1326 2381 1355 2408 2°
1373 2381 1482 2417 bullum
1505 2385 1546 2408 est
1573 2382 1687 2415 crimen,

894 2419 1070 2453 quantumvis
1085 2416 1205 2453 enorme,
1228 2417 1300 2452 quod
1328 2416 1421 2443 divino
1441 2417 1493 2442 hoc
1511 2423 1688 2453 sacramento

895 2451 948 2480 rion
962 2454 1083 2480 deleatur
1093 2453 1169 2487 juxta
1185 2451 1261 2480 Isaiae
1275 2457 1390 2483 textum,
1401 2459 1483 2486 quem
1502 2451 1535 2478 de
1547 2451 1688 2486 Baptismo

895 2489 1088 2524 interpretatur
1113 2487 1142 2514 S.
1165 2487 1337 2524 Hippolytus,
1362 2487 1419 2524 uti_
1440 2494 1521 2524 supra
1556 2487 1686 2515 vidimus.

894 2522 973 2557 Ergo
986 2528 1188 2551 sacramentum
1215 2522 1272 2550 hoe
1281 2524 1351 2550 delet
1367 2522 1560 2554 idololatriam,
1580 2523 1688 2550 adulte-

893 2559 976 2590 rium,
1005 2563 1057 2586 etc.
1078 2559 1161 2594 Igitur
1190 2564 1302 2586 sanctus
1330 2561 1432 2594 martyr
1450 2558 1477 2584 id
1494 2558 1687 2594 unumﬁinten-

893 2594 941 2627 dit,
957 2593 1210 2628 oportere’scilicet
1226 2593 1345 2628 abjicere
1366 2594 1489 2621 habitum
1504 2596 1532 2619 et
1558 2593 1686 2621 allectum

893 2630 926 2656 ad
944 2627 999 2656 haec
1013 2629 1139 2661 crimina,
1153 2630 1192 2663 uti
1208 2634 1234 2655 et
1244 2627 1277 2656 ad
1288 2633 1385 2656 caetera
1398 2628 1501 2660 omnia,
1513 2633 1543 2654 ut
1555 2627 1686 2663 Baptismi

893 2665 982 2725 italia
998 2665 1170 2698 obtineatur;
1186 2662 1258 2699 quod
1272 2664 1382 2698 quidem
1397 2671 1492 2691 verum
1509 2667 1563 2698 est,
1581 2662 1608 2692 et
1621 2671 1686 2693 cum

910 2699 1024 2725 'cclesias
1037 2699 1161 2725 doctrina
1177 2700 1299 2725 anorime
1315 2699 1452 2725 construit.

910 2699 1024 2726 Icclesiae
1037 2699 1161 2726 doctrina
1177 2700 1299 2734 apprime
1315 2699 1452 2733 congruit.

929 2735 985 2770 (l2)
1004 2734 1087 2770 idem,
1104 2735 1153 2762 loc.
1170 2736 1228 2768 eit.,
1244 2743 1319 2762 utrm.
1338 2735 1364 2762 6.

930 2769 1089 2807 (l5rldem,
1114 2775 1180 2807 tom.
1205 2770 1214 2796 l
1241 2770 1320 2807 Opp,
1350 2777 1412 2807 pag.
1446 2770 1517 2806 282,
1553 2775 1581 2798 et
1612 2770 1686 2806 apud

894 2804 1030 2838 Galland.,
1049 2809 1115 2833 tom.
1127 2805 1159 2839 ll,
1176 2813 1238 2840 pag.
1253 2805 1315 2833 488.
