1857 3051
163 70 213 99 ὅτι

661 71 704 98 DE
725 69 803 98 VlTA
826 70 870 97 ET
893 69 1050 97 SCRIPTIS
1069 70 1097 97 S.
1115 69 1306 98 HIPPOLYTI.

1743 68 1795 96 372

164 133 221 169 Ego
241 140 299 159 sum
320 133 396 167 panis
414 133 474 159 rita-
498 132 530 159 “.
550 131 649 166 Ecquis
662 139 725 158 vero
739 132 808 158 alius
822 131 897 158 dabit
911 132 949 158 ci-
964 134 987 162 Α
1003 135 1058 163 tur,
1081 139 1133 158 non
1156 132 1281 165 moritur,
1301 138 1390 166 neque
1409 138 1424 158 a
1444 130 1528 158 clavis
1548 134 1574 157 et
1593 130 1690 157 lancea
1709 131 1796 163 perto-

163 180 228 207 lium
241 179 419 214 principibus,
435 187 515 213 quam
530 178 659 205 Dominus
677 183 769 204 noster
780 177 859 205 Jcsus
873 177 953 205 Chri-

164 227 241 253 stus?
255 225 314 255 Non
333 231 437 252 tantum
453 225 485 250 iis
498 224 544 258 qui
567 223 681 250 credunt
704 232 719 251 e
747 224 881 259 gentibus,
906 224 952 252 sed

164 273 246 301 etiam
261 280 292 299 ex
310 271 526 303 circumcisione,
553 270 598 305 qui
616 270 796 305 principatum
815 274 906 297 tenent
926 271 952 296 in

165 319 228 351 ﬁde,
248 319 299 345 hoc
316 322 358 344 est
376 317 499 352 patrihus
518 322 543 343 ct
566 317 737 351 patriarchis,
755 322 781 343 et
803 316 952 352 prophetis,

165 366 346 399 omnibusque
360 363 533 391 credentibus
553 363 579 390 in
598 371 697 390 nomen
715 363 775 398 ejus
797 371 828 390 ac
848 363 954 398 passio-

165 419 225 439 nem
243 411 309 444 (lt).
330 419 339 436 ι

200 457 371 483 Eucharistia
397 464 490 490 corpus
515 455 615 482 Christi
637 459 662 481 et
687 454 848 488 sacri/icium
879 462 955 480 mun-

164 503 226 529 dum
245 510 276 528 at:
291 502 469 528 incruentum.
486 515 521 520 ——
538 500 595 527 Hoc
610 508 719 535 corpus,
737 507 768 527 ac
793 500 955 526 venerabilis

164 547 275 583 sanguis
287 547 407 582 quotidie
427 554 508 581 super
528 551 622 573 nostra
645 546 741 572 altaria
760 545 910 572 olleruntur
928 546 954 573 in

164 594 327 622 memoriam
344 594 439 628 prima:
455 600 542 620 coenae
561 592 616 626 (15)
636 601 642 619 :
659 602 668 617 ι
686 591 751 625 Qua:
770 592 796 618 in
816 599 913 619 arcana
931 596 957 619 et

163 641 256 668 divina
273 648 378 671 mensa,
398 639 487 673 inquit
500 639 529 666 S.
553 638 724 674 Hippolytus.
743 638 865 672 quotidie
877 638 957 672 perli-

164 688 276 714 ciuntur
289 691 316 714 et
340 686 556 717 sanetilieantur,
585 686 612 712 in
633 685 793 713 memoriam
816 692 955 719 nunquam

165 741 219 760 non
236 731 387 760 recolenda:
404 731 542 758 memoritc
554 731 649 765 primae
665 732 738 758 illius
753 731 853 758 divina:
871 735 899 757 et
913 738 958 757 ar-

165 787 241 806 cana:
257 772 352 805 meum.
374 787 383 804 ι
402 777 430 804 in
453 785 542 812 opere,
560 778 632 812 quod
655 777 815 805 inscribitur
835 776 874 803 De
895 777 958 803 clm-

166 824 319 853 rismatibus
339 824 448 850 traditio
470 824 627 858 apostolica,
651 823 851 850 Eucharistiam
877 827 956 849 vocat

165 871 330 899 sacriﬁcium
349 870 480 897 mundum
494 878 525 897 ac
544 870 716 897 incruentum
736 869 769 895 ab
781 869 918 903 episcopis
929 873 956 895 et

165 917 331 952 presbyteris
355 916 489 943 duntaxat
515 915 693 942 oﬂ‘crendum.
725 914 765 941 Eu
797 915 869 941 illius
896 922 957 941 vcr—

166 964 199 990 ba
215 962 289 997 (l6):
308 972 317 988 ι
329 963 436 990 Primus
451 962 534 997 igitur
549 966 648 988 natura
660 960 786 988 Pontifex
801 960 956 995 unigenitus

165 1009 291 1037 Christus
303 1017 355 1036 non
370 1008 422 1035 sibi
440 1008 571 1035 honorem
590 1007 690 1042 rapuit,
708 1007 752 1034 sed
767 1015 782 1033 a
796 1006 876 1033 Patre
893 1014 958 1033 con—

166 1055 280 1083 stitutus
295 1059 352 1088 est;
378 1055 426 1089 qui
446 1053 534 1081 factus
554 1056 636 1081 homo
659 1057 768 1088 propter
789 1061 849 1084 nos,
868 1058 894 1080 et
906 1053 958 1087 Spl-

166 1101 265 1128 rituale
287 1101 452 1128 sacrilicium
476 1099 593 1127 oﬂ'erens
609 1099 659 1134 ipsi
679 1098 735 1126 Deo
751 1107 782 1126 ac
804 1098 876 1125 Patri
896 1103 958 1126 ante

166 1147 333 1182 passionem,
361 1147 437 1173 nobis
466 1146 603 1173 constituit
628 1145 692 1172 solis
716 1145 764 1172 hoc
782 1145 878 1179 facere,
896 1145 958 1171 licet

168 1193 310 1220 nobiscum
336 1196 429 1220 essent
453 1192 498 1218 alii
527 1191 684 1219 consimiles
709 1198 829 1226 quoque,
858 1191 904 1225 qui
931 1191 959 1217 in

168 1247 230 1266 cum
246 1239 419 1266 crediderunt
435 1246 546 1266 :verum
565 1246 618 1265 non
634 1238 725 1265 statim
739 1246 771 1265 ac
788 1238 886 1272 aliquis
899 1245 959 1264 cre-

167 1286 246 1318 didit,
258 1286 316 1320 jam
331 1291 355 1313 et
375 1287 498 1314 sacerdos
513 1287 672 1313 constitutus
692 1286 754 1319 fuit,
775 1290 821 1312 aut
843 1285 959 1320 dignita-

169 1336 220 1358 tem
243 1333 422 1367 pontiﬁcale»:
445 1332 554 1360 obtinet.
579 1332 631 1359 Sed
656 1336 718 1367 post
744 1332 959 1366 assumptionem

168 1379 242 1406 illius
260 1386 310 1406 nos
329 1379 408 1414 juxta
429 1379 550 1414 ejusdem
573 1380 797 1407 constitutionem
822 1379 959 1413 offerentes

168 1426 329 1460 sacri/icium
344 1426 471 1452 mundum
492 1435 522 1452 ac
538 1426 703 1452 incruentum
717 1426 842 1460 elegimus
859 1426 959 1459 cpisco—

1005 183 1092 209 ratur,
1112 185 1165 204 non
1181 178 1272 214 sudat,
1295 185 1348 204 non
1373 177 1463 204 fundit
1487 177 1660 212 sanguinem.
1687 186 1696 202 I
1721 175 1796 210 Ejus-

1006 223 1079 250 modi
1099 224 1202 251 naturis
1213 228 1341 250 constant
1365 223 1464 258 angeli,
1490 227 1517 250 et
1534 223 1632 250 anima:
1654 222 1797 256 corporeis

1004 270 1121 297 vinculis
1133 270 1280 303 exsulum;
1299 270 1385 296 ambm
1401 270 1473 296 enim
1487 270 1545 297 ista:
1562 274 1668 296 naturae
1681 273 1747 296 sunt
1757 269 1797 296 al-

1006 317 1090 344 terius
1104 317 1221 352 generis,
1234 321 1260 343 et
1275 316 1388 343 diversa:
1407 324 1422 342 a
1442 316 1576 343 creaturis
1592 315 1675 349 hujus
1690 315 1795 346 mutuli,

1005 371 1066 398 qua:
1094 363 1146 390 sub
1173 367 1313 397 aspectum
1339 362 1451 396 cadunt,
1473 367 1501 389 et
1520 362 1690 396 corruptioni
1712 362 1797 396 subji-

1003 409 1114 436 ciuntur
1125 409 1190 443 (Π).

1041 455 1080 482 Ex
1108 455 1151 482 his
1179 454 1332 482 clarissime
1359 453 1477 486 eruitur,
1501 453 1594 480 divum
1621 452 1796 488 Ilippolvtum

1006 501 1150 537 agnovisse
1162 500 1280 527 animam
1303 505 1401 527 natura
1426 507 1475 527 sua
1496 499 1696 532 immortalem;
1710 503 1737 525 et
1748 507 1798 525 an-

1007 549 1081 584 gelos
1099 547 1137 574 uti
1157 547 1324 574 substantias
1345 554 1411 581 pure
1427 546 1593 581 spiritualcs,
1607 549 1633 572 et
1648 553 1663 572 a
1683 545 1798 572 materia

1007 596 1119 623 omnino
1138 600 1256 622 secretas
1273 603 1279 620 :
1304 602 1364 628 quae
1381 594 1490 629 quidem
1506 593 1565 619 duae
1580 592 1742 620 essentiales
1758 600 1800 619 ve-

1007 642 1101 670 ritates
1126 641 1216 676 aliqua
1238 640 1413 667 involvuntur
1428 639 1594 667 obscuritate
1618 639 1645 665 in
1670 639 1798 665 omnibus

1009 688 1093 715 ferme
1117 688 1298 723 scriptoribus
1320 687 1416 718 sacris,
1435 686 1481 722 qui
1504 691 1566 713 ante
1588 686 1679 720 ipsum
1699 685 1798 713 ﬂorue-

1008 739 1082 762 runt.

1045 779 1210 806 Resurrectio
1231 779 1370 815 generalis.
1387 796 1421 803 —
1436 779 1540 807 Auimze
1557 786 1667 813 quoque
1684 779 1799 805 immor—

1011 826 1141 853 talitatem
1159 827 1260 853 diserte
1285 826 1383 853 astruit
1408 830 1530 853 vetustus
1554 825 1598 852 hic
1619 825 1713 856 Pater,
1735 825 1799 851 dum

1009 873 1236 900 resurrectionem
1260 872 1412 908 generalem
1435 872 1565 900 adversus
1578 871 1720 898 Platonem
1738 878 1787 905 pro

1009 919 1055 946 bat
1077 919 1114 945 ita
1139 919 1278 946 disserens
1300 928 1307 945 :
1327 927 1336 944 (
1361 918 1389 945 In
1405 926 1461 953 quo
1481 918 1658 945 continentur
1675 925 1800 944 omnium

1010 965 1118 997 animat,
1139 972 1226 999 usque
1245 965 1278 991 ad
1307 969 1413 999 tempus
1447 964 1519 999 quod
1544 963 1615 991 Deus
1634 964 1800 991 determina-

1009 1012 1057 1043 vit,
1076 1016 1140 1038 tunc
1157 1011 1274 1037 anmium
1287 1011 1501 1037 resurrectionem
1521 1010 1653 1045 facturus,
1669 1018 1725 1037 non
1743 1011 1799 1038 ani-

1010 1065 1069 1084 mas
1091 1065 1122 1083 ex
1148 1065 1262 1092 corpore
1283 1057 1311 1083 in
1333 1064 1434 1091 corpus
1460 1056 1534 1083 aliud
1550 1056 1732 1088 detrudendo,
1755 1056 1802 1084 sed

1009 1103 1104 1130 eadem
1120 1103 1177 1138 ipsa
1194 1110 1308 1137 corpora
1329 1103 1426 1130 iterum
1445 1103 1599 1130 excitando.
1625 1101 1693 1135 Quae
1710 1103 1801 1130 disso—

1011 1149 1066 1176 luta
1081 1149 1212 1181 videntes,
1237 1150 1259 1177 si
1288 1149 1367 1176 ﬁdem
1388 1149 1537 1184 denegatis,
1552 1157 1569 1177 ο
1587 1148 1683 1182 Graeci,
1705 1150 1803 1177 discite

1011 1203 1065 1222 non
1081 1203 1141 1222 esse
1156 1195 1300 1222 increduli.
1314 1195 1439 1221 Animam
1453 1195 1523 1221 enim
1535 1195 1668 1222 credentes
1687 1198 1801 1230 laetam,

1010 1246 1034 1267 et
1051 1240 1228 1268 inmortalem
1245 1249 1261 1267 α
1284 1240 1337 1267 Deo
1357 1240 1494 1267 conditam
1517 1241 1669 1267 secundum
1693 1246 1803 1268 sentcn-

1011 1287 1076 1314 tiam
1100 1287 1232 1321 Platonis,
1256 1287 1283 1314 in
1312 1291 1452 1321 tempore;
1480 1295 1534 1313 non
1550 1287 1655 1314 debetis
1673 1294 1729 1320 non
1744 1293 1803 1313 crc-

1011 1333 1086 1365 derc,
1104 1334 1176 1368 quod
1192 1333 1264 1360 Deus
1285 1338 1382 1368 potens
1407 1336 1459 1366 cst,
1483 1341 1517 1359 ex
1539 1333 1634 1360 iisdem
1660 1333 1804 1360 clementis

1011 1380 1193 1414 compositum
1217 1383 1244 1406 et
1269 1378 1381 1412 factum,
1405 1380 1439 1405 ad
1463 1379 1546 1406 vitam
1572 1378 1637 1405 illud
1658 1386 1804 1411 revocans,

1012 1424 1165 1453 immortale
1179 1426 1311 1453 reddere:
1331 1425 1398 1451 illud
1416 1424 1488 1451 enim
1508 1424 1648 1458 possibile,
1669 1424 1725 1451 hoc
1742 1431 1805 1450 vero

167 1480 214 1506 pos
229 1476 252 1498 et
265 1472 430 1506 presbyteros
453 1477 480 1498 et
501 1473 633 1499 diaconos
650 1479 764 1498 numero
784 1477 896 1506 septem.
918 1471 960 1498 Ea;
973 1480 994 1507 ο
1012 1470 1179 1505 impossibile
1191 1479 1244 1498 non
1260 1471 1365 1498 dicetur
1375 1470 1407 1497 dc
1419 1469 1483 1497 Deo.
1502 1469 1556 1498 Nos
1570 1479 1634 1505 ergo
1665 1471 1806 1498 credimus

169 1518 209 1544 lus
225 1518 352 1553 (septem)
371 1526 442 1545 unus
458 1523 516 1544 erat
533 1518 699 1552 Stephanus,
713 1517 807 1544 beatus
821 1522 923 1552 martyr
939 1537 956 1543 ..

168 1563 308 1597 Nusquam
328 1564 450 1590 cernitur
467 1563 501 1590 iis
527 1571 593 1590 usus
612 1570 672 1590 esse
692 1561 880 1596 (Stephanus).
899 1570 959 1596 qua

169 1609 259 1637 oliieio
287 1610 395 1637 diac0ni
419 1617 473 1635 non
504 1609 697 1642 convenirent;
722 1616 772 1634 non
800 1609 959 1642 sacri/icium

169 1655 305 1687 obtulisse,
320 1659 366 1681 aut
379 1663 472 1680 manus
485 1654 601 1688 cuipiam
614 1654 778 1687 imposuisse,
791 1653 837 1680 sed
852 1653 959 1680 diaconi

168 1701 293 1728 ordinem
309 1708 397 1735 usque
420 1700 454 1727 ad
484 1699 564 1726 linem
588 1699 750 1726 custodisse.
775 1708 783 1724 ι
804 1698 960 1733 Desumpsi-

170 1754 232 1773 mus
249 1746 308 1772 haec
329 1754 363 1772 ex
383 1745 548 1780 Διδασκαλίᾳ
571 1744 768 1779 apostolorum,
797 1752 858 1779 quae
880 1745 960 1779 vulgo

159 1792 202 1819 'S.
217 1795 312 1818 nostro
330 1790 476 1826 Hippolyto
490 1791 648 1818 ascribitur.

435 1846 634 1875 ARTICULUS
654 1846 699 1874 ΙΧ.

172 1912 205 1932 ΣΕ
225 1912 331 1933 ΝΑτυῐιΛ
344 1912 502 1932 ANGELORUM
522 1912 556 1930 ET
575 1911 723 1935 ANIMARUM,
737 1904 961 1931 ’κεεῐτιυιεςτιοκῐί

209 1948 384 1972 ιιυῐιτυοιιυμ,
401 1947 526 1966 ΕΚΤΙῙΕἎΙΟ
538 1947 651 1969 ιυυιειο,
665 1947 771 1965 ιηιίιίιο
783 1947 813 1965 AC
828 1947 962 1967 SUI‘I‘LICIO

207 1983 347 2002 ῐῚιΟΒΟΙίυὶί
365 1983 398 2001 ET
419 1983 600 2008 lMPﬂOBURUM,
619 1982 752 2005 MUNDIQUE
772 1983 910 2001 INTFJUTU.

209 2021 459 2048 Statuslltomimtm
482 2026 540 2055 post
572 2021 797 2047 resurrectionem.
819 2021 909 2055 Angeli
938 2029 962 2050 et

172 2069 270 2095 animo:
296 2067 460 2094 immortales
485 2068 517 2093 ac
542 2065 767 2101 incorruptibiles.
788 2082 821 2086 ——
846 2067 964 2094 Sanctus

174 2114 335 2149 Hippolytus
360 2117 460 2141 statum
491 2113 631 2139 hominum
656 2117 717 2144 post
737 2113 963 2140 resurrectionem

1013 1524 1112 1551 corpus
1141 1522 1369 1544 resurrecturum.
1390 1516 1418 1543 Si
1444 1517 1517 1544 enim
1533 1517 1732 1551 corrumpitur,
1752 1525 1806 1544 nou

1013 1563 1125 1590 omnino
1146 1563 1286 1597 perditur;
1306 1567 1379 1589 terra
1398 1562 1470 1590 enim
1495 1562 1630 1596 recipiens
1648 1563 1724 1589 illius
1745 1563 1807 1590 reli-

1013 1609 1102 1644 quias,
1130 1610 1191 1636 illas
1207 1613 1307 1641 servat,
1322 1614 1348 1636 et
1361 1608 1535 1635 elllorescunt
1557 1608 1636 1636 facta:
1655 1609 1747 1636 instar
1765 1617 1807 1636 se—

1014 1655 1107 1687 minis,
1121 1661 1148 1681 ct
1165 1660 1242 1682 teme
1252 1654 1409 1688 pinguedioi
1424 1654 1578 1688 implicatae,
1604 1659 1632 1681 et
1650 1654 1802 1690 immersae;

1014 1706 1041 1728 ct
1063 1702 1226 1729 seminatum
1240 1701 1348 1735 quidem
1366 1708 1492 1735 granum,
1520 1700 1623 1727 nudum
1641 1701 1807 1733 seminatur,

1016 1747 1048 1775 ad
1067 1747 1210 1781 imperium
1226 1754 1291 1773 vero
1311 1746 1365 1773 Dei:
1375 1746 1513 1773 Creatoris
1539 1746 1652 1779 ﬂorens,
1677 1747 1806 1774 indutum

1015 1798 1041 1821 et
1051 1793 1198 1829 gloriosum
1217 1792 1349 1826 exsurgit,
1369 1800 1423 1818 non
1441 1796 1503 1819 ante
1519 1800 1600 1826 quam
1617 1793 1741 1819 moriens
1757 1792 1809 1819 dis—

1015 1840 1147 1872 solvatur,
1163 1843 1189 1865 et
1201 1843 1278 1865 terrae
1290 1837 1511 1864 commisceatur.
1527 1837 1602 1865 Adeo
1622 1842 1651 1864 ut
1669 1845 1725 1864 non
1742 1845 1808 1864 vane

1015 1885 1159 1913 credamus
1181 1884 1410 1922 resurrectionem
1435 1890 1592 1917 corporum.
1612 1882 1679 1909 Nam
1700 1883 1807 1910 etiamsi

1017 1932 1050 1959 ad
1079 1936 1186 1966 tempus
1214 1930 1335 1957 solvatur
1356 1937 1465 1965 corpus,
1491 1934 1601 1964 propter
1630 1930 1749 1963 primam
1775 1930 1807 1956 ab

1017 1979 1094 2006 initio
1114 1976 1357 2012 transgressionem
1384 1980 1589 2011 perpetratam;
1618 1980 1754 2010 tanquam
1780 1977 1805 2002 in

1018 2023 1178 2052 conllatorio
1193 2027 1271 2049 terra:
1291 2021 1446 2053 mandatur,
1464 2029 1574 2048 rursum
1593 2021 1745 2056 aliquando
1767 2029 1807 2048 re-

1020 2070 1192 2099 formandum
1213 2078 1218 2095 :
1237 2076 1290 2095 non
1307 2068 1368 2100 tale,
1384 2067 1464 2102 quale
1477 2075 1558 2099 nunc,
1575 2071 1807 2097 resurrecturum,

1019 2118 1066 2145 sed
1083 2124 1192 2152 purum,
1212 2119 1238 2142 et
1259 2122 1311 2141 non
1331 2115 1448 2148 amplius
1461 2113 1628 2148 corruptioni
1647 2114 1809 2140 obnoxium.

173 2162 211 2188 ita
227 2161 349 2196 depingit
371 2169 377 2186 :
400 2169 409 2185 ‹
437 2159 536 2193 Erunt,
558 2159 647 2193 inquit
667 2159 696 2186 S.
722 2159 893 2199 Hippolytus,
918 2160 967 2187 ho-
982 2161 1004 2188 D
1021 2164 1052 2190 Et
1072 2163 1183 2190 cuilibet
1194 2161 1303 2196 corpori
1319 2169 1367 2187 sua
1381 2160 1489 2194 propria
1507 2161 1598 2187 anima
1622 2160 1770 2192 reddetur;
1786 2167 1810 2186 et

174 2208 264 2234 mines
277 2208 303 2234 in
326 2207 526 2234 resurrectione
547 2206 617 2232 sicut
643 2206 729 2241 angeli
757 2206 811 2236 Dei.
836 2206 965 2233 nimirum

175 2253 359 2288 corruptionis
367 2257 500 2287 expertes,
520 2252 699 2285 immortales,
714 2252 900 2279 nihildelluxu
916 2253 966 2279 ali-

175 2308 231 2334 quo
247 2299 396 2331 deperdere
414 2298 504 2331 soliti;
527 2306 590 2324 nam
610 2298 772 2325 immortalis
792 2302 886 2325 natura
912 2305 966 2324 non

176 2350 310 2380 generat,
341 2352 395 2372 non
421 2348 576 2379 generatur,
607 2351 660 2370 Ιὶθῐι
687 2348 811 2378 augetur,
828 2351 881 2371 non
901 2344 966 2370 d0?-

177 2393 238 2425 mit,
256 2399 310 2418 non
327 2390 422 2423 esurit,
438 2397 492 2416 non
514 2390 581 2422 sitit,
600 2397 653 2416 non
670 2389 808 2425 fatigatur,
823 2397 876 2417 non
899 2390 968 2424 pati-

227 2457 335 2487 ".loan.
352 2466 390 2490 vl,
406 2457 451 2489 35,
476 2457 521 2484 48.

216 2517 272 2552 (lt)
291 2515 440 2552 llippolyt.,
457 2515 610 2552 Fragment.
628 2523 660 2542 ex
677 2515 853 2552 Commentar:
870 2513 900 2552 in
918 2513 969 2540 Ge—

182 2545 270 2582 neiin,’
293 2545 359 2584 toni.
391 2545 438 2584 il,
452 2545 524 2586 pag."
540 2550 584 2582 '28,
605 2555 631 2577 ct
651 2550 722 2585 apud
739 2549 874 2582 Galland.,
891 2549 910 2575 ι.
926 2557 966 2584 9.,

181 2587 235 2615 cui.
251 2586 313 2614 681.

219 2621 330 2656 (15)‹Ει
346 2622 449 2656 paravit
464 2629 579 2648 mensam
602 2628 696 2652 suam,
717 2620 880 2655 promissam
901 2627 967 2656 sano

182 2655 233 2684 ctaé
248 2657 389 2684 Trinitatis
411 2657 606 2689 cognitionem,
636 2663 685 2681 nec
708 2663 760 2682 non
783 2655 966 2682 venerandum

184 2696 362 2726 sanctumque
378 2692 438 2726 ejus
452 2700 562 2726 corpus,
581 2699 613 2718 ac
625 2691 796 2724 sanguinem,
810 2698 870 2724 qum
889 2690 915 2716 in
930 2698 971 2716 ar-

185 2734 264 2759 cana,
279 2731 305 2753 et
320 2725 410 2754 divina
429 2725 521 2754 mensa
539 2726 660 2761 quotidie
676 2725 865 2759 perﬁciuntur,
883 2730 909 2761 et
926 2733 970 2761 sa-

186 2762 344 2789 criticantur
357 2762 382 2788 in
401 2759 559 2789 memoriam
581 2769 721 2795 nunquam
746 2768 798 2786 non
821 2759 970 2786 recolendtc
991 2767 994 2769 '

187 2797 323 2825 memoriae
338 2800 430 2832 prinne
444 2797 524 2831 illius,
542 2802 567 2824 ct
580 2797 677 2825 divina:
690 2801 715 2824 et
731 2803 835 2823 arcanae
847 2802 940 2822 cwuac.
957 2803 966 2820 ›

1019 2211 1065 2237 illo
1088 2209 1193 2240 induta,
1221 2216 1275 2235 non
1293 2214 1410 2234 num-ore
1434 2211 1594 2241 marcescet,
1612 2207 1658 2233 sed
1675 2214 1742 2233 cum
1766 2206 1810 2232 illo

1018 2255 1156 2291 gaudebit,
1182 2262 1250 2289 pura
1275 2261 1373 2288 purum
1400 2253 1565 2280 inhabitans.
1596 2252 1645 2279 Cui
1671 2261 1750 2279 nunc
1785 2253 1809 2278 in

1019 2301 1121 2328 mundo
1132 2301 1205 2335 juste
1220 2307 1311 2327 comes
1329 2299 1409 2330 facta,
1429 2303 1456 2325 et
1472 2306 1526 2325 non
1549 2297 1653 2324 habens
1666 2298 1693 2324 in
1711 2298 1767 2324 ulla
1783 2305 1810 2324 re

1019 2348 1095 2374 illum
1125 2345 1328 2377 insidiatorem,
1356 2345 1494 2379 rapietur,
1513 2350 1539 2371 et
1562 2344 1714 2378 accipietur
1748 2351 1808 2370 cum

1020 2394 1094 2421 omni
1112 2392 1222 2428 gaudio.
1241 2392 1336 2427 lnjusti
1353 2399 1417 2418 vero
1438 2399 1491 2417 non
1507 2390 1648 2417 immutata
1666 2393 1810 2416 assumunt

1021 2509 1050 2536 S.
1062 2507 1187 2542 llippolyt
1201 2528 1208 2538 ,
1221 2506 1247 2532 in
1264 2505 1326 2532 illud
1340 2503 1467 2542 Ptpvcrb.
1483 2510 1521 2535 lx,
1535 2501 1732 2542 ig‘Sapientiq
1746 2500 1809 2542 mdi-

1019 2536 1128 2607 {tcavil}
1146 2536 1239 2574 Fabia,
1258 2545 1326 2568 tom.
1341 2539 1348 2565 Ι
1363 2539 1442 2574 0pp.,
1455 2546 1517 2573 pag.
1534 2537 1599 2569 282,
1619 2542 1646 2563 et
1658 2536 1733 2570 apud
1749 2536 1809 2562 Gal-

1031 2581 1109 2607 and..
1122 2584 1188 2604 tom.
1203 2577 1233 2607 ll,
1246 2576 1298 2602 col.
1315 2576 1378 2602 483.
1627 2606 1631 2607 ν
1691 2606 1695 2607 7

1031 2581 1109 2609 and...
1122 2584 1188 2604 tum.
1203 2577 1233 2608 ll,
1246 2576 1298 2602 col.
1315 2576 1378 2602 483.

1056 2606 1113 2650 (ιθ)
1130 2613 1213 2650 Τοίην
1227 2606 1235 2637 ί
1250 2611 1317 2650 ορρι
1379 2607 1605 2650 μίριξοιμ-;³ι)ιξίὲ
1615 2606 1808 2650 “beantes:

1020 2641 1073 2677 253
1088 2641 1188 2681 εἱεεδυ,
1206 2652 1232 2674 ει
1249 2641 1320 2682 apud
1336 2641 1484 2676 omnium;
1498 2641 1563 2670 toni.
1582 2643 1614 2676 ιι,
1640 2641 1694 2669 col.
1716 2641 1769 2667 sua
1786 2644 1811 2666 ct

1021 2686 1082 2713 515,
1451 2702 1455 2706 ,

1058 2721 1113 2754 (l7)
1149 2718 1179 2745 S.
1212 2717 1363 2754 Hippolyt._,
1391 2719 1510 2754 traetat._
1533 2712 1808 2754 resurrectiottf‘.

1023 2745 1116 2782 tutudi
1132 2754 1211 2788 ()pp.,
1226 2745 1286 2788 p5,}.
1307 2745 1370 2785 ΞΗ,
1398 2756 1425 2778 ct
1442 2750 1513 2785 apud
1530 2748 1666 2780 Gallaudz,
1694 2752 1762 2773 tom.
1781 2745 1809 2776 ll,

1023 2792 1073 2819 col.
1089 2791 1150 2817 49.3.
