1857 3051
105 81 154 108 573

599 79 643 106 DE
663 79 745 107 VlTA
765 78 808 106 ET
829 77 984 106 SCRIPTIS
1004 77 1033 105 S.
1050 76 1239 104 HlPPOLYTI.

1673 79 1727 106 371»

103 149 226 176 corpora.
240 149 292 170 nec
313 141 426 169 liberata
451 141 598 169 ati‘ectibus
609 145 636 168 et
658 141 771 173 morbis,
800 148 887 176 neque
902 144 924 170 Α
938 146 991 173 pus
1000 145 1190 174 corrumpens,
1205 137 1252 165 sed
1271 137 1418 173 irrequleto
1439 137 1533 166 dolore
1555 146 1587 166 ex
1612 146 1727 169 corpore

102 187 144 214 illa
159 187 311 222 gloriﬁcata
323 189 466 223 accipient,
480 188 527 216 sed
543 188 570 215 in
586 188 630 219 iis,
643 188 743 222 quibus
760 187 888 214 tinierunt

100 233 194 264 vitam,
214 234 328 266 morbis,
354 239 381 262 et
396 235 490 269 quales
504 234 530 260 in
552 235 740 262 incredulitate
751 235 887 266 vixerunt,

101 279 167 306 tales
191 286 266 307 certe
285 280 482 315 judicabuntur
497 280 563 315 (l8).
594 291 603 306 ι
625 280 663 307 Ex
688 280 731 308 his
754 281 889 316 colligitur

101 330 225 352 sanctum
257 331 383 353 nostrum
411 326 569 361 episcopum
598 326 774 353 conformitcr
803 334 888 354 sacra:

101 370 249 404 Scriptura:
276 371 402 399 docuisse
444 379 664 407 unumquemque
693 380 754 399 cum
779 373 887 407 proprio

99 423 212 451 corpore
227 425 290 444 esse
304 422 533 450 resurrecturum;
547 425 661 452 corpora
678 418 814 453 justorum
831 419 887 453 glo-

98 463 180 494 riosa,
201 463 392 498 impassibilia,
416 464 600 498 corruptionis
625 465 744 499 expertia
769 464 838 498 fore,
860 469 887 492 et

98 517 152 536 una
178 517 241 536 cum
266 510 357 537 anima
380 511 458 538 beata
490 511 639 538 teter-nitate
661 511 774 539 [ruitura
808 520 885 545 esse;

97 560 209 582 econtra
226 561 317 583 autem
336 564 448 592 corpora
468 557 611 592 impiorum
637 566 690 585 non
713 559 884 585 immutatum

97 600 147 633 iri,
181 601 334 636 iisdemque
353 602 455 629 morbis
482 610 513 629 ac
537 603 739 630 inﬁrmitatibus
769 603 884 631 obnoxia

95 644 163 677 fore,
182 647 283 681 quibus
301 646 326 673 iu
342 647 393 674 hoc
408 648 508 675 steculo
526 648 602 675 fuere
614 649 741 677 obnoxia.

130 691 206 718 Idem
225 701 319 728 corpus
337 699 462 728 resurget.
478 709 514 714 ——
535 694 562 721 in
582 694 701 729 Epistula
721 695 755 722 ad
778 695 884 723 Severi-

94 745 156 765 nam
175 738 257 765 tradit
273 739 315 766 hic
332 739 359 766 S.
374 739 462 771 Pater,
478 741 559 767 nixus
573 743 735 768 auctoritate
748 740 776 768 S.
794 741 881 774 Pauli,

94 783 164 810 idem
200 791 300 818 cerpus
331 789 557 812 resurrecturum.
597 794 606 810 ε
640 784 776 812 Primitias
801 786 882 821 igitur

93 828 167 856 hunc
183 828 347 865 (Christum)
363 830 484 857 nominat
500 830 610 865 (Paulus
631 830 641 857 l
661 830 746 866 Epist.
774 818 881 860 ad‘Co-
899 818 918 846 Β

93 874 177 900 rinth.
203 882 253 905 xv,
281 874 327 909 20‘,
349 875 552 908 dormientium,
573 881 600 903 et
619 877 826 912 primogenitum
847 886 880 905 ex

93 920 211 947 mortuis
227 921 259 952 υ,
276 921 321 954 qui
340 928 485 956 resurgens
495 926 521 948 et
532 922 626 949 volens
639 923 792 954 ostendere,
807 924 879 958 quod

92 964 164 991 idem
179 965 231 992 hoc
242 970 316 992 esset
328 967 529 999 resuscitalum,
546 967 616 1001 quod
631 972 657 995 et
675 973 812 996 mortuum
827 968 882 996 t‘ue—

90 1014 155 1043 rat,
189 1011 378 1039 dubitantibus
407 1012 548 1047 discipulis
576 1021 719 1041 accersens
746 1013 879 1042 Thomam

92 1056 161 1082 dixit
179 1057 201 1071 ¹⁶
227 1065 233 1083 :
259 1057 364 1084 Accede
381 1058 443 1091 huc,
462 1063 552 1093 tange,
579 1063 606 1086 et
626 1059 696 1092 vide,
719 1060 783 1094 quia
801 1060 880 1095 spiri-

92 1105 135 1128 tus
148 1109 258 1128 carnem
276 1107 303 1129 et
321 1110 382 1130 ossa
402 1111 455 1130 non
474 1104 563 1137 habet,
590 1105 661 1132 sicut
682 1113 724 1132 me
736 1105 810 1132 vides
832 1106 880 1132 ha-

91 1145 209 1173 bentem.
228 1147 300 1174 Idem
332 1147 454 1184 (Paulus)
477 1149 503 1176 in
529 1150 623 1177 eadem
647 1150 767 1186 Epistola
790 1152 880 1186 appel-

90 1193 148 1220 lans
176 1193 265 1227 ipsum
284 1194 417 1229 primitias
431 1196 461 1229 ",
479 1196 663 1223 testimonium
688 1202 789 1224 nostra:
805 1206 880 1224 assc-

89 1238 224 1265 verationi
241 1239 387 1273 perhibuit,
411 1241 482 1275 quod
501 1249 534 1268 ex
549 1241 642 1268 eadem
659 1250 748 1269 massa
770 1251 879 1270 carnem

89 1289 260 1318 assumptum
278 1285 404 1312 Servator
419 1287 601 1314 resuscitavit.
625 1287 728 1315 faciens
742 1295 801 1315 eam
821 1288 878 1322 pri-

91 1329 185 1357 mitias
198 1331 290 1358 earuis
301 1332 449 1366 justorum,
467 1337 496 1360 ut
509 1340 606 1361 omnes
623 1334 764 1362 credentes
780 1334 878 1362 ﬁducia

90 1375 173 1410 hujus
185 1377 339 1406 resuscitati
357 1384 544 1413 exspectemus
564 1379 683 1408 futuram
699 1381 879 1408 resurrectio-

89 1428 150 1449 nem
168 1423 177 1453 (
184 1422 234 1458 I9).
256 1433 265 1450 ι

122 1468 262 1496 Iudicium
282 1477 437 1500 extremum.
452 1489 487 1494 -—
500 1473 538 1502 De
555 1478 677 1502 evtremo
698 1473 801 1509 judicio
823 1473 879 1508 agit

89 1513 120 1542 S.
136 1514 297 1551 Hippolytus
311 1522 367 1545 tum
383 1519 409 1546 in
427 1519 495 1548 libro
515 1520 552 1547 De
575 1521 744 1554 Anticltrislo,
770 1525 825 1546 tum
850 1521 878 1547 in

86 1563 207 1588 tractatu
223 1562 348 1590 adversus
366 1564 513 1592 Platonem.
531 1567 557 1593 In
579 1567 629 1594 hoc
652 1567 744 1594 scribit
763 1566 796 1592 de
809 1565 854 1593 illo
870 1574 876 1592 :

88 1615 99 1630 ι
116 1606 196 1639 Quod
208 1616 314 1642 omnes,
328 1611 385 1638 sive
397 1611 463 1646 justi
480 1613 535 1639 sive
553 1613 656 1647 iujusti,
674 1613 807 1642 dueeutur
827 1623 874 1642 co-

86 1659 144 1679 ram
160 1652 216 1681 Deo
231 1650 318 1682 Verbo
335 1666 344 1684 ε
359 1657 396 1684 illi
407 1658 480 1684 enim
499 1658 580 1685 Pater
595 1667 668 1686 omne
679 1660 813 1694 judicium
828 1662 874 1689 de-

86 1698 127 1724 dit
147 1699 180 1730 ¹⁸,
197 1704 224 1726 et
239 1700 285 1727 ille
305 1702 470 1730 voluntatem
490 1703 577 1732 l‘atris
596 1705 711 1740 impleus
725 1707 807 1741 judcx
828 1709 876 1735 ad-

86 1744 196 1777 veniet;
210 1745 264 1778 ille,
279 1746 400 1781 inquam,
413 1756 493 1783 quem
510 1757 560 1777 nos
572 1749 711 1778 Christum
727 1760 854 1781 vocamus
868 1763 874 1780 ε

87 1798 176 1824 neque
195 1793 267 1819 enim
283 1793 379 1827 Minos,
394 1799 440 1822 aut
451 1795 673 1824 Rhadamanthus
685 1803 747 1825 sttut
759 1798 876 1833 judices,

86 1841 117 1864 ut
133 1838 284 1866 secundum
301 1847 358 1872 vos,
381 1841 496 1875 ethnici;
514 1843 558 1868 sed
582 1843 635 1876 ille,
655 1851 735 1878 quem
762 1844 831 1872 Deus
848 1851 874 1872 et

84 1881 167 1911 Pater
179 1885 351 1920 gloriﬁcavit,
367 1888 400 1914 de
422 1896 477 1923 quo
499 1889 562 1916 alibi
587 1891 769 1924 particulatim
787 1892 875 1920 disse-

84 1930 193 1957 ruimus
213 1931 239 1958 in
259 1933 372 1966 gratiam
387 1941 481 1960 eorum
507 1935 553 1969 qui
575 1941 699 1970 qurerunt
719 1938 874 1972 veritatem;

83 1975 130 2002 ille
152 1975 209 2010 ipse
225 1977 329 2011 justum
344 1979 477 2013 judicium
496 1979 583 2008 Patris
599 1981 625 2007 in
639 1990 734 2009 omnes
745 1991 875 2011 exercens

85 2021 235 2056 ordinabit,
261 2024 331 2057 quod
352 2032 460 2060 aquum
481 2032 506 2053 ct
523 2026 626 2061 justum
643 2028 706 2059 erit,
728 2030 875 2064 unicuiqu:

84 2067 237 2094 secundum
249 2076 332 2103 opera
348 2079 354 2097 :
371 2070 557 2105 cujusjudicio
576 2073 702 2100 sistentur
716 2082 813 2106 omnes,
829 2075 876 2100 Ito-

84 2114 178 2147 mines,
194 2115 280 2150 angeli
295 2116 465 2151 (daamones),
482 2121 507 2145 et
524 2119 667 2147 unanimes
683 2129 775 2147 vocem
796 2122 875 2148 emit-

83 2164 141 2187 tent
157 2170 163 2187 :
180 2160 289 2188 Justqu
306 2167 347 2190 est
358 2163 489 2197 judicium
503 2169 578 2192 tuum
596 2166 677 2201 (20).»

120 2207 268 2234 Prin-mium
288 2210 425 2241 bonorum,
441 2214 466 2236 et
486 2219 561 2245 paena
578 2212 719 2241 malorum.
739 2229 774 2234 —
793 2223 801 2239 ε
821 2214 877 2241 Hu-

81 2253 127 2288 jus
144 2254 219 2282 vocis
236 2256 361 2290 aequitas,
375 2259 550 2293 prosequitur
567 2259 596 2286 S.
611 2259 782 2296 Hippolytus,
793 2269 876 2296 appa-

86 2305 128 2327 ret
145 2301 173 2327 in
190 2302 360 2329 retributione
376 2303 402 2330 in
430 2308 550 2339 utroque,
575 2314 635 2332 cum
655 2306 876 2341 benefacientibus

83 2346 152 2378 iuste
165 2347 259 2381 [ruitio
275 2353 372 2375 (eterna
388 2351 545 2384 praebeatur,
559 2351 688 2378 malorum
699 2361 756 2379 vero
773 2353 876 2388 cupidis

84 2398 213 2419 utentum
226 2395 386 2428 supplicium
406 2395 593 2431 distribuatur,
610 2402 635 2424 et
651 2398 821 2432 expendatur.
839 2399 874 2428 Et

85 2437 130 2463 Ito:
156 2444 245 2466 ntanet
272 2441 340 2475 ignis
360 2442 599 2478 inexstinguibilis,
629 2449 653 2471 et
678 2445 723 2480 qui
743 2453 876 2481 nunquam

83 2483 201 2518 ﬁnietur,
218 2492 246 2513 et
267 2487 362 2514 vermis
377 2488 467 2522 igneus
485 2496 536 2516 non
560 2490 672 2517 moriens
696 2491 728 2523 η,
744 2499 798 2518 nou
813 2499 874 2519 cor-

121 2553 311 2594 "fultus-.1,
334 2555 377 2583 18.
410 2557 437 2594 7“
463 2556 529 2586 Luc.
555 2566 629 2592 ntv,
651 2559 696 2588 59.
735 2561 755 2577 "
771 2560 781 2588 l
795 2561 876 2589 Cor.:

962 2563 986 2590 5.

58 2625 67 2629 _
84 2585 129 2621 tt,
140 2589 184 2616 45.

118 2658 224 2697 usis.
247 2658 395 2697 Hippolyta
414 2660 539 2697 lib._adv.
563 2661 665 2689 ercos
685 2668 709 2689 et
725 2663 871 2697 Platonem,

85 2701 156 2734 num.
175 2695 203 2734 2.,
237 2699 303 2734 tutu.
332 2694 449 2734 I_Qpp.;
464 2695 582 2729 Fabric.,
605 2706 665 2732 pag.
683 2699 745 2731 “2'21,
764 2704 789 2726 et
802 2694 871 2734 apud

83 2728 217 2761 Gallaud.,
232 2730 336 2756 colum.
347 2730 409 2756 452.

117 2765 225 2803 (ιθλξ.
248 2765 400 2803 llippolyt.,
419 2765 491 2803 apud
516 2765 690 2803 Theodorct.,
720 2769 819 2803 dialog.
842 2766 870 2799 Ξ,

117 2773 172 2800 μυ)
195 2773 225 2792 δ.
248 2773 400 2826 mppotlyL,
421 2773 491 2800 apua
517 2773 690 2799 'lneodorct.,
720 2773 819 2803 dialog.
842 2773 870 2799 ‘2,

81 2807 141 2837 pag.
162 2801 227 2832 I51”);
245 2802 320 2835 apud
368 2801 464 2831 abric..
480 2806 545 2828 tom.
569 2801 578 2828 ι
602 2802 667 2837 Opp.
694 2812 755 2838 pag.
781 2805 825 2835 9‘2,
845 2811 871 2832 ct

223 2589 267 2616 ¹⁰1
281 2590 345 2618 Cor.
361 2600 391 2624 tt,
405 2593 432 2620 9.

939 185 1120 212 eﬂervcsceus
1130 188 1157 211 et
1170 184 1303 211 ebulliens
1317 193 1323 211 :
1342 184 1395 211 illis
1411 191 1525 212 somnus
1544 185 1726 212 cessationem

940 235 967 258 ct
982 230 1100 265 quietem
1116 237 1170 256 non
1183 229 1349 262 conciliabit,
1365 236 1418 256 non
1436 237 1489 256 nox
1511 229 1594 257 leniet
1612 233 1639 257 et
1655 230 1726 257 mul-

939 276 1011 303 cebit
1022 276 1142 307 dolores,
1158 283 1212 302 nou
1228 282 1302 302 mors
1316 275 1447 309 supplicia
1466 275 1561 302 solvet.
1581 274 1639 302 Non
1651 275 1726 310 juva-

939 322 980 349 bit
1003 321 1156 349 exhortatio
1175 321 1294 348 afﬁnium
1320 321 1545 354 intercessurum;
1570 329 1632 348 nam
1658 321 1725 355 justi

939 377 992 396 non
1013 369 1130 403 amplius
1148 368 1182 394 ab
1202 367 1257 395 illis
1276 367 1451 400 videbuntur,
1472 372 1500 394 et
1515 375 1569 394 non
1583 373 1647 395 sunt
1665 368 1725 395 illo-

937 423 998 442 rum
1016 416 1147 442 metuoria
1173 415 1257 450 digni.
1275 414 1331 441 Soli
1346 415 1418 441 cnitn
1433 414 1500 449 justi
1515 421 1626 449 operum
1637 413 1725 449 justo—

937 469 997 489 rum
1013 467 1094 489 erunt
1111 468 1257 494 IIICIHOI‘CS,
1278 468 1325 495 per
1345 465 1606 495 qttat'perveucruut
1625 459 1659 487 ad
1681 467 1726 488 re—

936 515 1019 543 gnum
1035 507 1155 540 caeleste,
1172 507 1198 533 in
1214 515 1268 541 quo
1285 514 1335 534 nee
1355 514 1478 539 somnus,
1502 514 1552 534 nec
1571 506 1658 537 dolor,
1675 513 1726 534 nec

935 552 1084 586 corruptio,
1102 559 1151 579 nec
1166 551 1328 583 sollicitudo,
1352 559 1403 579 nec
1424 559 1488 584 uox,
1506 559 1555 578 nec
1577 552 1636 579 dies
1655 557 1725 579 tem-

935 605 999 632 pore
1015 601 1183 630 tuensurata,
1209 604 1258 624 nec
1282 597 1322 624 sol
1352 597 1514 625 necessitate
1538 597 1655 632 quadam
1677 605 1724 632 per

934 643 1067 670 circulum
1088 644 1149 671 caeli
1170 652 1282 671 cursqu
1298 651 1378 671 suum
1391 644 1506 679 agitans,
1520 650 1573 670 non
1591 644 1661 670 ιωκὲ
1674 643 1724 670 ᾱθ‹

934 698 1031 718 cursus
1046 696 1072 718 et
1088 691 1297 723 incrementum,
1313 698 1373 726 quae
1387 695 1537 725 temporum
1560 691 1724 719 mutationes

933 738 1047 771 inducit,
1066 742 1093 764 et
1111 742 1209 764 terram
1227 737 1364 764 madidam
1386 737 1510 764 reddens.
1535 736 1592 764 Non
1613 737 1654 764 sol
1676 745 1723 764 ar-

933 783 1011 815 dens,
1039 791 1092 810 non
1113 781 1181 810 Ursa
1203 782 1347 814 versatilis,
1365 790 1418 808 non
1434 780 1542 809 Orionis
1563 786 1649 814 ortus,
1667 788 1723 809 non

933 836 1068 857 astrorum
1080 836 1188 856 errores
1203 829 1349 860 innumeri,
1362 836 1414 855 non
1427 828 1498 855 invia
1516 833 1597 860 terra,
1612 835 1666 855 non
1680 827 1724 855 in-

932 880 1014 903 ventu
1026 874 1140 902 ditiicilis
1151 874 1270 909 paradisi
1279 874 1351 906 aula,
1365 881 1418 900 nou
1431 873 1561 901 molestus
1573 873 1657 900 maris
1668 873 1724 900 fre-

932 920 1026 952 mitus,
1044 919 1204 954 impediens,
1216 919 1364 954 quominus
1372 926 1387 946 a
1399 924 1506 946 vectore
1514 919 1627 954 pedibus
1635 919 1723 946 calce-

933 971 986 998 In";
993 965 1074 1001 justis
1082 965 1153 992 enim
1162 965 1282 1000 etipsum
1292 965 1424 1000 pervium,
1431 965 1537 992 etiamsi
1548 964 1659 991 humido
1667 971 1722 992 non

932 1012 1062 1047 privetur.
1082 1011 1186 1038 Caelum
1203 1020 1257 1039 non
1280 1011 1333 1038 erit
1355 1011 1524 1038 inaccessum
1552 1011 1720 1043 hominibus,

932 1063 959 1085 et
973 1058 1027 1090 via.
1047 1066 1099 1093 qua
1117 1048 1227 1086 ascendi
1240 1062 1266 1086 et
1282 1058 1375 1085 scandi
1394 1057 1489 1092 possit,
1508 1065 1561 1084 non
1581 1057 1643 1084 talis
1659 1057 1720 1089 erit,

931 1112 991 1139 quae
1003 1112 1056 1131 non
1072 1105 1157 1138 possit
1169 1104 1293 1131 inveniri.
1309 1103 1368 1130 Non
1385 1109 1455 1130 terra
1470 1104 1545 1131 rudis
1565 1108 1591 1131 et
1608 1103 1720 1136 inculta,

931 1155 957 1178 et
981 1150 1137 1177 hominibus
1160 1150 1292 1184 laborem,
1317 1154 1344 1176 et
1368 1149 1519 1176 molestiam
1545 1157 1652 1180 creatis,
1673 1149 1721 1176 sed

931 1200 1027 1230 sponte
1045 1195 1151 1223 fructus
1172 1195 1362 1230 progeminans
1377 1196 1409 1222 ad
1421 1195 1524 1222 cultum
1539 1199 1566 1222 ct
1581 1199 1718 1222 ornatum.

930 1240 988 1268 Non
1011 1241 1113 1269 iterata:
1130 1241 1250 1268 ferarum
1271 1242 1470 1276 generationes,
1491 1249 1579 1276 neque
1603 1241 1718 1268 aliorqu

932 1288 1092 1315 animalium
1123 1287 1302 1315 eﬂ‘ervesceus
1334 1294 1361 1314 et
1388 1287 1521 1314 ebulliens
1548 1287 1717 1321 substantia;

931 1342 1018 1368 neque
1035 1334 1107 1361 enim
1133 1334 1257 1361 homines
1284 1339 1349 1361 tunc
1380 1341 1476 1360 rursus
1500 1338 1640 1369 generant,
1671 1335 1718 1362 sed

930 1384 1022 1406 manet
1038 1379 1221 1407 indesinenter
1240 1388 1371 1407 numerus
1392 1381 1527 1415 justorum
1552 1388 1613 1408 cum
1636 1380 1718 1414 justis

930 1426 1042 1459 angelis,
1058 1430 1082 1453 cl
1096 1426 1244 1461 spiritibus.
1258 1426 1305 1453 llis
1321 1426 1410 1453 verbis
1425 1427 1618 1461 obtemperate,
1632 1432 1658 1454 et
1674 1427 1719 1453 illa

931 1472 1080 1505 credentes,
1096 1480 1113 1499 ο
1138 1473 1279 1500 homines!
1305 1472 1382 1500 eritis
1402 1472 1539 1506 justorum
1564 1477 1716 1505 consortes,

930 1522 957 1546 et
971 1518 1122 1546 futurorum
1138 1519 1271 1546 benorum
1285 1518 1437 1554 potiemiui,
1458 1526 1518 1553 quae
1543 1526 1630 1553 neque
1651 1519 1718 1546 vidit

930 1566 1036 1597 oculus,
1055 1573 1142 1600 neque
1163 1566 1238 1592 auris
1258 1565 1371 1596 audivit,
1386 1573 1474 1600 neque
1488 1565 1670 1592 ascenderuut
1689 1566 1717 1592 iu

930 1620 978 1640 cor
993 1613 1121 1644 hominis,
1136 1619 1197 1647 quae
1213 1612 1373 1647 praeparavit
1392 1611 1462 1639 Deus
1481 1611 1514 1639 iis
1541 1613 1587 1647 qui
1602 1611 1718 1647 diligunt

930 1659 1006 1686 illum
1019 1659 1051 1686 ὀ.
1070 1669 1080 1684 ι

965 1703 993 1730 1η
1013 1704 1082 1731 libro
1097 1708 1186 1730 autem
1202 1703 1240 1730 De
1254 1703 1424 1737 Antichristo,
1443 1711 1518 1731 nutu.
1535 1703 1580 1733 63,
1603 1711 1636 1730 ex
1651 1703 1716 1731 Nmi

930 1754 956 1776 ct
975 1749 1080 1776 Veteris
1109 1740 1275 1776 Testamcuti
1298 1747 1438 1784 Scriptura
1455 1749 1552 1784 probat
1568 1748 1596 1776 S.
1616 1748 1717 1784 Hippo-

929 1795 1001 1830 lytus
1019 1794 1245 1821 resurrectionem
1268 1794 1432 1829 generalem,
1449 1794 1558 1828 praemia
1573 1799 1599 1821 et
1614 1795 1717 1829 suppli-

928 1841 968 1868 cia
986 1840 1136 1867 hominum.
1154 1839 1272 1866 Numero
1293 1844 1382 1867 autem
1407 1840 1452 1872 6i,
1478 1840 1516 1867 ita
1544 1840 1577 1868 de
1606 1840 1715 1868 interitu

930 1886 1023 1913 mundi
1042 1886 1161 1920 loquitur
1177 1894 1183 1912 :
1203 1895 1212 1911 ι
1233 1885 1280 1912 llis
1297 1887 1388 1921 itaque
1410 1886 1509 1913 futuris
1587 1896 1596 1912 ι
1614 1894 1647 1914 ac
1658 1886 1716 1921 jam

931 1932 1025 1959 mundi
1049 1931 1166 1959 universi
1189 1941 1197 1956 ι
1214 1937 1355 1966 appetente
1381 1932 1624 1965 consummatione,
1649 1932 1715 1967 quid

930 1979 1063 2013 reliquum
1079 1983 1129 2011 est,
1146 1987 1227 2013 quam
1245 1983 1274 2005 ut
1293 1978 1423 2006 Dominus
1437 1983 1465 2006 et
1483 1978 1606 2006 Salvator
1623 1983 1716 2006 uoster

927 2023 1006 2051 Jesus
1031 2024 1156 2051 Christus
1180 2024 1251 2052 Deus
1277 2025 1303 2051 iu
1331 2025 1406 2052 costis
1429 2030 1567 2060 appareat,
1584 2025 1612 2052 iu
1633 2033 1715 2060 quem

929 2070 1118 2104 speravimus?
1131 2070 1183 2103 Qui
1201 2071 1450 2106 contiagrationem,
1460 2072 1620 2106 justumque
1638 2071 1715 2106 judi-

927 2116 999 2143 cium
1015 2116 1122 2144 cunctis
1141 2117 1302 2144 inducturus
1318 2118 1361 2151 sit,
1385 2118 1430 2153 qui
1451 2118 1479 2145 in
1497 2125 1559 2145 eum
1576 2125 1713 2157 non_cre-

891 2164 913 2191 D
928 2163 1063 2190 diderunt.
1079 2172 1089 2189 ι

1194 2209 1393 2237 ARTICULUS
1412 2211 1446 2240 X.

1193 2264 1228 2283 DE
1248 2264 1437 2284 ANTICHRISTO.

963 2308 1043 2346 Origo
1061 2311 1227 2339 Antichristi.
1244 2302 1312 2344 Ejus
1331 2320 1433 2340 nomen.
1447 2328 1484 2333 --
1499 2313 1553 2341 Pro
1563 2314 1651 2350 :hujus
1667 2322 1713 2342 ca-

925 2355 988 2389 pitis
1017 2357 1144 2384 coronide
1175 2357 1297 2392 quaedam
1326 2358 1469 2387 aﬂ'eremus
1492 2359 1546 2388 divi
1578 2359 1713 2395 Hippolyti

925 2401 984 2428 loca
998 2402 1070 2429 circa
1083 2403 1289 2430 Antichristum.
1307 2403 1474 2432 Nebulonem
1495 2405 1568 2433 hunc
1582 2414 1616 2433 ex
1629 2406 1714 2434 etribu

927 2446 984 2474 Dan
1005 2449 1172 2475 nasciturum
1187 2449 1266 2476 docet
1279 2455 1390 2478 sanctus
1404 2452 1463 2487 _iste
1485 2452 1713 2488 episcopus:(2l),

928 2500 1061 2528 suamque
1093 2495 1254 2522 sententiam
1288 2497 1399 2524 ﬁrmare
1430 2497 1522 2525 studet
1549 2498 1715 2526 auctoritate

1026 2563 1048 2579 ¹⁵
1063 2562 1141 2591 Joau.
1164 2571 1189 2598 ν,
1207 2564 1252 2592 22.
1293 2565 1314 2581 "
1329 2564 1382 2594 lsa.
1405 2574 1481 2602 ιινι,
1501 2568 1555 2602 3-1;
1572 2567 1654 2596 Marc.
1677 2578 1716 2604 ιι,

926 2666 1061 2698 Galland.,
1076 2671 1142 2695 tom.
1157 2667 1189 2699 ll,
1203 2669 1254 2697 col.
1274 2670 1336 2699 499.

1091 2702 1236 2746 ilippolyt.,
1251 2706 1317 2746 Κίρ.
1335 2706 1466 2746 (ἔταξε-ξεί
1474 2708 1624 2746 ῌαιοηεπι,
1640 2712 1715 2746 apud

925 2735 1132 2778 [allii-iex'tom.‘
1143 2735 1162 2770 l,
1178 2735 1237 2778 pag.
1250 2740 1352 2778 222.77%
1364 2743 1434 2778 apud
1446 2735 1672 2778 Galland.
1683 2735 1702 2771 i't

926 2771 996 2798 Bibl.
1018 2770 1086 2799 PP”
1099 2770 1277 2806 num.'5,'coi.
1292 2770 1355 2804 453.

962 2807 1017 2842 (ﬁt)
1033 2807 1060 2834 ὃ.
1080 2806 1249 2844 Hippolytus,
1266 2810 1312 2838 lib.
1331 2812 1370 2839 De
1383 2813 1557 2849 Antichristo,
1571 2823 1648 2842 nunt.
1666 2816 1708 2843 Η.
