1857 3051
171 83 222 101 ολδ

663 72 707 99 DE
729 71 808 98 VITA
824 71 868 98 ET
890 69 1045 98 SCRIPTIS
1062 70 1092 99 S.
1111 69 1304 103 HIPPOLY'I’I.

1737 68 1787 96 576

171 131 386 166 Scripturarum.
404 135 430 158 et
450 131 583 165 prmcipue
606 130 719 158 Genesis
747 138 806 165 cap.
837 138 911 163 χιιι,
935 138 961 160 vi.
979 133 1000 160 Α
1015 129 1162 157 bitabunt?
1182 129 1264 156 Vana:
1280 137 1312 156 ac
1328 128 1437 156 inutiles
1455 127 1618 163 quaestiones
1640 132 1704 155 sunt
1721 128 1788 160 ista,

171 177 215 209 I7,
238 176 401 205 ctJeremiat
413 185 471 212 cap.
492 185 552 208 vm,
566 185 592 204 γ.
610 177 653 204 16.
671 176 769 204 Verum
789 176 881 211 opinio
900 176 958 203 haec

171 224 205 251 ad
221 232 358 251 summum
373 228 401 250 ut
414 223 528 258 simplex
542 223 700 258 conjectura
721 222 836 258 proferri
854 227 956 258 potest;

171 271 243 298 hanc
278 271 375 305 quippe
401 271 536 302 retulisse,
570 270 703 298 refutasse
725 274 775 302 est,
793 275 822 297 ut
844 270 958 305 quilibet

171 315 255 350 probe
271 315 418 349 dignoscet,
433 315 456 342 si
474 316 513 342 vel
532 316 625 343 leviter
640 317 805 351 perpendere
822 317 886 343 velit
903 318 956 342 duo

171 361 216 388 illa
241 361 386 396 Scriptura:
402 362 567 394 testimonia,
588 362 688 396 quibus
707 361 766 396 ejus
782 362 884 397 opinio,
903 366 957 388 tota

171 412 271 441 quanta
289 411 340 438 est,
362 407 496 435 innititur.
514 407 609 441 Quoad
624 409 784 436 Antichristi
800 416 909 440 nomen,
926 416 957 435 ca

170 457 265 480 sancto
280 452 425 489 Hippolyto
440 455 533 489 opinio
559 455 642 488 stetit,
669 455 721 483 hoc
744 455 880 490 designari
905 455 957 482 illis

170 499 348 535 Apocalypsis
359 501 449 528 verbis
466 500 520 536 (Ἦ)
541 510 547 528 :
567 500 600 527 Et
616 509 738 528 numerus
763 501 819 532 eius
841 502 957 528 sexcenti

169 546 308 580 sexaginta
323 554 367 573 sex
379 547 417 579 “;
432 553 460 574 et
471 548 532 574 licet
543 548 656 575 definire
669 556 722 575 non
734 549 833 575 audeat
847 553 958 576 sanctus

169 593 324 627 episcopus,
339 593 477 628 quodnam
499 602 596 621 nomen
619 602 650 622 ex
671 595 722 622 hoc
738 603 853 622 numero
869 603 958 622 emcr-

170 647 232 674 gere
246 641 347 674 possit,
362 639 539 668 nihilominus
549 649 582 668 ex
595 641 751 675 conjectura
762 642 889 675 opinatur
901 641 957 676 (25)

169 691 231 722 post
246 686 274 714 S.
296 686 438 719 Irenaeum,
456 687 632 721 impostorem
650 687 722 714 hunc
737 686 852 714 fortasse
868 687 958 722 appel-

169 733 219 759 lari
235 733 333 759 debere
347 733 398 760 hoc
413 733 522 760 nomine
542 742 551 760 ξ
571 733 649 760 Titan
667 733 726 761 sive
742 733 887 765 Evam/ms,
902 733 958 760 sive

173 779 302 811 Latinus;
317 786 377 814 quae
394 779 503 814 quidem
522 779 690 814 conjectura,
714 786 790 814 mque
807 786 839 806 ac
859 779 956 814 prima,

170 825 256 852 futilis
266 829 316 852 est.

209 870 318 904 Tempus
332 870 499 898 Antia/tristi.
513 886 547 890 —
558 870 616 898 Non
631 878 707 905 aeque
723 875 811 903 nutat,
827 870 898 905 quod
909 870 958 897 do-

171 922 213 944 cet
227 917 296 944 idem
313 922 424 944 sanctus
441 922 543 952 martyr
558 917 591 943 de
603 921 723 951 tempore
735 917 893 944 Antichristi
909 917 959 943 ad-

171 968 287 997 ventus;
305 963 382 990 docet
406 963 506 998 quippe
521 963 577 998 (‘24)
597 963 669 990 hunc
699 962 851 998 iniquitatis
873 963 959 990 virum

171 1010 199 1036 in
214 1011 266 1036 tine
278 1009 371 1036 mundi
384 1015 526 1037 venturum
544 1017 622 1042 esse;
641 1009 714 1044 quod
733 1014 758 1036 et
780 1009 961 1036 communiter

170 1056 249 1083 docet
265 1055 392 1083 Ecclesia.
407 1055 541 1083 Caeterum
557 1064 609 1082 non
625 1055 668 1082 ille
687 1063 747 1082 smn
768 1062 818 1090 ego
830 1074 836 1086 ,
852 1054 897 1089 qui
914 1062 960 1082 as-

172 1102 266 1129 sentiri
281 1103 384 1137 possim
399 1102 428 1129 D.
450 1101 593 1138 Hippolyto
610 1102 733 1136 quaedam
750 1101 896 1136 Scripturze
922 1105 961 1128 tev

172 1151 301 1178 stimonia
320 1151 352 1178 de
369 1151 482 1186 praiciso
499 1150 660 1178 Antichristi
687 1150 803 1176 adventu
830 1149 962 1183 interpre-

172 1197 239 1223 tanti
252 1206 258 1229 ;
272 1197 354 1224 veluti
370 1205 430 1224 cum
451 1197 488 1223 ait
505 1196 561 1230 (25)
572 1216 579 1228 ,
596 1195 794 1223 Antichristum
817 1199 961 1221 venturum

171 1243 198 1270 in
213 1248 348 1277 postrema
374 1243 544 1278 septuaginta
567 1242 798 1269 hebdomadarum
820 1240 959 1268 Danielis:

171 1292 279 1316 constat
298 1287 389 1319 enim,
409 1292 438 1314 ut
456 1287 518 1314 alibi
532 1286 587 1321 jam
609 1286 740 1316 vidimus,
764 1283 961 1311 hebdomadam

172 1335 243 1361 hanc
258 1334 338 1361 ﬁnem
353 1333 480 1361 habuisse
493 1333 519 1359 in
531 1333 620 1368 primo
633 1332 698 1360 Jesu
714 1331 817 1358 Christi
834 1331 960 1361 adventu,

172 1389 228 1416 quo
254 1385 362 1415 peracto
391 1379 604 1407 circumstantia;
638 1385 734 1406 omnes
758 1376 963 1404 notabilissima:

174 1426 290 1460 impleta:
303 1429 376 1456 sunt,
387 1433 453 1460 quas
465 1423 568 1459 impleri
584 1423 681 1450 debere
695 1423 721 1448 in
735 1422 780 1448 illa
795 1421 962 1448 hebdomada

175 1471 322 1506 Scriptura:
336 1471 535 1497 nuntiaverant.
551 1468 657 1495 Extunc
669 1467 769 1502 quippe
785 1466 849 1493 urbs
862 1465 960 1499 inclyta

172 1515 322 1544 Jerusalem
336 1516 472 1543 destructa
485 1514 548 1547 fuit,
562 1513 691 1548 templum
715 1519 850 1542 eversum,
874 1509 960 1537 sacri-
976 1524 996 1551 ρ

174 1563 265 1590 ficium
278 1564 418 1593 abolitum,
431 1561 597 1589 abominatic
610 1558 786 1587 desolationis
801 1557 850 1584 fuit
865 1557 890 1583 in
903 1557 961 1583 loco

175 1614 291 1642 sancto;
306 1609 534 1644 quemadmodum
546 1605 729 1634 ecclesiastica
742 1609 834 1631 narrat
848 1602 959 1630 historia

175 1663 210 1682 ex
238 1655 289 1682 tide
317 1655 437 1688 ipsorum
466 1652 651 1683 Hebraeorum,
680 1650 742 1684 qui,
760 1656 822 1676 cum
846 1648 962 1683 propriis

175 1700 263 1727 oculis
279 1699 449 1726 calamitates
466 1698 526 1725 illas
540 1695 757 1731 conspexissent.
781 1694 877 1721 litteris
897 1701 962 1720 con-

175 1747 326 1781 signarunt.

212 1791 303 1818 Enoclt
316 1795 339 1818 et
354 1790 442 1818 Elius.
457 1806 492 1810 —
504 1790 558 1817 Nec
569 1790 638 1816 ultra
657 1788 817 1823 conjectum
837 1786 902 1813 ﬁnes
915 1793 962 1813 va-

176 1842 256 1873 gatur
266 1837 349 1864 altera
364 1837 420 1864 haec
436 1837 464 1863 S.
478 1835 612 1870 Hippolyti
626 1834 717 1869 opinio
730 1833 785 1867 ('26)
797 1841 804 1865 ;
821 1831 960 1858 Enochum

177 1883 282 1911 scilicet
296 1887 322 1909 et
338 1882 424 1909 Eliam
441 1882 587 1916 prophetas
603 1888 650 1914 per
663 1879 804 1906 dimidium
820 1882 961 1912 septuage-

178 1929 254 1956 simm
265 1928 439 1955 hebdomadaa
450 1932 616 1962 pugnaturos
633 1933 694 1952 cum
709 1923 892 1955 Antichristo;
912 1930 962 1949 nec

177 1981 232 2000 non
260 1973 446 2007 insumpturos
466 1972 493 1999 in
517 1971 707 2006 praedicatione
723 1979 732 1995 ‹
752 1969 793 1996 bis
813 1969 895 2000 mille,
920 1967 961 1995 bis

178 2022 288 2045 centum
309 2018 447 2053 sexaginta
463 2018 534 2050 dies;
554 2027 563 2043 ι
580 2017 652 2051 quod
667 2024 743 2050 atque
762 2016 894 2042 incertum
909 2018 959 2041 est.

178 2063 270 2090 Enoch
284 2068 311 2090 et
323 2063 394 2090 Elias
406 2063 574 2097 apparebunt
589 2063 682 2096 utique
696 2060 854 2088 Antichristi
870 2063 959 2091 aetate,

177 2107 302 2136 homines
314 2109 346 2136 ad
363 2108 548 2143 paenitentiam
561 2107 744 2138 cohortantes,
768 2105 846 2133 sicuti
866 2104 959 2132 eodem

178 2154 239 2182 loco
255 2160 348 2182 noster
362 2155 407 2182 hic
418 2159 512 2182 auctor
527 2156 614 2181 docet.
628 2153 739 2183 Verum,
755 2158 872 2186 quonam
893 2157 961 2185 prae-

178 2201 234 2228 cise
250 2205 369 2236 tempore
384 2201 571 2236 apparebunt?
586 2201 657 2233 Quot
672 2198 767 2226 diebus
788 2203 889 2225 terram
910 2197 960 2223 ha-

213 2262 235 2277 "
253 2261 337 2296 Apoc.
353 2269 414 2294 ml,
426 2262 469 2288 II.

214 2320 271 2354 (‘22)
292 2320 320 2346 S.
338 2319 474 2355 Hippolyt.
487 2320 534 2347 lib.
552 2319 591 2347 De
607 2320 682 2352 Ant.,
696 2327 772 2346 num.
784 2318 828 2346 48.

214 2355 270 2388 (‘25)
291 2355 374 2388 Idem,
387 2356 451 2382 ibid.

225 2390 271 2418 “24)
293 2389 376 2423 Idem,
392 2391 468 2422 ibid.,
483 2397 558 2417 num.
572 2390 614 2417 I9.

225 2393 271 2418 ‘24)
293 2393 376 2423 Idem,
392 2393 468 2422 tbid.,
483 2397 558 2417 num.
572 2393 614 2417 19.

214 2393 272 2460 (25)
293 2424 389 2457 Idem,
407 2425 488 2456 ibid.,
503 2433 578 2452 num.
605 2425 640 2452 45
667 2429 694 2452 et
718 2433 794 2460 seqq.
836 2423 960 2460 Captatio

179 2460 238 2487 hare
247 2460 313 2486 certi
326 2461 457 2494 temporis
471 2460 642 2494 Antichristi,
659 2466 688 2488 ut
703 2465 730 2488 et
743 2459 843 2487 Christi
863 2461 895 2487 ad
917 2460 961 2494 ju-

179 2495 281 2522 dicium
297 2495 531 2530 venturi,omnino
554 2496 687 2526 cavenda.
709 2495 781 2530 quod
798 2503 879 2523 nosse
904 2495 961 2521 hate

180 2530 309 2558 mortales
321 2529 492 2558 Providentia
506 2531 632 2558 noluerit.
649 2529 786 2559 Videndus
802 2530 831 2558 3.
844 2530 964 2566 Chryso-

1009 184 1123 211 quarum
1136 181 1236 203 certam
1249 176 1411 203 solutionem
1425 175 1507 202 latere
1518 183 1568 202 nos
1579 175 1664 202 voluit
1676 174 1788 209 Spiritui

1009 225 1129 252 sanctus,
1154 222 1232 248 sicuti
1255 225 1282 247 et
1298 220 1506 248 determinatam
1524 224 1630 254 tempus
1663 228 1717 255 quo
1732 229 1788 247 om-

1008 266 1052 293 nia
1068 266 1344 298 consuinmabuntur;
1360 265 1432 300 quod
1449 270 1554 298 tempus
1565 265 1742 292 nihilominus
1757 265 1788 292 ad

1008 313 1110 339 exitum
1124 313 1192 339 sexti
1206 311 1350 339 millenarii
1367 312 1401 338 ab
1415 311 1509 339 eodem
1526 310 1554 338 S.
1571 310 1714 346 Hippolyto
1724 319 1790 346 pra:-

1008 359 1108 393 Iigitur.
1134 358 1171 385 Ex
1186 359 1284 394 quibus
1300 366 1365 385 sane
1375 358 1556 392 peculiaribus
1574 357 1628 384 divi
1656 356 1788 393 Hippolyti

1008 403 1182 437 opinionibus
1201 403 1282 438 probe
1296 402 1474 438 conjicimus,
1498 411 1558 430 eum
1578 402 1604 429 in
1631 404 1788 438 exponendo

1008 449 1115 476 litterali
1132 450 1332 484 Scripturarum
1359 457 1441 476 sensu
1459 457 1555 484 parum
1578 450 1724 477 admodum
1748 457 1789 477 cx-

1008 496 1145 523 celluissc.

1043 540 1213 567 Charnclercs
1249 540 1414 567 Antichristi.
1442 555 1477 560 —-
1500 539 1680 568 Felicioribus
1702 539 1788 567 ventis

1007 594 1082 614 mare
1104 587 1176 614 istud
1203 587 1338 620 enavigat,
1365 594 1426 613 cum
1441 586 1520 613 docet
1544 586 1600 621 (27)
1623 586 1789 613 seductorem

1008 633 1091 665 hune,
1110 638 1139 659 ut
1151 632 1257 660 facilius
1273 633 1397 660 homines
1415 632 1546 667 decipiat,
1563 637 1707 659 venturum
1734 639 1791 660 esse

1008 679 1170 713 quibusdam
1188 679 1261 706 notis
1271 686 1302 706 ac
1317 678 1401 713 signis
1410 678 1581 712 distinctum,
1594 686 1655 713 quze
1666 678 1694 705 in
1709 678 1790 706 sacris

1008 725 1104 751 litteris
1114 723 1296 751 JesuChristo
1314 724 1488 757 tribuuntur;
1515 723 1642 751 seductor
1661 723 1745 757 enim,
1764 728 1791 751 ut

1008 770 1046 797 ait
1058 774 1167 797 sanctus
1183 769 1352 805 Hippolytus,
1366 778 1414 804 per
1427 770 1518 797 omnia
1532 769 1627 797 similis
1639 770 1724 796 videri
1738 769 1792 797 vult

973 817 996 846 Β
1009 817 1077 845 Filio
1090 817 1148 844 Dei.
1166 826 1175 842 ι
1197 816 1251 843 Leo
1268 817 1377 851 quidem
1394 816 1520 844 Christus
1533 837 1539 849 ,
1558 825 1591 843 ex
1608 817 1694 844 sacris
1720 816 1791 844 Scri-

1010 864 1112 900 pluris;
1137 867 1163 890 et
1187 871 1219 890 ex
1244 863 1339 890 iisdem
1360 862 1507 897 Scripturis
1530 862 1572 890 leo
1598 862 1790 890 Antichristus.

1010 911 1068 937 Rex
1091 909 1233 942 Christus;
1262 917 1292 935 ac
1309 917 1357 935 rex
1382 908 1575 935 Antichristus.
1593 908 1737 936 Exhibitus
1754 913 1793 935 est

1012 955 1135 982 Salvator
1150 959 1180 981 ut
1195 962 1299 985 agnus;
1327 954 1384 989 ipse
1406 962 1513 989 quoque
1533 954 1633 988 pariter
1653 958 1682 981 ut
1709 961 1792 989 agnus

1010 1000 1160 1035 apparebit.
1174 999 1248 1026 Misit
1272 999 1402 1027 Domitius
1419 1000 1555 1034 apostolos
1574 1000 1599 1026 in
1613 1007 1710 1028 omnes
1732 1007 1794 1034 get.-

1012 1052 1070 1080 tes;
1087 1047 1280 1081 mittctetipse
1299 1047 1409 1080 perinde
1432 1046 1684 1081 pseudoapostolos.
1724 1045 1794 1073 Con<

1012 1092 1131 1128 gregavit
1155 1091 1279 1118 Salvator
1293 1099 1357 1118 oves
1370 1111 1378 1122 ,
1393 1099 1454 1126 qua:
1472 1091 1602 1126 dispersae
1617 1095 1714 1122 erant;
1739 1091 1793 1126 ipse

1012 1145 1119 1172 quoque
1132 1137 1231 1172 pariter
1247 1137 1375 1171 populum
1391 1135 1575 1170 congregahit,
1593 1135 1640 1170 qui
1656 1136 1793 1170 dispersus

1012 1187 1062 1209 cst.
1081 1181 1156 1208 l)cd.t
1173 1181 1305 1208 Dominus
1320 1180 1444 1207 lidclihus
1461 1181 1518 1207 suis
1536 1180 1726 1215 signaculum;
1740 1181 1793 1216 ipse

1013 1235 1120 1262 quoque
1133 1227 1258 1253 similiter
1275 1226 1358 1253 dabit.
1377 1226 1509 1260 Apparuit
1527 1225 1650 1252 Salvator
1676 1226 1794 1253 hominis

1014 1274 1125 1306 habitu;
1141 1273 1196 1308 ipse
1209 1280 1318 1308 quoque
1332 1272 1358 1298 in
1376 1272 1494 1299 hominis
1511 1273 1604 1300 habitu
1621 1273 1723 1300 veniet.
1744 1273 1794 1300 Ex-

1014 1319 1106 1347 citavit
1121 1319 1254 1352 Salvator,
1270 1327 1302 1346 ac
1313 1324 1436 1346 sanctam
1455 1319 1566 1346 domum
1589 1326 1667 1346 suam
1685 1324 1717 1346 ut
1730 1324 1794 1346 tem-

1014 1366 1087 1401 plum
1099 1365 1178 1397 fccit;
1199 1365 1256 1400 ipse
1270 1365 1362 1392 itidem
1379 1365 1508 1399 templum
1525 1364 1660 1399 lapidibus
1671 1370 1795 1392 constru~

1014 1417 1086 1438 ctum
1103 1410 1297 1445 Hierosolymis
1322 1410 1460 1437 excitabit.
1485 1418 1494 1435 ι
1513 1408 1544 1435 Hi
1563 1413 1644 1442 sunt,
1660 1409 1739 1444 juxta
1767 1408 1793 1436 S.

1015 1456 1198 1491 Hippolytum,
1213 1456 1384 1483 characteres
1400 1456 1446 1490 qui
1464 1455 1490 1482 in
1505 1456 1622 1490 speciem
1633 1454 1698 1482 Jesu
1718 1455 1795 1482 Chri-

1014 1506 1057 1529 sto
1070 1505 1094 1528 et
1112 1501 1278 1528 Antichristo
1301 1508 1460 1528 communes
1478 1505 1574 1533 erunt;
1602 1500 1702 1534 quibus
1725 1500 1794 1527 aliud

1015 1547 1137 1582 adjungit
1149 1547 1215 1582 (2:5),
1233 1555 1286 1574 non
1303 1554 1377 1582 aeque
1386 1551 1488 1574 eertum
1500 1555 1507 1580 ;
1520 1547 1593 1581 quod
1606 1547 1722 1579 scilicet,
1735 1555 1794 1574 cum

1016 1593 1139 1620 Salvator
1153 1594 1256 1620 venerit
1273 1593 1300 1620 in
1317 1593 1524 1621 circumcisione
1540 1593 1719 1629 inlinuudum
1730 1614 1738 1627 ,
1752 1600 1794 1620 ve-

1011 1642 1065 1667 niet
1077 1645 1102 1667 et
1117 1640 1160 1667 ille
1172 1639 1306 1667 similiter.

1046 1689 1102 1716 Hoc
1117 1694 1208 1716 autetn
1229 1693 1308 1723 pacto
1327 1697 1341 1715 a
1359 1697 1423 1716 vero
1435 1689 1545 1717 Christo
1569 1688 1674 1716 secerni
1698 1687 1795 1724 poterit

1011 1735 1136 1762 seductor
1152 1735 1214 1762 ille:
1238 1735 1290 1761 erit
1311 1735 1412 1769 quippe
1436 1734 1564 1769 politicus
1581 1738 1727 1770 tyrannus,
1749 1732 1792 1768 qui

1011 1782 1133 1808 omnium
1153 1785 1348 1807 tormentorum
1367 1780 1422 1816 (29)
1436 1788 1533 1816 genere
1548 1780 1748 1807 animadvertet
1767 1780 1792 1805 in

1010 1835 1067 1860 eos,
1082 1828 1127 1862 qui
1142 1827 1215 1855 illius
1231 1827 1383 1854 doctrinam
1406 1827 1503 1854 sectari
1519 1827 1657 1860 abnuent;
1684 1826 1794 1861 insuper

1011 1873 1086 1901 falsis
1101 1873 1329 1908 promissionihus
1342 1873 1450 1899 allicere
1458 1872 1587 1905 tentabit;
1601 1880 1647 1907 per
1659 1879 1794 1899 summam

1010 1919 1193 1953 arrogantiam
1210 1918 1315 1945 divinos
1330 1919 1448 1946 honores
1461 1919 1587 1953 exquiret
1606 1918 1682 1952 ('50):
1714 1925 1793 1953 quem

1011 1964 1117 1990 tandem
1134 1963 1265 1990 Domitius
1280 1963 1443 1995 humiliabit,
1458 1969 1483 1990 et
1501 1970 1609 1997 pugnam
1632 1962 1736 1998 indiget
1753 1963 1793 1989 ni-

1010 2010 1071 2037 mim
1087 2009 1158 2036 illius
1178 2010 1311 2043 superbia:
1332 2009 1462 2036 debitam.
1488 2008 1566 2036 Jesus
1585 2008 1712 2036 Christus
1735 2015 1792 2035 eum

1018 2055 1211 2083 cxterminabit
1221 2055 1315 2089 spiritu
1330 2055 1386 2082 oris
1408 2056 1448 2082 sui
1464 2054 1537 2090 (3t);
1557 2058 1584 2082 et
1607 2054 1735 2088 deinceps
1752 2061 1794 2080 ve-
1836 2044 1837 2048 η

1011 2102 1066 2128 niet
1077 2101 1198 2136 judicare
1212 2108 1307 2128 omnes
1320 2101 1454 2128 homines.
1469 2100 1531 2128 Henc
1544 2105 1607 2127 sunt
1620 2100 1789 2131 notabiliora,

1011 2155 1071 2182 qua:
1085 2147 1112 2174 in
1130 2146 1190 2174 divo
1207 2145 1349 2182 Hippolyto
1366 2147 1455 2182 quoad
1476 2147 1573 2181 dogma
1589 2146 1789 2181 deprehendere

1012 2192 1097 2229 potui.

978 2317 1000 2345 D
1016 2319 1132 2345 stemus.
1159 2312 1253 2340 homiI.
1269 2312 1286 2339 2
1310 2312 1370 2339 adv.
1390 2311 1507 2346 Iudaeos,
1523 2316 1549 2339 et
1563 2311 1744 2347 Hieronymus
1765 2310 1790 2337 iu

1015 2350 1133 2377 Danielis
1146 2357 1184 2379 ix,
1204 2349 1303 2382 aliique
1318 2348 1427 2374 ibidem.

1046 2385 1102 2420 (‘26)
1167 2379 1315 2420 Ilippol'yt.,
1334 2383 1381 2410 lib.
1398 2383 1435 2420 De
1455 2383 1627 2416 Antichristo,
1637 2389 1713 2409 num.
1729 2379 1768 2408 63.

1044 2411 1101 2456 (27)
1120 2411 1400 2456 I_deiii,'i_liid_.,'nuin.
1460 2423 1486 2445 et
1502 2426 1577 2452 seqq.

1059 2455 1104 2487 28)
1125 2454 1206 2486 Idem,
1225 2453 1301 2487 ibid.,
1320 2461 1395 2480 num.
1418 2453 1444 2480 6.

1059 2491 1103 2523 29)
1125 2489 1207 2522 Idem,
1222 2489 1239 2515 I.
1255 2497 1292 2521 c.,
1308 2497 1383 2515 num.
1400 2487 1445 2515 25.

1057 2526 1101 2558 50)
1120 2524 1202 2555 Idem,
1217 2524 1236 2551 l.
1248 2531 1284 2556 c.,
1297 2531 1372 2550 num.
1391 2523 1425 2549 52
1437 2528 1463 2549 et
1482 2530 1557 2557 seqq.

1057 2557 1102 2596 3t)
1122 2559 1205 2593 Idem,
1218 2559 1235 2586 l.
1249 2567 1286 2593 e.,
1297 2567 1372 2587 num.
1384 2558 1419 2586 65
1429 2563 1456 2586 et
1467 2558 1489 2585 Il
1504 2557 1626 2585 Thcssal.
1643 2565 1673 2589 ιι,
1686 2557 1711 2584 I.
