1857 3051
499 93 543 122 DE
564 93 645 122 VlTA
663 93 710 122 ET
727 91 886 123 SCRIP'IIS
907 94 936 121 S.
962 92 1168 124 lllPPOLYTL

1591 91 1642 119 ὅτε

341 293 672 325 OBSERVATIONES
699 291 891 323 MORALES
910 293 959 323 ET
988 295 1302 326 DISCIPLINARES.

289 354 489 383 ARTICULUS
517 355 538 384 Ι.

212 408 321 428 PUNC'I'A
340 410 455 429 IIORALIA
472 410 598 434 QUEDAI.

37 445 122 473 Caute
138 454 174 473 ac
197 455 262 474 cum
280 453 351 475 metu
369 450 488 475 veritates
509 449 644 484 religionis
668 449 804 476 tradendis

5 496 70 518 sunt.
88 506 129 512 —-
143 491 271 520 Sanctus
286 499 380 521 noster
392 494 537 529 episcopus
550 494 627 522 initio
646 495 688 521 sui
706 499 805 522 tracta-

7 542 46 564 tus
77 537 119 564 Dc
147 538 324 566 Amic/triste
348 540 488 567 lectionem
514 540 615 575 praebet
636 540 669 567 iis
696 549 804 569 summe

5 585 206 615 necessariam.
224 585 327 620 quibus
341 585 410 613 Deus
429 586 547 613 indolem
562 594 594 613 ac
617 587 706 614 dotem
724 592 802 614 crete-

4 637 44 657 ros
56 629 183 657 docendi
200 631 317 666 largitus
331 637 381 659 est.
394 632 423 659 ln
436 640 468 660 eo
483 632 569 667 posita
584 637 673 660 autem
689 638 731 661 est
746 633 804 661 haec

4 677 77 704 lectio
91 677 172 712 (52),
195 679 273 713 quod
293 679 396 705 scilicet
417 679 557 713 religionis
573 680 702 706 veritates
724 679 802 707 facile

4 731 53 750 non
77 724 202 751 tradant
230 725 275 757 iis,
291 725 337 760 qui
353 725 384 752 ad
405 726 562 753 earumdem
582 726 697 753 abusum
724 728 801 762 proni

4 774 62 796 sunt
76 777 112 796 ac
128 769 277 804 dispositi,
302 771 348 797 sed
370 771 421 804 piis
440 770 612 798 solummodo
632 771 800 806 hominibus,

3 815 44 849 qui
60 815 87 842 in
114 815 224 842 timore
248 815 295 842 Dei
319 816 422 848 vivunt,
438 817 464 843 in
479 817 623 844 sanctitate
641 822 667 845 et
685 818 799 849 iustitia.

2 863 38 890 Illi
57 863 125 898 ipsi,
143 863 198 897 qui
214 863 324 894 docent,
336 863 433 890 docere
445 863 544 890 debent
557 871 619 891 cum
639 869 728 896 metu,
752 872 802 892 nec

3 909 122 936 cmlcstia
136 909 238 943 eloqui
259 908 367 940 debent,
385 908 438 935 nisi
458 909 578 936 charitas
600 914 695 944 urgeat
713 919 720 937 :
738 909 802 938 hinc

4 955 56 988 ipse
72 955 208 990 gentium
228 954 377 988 Apostolus
390 961 451 982 cum
466 961 539 982 metu
551 960 576 981 et
597 960 676 983 caute
692 955 726 983 de
744 964 801 991 my-

4 1001 90 1028 steriis
115 1000 188 1028 ﬁdei
219 1000 400 1035 loquebatur;
428 1001 492 1036 quia
508 1008 569 1028 cum
586 1006 650 1029 tunc
671 1003 800 1036 temporis

5 1053 48 1072 nec
64 1054 172 1073 omnes
197 1046 325 1074 homines
351 1046 509 1080 crederent,
525 1055 575 1074 nec
592 1048 640 1074 toti
666 1052 799 1075 terrarum

3 1093 58 1119 orbi
80 1093 154 1119 fides
177 1092 365 1127 illucesceret,
386 1092 460 1127 justa
475 1093 628 1122 formidinis
652 1102 735 1121 causa
762 1094 800 1121 illi

4 1144 54 1163 nun
66 1137 181 1170 deerat,
197 1137 256 1164 fore
273 1137 366 1164 uthaec
382 1138 509 1173 mysteria
525 1139 643 1174 indignis
657 1144 682 1167 et
695 1140 727 1167 ad
739 1148 802 1168 cou-

4 1188 134 1218 teaiptum
156 1192 270 1211 suntme
283 1184 425 1218 dispositis
448 1185 666 1219 innotescercnt;
685 1186 801 1221 ideoque

3 1229 149 1257 Timotheo
173 1229 312 1264 discipulo
339 1238 389 1257 suo
409 1230 490 1256 etiam
514 1235 594 1265 atque
614 1232 697 1258 etiam
723 1240 800 1260 com-

3 1276 123 1308 mendat,
143 1279 178 1302 ut
196 1283 252 1301 non
272 1275 359 1302 tradat
374 1275 502 1302 veritates
515 1283 531 1302 a
549 1284 578 1303 se.
590 1276 645 1311 jam
662 1283 798 1312 acceptas,

4 1322 51 1348 nisi
64 1322 119 1356 piis
136 1329 173 1348 ac
189 1321 327 1356 religiosis
341 1322 416 1354 viris,
430 1322 476 1357 qui
488 1323 556 1350 alios
567 1324 674 1358 possint
690 1325 798 1352 easdem

3 1373 130 1394 veritates
157 1367 270 1394 docere.
298 1376 307 1393 ι
328 1367 396 1395 Cum
421 1369 503 1405 igitur
524 1369 619 1397 beatus
642 1369 798 1405 Apostolus,

5 1413 150 1449 Subjungit
160 1412 192 1439 S.
204 1411 374 1448 Hippolytus,
387 1413 445 1441 haec
455 1418 572 1442 cauteac
581 1422 643 1442 cum
659 1420 731 1441 metu
745 1419 800 1441 tra-

4 1458 89 1491 deret,
172 1458 271 1485 videns
280 1458 384 1486 scilicet
395 1460 504 1494 spiritu,
516 1468 570 1487 non
590 1468 651 1488 esse
675 1461 798 1488 omnium

4 1504 81 1531 fidem
97 1513 105 1538 ;
124 1510 235 1538 quanto
250 1512 294 1532 res
312 1505 390 1532 nobis
403 1506 515 1540 majoris
527 1506 640 1540 periculi
652 1505 707 1540 lict,
721 1506 744 1533 si
760 1511 799 1533 te-

2 1559 75 1579 mere
102 1551 242 1585 nullaque
264 1551 369 1579 ratione
390 1552 512 1587 profanis
535 1552 691 1580 hominibus
718 1558 799 1588 atque

3 1597 124 1633 indignis
139 1598 338 1625 tradiderimus
349 1598 439 1625 divina
448 1599 573 1633 eloquia!
588 1609 597 1625 ι
610 1598 685 1626 Ilauc
693 1607 800 1627 summe

3 1644 194 1672 necessariam
214 1644 327 1672 moralis
344 1649 449 1680 partem
470 1645 614 1672 confirmat
626 1645 750 1673 doctrina
773 1651 799 1673 et
815 1676 823 1683 ,

817 1032 838 1061 Β

820 355 842 383 Α
858 357 996 385 attendere
1009 357 1137 385 deberent
1155 357 1274 385 liaaretici
1287 357 1371 385 nostri
1389 357 1470 392 hujus
1482 357 1643 390 saeculi,nec

855 409 908 428 non
928 403 1006 430 multi
1023 403 1070 438 qui
1090 403 1158 430 iutcr
1171 403 1327 431 Catholicos
1345 403 1414 430 male
1432 403 1536 431 vivunt.

891 448 958 475 Cum
973 449 1004 475 de
1027 450 1160 484 mysteriis
1177 450 1276 484 agitur,
1294 449 1425 476 curiosius
1440 457 1491 476 non
1509 450 1642 484 inquiren-

853 494 925 520 dum.
938 509 973 514 —
987 494 1040 521 Nec
1055 495 1169 522 minoris
1191 498 1233 522 est
1257 495 1395 525 utilitatis,
1412 495 1437 522 id
1471 495 1542 530 quod
1564 495 1643 522 docet

853 539 906 567 alio
921 540 980 566 loco
992 539 1062 567 idem
1076 540 1105 567 S.
1124 540 1286 575 Hippolytus
1303 541 1359 576 ('54)
1377 549 1382 566 :
1403 540 1515 573 scilicet,
1529 549 1590 567 cum
1607 541 1640 568 de

852 585 989 621 mysteriis
1000 585 1100 620 agitur,
1111 587 1247 614 curiosius
1259 595 1311 613 non
1328 586 1531 621 inquirendum.
1541 585 1640 613 Exem-

852 631 926 665 plum
942 630 1113 666 proferamus
1128 632 1162 658 ab
1174 632 1268 658 eodem
1285 637 1453 666 excerptum,
1465 632 1538 666 quod
1552 637 1594 659 est
1606 632 1640 659 de

852 677 1025 711 generatione
1045 677 1125 704 Verbi
1145 687 1153 705 :
1171 677 1239 705 «Sed
1257 678 1327 705 dicet
1342 678 1405 705 mihi
1425 678 1524 713 aliquis
1539 679 1641 713 (verba

852 727 915 750 sunt
941 723 969 750 S.
999 723 1177 759 Hippolyti):
1204 724 1347 757 Quomodo
1380 723 1498 751 Verbum
1519 724 1639 759 genitum

851 769 909 796 est?
926 769 1140 804 Explicationem
1166 770 1247 805 hujus
1273 770 1393 806 mysterii
1412 771 1549 805 quomodo
1571 770 1640 805 petis

852 820 892 848 tu,
903 816 948 850 qui
967 815 1078 842 modum
1088 816 1271 850 generationis
1285 815 1411 843 humanm
1424 824 1477 843 non
1493 820 1569 852 potes
1578 824 1641 850 per-

852 861 922 890 fecte
937 862 1052 890 efferre?
1074 861 1132 889 Non
1152 863 1218 890 satis
1234 867 1276 889 est
1296 863 1344 890 tibi
1369 863 1439 890 scire
1476 863 1548 897 quod
1569 862 1641 891 Deus

852 909 982 935 mundum
1000 909 1131 940 condidit,
1147 909 1199 936 nisi
1218 908 1320 937 audeas
1340 909 1478 944 inquirere
1502 909 1641 944 quomodo

852 955 990 982 condidit?
1018 954 1075 981 Non
1104 955 1203 982 squieit
1225 955 1274 982 tibi
1296 963 1470 990 cognoscere,
1494 955 1567 990 quod
1594 954 1641 982 Fi-

851 1001 905 1029 lius
935 1001 981 1028 Dei
1005 1001 1053 1028 tibi
1078 1001 1204 1036 apparuit
1229 1001 1262 1027 ad
1286 1000 1422 1032 salutem,
1450 1000 1474 1027 si
1500 1004 1590 1027 tamen
1613 999 1641 1027 id

852 1047 939 1074 credis
952 1057 958 1080 ;
977 1047 1022 1074 scd
1036 1047 1145 1082 insuper
1157 1047 1295 1081 quomodo
1310 1046 1419 1081 genitus
1433 1051 1475 1073 est
1488 1046 1639 1073 secundum

851 1093 976 1128 spiritum
989 1093 1096 1120 curiose
1109 1093 1240 1128 iudagas?
1257 1092 1339 1127 Atqui
1361 1091 1564 1128 generationem
1580 1091 1640 1126 ejus

850 1139 999 1166 secundum
1028 1146 1136 1166 carnem
1159 1146 1289 1166 enarrare
1319 1146 1374 1165 non
1395 1137 1518 1172 pluribus
1557 1145 1639 1172 quam

850 1185 958 1212 duobus
971 1184 1114 1220 (Matthzeo
1133 1189 1158 1211 ct
1175 1183 1276 1219 Lucae)
1293 1184 1478 1211 concreditum
1493 1187 1550 1210 est:
1566 1187 1594 1210 et
1609 1187 1639 1209 tu

850 1231 934 1258 audes
955 1230 1156 1265 generationem
1179 1230 1330 1257 secundum
1358 1229 1484 1263 spiritum
1507 1227 1641 1256 scrutari‘l

854 1287 863 1304 ‹
880 1277 965 1310 Quam
982 1277 1182 1312 generationem
1202 1276 1272 1311 apud
1284 1283 1313 1303 se
1329 1274 1410 1302 Pater
1429 1279 1520 1302 servat
1532 1295 1539 1307 ,
1560 1282 1639 1302 reve-

854 1332 863 1349 t
884 1324 988 1350 laturtts
1007 1328 1072 1350 tunc
1083 1323 1197 1355 sanctis,
1223 1322 1270 1356 qui
1291 1326 1320 1348 ut
1337 1321 1433 1348 faciem
1454 1321 1514 1355 ejus
1532 1321 1641 1348 videant

854 1379 863 1396 ι
882 1369 954 1404 digni
968 1373 1058 1396 erunt.
1075 1378 1084 1394 ι
1103 1368 1176 1396 Satis
1191 1368 1269 1399 habe,
1288 1367 1360 1402 quod
1377 1375 1392 1394 a
1413 1366 1522 1394 Christo
1537 1367 1640 1394 dictum

849 1419 891 1443 est
910 1423 916 1441 :
935 1415 1011 1448 Quod
1040 1419 1131 1441 natum
1147 1419 1185 1440 est
1205 1422 1237 1440 ex
1259 1414 1366 1448 spiritu,
1398 1412 1507 1447 spiritus
1531 1417 1570 1438 est
1591 1412 1615 1428 "
1629 1431 1638 1444 ,

853 1482 860 1489 .
879 1481 886 1488 .
903 1481 911 1488 .
931 1481 938 1488 .
957 1461 1097 1488 Saniciant
1116 1460 1174 1487 hazc
1189 1459 1343 1486 testimonia
1369 1457 1495 1485 fidelibus
1516 1457 1640 1484 veritatis

851 1506 997 1539 studiosis;
1015 1506 1137 1533 infideles
1154 1505 1226 1532 enirn
1242 1505 1307 1531 nulli
1326 1504 1450 1531 credunt.
1472 1513 1481 1529 ι

886 1552 1011 1579 Charitas
1025 1551 1189 1578 Christiana.
1207 1549 1316 1585 Figura:
1325 1547 1638 1576 Ecclesia—Charitas

821 1621 824 1629 .
851 1597 914 1631 Iesu
929 1598 1029 1625 Christi
1044 1602 1084 1624 cst
1097 1597 1188 1624 anima
1202 1596 1339 1628 Ecclesia,
1355 1599 1382 1622 ct
1397 1599 1438 1622 est
1450 1594 1532 1621 veluti
1545 1594 1641 1620 vincu-

824 1675 827 1679 ι
851 1644 907 1670 lum
934 1651 990 1678 quo
1019 1643 1112 1671 fideles
1138 1639 1348 1670 uniuntur.'Per
1374 1641 1444 1668 hanc
1469 1641 1639 1674 charitatem,

3 1691 96 1725 praxis
112 1698 291 1718 summorum
311 1691 434 1718 virorum
451 1692 586 1726 omnium,
602 1692 649 1727 qui
664 1692 691 1719 in
705 1692 798 1720 Eccle-
853 1690 934 1718 sicuti
963 1694 990 1717 et
1006 1697 1055 1724 per
1079 1689 1171 1720 ﬁdem,
1189 1687 1310 1715 Ecclesia
1332 1687 1429 1722 recipit
1454 1687 1638 1722 Baptismum:

4 1738 41 1764 sia
57 1738 226 1765 floruerunt.
236 1737 440 1765 Observandum
451 1743 592 1773 praeterea,
608 1739 683 1774 quod
693 1747 723 1766 ex
738 1739 798 1766 lau—
854 1747 863 1764 ‹
886 1737 1006 1765 Ecclesia
1022 1744 1069 1771 per
1088 1736 1166 1763 fidem
1186 1755 1193 1762 .
1207 1755 1215 1762 .
1228 1755 1235 1762 .
1252 1756 1258 1763 .

5 1783 75 1811 datis
93 1783 125 1812 S.
145 1783 285 1819 Hippolyti
303 1784 392 1812 verbis
411 1784 541 1812 invictum
559 1793 569 1810 ‹
589 1792 637 1819 pro
655 1785 799 1820 disciplina
829 1791 837 1823 ι·
851 1804 859 1813 .
877 1804 884 1812 .

4 1830 121 1856 arcani»
138 1829 238 1864 primis
261 1829 389 1858 Ecclesia}
412 1831 520 1858 sazculis
545 1836 637 1859 sancte
651 1832 798 1866 custodita,

5 1880 202 1910 argumentum
214 1875 373 1903 deducatur.

40 1921 99 1954 Quo
114 1926 196 1956 pacto
208 1926 309 1955 oportet
323 1921 405 1956 legere
415 1930 447 1948 ac
457 1922 602 1958 intelligere
612 1923 714 1950 divinat
726 1922 799 1950 Scri-

5 1972 110 2001 ptums.
132 1982 171 1987 ——
190 1966 242 2000 Qui
258 1967 286 1994 in
303 1967 508 2002 Scripturarum
522 1977 660 1996 sacrarum
683 1969 798 1997 lectione

6 2022 117 2050 operam
135 2015 231 2042 locant
250 2022 343 2048 suam,
364 2015 419 2043 duo
442 2023 497 2050 prae
513 2016 600 2043 oculis
623 2016 724 2045 habere
749 2018 797 2044 de-

6 2060 80 2089 bent.
105 2062 132 2088 I°
152 2061 193 2088 Ex
216 2061 303 2088 sacris
321 2061 364 2088 his
378 2061 464 2096 jlibris
482 2062 593 2089 modum
614 2062 797 2097 cognoscendi

6 2106 102 2141 Deum,
120 2107 267 2142 eidemque
282 2107 431 2134 famulandi
448 2115 543 2134 eruere
558 2108 668 2140 debent,
685 2116 745 2136 cum
764 2117 797 2136 ex

7 2154 49 2180 his
66 2154 191 2181 fontibus
205 2153 382 2188 solummodo.
396 2154 454 2180 haec
465 2154 568 2180 hauriri
581 2155 702 2189 possint;
717 2155 745 2181 2⁸
769 2155 796 2182 in

8 2199 33 2226 id
53 2207 231 2234 summopere
247 2199 404 2226 incumbere
420 2199 568 2232 debent,ut
581 2208 673 2227 verum
689 2208 797 2228 earum-

7 2245 68 2272 dem
83 2245 288 2280 Scripturarum
298 2253 408 2272 sensum
424 2245 593 2280 percipiant,
609 2250 635 2273 et
650 2247 797 2274 abhorrere

7 2291 42 2318 ab
58 2292 132 2319 omni
146 2291 371 2325 interpretatione
387 2291 420 2318 ad
437 2291 579 2319 arbitrium
597 2293 712 2320 conficta
723 2312 730 2325 ,
755 2293 796 2320 vel

7 2345 69 2372 qua:
81 2338 214 2372 peculiari
231 2343 324 2365 nostro
340 2338 447 2372 spiritui
462 2359 469 2371 ,
488 2339 643 2373 nostrisque
655 2339 796 2374 ‘passioni-

7 2382 60 2409 bus
70 2383 106 2410 sit
115 2383 277 2414 conformis,
293 2391 347 2410 uno
359 2383 452 2415 verbo,
465 2383 567 2410 nullam
580 2384 729 2419 Scripturis
742 2378 799 2412 vim,

8 2428 110 2456 inferre
120 2429 238 2457 debem:
254 2438 263 2453 ‹
284 2428 344 2457 Non
359 2429 509 2456 secundum
523 2430 659 2464 propriam
672 2431 796 2458 volunta-

8 2480 84 2509 tem,
106 2484 196 2511 neque
212 2476 361 2503 secundum
387 2469 528 2511 proprium
555 2484 677 2508 sensum,
707 2486 796 2512 neque

8 2525 62 2549 vim
87 2523 236 2550 inferentes
261 2523 287 2550 in
308 2530 350 2554 ea,
370 2531 430 2558 qua:
446 2523 480 2550 ab
504 2530 537 2550 eo
556 2523 618 2550 data
645 2529 725 2558 sunt;
748 2525 795 2552 sed

9 2569 145 2602 quomodo
164 2569 222 2603 ipse
238 2568 333 2603 (Deus)
344 2576 392 2603 per
406 2573 514 2596 sanctas
528 2568 685 2604 Scripturas
698 2570 795 2598 docere

9 2615 103 2648 voluit,
120 2610 160 2643 sic
176 2615 361 2650 intelligamus
378 2615 446 2643 (53).
463 2623 472 2640 ι
497 2615 562 2648 Quae
580 2615 690 2652 quidem
713 2617 795 2644 verba

47 2671 66 2686 “
84 2671 164 2699 Joan.
187 2679 229 2704 ut,
249 2671 276 2699 6.

48 2738 102 2774 (ξε)
121 2737 150 2764 S.
169 2737 383 2774 Hippolytquib.
402 2739 437 2766 De
451 2739 583 2772 Autichr.,
606 2745 682 2767 num.
698 2740 723 2768 I.

58 2773 101 2806 35)
120 2774 207 2806 Idem,
227 2773 287 2800 adv.
306 2773 396 2807 Noet.,
412 2783 487 2802 num.
505 2776 532 2803 9.

58 2809 100 2841 54)
120 2809 205 2840 Idem,
218 2808 298 2837 ibid..
311 2817 387 2836 num.
405 2810 448 2836 I6.

48 2843 102 2879 (35)
119 2844 202 2879 Idem,
220 2843 270 2872 lib.
286 2843 324 2872 Dc
342 2845 517 2881 Antichriato,
536 2854 612 2876 num.
629 2846 675 2875 59.

1279 1739 1305 1762 ct
1318 1735 1478 1762 charitatem
1496 1734 1522 1760 in
1540 1733 1637 1766 Deum,

901 1803 908 1811 .
929 1803 935 1809 .
959 1783 1057 1817 recipit
1076 1783 1215 1809 lavacrum
1234 1780 1448 1816 regenerationis
1463 1779 1532 1814 (55).
1556 1789 1565 1806 ι
1586 1779 1639 1813 Qui

850 1833 912 1865 post
938 1833 1095 1863 susceptum
1123 1827 1292 1862 Daplistnum
1319 1825 1559 1858 transgrediuntur
1591 1824 1638 1851 Dei

850 1875 990 1906 mandata,
1008 1874 1049 1900 vcl
1067 1872 1190 1908 religioni
1203 1871 1500 1899 Christiaumnuutium
1516 1870 1636 1904 mittunt,

849 1926 977 1949 aeternam
1001 1919 1116 1956 propria:
1140 1919 1237 1945 animae
1253 1923 1366 1944 mortem
1384 1916 1513 1944 inferunt.
1535 1914 1638 1943 Pecca-

849 1973 906 1996 tum
924 1975 997 1994 mors
1009 1971 1050 1994 est
1062 1967 1171 1998 animae,
1188 1965 1277 1999 inquit
1293 1969 1405 1992 sanctus
1419 1964 1463 1990 hic
1475 1963 1554 1990 Pater
1570 1962 1636 1998 (36),

849 2014 1000 2050 praesertim
1021 2017 1111 2040 autem
1129 2011 1265 2043 mmchia;
1282 2011 1346 2045 quia
1367 2010 1438 2036 cnim
1455 2010 1545 2037 anima
1563 2009 1640 2036 Chri-

848 2066 891 2088 sto
903 2060 1027 2094 copulata
1044 2058 1213 2086 discessione
1225 2064 1241 2083 a
1257 2056 1344 2083 fillein
1360 2064 1506 2091 perennem
1522 2056 1638 2083 traditur

848 2111 977 2138 mortem,
994 2106 1027 2133 ad
1047 2105 1106 2140 ejus
1122 2105 1160 2131 rei
1178 2104 1257 2131 fidem
1272 2103 1373 2130 violato
1388 2110 1497 2137 quoque
1510 2110 1638 2137 corpora-

848 2154 913 2181 lium
928 2153 1084 2188 nuptiarutn
1109 2151 1211 2179 ftedere
1230 2150 1420 2186 perversisque
1442 2149 1569 2176 thalamis
1594 2149 1637 2176 lex

847 2207 955 2239 pmnam
971 2198 1069 2225 mortis
1087 2197 1195 2224 indixit.
1213 2197 1242 2223 lu
1269 2200 1363 2223 sancto
1380 2194 1524 2230 Hippolyto
1554 2194 1637 2220 variae

848 2244 938 2280 quoad
965 2243 1116 2270 Ecclesiam
1139 2241 1365 2276 comparationes
1387 2248 1418 2267 ac
1446 2239 1637 2266 siinilitudines

847 2295 1011 2324 occurrunt;
1036 2290 1062 2317 in
1078 2289 1175 2325 primis
1190 2292 1331 2322 comparat
1347 2294 1407 2313 eam
1427 2286 1488 2312 navi
1509 2284 1637 2312 fluctibus

847 2339 934 2375 pelagi
959 2338 1066 2374 jac-lata:
1079 2357 1086 2369 ,
1103 2344 1164 2372 quae
1182 2340 1272 2362 tamen
1289 2334 1433 2368 naufragio
1449 2332 1530 2359 haud
1551 2333 1636 2366 lpcrit,

813 2380 834 2408 ί)
849 2386 912 2421 quia
935 2393 950 2412 a
973 2384 1082 2411 Christo
1108 2382 1285 2418 gubernatur.
1309 2379 1348 2406 Eu
1374 2380 1526 2414 elegantem
1555 2378 1637 2413 hujus

850 2430 1063 2467 comparationis
1077 2427 1288 2462 descriptionem
1302 2426 1337 2452 ab
1364 2425 1509 2461 Hippolyto
1525 2425 1638 2452 adorna-

849 2484 903 2507 tam
923 2477 997 2513 (37):
1019 2486 1028 2502 ι
1049 2476 1106 2502 Ala:
1123 2473 1229 2500 navium
1247 2478 1310 2500 sunt
1325 2471 1461 2505 Ecclesiar,
1477 2479 1548 2498 mare
1561 2479 1637 2496 mun-

849 2525 909 2557 dus,
926 2523 952 2550 in
970 2529 1025 2557 quo
1040 2519 1161 2548 Ecclesia
1181 2518 1309 2546 ﬂuctibus
1326 2517 1464 2552 jactatur,
1486 2524 1532 2543 uec
1550 2520 1636 2543 tamen

848 2569 989 2605 naufragio
1003 2568 1082 2603 perit,
1094 2564 1194 2601 q‘uippe
1205 2573 1267 2592 cum
1285 2564 1409 2592 solertem
1427 2563 1636 2597 gubernatorem

848 2618 982 2646 Christum
1009 2621 1102 2643 secum
1117 2613 1232 2647 habeat;
1253 2611 1307 2639 fert
1327 2618 1392 2638 vero
1405 2610 1488 2637 etiam
1503 2609 1530 2636 in
1546 2609 1635 2636 medio

885 2741 942 2777 (56)
952 2739 982 2767 S.
1000 2737 1148 2777 H-ippolyL,
1165 2739 1274 2777 πυρίῃ.
1289 2734 1486 2777 ἱηιειιεαςιγιεηξιι,
1500 2733 1635 2777 apudFaI-

846 2768 1004 2808 bri‘c.,'tom.
1017 2768 1126 2807 I'Opp.,
1140 2768 1201 2806 pag.
1213 2771 1277 2802 276,
1297 2775 1324 2798 et
1336 2771 1406 2805 apud
1421 2769 1556 2802 Galland.,
1571 2773 1589 2796 t.
1603 2768 1634 2802 ll,

845 2813 948 2882 α’ἳέἶῆ
959 2809 1157 2879 ’ἔῗδὴίρροιςιη
1171 2841 1219 2869 lib.
1236 2840 1275 2868 De
1292 2840 1425 2871 Αηιίςιιν..
1439 2848 1499 2876 cap.
1514 2839 1560 2867 εει.
