1857 3051
223 90 277 118 579

714 84 756 112 DE
774 84 855 112 νιτΑ
875 84 918 111 ET
941 84 1095 112 SClilPTI-S
1115 86 1142 112 5.
1165 83 1367 120 lllPPOLYTl..

1806 81 1857 108 7.8!

223 154 344 179 erectum
362 149 493 176 adversus
513 151 628 173 mortem
647 150 789 181 tropreum,
803 155 863 181 qua:
886 146 1010 173 videlicet
1025 149 1047 177 Α
1061 147 1096 173 sit
1113 146 1239 174 Ecclesia:
1255 145 1439 180 magisterium
1454 154 1459 171 :
1481 153 1489 170 ι
1508 143 1553 171 Est
1574 144 1646 171 enim
1661 143 1788 171 Ecclesia
1812 152 1857 169 or

225 204 327 222 crucem
349 193 454 220 Domini
471 199 562 219 secum
584 196 682 226 portet.
702 191 748 218 Est
758 192 830 218 enim
847 192 906 225 ejus
929 200 1010 226 prora

225 240 332 272 Oriens,
345 238 442 274 puppis
464 244 529 264 vero
557 236 706 269 Occidens,
729 238 831 264 cavitns
863 237 1008 271 Meridies;

226 285 292 312 clavi
305 285 356 311 duo
375 284 559 315 Testamenta;
574 283 677 310 circum
699 284 799 310 extenti
814 283 889 318 funes
910 283 1011 311 Christi

225 331 351 362 charitas,
364 338 422 364 qua:
438 329 586 356 Ecclesium
600 330 740 364 astringit;
763 330 855 362 linum,
876 331 949 364 quod
970 338 1013 358 se-

225 385 286 403 cum
311 376 372 408 fert,
396 375 531 402 lavacrum
557 379 595 402 est
618 370 820 410 regenerationis
851 376 927 409 (38);
952 384 1013 410 quae

225 421 316 448 ﬁdeles
331 425 452 448 renovat.
470 420 545 447 Venti
564 421 624 447 loco
640 421 716 447 adest
733 420 849 455 Spiritus
869 421 914 448 ille
932 430 945 448 e
964 430 1027 448 αις-λ

224 467 269 498 lis,
285 474 339 501 quo
358 467 449 493 ﬁdeles
463 467 658 501 consignantur
671 466 745 499 Deo;
766 467 846 493 habet
858 469 957 502 pariter
968 469 1013 496 illa

224 513 338 540 comites
352 517 378 539 et
395 513 493 547 ferreas
514 514 653 543 anchoras,
678 518 770 540 sancta
792 514 918 541 nimirum
938 514 1013 542 Citri—

226 559 259 585 sti
284 558 421 591 mandata,
449 566 510 592 qua:
531 558 594 584 ferri
627 559 708 585 robur
732 559 819 594 ipsum
851 560 1012 595 praeferant;

197 607 204 610 ”
226 604 292 638 quin
309 608 337 630 et
355 608 453 630 nautas
468 612 483 630 a
502 604 604 631 dextris
624 610 705 640 atque
724 606 844 634 sinistris
863 612 1014 634 sanctorum

226 649 378 683 angelorum
396 657 465 676 more
478 650 640 683 assistentes,
654 659 764 685 quorum
775 660 820 686 ope
833 653 950 679 munitur
965 653 1013 680 Ec—

226 695 316 722 clesia.
330 695 357 721 In
373 703 403 722 ea
420 696 502 728 scala,
521 704 580 729 quze
595 697 620 722 in
640 697 723 724 altum
741 698 774 724 ad
790 703 934 726 anteanam
950 700 1014 727 sub-

227 742 318 774 vehit,
335 743 422 777 imago
441 748 478 769 cst
496 743 624 770 salutaris
636 743 735 770 Citriin
750 746 898 779 passionis,
922 746 1013 775 ﬁdeles

227 787 348 819 trahens,
366 791 395 813 ut
410 787 436 813 in
450 787 534 814 ccelos
549 788 706 815 ascendant.
724 788 804 824 Signa
824 797 904 824 super
919 796 1014 818 anten-

227 839 290 858 nam
305 831 330 858 in
357 832 440 858 altum
456 832 561 859 sublata
573 854 580 865 ,
609 833 805 867 prop/telarum,
829 839 975 869 martyrum
988 840 1012 862 et

229 877 410 912 apostolorum
433 879 460 904 in
476 877 575 905 Christi
592 887 668 914 regno
689 880 877 914 quiescentia":
900 882 1014 915 stipatus

228 924 304 950 ordo.
325 933 334 949 ι
350 924 493 959 Colligitur
505 932 536 951 ex
550 924 592 952 his
606 926 709 953 ultimis
722 927 821 958 verbis,
837 927 1015 961 quemadmo-

228 969 293 996 dum
310 968 377 996 bene
392 969 517 996 observat
533 970 566 997 cl.
584 970 736 997 Ceillierius
749 971 947 1005 (59),sanctum
967 979 1015 998 no-

229 1019 315 1042 strum
330 1016 486 1050 episcopum
502 1017 683 1044 communiter
697 1017 731 1043 ab
741 1017 860 1052 antiquis
881 1022 1015 1051 receptam

229 1062 390 1089 sententiam
417 1066 540 1089 sectttum
566 1062 669 1095 fuisse,
698 1062 770 1096 quod
796 1062 923 1089 nimirum
953 1070 1016 1097 pro-

228 1108 326 1142 phetae,
348 1109 462 1142 apostoli
478 1114 505 1136 et
520 1113 653 1144 martyres
671 1108 825 1136 felicitatem
845 1113 973 1136 aucruam
987 1109 1014 1135 in

230 1153 307 1180 caelis
319 1154 407 1188 adepti
426 1154 535 1181 fuerint.

265 1199 385 1226 Ecclesia
401 1201 495 1226 mulier
513 1200 567 1227 sole
581 1201 689 1227 amicta.
700 1216 734 1220 —
746 1200 831 1228 Paulo
844 1200 914 1227 infra
935 1201 1016 1227 aliam

229 1245 262 1272 de
285 1245 403 1273 Ecclesia
414 1247 619 1274 similitudinem
638 1247 724 1280 aﬁ'ert,
739 1247 803 1274 dum
824 1247 869 1274 illa
884 1247 1017 1282 Apocaly-

229 1298 308 1325 pseos
328 1292 408 1317 verba
424 1300 483 1326 cap.
505 1300 551 1324 xu,
569 1292 629 1318 i-G:
647 1291 681 1318 Et
697 1293 751 1319 vidi
771 1293 874 1328 signum
892 1300 1017 1328 magnum

229 1341 253 1362 et
267 1336 398 1369 mirabile,
413 1337 547 1364 mulierem
562 1338 685 1364 amictum
699 1338 762 1371 sole,
778 1344 841 1371 etc.,
856 1339 881 1365 in
896 1346 956 1373 qua:
980 1338 1017 1365 ita

230 1387 429 1410 commentatur
450 1383 521 1419 (40):
547 1393 556 1409 ‹
576 1384 716 1412 Mulierem
736 1385 862 1412 amictam
888 1385 944 1411 sole
963 1385 1019 1412 cla-

229 1427 338 1454 rissime
357 1427 506 1455 Ecclesiam
530 1428 693 1463 signiﬁcavit
712 1428 878 1463 (Joannes),
899 1428 1016 1455 Paterno

1062 191 1144 224 diuis,
1168 199 1220 218 non
1240 190 1408 218 confusionis
1423 190 1561 224 magistra.
1580 198 1589 214 ›
1602 188 1705 216 Notent
1722 189 1776 216 sibi
1801 188 1857 214 har

1063 238 1144 264 verba
1170 245 1236 263 auro
1267 237 1402 270 cedroque
1435 234 1514 270 digna
1544 235 1672 262 Ecclesia:
1700 233 1857 261 antistites

1064 282 1258 318 theologizeque
1272 282 1407 310 doctores.

1333 326 1458 354 ARTICU
1464 325 1530 353 LUS
1547 325 1578 352 ll.

1238 380 1449 401 OBSERVATIONES
1463 379 1669 399 DISCIPLI‘NARES.

1065 413 1077 419 τ
1101 419 1211 454 Tempus
1229 420 1262 446 ad
1274 419 1438 453 Baptismum
1451 418 1625 452 recipiendum
1637 416 1857 450 pra/initum.—

1064 466 1158 499 Quoad
1169 466 1351 500 disciplinam,
1373 466 1429 492 hzec
1446 464 1613 492 observanda
1637 463 1755 490 veniunt
1781 470 1857 495 aput

1066 511 1094 537 S.
1123 510 1295 546 Hippolytum
1319 519 1325 537 :
1346 511 1452 544 prim‘o,
1479 509 1678 536 solemnitatem
1707 507 1854 534 Paschatl

1065 555 1149 583 fuisse
1164 561 1268 591 tempus
1288 556 1453 593 praeﬁnitum
1467 556 1500 582 ad
1517 554 1727 582 ministrantium
1743 558 1771 580 et
1787 554 1857 580 reci

1064 602 1190 636 piendum
1206 603 1380 637 Baptismum.
1393 602 1436 629 Ait
1448 602 1519 629 enim
1537 605 1647 629 sanctus
1665 601 1825 634 episcopus
1842 600 1857 625 ii

1065 650 1155 677 illud:
1184 649 1253 676 Dum
1278 649 1443 675 observarent
1467 649 1536 674 diem
1576 652 1668 681 aptum
1685 646 1708 662 ³³
1723 666 1731 677 ,
1781 654 1857 671 com

1065 701 1190 723 menlans
1205 695 1275 731 (bl):
1295 695 1394 728 «Quem
1409 701 1502 729 porro,
1514 693 1565 720 nisi
1579 693 1650 720 diem
1666 692 1796 721 Paschae,
1816 699 1855 725 pc

1065 751 1145 778 quem
1166 743 1302 770 lavacrum
1319 743 1346 769 in
1362 741 1484 777 potnario
1499 740 1677 767 mstuantibus
1692 743 1815 773 paratur
1828 739 1841 763 '.'

1101 789 1292 824 Dispositiones
1307 789 1341 814 ad
1357 787 1531 822 Baptismum.
1544 801 1578 806 —-
1589 785 1798 820 Dispositiones
1819 792 1857 810 an

1067 838 1118 862 tem
1131 835 1230 862 ibidem
1246 838 1367 861 vetustus
1385 833 1429 859 hic
1442 832 1522 858 Pater
1538 835 1741 859 commemorat
1753 851 1761 862 ,
1795 830 1857 855 dun

1065 881 1103 908 ita
1133 880 1322 915 prosequitur:
1353 888 1362 905 ‹
1384 879 1510 906 Susanna
1542 877 1636 904 lavans
1659 876 1768 903 munda
1808 875 1857 900 Du

1066 934 1165 962 sponsa
1194 926 1298 953 sistitur
1325 933 1386 952 cutn
1404 925 1510 952 duabus
1527 923 1592 950 solis
1609 922 1718 957 puellis.
1740 921 1857 953 Qttattdt

1066 971 1137 998 enim
1153 970 1273 998 Ecclesia
1291 978 1324 997 ex
1341 977 1417 997 more
1441 969 1516 1004 cupit
1538 968 1679 994 lavacrum
1702 965 1857 999 suscipere

1066 1017 1134 1044 duas
1146 1017 1299 1044 necessario
1314 1015 1426 1043 ancillas
1442 1014 1555 1042 comites
1567 1013 1664 1045 habet;
1683 1011 1793 1039 etenim
1813 1010 1857 1036 Eu

1067 1063 1148 1090 clesia
1165 1070 1212 1097 per
1229 1062 1307 1089 ﬁdem
1323 1062 1348 1088 in
1366 1061 1520 1092 Christum,
1541 1065 1567 1086 et
1583 1066 1631 1093 per
1644 1058 1817 1085 charitatcm
1842 1057 1857 1082 ii

1067 1107 1152 1135 Deum
1176 1108 1300 1135 confessa
1326 1107 1422 1140 recipit
1439 1106 1587 1132 lavacrum.
1607 1113 1615 1129 ι
1637 1102 1706 1129 llinc
1722 1101 1857 1136 Baptism

1068 1153 1180 1180 comites
1193 1152 1259 1180 ﬁdes
1274 1156 1300 1179 et
1313 1152 1443 1179 charitas.

1106 1198 1208 1230 Oleum,
1222 1203 1298 1233 atque
1309 1198 1396 1224 unctio
1412 1198 1438 1223 in
1449 1196 1632 1230 Baptismo.——
1642 1194 1748 1222 Eodem
1762 1193 1792 1219 in
1806 1193 1857 1219 lim

1069 1244 1097 1271 S.
1112 1243 1271 1279 llippolytus
1296 1244 1365 1271 inter
1379 1244 1447 1270 ritus
1469 1243 1496 1270 in
1522 1242 1660 1277 Baptismo
1690 1239 1857 1268 conferendi

1068 1290 1189 1317 adhiberi
1208 1290 1302 1317 solitos
1327 1294 1450 1317 recenset
1473 1289 1562 1316 oleum
1586 1292 1667 1322 atque
1686 1287 1853 1314 unctionem

1070 1335 1169 1363 Scribit
1195 1336 1267 1362 enim
1292 1336 1319 1362 in
1353 1343 1462 1362 versum
1489 1334 1522 1361 Π
1561 1333 1705 1360 Danielis:
1730 1332 1857 1365 Diritqm

1069 1382 1296 1417 puellis:A[ferte
1320 1382 1384 1407 milii
1410 1381 1496 1408 oleant
1525 1389 1535 1408 .'
1563 1389 1573 1405 ‹
1600 1379 1718 1406 Proinde
1749 1378 1824 1404 ﬁdes
1842 1386 1857 1403 et

1070 1428 1198 1460 charitas,
1225 1428 1314 1454 oleum
1341 1431 1368 1454 et
1396 1430 1544 1461 smegmata
1568 1425 1724 1451 lavantibus
1750 1427 1857 1458 parant.

230 1474 354 1500 indutam
367 1473 466 1505 Verbo,
479 1475 550 1508 quod
571 1475 628 1501 sole
646 1475 792 1501 micantius
818 1475 949 1509 splendet.
972 1474 1018 1501 Di-
1031 1483 1051 1512 ρ
1070 1475 1198 1507 Quanam
1210 1480 1274 1500 vero
1286 1478 1444 1507 smegmata,
1457 1471 1509 1498 nisi
1521 1470 1598 1498 Verbi
1609 1470 1738 1496 mandata
1749 1469 1761 1494 ’ἓ
1773 1468 1857 1501 Quod-

231 1521 316 1547 cendo
334 1528 398 1547 vero
417 1521 507 1546 lunam
523 1520 570 1546 sub
584 1520 692 1552 pedibus
717 1520 784 1554 ejus,
799 1520 902 1547 cmlesti
929 1520 1019 1548 chari-

231 1571 286 1593 tatc
301 1566 372 1593 lunre
389 1566 415 1592 in
436 1574 538 1593 morem
556 1571 679 1593 ornatam
693 1567 821 1593 ostendit.
835 1566 911 1599 Quod
929 1572 1017 1594 autem

230 1613 279 1644 ait,
292 1613 320 1638 in
337 1612 421 1646 capite
437 1612 493 1645 ejus
513 1620 609 1638 carona
628 1612 765 1638 stellarum
780 1612 926 1646 duodecim,
949 1614 1018 1641 duo-

232 1658 319 1685 decim
336 1658 475 1692 apostolos
493 1658 625 1692 designat,
645 1666 692 1692 per
703 1666 771 1692 quos
789 1658 899 1686 fundata
912 1664 952 1686 est
969 1660 1020 1687 Ec-

233 1704 326 1731 clesia.
336 1703 369 1730 Et
380 1703 477 1730 habens
487 1704 513 1730 in
521 1709 596 1730 utero
610 1703 741 1730 clamabat
752 1706 911 1738 parturiens,
926 1710 950 1732 et
961 1714 1020 1732 cru-

233 1750 374 1782 riabatur,
393 1756 422 1776 ut
435 1755 553 1785 pareret;
569 1751 632 1785 quia
651 1759 705 1777 non
727 1756 815 1778 cessat
840 1751 960 1780 Ecclesia
987 1761 1020 1780 ex

234 1799 315 1826 corde
328 1797 444 1826 Verbum
463 1800 587 1835 gignere,
606 1799 676 1834 quod
693 1799 719 1826 in
734 1800 834 1828 mundo
852 1801 886 1828 ab
907 1801 1021 1829 intideli—

235 1847 286 1874 bus
300 1848 513 1881 persecutionem
527 1847 637 1881 patitur.
654 1846 688 1872 Et
698 1847 807 1881 peperit,
821 1847 918 1882 inquit,
934 1848 1020 1883 ﬁlium

236 1894 395 1925 masculum,
408 1894 452 1928 qui
471 1898 527 1920 erat
540 1897 658 1920 recturus
670 1901 758 1920 attines
773 1899 874 1928 gentes;
888 1895 1016 1922 nimirum

237 1939 366 1971 Ecclesia,
379 1939 442 1966 dum
455 1938 593 1965 Christum
604 1937 660 1970 Dei,
671 1938 819 1964 masculum
833 1946 864 1965 ac
873 1939 1018 1973 perfectam

237 1984 350 2018 prolem,
366 1984 411 2018 qui
430 1983 500 2010 Deus
520 1988 546 2010 ct
567 1984 649 2010 homo
663 1983 834 2017 prmdicatur,
857 1992 962 2018 semper
975 1992 1022 2018 pa-

219 2055 222 2058 .
238 2030 290 2061 rit,
306 2029 384 2057 docet
403 2038 496 2057 omnes
514 2034 616 2063 gentes.
628 2028 854 2064 Porrmdiceudo,
873 2035 962 2065 raptus
979 2036 1018 2058 est

237 2077 310 2111 [ilius
326 2076 381 2110 ejus
402 2076 435 2102 ad
455 2075 549 2106 Deum,
567 2081 591 2102 et
604 2076 638 2103 ad
659 2077 781 2103 thronum
794 2077 866 2109 eius;
884 2078 1021 2105 cmleslem

238 2129 337 2157 regem,
355 2129 407 2148 non
434 2125 569 2148 terrenum
596 2128 657 2148 esse
683 2121 826 2156 signiﬁcat,
857 2123 902 2157 qui
925 2131 958 2150 ex
977 2124 1020 2151 illa

1070 1529 1132 1549 nam
1150 1525 1240 1546 autem
1253 1520 1353 1550 oleum,
1370 1518 1422 1545 nisi
1442 1518 1526 1545 virtus
1542 1516 1659 1551 Spiritus
1670 1514 1783 1542 sancti?
1804 1515 1857 1549 qui‘

1070 1569 1121 1596 bus
1135 1574 1194 1603 post
1205 1568 1343 1594 lavacrum
1358 1570 1486 1599 tanquam
1499 1567 1636 1598 unguento
1651 1562 1749 1589 ﬁdeles
1761 1569 1857 1596 perun

1071 1605 1181 1650 guntur.
1198 1614 1302 1640 Cuncta
1317 1613 1374 1640 haec
1397 1620 1444 1647 per
1459 1612 1565 1638 beatam
1584 1609 1741 1636 Susannatn
1773 1612 1857 1635 nostr

1071 1669 1153 1688 causa
1168 1661 1353 1696 tigurabantur
1367 1666 1374 1684 :
1389 1666 1422 1685 ne
1438 1657 1519 1684 modo
1538 1656 1651 1687 scilicet,
1662 1655 1709 1690 qui
1729 1655 1792 1682 Deo
1805 1662 1857 1682 ere

1071 1708 1172 1741 dimus,
1193 1715 1225 1734 ea
1243 1713 1304 1741 quae
1329 1703 1562 1739 inpraesentiarum
1584 1702 1612 1728 in
1633 1701 1759 1728 Ecclesia
1784 1701 1856 1727 tiunt

1073 1757 1202 1788 tanquam
1217 1760 1283 1779 nova
1298 1758 1328 1778 ac
1345 1749 1485 1784 peregrina
1500 1747 1697 1776 existimemus.
1714 1756 1724 1772 ι

1110 1799 1220 1833 Tempus
1234 1796 1382 1824 celebrandi
1391 1795 1581 1822 solemnitatem
1590 1793 1754 1829 pascltalem.
1768 1808 1809 1812 —
1820 1792 1857 1818 Se-

1071 1844 1161 1871 cundo
1172 1843 1254 1870 tradit
1267 1843 1310 1870 hic
1324 1847 1445 1869 vetustus
1458 1840 1588 1868 Ecclesia:
1607 1839 1696 1871 Pater,
1714 1837 1857 1865 Paschalis

1073 1890 1271 1917 solemnitatem
1287 1888 1417 1915 celebrari
1432 1887 1558 1914 debuisse
1578 1883 1718 1912 Dominica
1738 1889 1804 1918 post
1820 1884 1857 1910 de-

1072 1935 1170 1962 cimam
1189 1939 1313 1968 quartam
1332 1934 1424 1960 lunam
1437 1932 1541 1965 Martii,
1568 1930 1620 1957 nisi
1635 1929 1742 1956 decima
1765 1935 1857 1964 quam

1072 1980 1135 2006 luna
1157 1979 1286 2006 incideret
1305 1979 1331 2005 iu
1355 1979 1425 2006 diem
1453 1977 1581 2010 Sabbati;
1597 1983 1653 2010 quo
1667 1982 1735 2002 sane
1753 1975 1781 2001 in
1800 1982 1857 2001 casn

1071 2025 1148 2059 juxta
1162 2023 1286 2051 eumdem
1301 2023 1430 2050 celebrari
1449 2031 1501 2050 non
1516 2021 1629 2049 debebat
1641 2019 1726 2047 festus
1742 2019 1857 2058 Pascha

1072 2071 1107 2097 tis
1127 2070 1186 2097 dies
1204 2069 1344 2097 Dominica
1358 2069 1490 2102 sequenti,
1508 2068 1555 2096 sed
1570 2066 1711 2094 transferri
1729 2067 1758 2093 in
1781 2068 1857 2093 aliam

1073 2117 1282 2152 subsequentem
1297 2115 1477 2147 Dominicam,
1497 2122 1530 2142 ne
1546 2114 1631 2141 festus
1647 2114 1691 2140 hic
1709 2113 1771 2140 dies
1794 2115 1857 2139 cule

238 2176 345 2202 semper
362 2168 492 2194 nascitur.
514 2177 522 2192 ι
546 2167 617 2194 Idem
635 2166 663 2193 S.
684 2166 762 2195 Pater
777 2169 803 2195 in
823 2173 936 2196 tractatu
961 2178 1022 2204 pcr-
1039 2162 1059 2189 υ
1073 2164 1198 2190 Marem"
1220 2162 1313 2190 θοιῘθιη
1339 2162 1390 2195 die:
1422 2168 1476 2196 (1υο
1504 2160 1636 2187 Dominus
1659 2163 1756 2185 “05‘3"
1783 2158 1857 2185 105'”

238 2215 312 2241 brexi
328 2214 363 2241 De
379 2213 502 2240 Susanna
519 2214 611 2241 multis
630 2215 712 2242 etiam
728 2215 854 2248 ostendit,
869 2214 1022 2242 Susanuam

238 2261 353 2295 ﬁguram
365 2260 483 2295 gessisse
498 2259 634 2287 Eczclcsim.
652 2260 678 2287 In
698 2269 778 2295 opere
796 2269 859 2288 vero
879 2261 914 2287 Dc
939 2262 1024 2287 tradi-

239 2309 308 2335 tione
317 2308 494 2342 apostolorum
504 2308 590 2340 docet,
599 2315 712 2335 numero
724 2307 766 2339 19,
775 2308 845 2342 apud
853 2307 1022 2335 Gallandium

239 2359 313 2381 tonio
323 2354 342 2380 ll
352 2354 520 2381 Bibliotheca:
534 2355 655 2388 Patrum,
669 2354 795 2381 columna
809 2345 871 2386 507,
884 2355 1019 2389 quodnam

292 2412 314 2427 "
335 2412 401 2438 Dan.
423 2420 482 2444 xm,
505 2412 546 2439 15.

278 2480 333 2514 (38)
355 2479 432 2512 Quod
453 2479 493 2516 sic
518 2480 626 2507 lavacro
652 2481 865 2516 regenerationis
885 2487 1023 2516 comparet

241 2514 419 2550 Hippolytus,
437 2515 504 2541 nihil
531 2516 602 2542 aliud
626 2514 796 2543 commodius
819 2517 874 2543 lino
892 2514 1022 2550 occurrit,

241 2558 296 2587 quo
308 2550 348 2576 sic
363 2551 505 2587 capiuntur
522 2551 620 2587 pisces,
640 2551 755 2587 etcujus
769 2552 938 2586 metaphora,
955 2561 1023 2587 prae-

242 2586 342 2625 dicatio
354 2585 509 2625 evangelica
534 2586 631 2625 I’roclo
642 2607 649 2617 ,
664 2585 871 2625 Chrysostontb,
886 2585 962 2618 etc..'
977 2588 1024 2614 de-

241 2620 372 2659 ειίιηιιιιιεη
389 2619 557 2659 Elusilaque
572 2621 660 2659 navis,
672 2621 862 2659 qum‘iﬂcclesia
874 2627 924 2659 est,
940 2623 1023 2649 linum

243 2655 382 2692 capiendis
396 2656 549 2692 pisciculis,
562 2661 588 2683 et
604 2661 633 2683 ut
648 2657 705 2692 jam
724 2656 826 2684 Christi
849 2665 881 2684 ac
897 2657 1026 2684 Ecclesiae

244 2690 364 2716 ineiubra
380 2691 433 2718 sint
447 2696 521 2718 extra
534 2693 626 2718 mundi
644 2690 750 2727 profani
763 2693 938 2727 salsedinem.
950 2693 1024 2719 lava-

243 2732 319 2786 :rum
339 2730 380 2753 est
397 2727 624 2762 regenerationis,
644 2726 701 2762 quo
719 2727 758 2754 sic
772 2726 882 2755 Christo
903 2727 1027 2762 incorpo-

257 2767 345 2786 amur.

257 2767 345 2788 amur.

1074 2210 1199 2237 Christus
1217 2213 1341 2244 mortuus
1361 2211 1402 2235 est
1417 2207 1483 2242 (Η).

1110 2255 1201 2283 Tertio
1218 2256 1295 2282 docet
1309 2254 1465 2282 solvendum
1486 2259 1546 2280 esse
1562 2250 1809 2285 Quadragesimale
1823 2250 1857 2284 je-

1071 2303 1179 2338 junium
1196 2301 1334 2328 Dominica
1349 2299 1504 2327 Paschalis:
1518 2307 1527 2324 ‹
1542 2297 1653 2324 Solvere
1669 2301 1763 2323 autem
1781 2305 1857 2331 (ψυτ-

1075 2353 1112 2376 tet
1124 2348 1268 2383 jejunium,
1286 2346 1332 2374 ubi
1349 2345 1489 2373 Dominica
1503 2343 1627 2371 inciderit.
1640 2342 1707 2377 (4'5).
1724 2351 1733 2367 ι

1113 2487 1168 2523 (59)
1190 2486 1264 2529 [Sc-till
1277 2485 1395 2518 Ceillier,
1414 2483 1483 2511 Hist.
1505 2483 1591 2518 génir.
1602 2481 1647 2508 des
1664 2486 1857 2515 auteurs,tam.

1076 2521 1184 2557 lippag.
1201 2522 1261 2548 571.

1113 2557 1168 2593 (40)
1189 2557 1218 2593 ετ
1235 2553 1498 2593 llippnlyt.,_lib.__De
1515 2553 1648 2585 Antio/tn,
1666 2560 1747 2593 nunt:

1114 2587 1408 2628 (41)_Id.,riraet'_.__l)e
1440 2589 1580 2628 ᾃξιξαιιιια,
1615 2588 1694 2628 apud
1722 2587 1857 2628 _Galland.,

1080 2622 1145 2655 tom.
1164 2622 1197 2659 il,
1209 2627 1308 2653 colum.
1331 2625 1383 2652 443
1399 2629 1426 2652 et
1440 2623 1510 2657 Μὴ
1522 2628 1548 2650 ct
1560 2622 1630 2658 apud
1647 2622 1771 2657 Fabric,
1794 2627 1857 2651 tom.

1078 2662 1099 2696 ι’
1193 2661 1380 2731 afferat-lo
1397 2693 1486 2729 pasc/t.

1115 2729 1170 2767 (ιδ)
1181 2731 1272 2767 idem,
1287 2729 1351 2757 ibid.
