1857 3051
217 103 273 132 5S3

708 97 752 125 DE
772 97 853 125 VITA
873 95 916 122 ET
936 93 1095 122 SCRIPTIS
1115 92 1143 121 S.
1161 90 1343 119 HlPPOLYTI

1799 83 1857 111 SS!-

254 161 345 197 Stylus
370 160 454 188 sancti
476 158 623 194 Hippolyti.
643 172 677 178 —
701 157 778 190 Quod
804 161 893 183 autem
922 154 1008 182 sancti
1024 160 1046 187 Α
1064 165 1076 178 τ
1099 152 1134 179 hil
1162 151 1243 178 habet
1269 150 1387 180 irritum,
1404 147 1529 183 quamvis
1551 146 1576 173 ei
1599 145 1660 180 styli
1676 144 1857 196 Atheniensis

219 207 355 242 Hippolyti
382 205 487 233 dicendi
513 204 704 238 scribendique
726 203 840 229 formam
856 201 1007 236 concernit,

219 255 278 281 lure
301 259 395 279 omnes
419 251 544 277 amabilis
560 249 709 284 primorum
728 248 888 275 smculorum
903 246 1009 281 simpli-

218 299 308 325 citatis
323 304 377 331 pra:
391 304 420 323 se
436 295 486 322 fert
499 296 684 322 characteres.
703 292 759 320 Hac
775 297 863 320 tamen
884 299 940 319 non
960 291 1009 318 ob-

219 350 306 372 stante
332 343 411 369 divus
437 341 620 376 Hieronymus
638 348 763 375 magnam
777 339 938 373 eloquentiae
954 338 1009 364 vim

219 395 313 418 saneto
336 393 429 416 nostro
456 387 567 415 ascribit
583 387 639 421 (50)
664 395 670 413 :
696 385 830 420 siquidem
856 383 1010 419 eloquentia

219 435 331 462 nnlltum
360 434 497 460 sociabilis
520 437 560 460 est
586 440 648 460 cum
679 431 863 466 simplicitate,
882 437 963 464 quam
983 430 1010 456 in

218 479 277 513 ejus
295 478 404 511 scriptis
418 477 636 504 obsm'vavimus.
652 475 810 510 Eloquentia
827 475 900 502 enim
917 475 940 501 is
952 482 1011 501 om-

219 525 284 551 nino
307 524 388 556 valct,
403 530 560 558 quanquam
584 522 701 556 simplici
726 525 818 548 utatur
834 521 914 556 stylo,
933 520 1010 554 quis-

218 569 280 604 quis
296 573 357 603 apte
370 573 396 595 ct
407 569 530 602 apposite
545 568 576 595 ad
593 567 810 602 persuadendum
825 566 951 598 disserit;
967 566 1011 592 ille

220 620 309 643 autem
328 616 489 649 persuadere
510 620 608 650 potest,
624 615 670 649 qui
692 614 859 648 argumentis
877 614 963 641 utitur
978 613 1011 640 ad

220 661 432 688 commovendos
447 666 473 688 et
487 661 623 688 sedandos
639 660 752 687 allectus
770 661 887 686 maxime
903 667 1011 686 accom-

221 706 350 733 modalis.

256 751 390 778 Ca-terum
411 752 497 786 stylus
512 751 572 785 ejus
588 754 648 777 erat
662 750 763 785 gravis,
777 750 878 780 clarus.
898 748 1011 781 nitidus,

220 798 357 828 concisus,
376 797 517 823 inutilibus
539 797 619 823 rebus
642 796 754 823 minime
774 795 885 822 omnino
899 794 1012 821 intrica~

1063 208 1072 224 ι
1097 197 1187 225 desint
1213 197 1330 231 lepores.
1355 193 1414 221 Non
1440 201 1503 220 vera
1528 194 1638 227 promit,
1655 195 1681 218 et
1709 191 1737 217 in
1756 190 1857 224 primis

1063 253 1072 270 «
1098 243 1223 278 Epistolze
1247 241 1281 269 ad
1308 241 1436 268 Hebraeos
1459 238 1572 265 Paulum
1596 245 1648 264 non
1671 244 1733 264 esse
1757 240 1857 262 aucto-

1063 300 1073 316 «
1097 298 1218 317 rema...
1230 288 1307 323 Apud
1321 287 1446 315 eumdem
1465 290 1603 312 auctorem
1620 283 1774 319 (Pbotium)
1790 282 1857 309 alibi

1063 336 1202 371 Hippolyti
1225 333 1413 362 commentarii
1437 332 1578 367 cujusdam
1603 331 1629 357 in
1658 330 1801 356 Danielum
1827 329 1857 356 ﬁt

1062 381 1191 409 mentio:
1215 389 1224 406 «
1242 379 1355 406 Etiamsi
1380 385 1434 404 non
1463 373 1589 411 eitplieet,
1615 376 1702 410 inquit
1725 374 1857 405 Photius,

1064 428 1155 455 «illum
1172 426 1331 461 prophetam
1345 425 1378 451 ad
1391 424 1520 455 litteram,
1537 423 1625 457 ipsum
1642 426 1729 448 tamen
1747 421 1857 447 nullum

1065 473 1202 500 «omittere
1216 479 1337 502 sensum,
1357 471 1511 505 priscorum
1536 476 1612 495 more
1626 476 1670 494 res
1693 467 1836 501 explicare
1849 488 1857 498 ,

1065 527 1133 545 «non
1147 525 1209 545 vero
1227 518 1263 544 ita
1279 521 1416 547 accurate,
1432 521 1461 543 ut
1476 515 1574 542 exinde
1591 514 1815 548 suntespositze;
1831 517 1857 539 at

1065 572 1133 591 «non
1148 564 1337 591 ideocensoria
1346 563 1458 597 dignum
1471 569 1532 589 esse
1546 561 1660 595 virgula,
1670 560 1735 595 quia
1746 567 1857 594 :eqnum

1065 618 1133 637 «non
1149 615 1189 637 est
1213 610 1247 636 ab
1271 609 1314 639 iis.
1329 609 1377 643 qui
1399 608 1520 635 scientiae
1546 606 1722 633 fundamenta
1736 606 1857 640 jaciunt,

1066 656 1188 690 «exigere
1216 659 1247 682 ut
1262 655 1329 681 nihil
1350 654 1495 681 omittam:
1512 658 1605 680 contra
1629 660 1694 679 vero
1710 660 1760 679 eos
1779 652 1857 678 laude

1066 702 1177 736 «dignos
1188 709 1261 732 esse,
1277 700 1350 735 quod
1367 700 1447 734 primi
1465 707 1508 726 res
1524 699 1689 733 aperuerint,
1705 704 1731 725 et
1746 698 1857 725 invene-

1070 748 1167 774 «rinl.»
1196 747 1330 774 Caeterum
1359 753 1466 772 errasse
1498 744 1672 780 Hippolytum
1703 752 1766 771 cum
1798 744 1857 771 [his

1065 792 1159 819 mundi
1175 796 1282 826 tempus
1301 791 1414 818 delinire
1428 790 1522 824 voluit,
1539 795 1566 817 et
1580 790 1742 817 Antichristi
1760 789 1857 816 adven-

223 849 276 877 tus,
295 849 377 878 atque
402 851 541 870 sacrarum
568 843 770 877 Scripturarum
798 841 1012 875 interpretationi
1030 837 1049 863 Β
1065 843 1121 865 tum
1139 846 1220 873 quem
1235 837 1315 865 Jesus
1328 838 1413 863 voluit.
1425 837 1563 864 occultum
1574 836 1727 870 discipulis,
1743 836 1786 862 vel
1796 844 1857 862 cum

222 890 340 917 maxime
355 897 518 924 congruens.
536 888 587 915 Sed
605 889 711 923 lepores
728 896 759 915 ac
774 890 944 914 venustatem
962 886 1014 913 ele-

221 935 320 970 gantim
333 935 427 961 Atticae
443 942 495 961 non
512 934 600 961 habet.
615 934 724 968 Regulae
737 940 846 968 quoque
861 933 894 959 ad
912 940 1013 960 sermo-

222 982 265 1008 nis
280 981 440 1015 elegantiam
459 980 641 1006 conducentes
656 980 791 1006 interdum
815 979 849 1005 ab
872 986 905 1005 eo
922 979 1012 1013 negle-

221 1031 271 1054 ctae
284 1025 404 1052 fuerunt.
422 1025 483 1052 [hec
505 1025 538 1052 de
558 1024 658 1057 indole,
676 1025 794 1060 ingenio,
809 1024 961 1052 eruditione
980 1031 1012 1052 ac

222 1072 293 1107 stylo
305 1071 390 1098 sancti
408 1071 541 1105 Hippolyti
554 1070 698 1098 clarissimi
712 1070 762 1097 viri
774 1079 789 1097 e
803 1070 1012 1105 congregatione

223 1115 316 1143 Sancti
334 1115 419 1142 Mauri
435 1115 658 1149 pronuntiarunt.

259 1161 342 1189 Crisis
359 1161 486 1188 Ceilliert'i
500 1161 531 1187 de
544 1161 658 1195 ingenio,
670 1160 816 1187 eruditione
829 1169 860 1187 ac
870 1160 938 1194 stylo
951 1168 1013 1186 san-

221 1209 257 1234 cti
278 1207 424 1242 Hippolyti.
440 1221 474 1226 —-
497 1206 537 1233 Ab
562 1207 658 1233 horum
683 1207 804 1232 virorum
826 1206 928 1240 judicio
957 1213 1012 1232 non

221 1253 324 1280 abludit
339 1253 418 1280 erisis
434 1252 583 1279 doctissimi
600 1252 738 1284 Ceillierii,
755 1259 810 1286 quo
832 1252 925 1286 judice
947 1259 1012 1278 sau-

222 1304 282 1326 ctus
298 1305 388 1325 noster
403 1297 565 1333 Hippolytus
578 1298 672 1325 habuit
685 1298 823 1332 ingenium
840 1298 1011 1332 praclarum,

222 1345 287 1371 mite
302 1349 382 1378 atque
399 1351 414 1371 a
429 1348 519 1379 satyra
535 1344 648 1370 omnino
663 1344 824 1370 abhorrens.
839 1343 1013 1369 Cohzerenter

222 1390 334 1424 cogitat,
355 1389 445 1416 nativo
461 1390 568 1416 dicendi
587 1397 685 1424 genere
707 1389 801 1422 utitur,
823 1389 910 1415 solide
927 1388 1012 1415 ratio-

223 1437 342 1464 cinatur.
365 1436 427 1464 Suis
445 1436 471 1463 in
488 1444 593 1463 sacram
610 1436 780 1471 Seripturam
797 1435 1012 1470 expositionibus

222 1483 283 1517 plus
298 1483 411 1510 inhaeret
422 1483 529 1518 spiritui
545 1491 626 1517 quam
641 1483 746 1509 litterze.
766 1481 863 1508 Verum
879 1482 1012 1516 allegoriae

223 1530 295 1557 illius
311 1535 374 1557 sunt
388 1534 520 1562 venustae,
533 1533 560 1556 et
574 1529 734 1563 plerumque
748 1528 814 1555 satis
828 1528 967 1562 appositas.
979 1527 1012 1555 At

224 1583 286 1602 vero
300 1575 434 1609 expositio
459 1582 556 1601 sensus
581 1574 704 1601 litteratis
729 1582 782 1600 non
809 1576 877 1600 adeo
899 1574 1013 1601 feliciter

223 1622 311 1649 eidem
337 1622 471 1648 interdum
496 1614 637 1648 successit.
657 1621 748 1648 Genus
765 1620 824 1654 ejus
837 1620 945 1647 dicendi
958 1621 1014 1648 cla-

223 1675 295 1699 rum,
320 1674 400 1701 grave
425 1673 456 1692 ac
481 1666 668 1696 succinctum;
695 1665 820 1699 quamvis
843 1669 932 1692 autem
954 1665 1013 1700 ejus

223 1713 341 1739 orationi
355 1720 409 1738 non
426 1711 510 1738 insint
521 1719 617 1738 omnes
629 1711 690 1746 styli
703 1710 876 1738 Atheniensis
889 1716 1014 1738 venusta-

224 1762 282 1789 tes,
298 1762 411 1784 oruatus
433 1761 534 1790 tamen,
549 1757 659 1789 nobilis,
679 1756 778 1784 fluidus
791 1761 817 1784 et
832 1764 958 1784 amcenus
973 1761 1014 1784 est

225 1804 297 1831 illius
313 1803 398 1838 stylus
415 1803 483 1838 (5t).

261 1850 393 1876 Caeterum
418 1853 444 1875 et
464 1848 578 1875 Mani-ini
595 1849 692 1881 nostri,
709 1851 736 1875 et
753 1848 892 1882 Remigius
905 1848 1013 1876 Ceillie—

225 1895 283 1921 rius
299 1894 325 1920 in
340 1894 514 1928 dijudicando
528 1895 647 1928 ingenio,
664 1894 733 1929 stylo
749 1899 776 1921 et
790 1893 942 1920 eruditione
953 1901 1015 1920 san-

225 1941 261 1967 cti
278 1939 413 1975 Hippolyti
439 1940 524 1967 secuti
546 1940 718 1974 potissimum
738 1946 801 1966 sunt
814 1940 901 1966 virum
924 1939 1015 1967 erudi-

226 1985 361 2011 tissimum
377 1984 513 2016 Photium,
529 1986 608 2018 cujus
624 1992 768 2011 censuram
787 1985 918 2019 integram
933 1984 1015 2012 refert

227 2030 359 2064 Dupinius
372 2039 421 2057 sua
439 2031 464 2057 in
480 2030 643 2056 Bibliotheca
653 2030 764 2064 (5‘2),ita
782 2031 914 2065 loquens:
929 2039 938 2055 «
950 2030 1015 2065 Ilip-

225 2076 309 2112 polyti
332 2081 424 2103 contra
452 2077 594 2103 haereticos
615 2076 713 2102 librum
731 2076 832 2111 legerat
850 2075 974 2109 Photius,
988 2081 1015 2103 et.

226 2131 258 2149 en
275 2123 339 2157 quid
360 2123 393 2149 de
409 2130 440 2149 eo
459 2123 576 2148 sentiat:
602 2131 610 2146 «
629 2121 764 2156 Hippolyti
776 2143 783 2154 ,
802 2122 894 2150 tremei
911 2122 1015 2149 audito-

1065 884 1201 910 inStantcr
1227 883 1262 909 ab
1286 890 1320 909 eo
1339 886 1472 916 peterent.
1492 891 1501 907 «
1517 881 1554 914 Id,
1576 882 1674 916 inquit,
1700 882 1754 908 5ου
1778 882 1857 908 annis

1066 929 1298 964 «postChristum,
1311 929 1392 954 lixum
1404 927 1501 959 voluit,
1512 927 1589 962 quasi
1599 927 1717 954 mundus
1726 935 1776 954 sex
1786 927 1857 954 mille

1067 974 1160 1001 tannis
1173 982 1226 1000 non
1239 974 1356 1008 amplius
1370 973 1519 1000 duraturus
1534 977 1606 1000 esset
1623 982 1629 999 :
1647 973 1672 999 id
1688 973 1772 999 nimis
1794 974 1857 1000 sub-

1067 1021 1140 1048 «tie.
1156 1021 1222 1055 Ejus
1240 1020 1375 1048 scribendi
1390 1020 1460 1046 ratio
1479 1020 1622 1054 perspicua
1644 1024 1697 1052 est,
1715 1024 1743 1046 et
1760 1019 1857 1053 nitida,

1066 1073 1107 1094 «et
1119 1067 1151 1094 ad
1164 1066 1390 1094 commentarium
1411 1070 1483 1100 apta,
1498 1066 1560 1092 licet
1577 1073 1591 1092 a
1604 1066 1666 1100 styli
1680 1065 1857 1092 Atheniensis

1065 1113 1187 1153 «legibus
1198 1118 1224 1139 et
1237 1112 1354 1147 puritate
1372 1113 1491 1139 recedat.
1509 1111 1603 1138 Exstat
1615 1112 1698 1138 etiam
1717 1111 1808 1146 ipsius
1825 1111 1857 1137 De

1065 1158 1189 1186 «Christo
1203 1164 1225 1185 et
1233 1158 1397 1184 Antio/triste
1414 1158 1535 1189 homilia,
1545 1158 1571 1184 in
1586 1165 1649 1192 qua,
1665 1158 1716 1185 etsi
1731 1159 1857 1185 eumdem

1065 1204 1217 1232 «scribendi
1232 1204 1342 1230 modum
1358 1203 1518 1235 servaverit,
1534 1203 1684 1238 simplicior
1694 1208 1786 1230 tamen
1806 1209 1857 1235 est.

1065 1253 1106 1276 «et
1121 1249 1206 1284 magis
1220 1249 1322 1276 redolet
1337 1249 1555 1283 antiquitatenm
1573 1248 1620 1275 His
1635 1248 1723 1275 Photii
1734 1250 1804 1276 locis
1820 1250 1857 1275 in-

1062 1296 1181 1322 notescit
1196 1302 1249 1321 nou
1272 1295 1361 1322 solum
1382 1294 1519 1329 Hippolyti
1535 1302 1658 1329 operum,
1670 1302 1730 1330 quae
1746 1295 1857 1329 legerat,

1063 1345 1262 1375 argumentum,
1286 1341 1332 1368 sed
1352 1347 1378 1368 et
1395 1341 1468 1368 illius
1483 1341 1603 1368 auctoris
1617 1344 1673 1367 tum
1689 1341 1787 1376 stylus,
1804 1346 1857 1367 tum

1062 1388 1212 1415 character.
1229 1398 1238 1414 ι
1258 1387 1394 1415 Hactenus
1411 1388 1554 1422 perdoctus
1569 1387 1650 1415 Ellics
1664 1388 1812 1423 Dupinius.

1336 1444 1536 1471 ABTIUULUS
1557 1443 1590 1471 ll.

1105 1499 1268 1520 NCULIAHES
1285 1499 1423 1518 OPINIONES
1438 1499 1469 1518 AC
1482 1497 1603 1519 ERRORES
1620 1499 1642 1517 S.
1662 1497 1816 1517 HIPPOLV'".

1100 1537 1171 1563 Num
1187 1536 1216 1564 S.
1237 1536 1395 1571 Hippolytus
1410 1536 1457 1562 sub
1467 1536 1630 1562 Atttic/trt‘sto
1646 1535 1783 1561 diabolum
1802 1543 1857 1569 per-

1062 1589 1194 1614 sonatum,
1210 1588 1233 1609 et
1257 1587 1400 1616 serpentem
1416 1581 1596 1607 intellexerit?
1609 1596 1643 1600 —
1660 1581 1738 1613 Quod
1755 1586 1857 1615 spectat

1063 1629 1096 1656 ad
1109 1629 1250 1663 opiniones
1263 1628 1413 1663 peculiares
1429 1635 1590 1661 erroresque
1604 1627 1690 1654 sancti
1708 1626 1791 1661 hujus
1805 1627 1857 1660 epi-

1064 1674 1149 1708 scopi,
1179 1679 1277 1708 przeter
1300 1675 1357 1708 jam
1378 1673 1450 1700 dicta
1475 1673 1600 1707 superius
1625 1672 1697 1699 circa
1721 1673 1857 1699 Antichri-

1064 1725 1135 1748 slum
1151 1720 1218 1755 (55),
1234 1720 1435 1747 observandum
1448 1720 1549 1754 pariter
1564 1719 1608 1746 hic
1623 1719 1706 1751 venit,
1720 1719 1794 1753 quod
1815 1726 1857 1745 \e-

1063 1770 1153 1792 tustus
1173 1765 1217 1792 hic
1235 1765 1313 1792 Pater
1333 1766 1358 1792 in
1381 1766 1449 1792 libro
1465 1765 1500 1792 De
1517 1764 1623 1792 Christo
1640 1770 1664 1791 et
1680 1765 1852 1795 Amic/triste,

1064 1820 1091 1839 n.
1109 1812 1151 1844 H,
1167 1817 1354 1838 commentans
1370 1811 1395 1838 in
1413 1811 1478 1838 illud
1498 1811 1596 1838 Geues.
1613 1819 1685 1842 ηις,
1703 1811 1734 1837 Π
1749 1820 1755 1837 :
1796 1810 1854 1836 Fiat

1064 1856 1123 1883 Dan
1158 1864 1275 1890 serpens,
1295 1856 1385 1882 sedens
1414 1856 1440 1882 in
1470 1860 1552 1888 terra,
1569 1857 1688 1882 mordens
1701 1856 1851 1882 culcaneum

1064 1903 1142 1938 equi;
1171 1910 1218 1937 per
1251 1903 1490 1935 interrogationem
1522 1903 1623 1929 scribat
1647 1910 1653 1928 :
1698 1912 1706 1927 «
1724 1901 1853 1934 Quisnam

1064 1948 1145 1982 igitur
1161 1956 1282 1982 serpens,
1301 1948 1353 1975 nisi
1368 1948 1564 1979 Antichristns,
1586 1947 1715 1975 seductor
1739 1948 1794 1979 ille,
1813 1947 1854 1982 qui

1066 1994 1155 2021 «lit-tus
1180 1994 1206 2020 in
1233 1993 1363 2020 Genesi“
1378 1999 1430 2026 est,
1445 1994 1490 2028 qui
1511 1994 1616 2021 seduxit
1633 1993 1728 2026 Evam,
1748 2000 1775 2021 et
1789 1994 1855 2020 Ada-

1065 2048 1138 2066 mnm
1156 2039 1340 2074 supplantavit
1355 2039 1429 2075 (54)?
1440 2050 1449 2065 r
1466 2039 1493 2066 Si
1508 2048 1570 2066 eum
1586 2040 1673 2074 ipsum
1693 2045 1853 2074 serpentem,

1065 2087 1110 2121 qui
1126 2087 1228 2121 primos
1241 2090 1367 2120 parentes
1379 2086 1485 2113 seduxit
1496 2090 1522 2112 et
1538 2086 1723 2120 supplantavit
1737 2086 1765 2111 in
1782 2093 1855 2120 para-

1065 2133 1136 2165 diso,
1153 2133 1217 2159 velit
1234 2132 1393 2168 Hippolytus
1405 2141 1466 2159 esse
1482 2132 1692 2163 Antichristum,
1710 2136 1737 2158 et
1753 2132 1780 2158 in
1799 2139 1855 2166 per-

229 2178 238 2194 «
263 2169 309 2200 tis,
325 2173 417 2195 contra
439 2167 474 2194 52
495 2168 606 2194 lttvrcses
622 2168 673 2202 legi
688 2168 826 2199 libellum;
843 2176 858 2194 a
873 2167 999 2195 Dositliea

1089 2185 1151 2210 )ua;
1168 2177 1245 2210 quasi
1264 2177 1297 2210 is,
1313 2177 1359 2211 qui
1385 2177 1429 2203 illa
1453 2177 1542 2211 specie
1567 2177 1693 2210 apparuit
1707 2181 1734 2203 et
1752 2177 1854 2203 loeutus

228 2223 237 2239 «
261 2214 303 2241 nis
323 2214 438 2244 orditur,
459 2217 485 2239 et
512 2213 544 2239 ad
564 2212 680 2239 Nectum
702 2220 790 2247 usque
812 2217 839 2240 et
865 2212 1013 2240 Noctianos

228 2269 238 2285 «
262 2260 358 2294 pergit.
377 2259 431 2286 Eas
459 2266 555 2286 omnes
575 2259 658 2285 tradit
684 2259 717 2286 ab
735 2258 834 2286 lremuo
859 2259 1013 2287 confutatas

230 2315 238 2330 «
263 2306 347 2333 fuisse
371 2306 496 2337 haereses,
513 2310 540 2332 et
567 2313 596 2333 se
621 2305 647 2332 in
673 2313 705 2332 eo
724 2306 813 2332 libello
838 2306 905 2332 nihil
926 2307 1011 2338 aliud,

230 2361 239 2376 «
263 2359 343 2385 quam
363 2351 435 2378 illitis
450 2351 538 2378 Patris
560 2351 702 2379 ratiocinia
717 2356 744 2378 et
759 2357 917 2385 argumenta
931 2353 1013 2379 colle-

229 2406 238 2422 ι
262 2398 344 2431 gisse.
360 2396 506 2431 Perspicua
521 2401 572 2430 est,
597 2402 622 2424 et
640 2397 728 2432 gravis
742 2397 802 2432 ejus
814 2398 911 2430 oratio,
928 2402 955 2425 et
970 2399 1012 2425 ni-

262 2443 284 2458 “
300 2442 369 2469 Gen.
383 2450 425 2474 in,
442 2443 468 2470 1.

263 2488 357 2526 (5οη
374 2488 534 2526 Hippolytus
560 2489 602 2516 vir
626 2489 835 2526 disertissimus.
851 2500 861 2517 ι
882 2491 1013 2526 ,Hieron.,

226 2524 304 2556 epist.
327 2523 413 2560 287ad
428 2523 594 2560 Alallclllllllll.
617 2526 672 2560 «VS.
698 2525 832 2560 Hippolyti
861 2523 1014 2553 erliditioue

227 2559 383 2596 clarissimi.
398 2568 416 2596 »ἓ
427 2558 599 2596 Illartyt'olog.
617 2557 933 2596 Romam,'22'Angnsli.

341 2593 552 2655 ἓοῖἮίθΟρίιιιεκ,
568 2594 639 2621 llist.
665 2597 723 2630 gén.
747 2598 791 2623 des
807 2593 924 2629 anteurs,
945 2601 966 2623 t.
982 2595 1014 2630 ll,

250 2649 256 2655 .
275 2629 323 2655 571
341 2633 368 2656 et
380 2629 442 2656 572.

228 2636 256 2663 p.
275 2636 323 2655 «λιιι
341 2636 368 2656 et
380 2636 442 2656 om.

229 2698 239 2703 _
265 2663 320 2703 (52)
333 2663 452 2703 _l)l_lpin.,
466 2664 608 2703 ΔΙξῷέὶθιήη
628 2669 647 2692 t.
666 2667 687 2698 Ι,
714 2674 740 2701 p.
761 2667 811 2694 178
833 2671 860 2694 et
884 2667 935 2694 179
950 2666 1014 2694 edit.

229 2698 316 2726 Latin.
330 2699 539 2730 α‹)ιυηί;η,ιῖ05.

264 2734 320 2768 (53)
342 2733 408 2774 Vide
423 2735 503 2769 hujus
518 2740 584 2763 sect.
601 2744 660 2774 cap.
680 2736 703 2774 l_,
718 2743 769 2774 art.
788 2737 837 2774 1,0,7
849 2737 894 2764 ubi
913 2737 946 2764 de
962 2737 1017 2764 ori--

230 2770 301 2804 ginc,
319 2770 428 2797 nomine
453 2778 484 2798 ac
505 2776 625 2806 tempore
636 2770 798 2799 'Antichristi
814 2773 1014 2804 disseruimus;

230 2805 274 2832 tuc
297 2805 428 2832 duntaxat
454 2806 544 2834 adhuc
567 2806 821 2842 animadvertimus,
844 2808 916 2843 quod
943 2809 1014 2836 nullo

595 2815 821 2842 :nnauverntnus,
844 2815 916 2842 qUUH
943 2815 1017 2836 nullo

1063 2228 1114 2254 est,
1130 2223 1186 2257 ipse
1213 2227 1286 2249 tanta
1307 2223 1362 2253 illa,
1385 2230 1446 2255 qua:
1471 2222 1504 2249 de.
1526 2222 1695 2249 Antichristo
1723 2222 1853 2253 feruntur,

1064 2269 1099 2296 sit
1124 2273 1296 2303 operaturns,
1311 2269 1357 2303 qui
1385 2276 1448 2295 vere
1468 2268 1526 2302 ipse
1552 2268 1688 2299 diabolus,
1708 2273 1767 2300 aut,
1780 2272 1854 2302 prout

1064 2314 1222 2350 Hippolytus
1232 2320 1319 2346 vocat,
1330 2314 1428 2341 diaboli
1443 2314 1513 2341 lilius
1531 2314 1576 2345 sit,
1591 2322 1643 2340 non
1659 2314 1752 2341 solum
1768 2315 1853 2340 imita-

1065 2360 1146 2392 tione,
1164 2360 1210 2386 sed
1228 2360 1308 2386 etiam
1324 2365 1440 2393 natura;
1456 2368 1526 2389 unus
1544 2360 1647 2386 scilicet
1667 2360 1731 2394 quis
1748 2361 1854 2394 nequis.

1065 2405 1196 2432 simorum
1213 2405 1433 2438 dthOHHIH,GlSl
1444 2412 1497 2431 non
1506 2404 1574 2432 forte
1586 2404 1630 2431 ille
1642 2406 1769 2432 omnium
1781 2405 1853 2441 prin-

1066 2494 1146 2521 modo
1168 2495 1318 2523 audiendus
1335 2496 1370 2522 sit
1384 2500 1496 2523 sanctus
1520 2495 1690 2530 Hippolytus,
1708 2496 1756 2530 qui
1781 2504 1849 2523 com-

1067 2531 1232 2563 plementum
1259 2532 1428 2565 septuaginta
1455 2531 1654 2557 bebdomadum
1681 2530 1801 2558 Danielis
1819 2531 1849 2557 ad

1066 2565 1212 2591 Secundum
1238 2565 1339 2592 Christi
1362 2566 1517 2598 anlvvntum,
1543 2572 1570 2592 et
1596 2566 1630 2592 ad
1655 2566 1849 2593 Antichristum

1066 2599 1164 2631 trahit;
1193 2608 1253 2626 eum
1282 2601 1376 2635 reliqui
1399 2601 1524 2628 Ecclesia:
1550 2600 1642 2627 l'atres
1658 2608 1690 2628 ac
1707 2601 1850 2636 Scriptum:

1067 2636 1226 2668 interpretes
1249 2636 1344 2663 melius
1371 2637 1404 2662 ad
1429 2637 1530 2663 Christi
1558 2637 1677 2670 primum
1707 2639 1849 2664 adventum

1067 2675 1188 2704 spectare
1201 2671 1293 2702 velint,
1310 2672 1423 2705 ejusque
1437 2672 1532 2698 mortis
1548 2679 1667 2705 puniant.
1683 2678 1711 2699 et
1725 2672 1849 2699 [luerosu-

1066 2705 1200 2739 lymorum
1215 2706 1360 2742 excidium,
1372 2706 1554 2733 llomanornm
1567 2707 1635 2733 duce
1647 2705 1711 2733 Tito
1724 2717 1731 2735 :
1746 2706 1848 2742 quando

1066 2745 1162 2777 exusto
1180 2741 1289 2774 templo,
1303 2741 1342 2768 sic
1358 2742 1466 2777 victima
1484 2742 1600 2768 cessavit
1615 2746 1643 2768 et
1657 2741 1766 2777 ltbatio,
1776 2743 1849 2770 delo-

1067 2775 1122 2802 Iato
1142 2776 1201 2802 loco
1217 2783 1271 2804 quo
1284 2777 1371 2803 solum
1385 2776 1473 2803 facere
1486 2777 1592 2804 licebat.

1102 2810 1160 2846 (54)
1181 2809 1369 2848 S..Hippolyt.,
1386 2811 1422 2839 De
1434 2811 1566 2846 Antium,
1584 2820 1611 2840 ιι.
1628 2812 1671 2840 Η.
