1857 3051
22 139 76 166 385

539 137 584 166 DE
605 136 685 164 \‘lTA
701 135 746 163 ET
769 132 925 163 SClllPTlS
940 131 968 159 S.
990 129 1183 159 lllPl‘OLYTl.

1623 130 1677 157 383

22 207 99 233 ceps,
114 204 146 226 et
171 201 240 226 κατ’
254 199 353 234 ἐξοχὴν
373 198 497 225 diabolus
511 206 518 224 :
531 197 598 224 nihil
619 195 832 224 ecclesiasticum
848 195 871 224 Α
886 199 959 223 nam,
975 195 1004 217 nt
1017 190 1123 225 egregie
1139 187 1281 223 subiungit
1298 187 1422 215 eruditus
1435 187 1479 215 ille
1493 187 1674 227 criticus,gui

22 251 74 277 est,
96 246 148 272 sed
171 253 294 280 prorsus
311 246 458 272 abhorrens
474 252 489 271 a
503 244 566 275 ﬁde,
585 243 642 270 sive
666 242 833 276 intelligatur

22 290 82 318 fore
97 292 277 318 Antichristi
292 292 392 319 anima.
412 290 468 317 sire
482 290 549 316 alias
567 289 604 316 illi
622 296 747 323 persona.
770 287 835 313 Aui-

23 345 83 364 nios
97 338 258 364 hominum
271 337 343 364 aliud
357 344 442 371 genus
457 335 602 370 spirituum
619 334 743 369 agnoscit
755 333 831 366 lidcs,

23 390 37 410 a
63 383 259 416 substantiis,
274 390 343 417 quas
369 381 439 408 Deus
461 385 537 408 extra
559 388 672 414 corpora
695 379 832 411 condeit;

23 437 74 456 nec
88 436 178 456 sacra
196 429 325 455 doctrina
339 428 465 460 admittit,
476 422 552 454 extra
565 426 671 453 divinas
683 425 831 457 Personas,

22 483 146 510 quarum
167 476 215 502 vis
233 475 350 506 inlinita,
367 482 448 509 posse
463 482 546 500 ttnutn
563 473 638 500 alteri
653 481 668 499 a
684 480 713 499 se
725 473 833 499 diverso

21 529 180 556 personam
210 528 285 551 esse,
311 528 357 548 seu
387 521 423 546 illi
455 519 624 555 hypostaticc
649 518 729 545 uniri.
754 517 832 551 Quod

21 575 86 594 vero
115 568 317 595 Antichristus
340 567 376 594 ita
400 567 531 594 daemonis
556 566 651 600 spiritu
675 565 789 596 allletnr,
805 569 834 591 ut

21 615 81 640 suis
106 615 256 641 omnibus
271 614 345 640 illum
369 613 479 645 referat,
495 617 521 640 et
535 613 612 647 quasi
630 613 699 640 alter
715 613 759 639 ille
774 619 832 639 ser-

23 667 91 692 prns
109 659 258 693 antiquus
280 659 413 691 rideatur,
429 659 486 692 ipse
510 658 637 685 seductor
661 658 746 690 orbis,
761 657 833 684 velut

27 706 70 731 ille
84 705 143 731 fuit
161 705 321 739 primorum
340 709 491 738 parentum,
508 711 522 730 a
543 703 619 730 Pauli
634 703 722 730 verbis
737 711 834 729 sensu<

22 759 75 785 que
93 758 153 777 non
175 750 286 777 abludit
305 758 311 776 :
326 754 452 784 recteque
466 750 551 776 sensit
567 748 739 784 Hippolytus,
759 748 781 774 si
796 748 832 774 ita

21 797 124 826 \‘uluit,
140 797 200 823 etsi
220 796 373 830 simplicius
389 795 495 822 locutus
513 799 554 821 est
571 804 577 822 ε
596 802 645 821 nec
662 794 833 828 improbabili

22 842 208 875 conjectura.
228 841 363 875 serpentis
391 841 430 867 sic
452 840 605 867 insidiantis
629 845 692 875 typo
707 839 832 874 designa-

23 893 80 914 tum
100 896 117 914 a
134 887 249 914 Iacobo
271 887 466 913 Antichristum
483 887 613 914 ostendit.
634 886 718 913 Verba
733 886 834 913 Graecis

22 938 98 963 sunt,
128 934 200 967 δφις
226 933 270 967 ἐφ’
285 933 356 963 ὀδοῦ,
372 933 556 968 ἐγκαθήμενος
580 932 626 959 ἐπὶ
651 932 754 967 τρίϐου.
780 931 834 958 Nec

23 979 93 1006 forte
119 979 209 1005 aliter
231 979 373 1013 scripserit
396 978 567 1014 Hippolytus.
583 978 684 1004 Aut-tor
700 977 833 1004 subdititii

23 1024 117 1058 openis
135 1024 180 1050 De
198 1024 365 1051 Antichristo
385 1029 408 1050 et
433 1024 524 1050 mundi
544 1024 768 1050 consummatione
785 1031 832 1051 ex-

23 1071 88 1104 poni
104 1079 166 1097 non
189 1075 292 1104 potest.
309 1071 374 1104 quin
395 1078 487 1096 verum
501 1073 597 1096 natura
612 1070 761 1096 datmonem
777 1069 834 1096 An-

25 1116 193 1143 tichristum
213 1117 360 1149 putaverit,
376 1117 421 1151 qui
438 1117 490 1143 sibi
507 1124 599 1143 verum
615 1116 788 1151 Hippolytum
806 1117 833 1143 in

23 1168 86 1187 eum
104 1169 229 1188 sensum
247 1161 359 1188 traxerit
376 1172 381 1188 :
397 1163 467 1196 quod
483 1169 547 1189 vero
565 1161 707 1196 Hippolle
725 1170 778 1189 non
792 1161 833 1189 of-

26 1206 114 1238 ﬁciat,
132 1206 206 1240 quin
230 1206 374 1240 posteriori
390 1214 453 1233 vero
471 1214 550 1233 sensu
565 1206 662 1240 exponi
677 1211 767 1241 qut-at.

61 1251 101 1277 De
118 1257 201 1278 statu
214 1251 368 1277 animarum
381 1256 438 1286 post
450 1255 604 1285 prmentem
622 1251 712 1278 vitam.
725 1267 761 1271 —
776 1251 831 1279 0b-

24 1297 203 1324 setvandum
218 1297 350 1330 secundo,
361 1297 439 1331 juxta
454 1302 577 1324 sanctum
593 1297 831 1333 llippolytum(55)

25 1344 249 1370 subterraneum
265 1343 410 1377 quemdam
427 1343 516 1370 locutn
532 1343 635 1375 haberi,
651 1343 677 1370 in
690 1351 770 1379 quem
788 1352 832 1371 sc—

26 1389 131 1416 cedunt
148 1397 253 1416 omnes
269 1390 393 1416 homines
405 1394 466 1424 post
478 1394 637 1424 prtesentenl
655 1390 725 1418 hanc
737 1392 830 1424 vitam;

25 1434 102 1462 hunc
122 1434 220 1462 locum
244 1442 364 1462 ceterum
380 1443 440 1462 csse
461 1436 574 1468 mundo,
590 1440 699 1471 tresque
711 1437 831 1464 diversas

25 1481 110 1508 sedes
124 1481 373 1515 comprehendere.
390 1480 491 1514 Prima,
506 1490 587 1516 quam
600 1482 644 1509 ille
656 1488 733 1509 vocat
744 1483 831 1510 Abra-

25 1528 68 1555 hae
87 1528 201 1559 sinum,
215 1529 298 1562 justis
311 1532 352 1555 est
367 1529 524 1563 assignata;
540 1529 658 1556 secunda
673 1535 829 1564 peccatores
844 1537 864 1565 ί]

25 1574 144 1604 retinet,
154 1573 205 1608 qtri
221 1574 319 1600 ibidem
335 1574 474 1608 patiuntur
489 1575 649 1609 temporales
663 1583 757 1610 poenas
771 1585 831 1603 ma-

26 1618 60 1646 lis
85 1626 190 1646 eorum
217 1618 346 1652 operibus
361 1619 483 1652 debitas;
499 1621 607 1647 tertiam
630 1620 830 1657 eﬂ‘ormatqui-

26 1667 93 1692 dam
123 1665 200 1700 ignis
215 1664 309 1692 :eterni
327 1665 410 1697 lacus,
425 1673 507 1700 quem
533 1666 626 1694 nullus
643 1667 732 1695 adhuc
754 1668 830 1702 juxta

29 1712 58 1739 S.
77 1711 276 1746 Hippolytum,
293 1712 431 1745 ingressus
451 1717 508 1746 est;
534 1711 586 1740 hoc
608 1713 707 1748 quippe
729 1714 831 1748 suppli-

27 1759 121 1790 cium,
139 1763 169 1785 ut
195 1759 241 1785 ille
254 1758 302 1791 ait,
317 1759 350 1788 ad
366 1759 480 1786 extremi
495 1759 590 1793 jndicii
608 1764 729 1794 tempora
744 1767 832 1787 reser-

28 1810 128 1831 vatum
147 1809 202 1830 est.
219 1804 296 1830 'l'unc
316 1804 419 1838 injusti,
438 1804 526 1839 inquit
543 1804 597 1836 ille,
613 1809 715 1832 auerno
730 1805 832 1840 suppli-

29 1851 74 1877 cio
90 1850 345 1885 adjudicabuntur;
360 1850 426 1884 justi
444 1858 508 1877 vero
525 1850 678 1885 regnabunt
695 1851 721 1878 in
737 1859 831 1886 perpe-

31 1902 130 1929 tuum;
146 1905 227 1931 aeque
241 1897 313 1923 enim
327 1897 455 1924 docethic
469 1901 566 1924 auctor
574 1901 703 1924 aeternam
716 1897 831 1932 gloriam

29 1943 119 1977 justis
134 1947 303 1969 reservatam
314 1950 374 1970 esse
386 1947 448 1978 post
460 1943 639 1970 universalem
653 1944 832 1970 resurrectio-

32 1997 111 2022 nem,
125 1989 179 2016 ctsi
206 1994 268 2024 post
292 1994 407 2017 mortem
431 1991 549 2017 maxima
571 1990 746 2025 perfruantur
760 1996 833 2019 tran-

32 2038 178 2072 quillitate
193 2037 220 2064 in
237 2037 466 2071 contemplatione
481 2038 629 2064 visibilium
648 2038 794 2070 bonorum,
806 2043 833 2066 et

34 2083 62 2109 in
77 2091 129 2118 spe
147 2082 304 2117 perfruendi
327 2083 434 2109 tandem
451 2082 597 2117 aliquando
614 2083 773 2110 ccelestibus
784 2083 832 2110 bo-

34 2130 91 2156 nis.
110 2128 249 2163 Opinatur
270 2129 380 2163 insuper
394 2129 472 2156 divus
488 2128 660 2163 Hippolytus,
677 2129 703 2156 in
723 2129 831 2157 subter-

36 2184 124 2202 raneo
138 2176 186 2202 illo
202 2176 262 2202 loco
274 2175 385 2210 angelos
402 2175 496 2202 adesse
507 2176 553 2210 qui
565 2176 677 2210 praesint
688 2176 831 2203 animabus

36 2222 140 2248 ibidem
157 2221 286 2254 detentis,
297 2229 416 2255 quorum
433 2221 516 2256 aliqui
530 2221 645 2248 debeant
656 2221 745 2256 justos
758 2228 790 2248 eo
802 2221 830 2248 in

38 2268 102 2295 loco
116 2267 246 2294 comitari
259 2276 266 2300 ;
290 2267 336 2294 alii
353 2275 417 2294 vero
430 2267 592 2301 promeritas
613 2274 709 2301 pinnas
723 2267 832 2302 injustis

40 2313 174 2348 inﬂigere.
191 2312 340 2347 Opiniones
351 2313 409 2340 istae
421 2312 582 2340 audaciores
598 2317 671 2346 sunt,
684 2320 766 2347 quam
783 2320 832 2347 par

40 2365 98 2392 est;
113 2361 171 2386 imo
182 2367 277 2386 carum
291 2360 388 2394 aliqua:
398 2359 499 2386 erroris
512 2363 602 2386 notam
617 2366 671 2385 non
683 2358 830 2394 elfugiunt:

41 2411 83 2432 ast
97 2413 283 2440 agnoscamus
302 2414 364 2433 cum
379 2405 477 2433 Photio
496 2405 552 2440 (56)
567 2412 674 2432 errores
685 2405 762 2437 istos,
779 2404 832 2431 sic-

43 2453 80 2478 uti
106 2456 134 2478 et
162 2452 241 2483 alias,
261 2451 307 2486 qui
325 2452 351 2478 in
366 2451 487 2486 ejusdem
504 2450 623 2477 attcton's
638 2450 766 2484 operibus
785 2450 832 2476 de-

43 2497 174 2531 prehendi
199 2501 325 2531 possunt,
342 2497 492 2531 primorum
520 2496 646 2523 Ecclesia:
669 2496 830 2522 saeculorum

44 2543 162 2570 indolem
192 2551 304 2577 sapere;
322 2543 434 2578 ideoque
459 2550 536 2577 :equo
556 2542 617 2576 jure
644 2541 695 2568 hac
721 2549 775 2568 una
798 2542 832 2568 de

45 2597 126 2616 causa
153 2597 282 2624 maguum
307 2589 380 2616 hunc
405 2589 493 2616 virutn
513 2587 637 2615 damnari
653 2594 706 2613 non
724 2593 804 2621 posse
823 2595 829 2612 :

80 2671 138 2705 (55)
161 2669 189 2696 S.
206 2669 344 2704 Hippolyt.
362 2669 389 2695 in
403 2672 518 2705 tractatu
535 2668 593 2705 artu.
612 2665 715 2705 Greco:
726 2669 751 2705 et
767 2664 832 2705 Plu:

47 2700 142 2737 toriem',
169 2700 248 2739 apud.
261 2700 383 2735 Fabric,
400 2703 468 2739 Opp:
484 2708 551 2739 tom.
563 2701 583 2732 1,
599 2701 699 2739 p._2f2_0,
718 2704 744 2727 et
754 2700 831 2739 apud

47 2735 193 2772 Gallatid.,'
207 2745 226 2767 t.
242 2739 263 2766 ll
282 2739 410 2765 Biblioth.
424 2735 496 2769 'PP.,
512 2735 611 2765 colunt.
626 2736 689 2767 451,
703 2744 730 2762 n.
750 2735 776 2762 1.

81 2777 136 2810 (Siti)
158 2775 273 2802 Pliotius
287 2776 315 2801 in
331 2774 468 2811 Bibliothu
486 2774 546 2800 cod.
562 2780 629 2811 (29"..
667 2808 672 2811 _
694 2780 699 2784 ε
754 2809 758 2811 Δ
813 2805 819 2811 .

83 2807 140 2845 (57)
151 2821 173 2845 γε
197 2811 266 2838 Audi
277 2810 351 2844 quod
362 2809 471 2845 gravius
489 2814 515 2835 et
530 2807 709 2842 periculosius
720 2809 777 2845 est;
795 2807 833 2832 ait

48 2842 118 2874 enim
132 2842 218 2873 Vates
242 2842 334 2880 regius
352 2842 375 2871 τῇ
389 2844 473 2871 Darsa
500 2851 590 2871 eorum
611 2850 710 2878 semper
724 2842 831 2869 incurva

885 237 1087 271 Scripturarutn
1113 235 1241 270 mysteria
1268 238 1296 260 et
1317 234 1476 262 abscondita
1493 233 1628 268 explicare
1643 241 1677 261 ac

884 283 1008 309 erolrerc
1033 280 1153 316 aggressi
1180 284 1244 307 sunt
1269 279 1391 306 omnium
1417 280 1507 314 primi,
1525 279 1676 314 vituperari

885 337 938 355 non
955 328 1063 359 debent,
1082 327 1103 354 si
1125 335 1178 353 non
1198 325 1291 352 omnia
1309 330 1496 360 penetrarunt,
1514 326 1568 352 imo
1581 334 1595 353 e
1609 334 1676 353 con-

884 382 962 400 verso
985 372 1170 400 commendari
1193 372 1272 399 debet
1287 379 1380 398 eorum
1398 372 1482 403 zelus,
1498 372 1676 406 quantumvis

884 427 979 454 parum
998 418 1163 453 profecerim
1181 418 1207 444 in
1223 417 1393 451 expositione
1405 425 1500 444 eorum
1515 425 1575 452 quin
1592 425 1676 452 expo-

885 465 972 491 nenda
991 467 1180 497 susceperunt.

919 509 1003 535 Error
1020 508 1048 535 S.
1067 508 1203 543 Hippolyti
1220 508 1291 534 circa
1308 508 1472 542 septuaginta
1500 508 1673 535 hebdomade:

884 554 1002 581 Dmtielis
1019 555 1133 589 primunt
1150 554 1177 580 in
1193 553 1305 580 adventu
1324 553 1481 580 Antichristi
1497 555 1675 589 tomplettdac.

884 615 918 620 -—
936 600 1146 634 lnnuintusjam
1165 600 1291 634 superius
1318 604 1453 626 vetustum
1476 600 1548 627 hunc
1567 599 1675 628 Patrem

883 651 1039 673 assecutum
1069 653 1122 672 11011
1149 653 1210 672 €580
1242 653 1334 671 verum
1368 652 1479 672 sensum
1505 646 1675 680 septuaginta

884 693 1129 725 hebdomadarum,
1157 691 1191 718 de
1216 692 1315 726 quibus
1340 696 1381 719 est
1395 699 1485 718 sermo
1503 692 1529 718 in
1544 693 1675 727 propheta

884 738 1003 770 Daniele,
1032 738 1243 772 carumdcmqne
1271 737 1502 764 hebdomadarum
1528 739 1674 766 terntinum

884 784 998 810 nitniutn
1018 784 1195 818 protendere;
1218 783 1264 817 qui
1279 791 1344 810 sane
1359 791 1436 810 error
1452 785 1617 812 excusabilis
1632 789 1674 812 est

884 830 966 856 etiatn
981 830 1015 857 0b
1031 830 1140 856 allatam
1155 829 1234 855 modo
1247 829 1392 856 rationem.
1424 829 1522 857 Verum
1537 838 1613 865 :equa
1631 830 1674 858 fa—

885 875 987 902 cilitate
1005 875 1128 901 excusari
1155 883 1208 901 non
1233 879 1321 909 potest
1344 875 1412 902 alter
1440 875 1560 909 ejusdem
1585 884 1672 908 error,

888 921 998 955 quando
1016 921 1119 947 scilicet
1134 921 1230 948 asserit
1246 925 1352 956 tempus
1368 921 1538 956 Babyloniae
1561 923 1674 957 captivi-

887 966 949 992 tatis
959 965 1042 993 fuisse
1056 974 1189 992 annorum
1204 966 1465 1001 quadringentorum
1481 967 1588 1001 triginta
1605 968 1673 1003 (57),

884 1019 945 1038 cum
963 1017 1051 1038 tamen
1067 1011 1208 1046 Scriptura
1232 1012 1402 1046 septuaginta
1421 1016 1526 1038 tantum
1539 1020 1673 1040 annorum

884 1057 968 1084 fuisse
994 1057 1083 1089 dicat;
1111 1057 1191 1084 siculi
1209 1056 1298 1084 videre
1314 1061 1355 1083 est
1368 1057 1395 1083 in
1412 1057 1673 1092 prophetaJeremia

883 1111 943 1138 cap.
962 1103 1024 1135 xxv,
1043 1111 1068 1130 v.
1088 1103 1104 1130 9
1119 1108 1145 1130 et
1159 1103 1199 1129 ll.

1145 1148 1344 1176 ARTlCULUS
1363 1149 1408 1175 111.

962 1203 1110 1222 EDITIONUI
1130 1203 1154 1222 ε.
1174 1202 1313 1222 llll‘POLl'Tl
1334 1203 1439 1222 OPERUM
1458 1203 1595 1223 RECENSIO.

917 1241 987 1268 Ante
1015 1241 1122 1268 initium
1151 1241 1293 1276 praesentis
1322 1242 1412 1268 saeculi
1436 1242 1528 1268 nullus
1553 1242 1671 1269 virorum

883 1287 1050 1314 eruditorum
1077 1287 1103 1314 id
1131 1287 1231 1314 laboris
1257 1295 1288 1314 ac
1303 1287 1396 1319 studii,
1420 1288 1491 1322 quod
1520 1291 1609 1314 tamen
1635 1292 1674 1315 tot

883 1332 944 1359 aliis
970 1333 1048 1367 longe
1066 1332 1226 1359 inferiorum
1243 1337 1269 1359 et
1287 1336 1439 1367 temporum
1462 1338 1489 1360 et
1515 1342 1530 1359 ιι
1542 1334 1671 1360 critorum

883 1378 1061 1413 scriptoribus
1078 1379 1229 1413 impensum
1247 1383 1289 1406 est
1302 1379 1385 1405 multa
1403 1387 1464 1406 cum
1483 1379 1573 1413 laude,
1598 1380 1624 1406 in
1643 1388 1673 1407 se

882 1423 1012 1458 suscepit,
1042 1427 1071 1450 ut
1087 1422 1115 1450 S.
1133 1422 1226 1450 lrcntei
1243 1423 1379 1458 discipuli,
1393 1428 1419 1450 et
1437 1429 1516 1451 tanta:
1531 1425 1674 1452 vetustatis

882 1474 1017 1504 tantaque
1030 1470 1202 1496 auctoritatis
1213 1470 1344 1502 doctoris,
1357 1471 1441 1497 sancti
1458 1469 1561 1498 scilicet
1572 1470 1673 1506 Hippo-

882 1516 927 1552 lyti
952 1516 1110 1543 Porluensis
1135 1517 1253 1551 episcopi
1278 1525 1309 1543 ac
1334 1518 1461 1552 martyris
1481 1525 1573 1552 opera,
1598 1525 1672 1552 qum-

883 1570 990 1596 cunque
1006 1562 1116 1597 reperiri
1132 1568 1254 1597 possent,
1271 1563 1418 1597 colligeret,
1441 1563 1608 1598 collettaque
1622 1571 1673 1598 pu-

883 1607 1004 1634 blicarct.

917 1652 1036 1685 Primus,
1061 1653 1107 1688 qui
1123 1662 1183 1680 eam
1200 1654 1226 1681 in
1242 1654 1435 1689 cogitationem
1454 1654 1604 1687 descendit,
1622 1663 1672 1682 ne-

883 1699 1052 1734 glectamque
1078 1700 1220 1735 hucusque
1242 1705 1362 1735 spatlam
1379 1701 1501 1733 tentavit,
1518 1705 1577 1728 erat
1604 1710 1672 1736 pra:-

883 1745 1051 1772 clarissimus
1071 1745 1112 1772 vir
1126 1745 1245 1772 Joannes
1260 1745 1369 1777 Millius,
1388 1746 1468 1780 quive
1481 1746 1553 1772 illam
1570 1753 1672 1773 ornan-

883 1790 944 1817 dam
960 1791 1093 1825 sumpsit,
1109 1792 1298 1826 potuissetque
1313 1792 1419 1826 egregie
1428 1799 1536 1824 ornare,
1546 1793 1598 1819 nisi
1610 1798 1673 1820 ante

883 1845 993 1863 manum
1011 1837 1132 1863 ultimam
1148 1838 1300 1872 appositam
1317 1837 1444 1864 humanis
1465 1838 1547 1865 rebus
1562 1842 1673 1872 ereptus

882 1881 990 1909 fuisset.
1018 1881 1112 1908 Omnis
1127 1882 1236 1916 quidem
1254 1890 1315 1916 spes
1332 1890 1393 1908 cum
1411 1881 1487 1908 Millii
1505 1889 1618 1917 corpore
1630 1890 1673 1909 se-

883 1927 956 1962 pulta
972 1935 1025 1954 non
1041 1927 1211 1960 credebatur,
1229 1936 1290 1955 cum
1309 1928 1427 1962 spissum
1440 1928 1566 1955 volumen
1584 1929 1674 1955 anim-

882 1974 1073 2000 advcrsionum
1098 1973 1157 2007 ejus
1183 1973 1215 1999 ad
1243 1973 1271 2000 S.
1287 1972 1422 2008 llippolyti
1441 1974 1538 2008 scripta
1553 1973 1671 2002 Joannes

883 2018 1043 2047 Guilielmus
1059 2018 1144 2046 Janus
1159 2019 1306 2046 academizc
1319 2019 1544 2055 Witlebergensis
1564 2019 1671 2055 profes—

883 2073 929 2093 sor
954 2070 1050 2092 nactus
1064 2069 1147 2098 esset,
1172 2065 1396 2101 llippolyteisque
1418 2066 1526 2100 scriptis
1540 2066 1670 2101 colligen-

883 2112 936 2144 dis,
961 2111 1130 2146 expoliendis
1145 2115 1226 2146 atque
1242 2111 1399 2146 evnlgandis
1414 2112 1543 2138 insudare
1562 2111 1672 2139 nuntia-

882 2162 967 2184 retur.
1001 2156 1052 2184 Sed
1067 2157 1205 2184 incassum
1228 2157 1347 2184 cultorcs
1360 2157 1529 2192 antiquitatis
1542 2157 1672 2185 ecclesia-

846 2210 868 2236 ι)
883 2205 957 2233 sticae
970 2203 1043 2231 hunc
1058 2203 1217 2230 thesaurum
1231 2207 1425 2238 exspectarunt
1444 2204 1477 2230 ab
1492 2203 1598 2230 eodem.

917 2248 1008 2276 Edttio
1029 2248 1229 2277 Graec-Latina
1242 2248 1370 2275 Fabricii.
1383 2263 1419 2269 —-
1432 2249 1537 2276 Interea
1550 2248 1671 2275 celeber—

881 2295 968 2323 rimus
983 2293 1124 2321 Fabricius
1146 2294 1242 2321 doctor
1256 2299 1281 2321 et
1302 2293 1441 2329 professor
1459 2293 1509 2320 SS.
1528 2292 1670 2327 theologia:

882 2342 909 2369 in
926 2341 1067 2377 gymnasio
1088 2341 1295 2375 llamburgensi.
1313 2345 1352 2369 tot
1372 2340 1487 2374 egregiis
1506 2340 1562 2374 jam
1583 2338 1671 2375 operi-

881 2392 933 2420 bus
951 2392 1097 2419 litteratum
1116 2392 1208 2418 0rbcm
1233 2390 1283 2418 sibi
1303 2389 1459 2415 devinctum
1474 2388 1588 2420 habens,
1605 2386 1671 2422 Hip-

882 2438 975 2474 polyti,
1004 2439 1036 2465 de
1053 2438 1131 2472 cujus
1155 2443 1272 2472 persona
1297 2440 1322 2462 et
1337 2434 1445 2468 scriptis
1465 2439 1513 2468 pro
1526 2433 1670 2460 diﬂttsissi-

883 2492 926 2511 ina
942 2492 990 2511 sua
1005 2484 1119 2511 lectione
1136 2482 1306 2510 Bibiiotltecm
1324 2489 1378 2508 sua:
1393 2481 1492 2508 ercic
1508 2481 1553 2507 lib.
1569 2489 1594 2512 v,
1607 2488 1667 2515 cap.

883 2529 909 2562 1,
939 2529 1012 2565 §25,
1038 2528 1244 2563 diligentissime
1263 2527 1401 2559 disseruit,
1429 2533 1597 2561 qurecunque
1622 2534 1669 2552 su-

883 2580 1005 2610 persunt,
1034 2577 1208 2601 tnonutnenta
1236 2573 1262 2599 in
1290 2580 1372 2599 unum
1400 2579 1499 2606 corpus
1526 2579 1622 2605 cogere
1636 2578 1669 2598 ae

887 2663 976 2700 (ΡιςαιἸ
990 2669 1085 2700 vant.
1101 2661 1157 2695 24).
1168 2660 1208 2700 _ld
1223 2664 1274 2700 est.
1300 2664 1328 2686 ttt
1341 2657 1600 2700 scniant‘qenltibus
1614 2663 1666 2700 non

883 2691 1088 2735 quadringentis
1104 2691 1282 2735 quadraginta
1298 2695 1387 2734 annis,
1404 2699 1432 2720 nt
1446 2693 1593 2735 Baliy'lpne,
1608 2691 1668 2735 'Vsed

884 2727 1151 2768 ἐειιῳεῐ-,Ἶηίιυὶιίίη
1163 2727 1318 2758 servitutem
1329 2729 1451 2756 incurva.
1459 2737 1468 2754 ι
1479 2729 1507 2754 S.
1516 2727 1666 2768 llippolyt..

884 2771 922 2790 nn
951 2773 1034 2790 πηιιιν.
1059 2767 1178 2790 Judmos.
1203 2773 1279 2790 num.
1294 2766 1325 2790 6:
1354 2764 1423 2790 apud
1443 2763 1550 2790 Fabric.
1566 2767 1631 2788 tom.
1645 2759 1669 2788 11

884 2771 931 2797 lib.
944 2766 1034 2795 'coutr.
1051 2766 1178 2797 'Judwos,
1203 2773 1279 2792 num.
1294 2766 1325 2797 6;
1354 2766 1423 2798 apud
1443 2766 1550 2790 Fabric.
1566 2767 1631 2788 tom.

886 2805 964 2840 Opp.,
981 2811 1041 2839 pag.
1056 2802 1088 2837 5;
1103 2807 1131 2830 et
1145 2801 1215 2836 apud
1231 2799 1355 2829 Galland.
1373 2804 1437 2826 tom.
1456 2797 1488 2832 ll,
1502 2799 1553 2825 col.
1568 2796 1632 2824 M9.
