1857 3051
197 143 250 171 387

198 203 338 239 splendide
361 203 495 230 illustrata
508 200 608 236 publici
629 199 701 235 juris
713 199 804 226 facere
819 198 846 224 in
864 198 984 225 animum
1002 199 1024 226 Α

199 249 317 282 induxit,
333 249 437 276 inscius
455 247 544 274 adhuc
556 254 637 282 quem
654 246 758 273 exitum
774 245 929 272 habiturum
943 250 987 269 es-

200 303 242 325 set
253 298 288 324 cl.
302 297 362 324 Jani
378 295 524 324 consilium
538 294 566 321 in
579 294 691 322 edendis
708 293 762 320 divi
774 291 910 326 Hippolyti
925 298 989 326 ope-

200 344 286 371 ribus.
313 342 380 370 Post
409 341 574 369 indefessam
603 340 685 375 igitur
714 339 741 366 in
770 336 929 372 indagandis
958 343 990 363 ac

199 386 368 423 eoiligendis,
392 394 453 422 quas
477 386 579 421 injuria
596 389 746 419 temporum
769 383 888 409 nomium
906 381 990 408 inter-

200 435 335 465 cidcrunt.
364 432 451 460 sancti
478 432 566 459 nostri
591 431 710 466 scriptis,
723 429 828 456 duobus
842 427 990 455 volumini-

200 481 251 508 bus
264 481 290 506 in
307 479 372 506 folio
390 479 495 506 minore
511 477 686 512 Hippolytum
713 468 849 509 evulgavit
864 474 991 500 laudatus

200 526 327 553 Albertus
355 524 497 552 Fabricius
531 521 700 556 ilamburgi,
728 527 845 555 quorum
872 519 990 554 primum

200 573 328 599 volumen
356 578 428 597 anno
455 569 534 602 1716,
562 569 676 596 alterum
703 566 770 593 1718
792 566 880 593 lucem
903 565 992 600 publi-

202 627 261 646 cam
279 619 356 646 vidit.

243 666 271 692 ln
287 665 413 692 volumen
432 664 507 698 prius
525 662 664 697 congessit
677 668 848 697 quzecunque
866 659 993 695 Hippoly-

204 712 224 738 ti
243 711 323 746 hujus
342 710 459 745 reperire
482 709 579 744 potuit.
622 707 713 735 Primo
730 708 788 734 loco
800 713 911 742 apparet
926 707 994 733 liber

205 757 243 784 De
267 757 445 787 Amic/arista,
480 755 559 789 cujus
592 754 737 782 editionem
768 752 994 780 Combel‘tsianam

203 802 341 829 recensuit
358 801 390 828 ad
409 800 524 835 primam
547 798 730 826 Parisiensem
757 797 908 824 Gudianam
931 799 996 826 anni

205 847 284 879 1661,
303 854 353 874 nec
368 853 455 882 pauca
469 844 631 872 emendavit.
663 843 812 870 Substrata:
834 842 914 869 etiam
930 847 994 868 sunt

209 872 217 874 -
228 872 234 873 ί
246 872 250 873 ⁷
266 872 284 879 'V
304 872 333 873 "*
343 872 351 874 '
369 872 381 882 τ

205 892 320 927 singulis
336 891 441 926 paginis
459 889 648 918 adnotationes
662 888 836 922 Combelisii;
865 888 927 915 item
943 895 992 918 cae,

205 947 274 973 quas
292 946 348 966 suae
370 937 483 965 editioni
507 944 588 963 manu
611 936 720 970 propria
737 935 865 962 alleverat
879 934 993 965 Gudius,

206 992 260 1010 non
277 983 387 1010 omissis
402 983 446 1013 iis,
461 989 529 1016 quas
558 981 687 1015 Epistolis
714 981 771 1008 suis
802 981 902 1007 criticis
925 980 996 1007 inse-

206 1035 298 1056 ruerat
319 1029 496 1063 Tanaquiiius
510 1028 606 1057 Faber.
635 1026 682 1055 llis
700 1034 765 1054 suas
776 1027 877 1061 passim
898 1025 996 1060 adjecit

207 1075 410 1103 observationes
439 1075 496 1109 ipse
520 1074 672 1107 Fabricius,
699 1074 744 1108 qui
771 1078 798 1100 et
821 1077 942 1100 veterum
963 1073 996 1100 de

208 1122 253 1149 illo
269 1123 338 1148 libro
357 1122 511 1149 testimonia
529 1121 662 1155 adjunxit.
693 1120 822 1154 Sequitur
844 1119 934 1146 Canon
948 1126 998 1154 pa-

208 1168 317 1200 schalis,
342 1168 368 1193 in
395 1166 452 1201 jam
476 1170 626 1193 memorata
652 1170 741 1192 statua
766 1173 937 1196 marmorea,
962 1167 996 1191 ad

208 1213 305 1240 urbem
328 1212 441 1239 Romam
460 1211 569 1244 effossa,
594 1211 687 1239 Graece
703 1215 730 1238 et
745 1211 850 1242 Latine,
872 1218 933 1237 cum
952 1211 995 1244 iis,

209 1266 270 1293 quae
292 1265 346 1285 n0n
372 1259 459 1285 solum
485 1257 511 1284 in
527 1255 659 1284 Cononem
674 1257 746 1284 hunc
762 1255 896 1291 Iosephus
912 1256 998 1283 Scali-

209 1311 270 1339 ger,
298 1303 444 1339 Dionysius
465 1301 608 1334 Petavius,
635 1302 759 1338 IEgidius
780 1302 945 1336 Bucherius,
971 1301 996 1330 Ι.

209 1348 368 1376 Dominicus
383 1349 530 1381 Cassinus;
549 1349 595 1376 sed
610 1349 691 1375 etiam
713 1349 739 1374 in
758 1348 915 1382 Catalogum
931 1348 998 1374 serio

209 1401 314 1428 ptorum
338 1394 493 1430 Hippolyti,
528 1394 556 1421 in
589 1394 682 1421 cadent
707 1398 795 1420 statua
820 1394 997 1428 descriptum,

198 1441 363 1483 Stephanus
393 1442 417 1468 le
442 1441 550 1477 Moync,
580 1441 700 1468 Thomas
725 1440 835 1473 Galeus,
856 1440 999 1467 Eduardus

209 1487 373 1521 Bernardus,
399 1487 471 1515 Guil.
493 1487 600 1515 Caveus
626 1487 803 1522 scripserunt,
827 1486 916 1513 addita
941 1486 999 1520 ipsa

210 1535 309 1564 statua,
340 1531 428 1558 tribus
453 1531 552 1558 tabulis
576 1531 658 1558 aeneis
680 1539 819 1565 expressa.
847 1531 915 1558 Cum
934 1538 998 1557 vero

209 1582 306 1612 praeter
327 1577 460 1604 Cononem
481 1577 632 1612 paschalem
646 1576 727 1604 etiam
744 1576 998 1603 Demonstrationem

211 1627 355 1657 temporum
372 1622 513 1649 Paschalis
526 1626 552 1648 et
567 1620 714 1648 Cltrontcon
741 1621 901 1657 liippolytus
925 1630 1000 1649 com-

211 1670 341 1703 posuerit,
365 1669 523 1696 testimonia
544 1673 678 1701 veterum,
704 1669 731 1695 in
755 1669 854 1704 quibus
872 1669 954 1696 unius
967 1677 999 1696 ex

211 1715 254 1742 bis
276 1715 364 1741 tribus
386 1714 487 1741 mentio
514 1714 552 1746 lit,
579 1714 744 1749 conjunctim
769 1714 932 1742 exhibentur
946 1723 1000 1742 uua

212 1767 274 1787 cum
298 1760 408 1794 antiqua
430 1760 554 1787 versione
577 1759 672 1786 Latina
699 1760 841 1792 Chronici,
868 1761 940 1795 quod
965 1769 999 1788 ex

212 1805 305 1832 multis
326 1805 438 1839 judiciis
455 1805 488 1832 ad
506 1805 680 1841 Hippolytum
707 1806 824 1833 retulere
850 1806 999 1834 doctissimi

211 1851 272 1878 viri.
304 1850 385 1878 Hisce
401 1851 526 1886 adjunxit
538 1851 670 1886 integrant
685 1851 903 1879 dissertationem
914 1851 1000 1879 Fran-

212 1898 276 1924 cisci
291 1897 431 1924 Blanchini
449 1897 484 1924 De
497 1897 602 1924 Conone
614 1898 733 1932 paschali
747 1898 893 1933 Hippolyti.
907 1898 1000 1926 Romae

212 1951 284 1970 anno
311 1943 379 1970 1705
400 1944 499 1971 editam
515 1965 521 1975 .
549 1948 577 1971 et
600 1944 819 1977 disceptationes.
846 1945 945 1980 quibus
965 1945 999 1973 de

213 1996 285 2015 anno
308 1989 396 2023 primo
419 1990 524 2024 imperii
543 1989 635 2017 Severi
647 1990 804 2021 Alexandri,
831 1991 856 2017 in
871 1991 999 2019 cathedra

213 2042 367 2062 marmorea
393 2034 528 2070 Hippolyti
542 2040 703 2069 memorato,
728 2037 798 2064 inter
810 2045 838 2064 se
854 2038 999 2064 contende-

212 2084 276 2106 runt
297 2078 434 2114 Virginius
455 2079 624 2112 Vaiscchius,
651 2080 791 2116 Philippus
812 2082 844 2109 de
863 2082 887 2108 la
902 2082 997 2115 Tttrre,

213 2130 241 2152 et
253 2124 331 2152 Joan.
350 2125 502 2161 Vignolius.
530 2126 595 2158 Qua:
606 2134 687 2160 porro
702 2127 747 2154 hic
761 2127 871 2162 scripta.
888 2128 930 2155 vel
942 2128 998 2157 fra-

213 2177 322 2207 gmenta
336 2171 482 2207 Hippolyti,
500 2177 564 2199 sunt
580 2181 587 2199 :
603 2172 934 2201 Demonstratiooduersus
948 2174 999 2201 Ju—

213 2219 285 2245 dwos
300 2225 333 2245 ex
347 2219 474 2246 versione
491 2217 587 2244 Latina
601 2218 738 2246 Francisci
754 2219 889 2253 Turriani,
915 2228 997 2255 quam
1014 2220 1035 2247 D

214 2270 275 2290 esse
290 2264 454 2297 particulam
466 2263 719 2291 Commentariorum
729 2264 864 2301 Hippolyti
881 2266 908 2292 in
922 2266 998 2293 Psal-

215 2317 270 2335 mos
287 2309 427 2336 Fabricius
452 2310 624 2344 suspicatur;
651 2310 802 2346 fragmenta
817 2320 848 2339 ex
865 2312 934 2339 libro
949 2313 998 2339 ad-

214 2363 302 2381 versus
319 2355 433 2387 (ἔπει-οε,
464 2357 511 2390 qui
526 2356 684 2384 inscribitur
701 2357 845 2385 :Adversus
861 2358 999 2385 Platonem

215 2401 247 2427 de
267 2409 349 2428 causa
373 2402 505 2433 universi;
533 2410 565 2429 ex
581 2410 662 2437 opere
684 2403 808 2430 adversus
824 2404 944 2437 hwrescs,
972 2405 998 2431 in

215 2446 316 2480 quibus
323 2447 475 2481 copiosiora
487 2452 561 2478 sunt,
575 2456 635 2482 quae
647 2448 778 2475 Adversus
791 2448 928 2482 Beroncm,
944 2457 1001 2477 ser-

216 2496 277 2518 vata
293 2499 307 2517 a
320 2491 473 2526 Nicephoro
495 2492 795 2526 Constantinopolitano
816 2498 842 2519 cl
857 2493 1000 2520 Anastasio

216 2535 437 2569 Bibiiothecario,
454 2542 481 2565 et
497 2539 620 2564 adversus
635 2537 748 2565 Noetum
766 2538 861 2566 Latine
885 2543 1000 2572 tantum,

217 2583 262 2609 hic
277 2583 459 2616 exhibentur;
480 2584 543 2610 itcin
562 2584 629 2619 Περὶ
643 2584 820 2619 χαρισμάτων
837 2584 1001 2619 ἀποστολικὴ

218 2628 376 2663 παράδοσις,
395 2628 514 2657 Homilia
529 2630 555 2657 in
573 2635 741 2657 sacrosancta
754 2630 1004 2664 Tlteop/ltlllttthpl‘i-

217 2682 292 2702 mum
302 2675 373 2702 edita
387 2683 419 2702 ex
428 2683 493 2703 mss.
509 2676 602 2704 codice
611 2676 721 2703 Titania:
734 2676 819 2709 (laici,
831 2676 1003 2710 interspersis

219 2720 320 2747 notulis
328 2720 459 2755 Fabricii;
471 2727 496 2748 et
509 2721 658 2756 fragmenta
670 2729 703 2748 ex
718 2720 853 2756 Hippolyti
867 2721 1003 2748 Commen-

220 2767 296 2793 tariis
319 2767 344 2793 in
369 2769 455 2794 varios
482 2767 627 2802 Scriptura:
641 2767 732 2800 libros,
749 2771 775 2793 et
789 2774 820 2793 ex
836 2766 894 2800 ejus
910 2766 1003 2791 [lanii-

220 2813 274 2840 liir.
309 2813 435 2850 Subjccta
449 2820 582 2849 appentmt
598 2813 787 2848 complectitur
805 2813 906 2847 scripta
922 2812 1003 2839 dubia

219 2864 246 2886 ct
259 2862 407 2896 supposita,
435 2861 535 2888 librum
548 2860 586 2887 De
599 2860 822 2887 consummatione
842 2859 949 2890 mundi;
965 2859 1004 2887 De

692 138 736 165 DE
755 136 839 165 VITA
860 135 902 163 ET
923 134 1079 163 SCRIPTIS
1096 134 1126 161 S.
1142 133 1336 161 HIPPULYTI.

1782 129 1840 157 538

1038 194 1176 221 duodecim
1193 193 1330 228 apostolis,
1362 191 1472 219 ubinam
1486 190 1604 226 quisque
1617 197 1716 218 eorum
1737 189 1846 222 praedi-

1041 239 1153 271 caverit,
1171 246 1203 266 ac
1222 238 1267 264 ubi
1284 242 1488 264 consummatus
1503 236 1546 266 sit.
1565 242 1646 270 quam
1661 235 1768 261 nudam
1782 234 1845 267 jam

1039 286 1224 321 publicaverat
1240 283 1381 310 Fabricius
1395 290 1468 309 anno
1485 281 1563 313 1711,
1594 288 1717 308 unacum
1747 280 1846 306 tribus

1039 332 1093 359 illis
1108 331 1146 356 De
1162 331 1217 356 vita
1231 329 1331 363 Moysis
1356 328 1442 360 libris,
1469 327 1604 354 Gaulmini
1629 325 1846 353 commentario

1041 377 1184 404 illustratis
1199 383 1260 410 pag.
1276 374 1339 404 508.
1355 375 1401 409 sed
1422 381 1494 399 nunc
1509 374 1635 407 stipatam
1650 371 1847 406 amplissimis

1042 422 1262 450 adnotationibus
1274 420 1410 447 Francisci
1423 419 1588 446 Comiteiisii.
1599 418 1664 445 item
1676 418 1711 444 De
1724 423 1847 451 septua-

1042 469 1117 503 ginta
1141 467 1290 501 apostolis,
1317 474 1348 492 ac
1365 473 1424 499 quae
1444 465 1556 499 reperiri
1584 469 1697 498 potuere
1712 471 1749 489 ex
1769 463 1848 489 scri-

1044 516 1098 551 ptis
1109 513 1246 549 llippolyti
1259 512 1381 548 junioris‘
1393 511 1526 539 Thebani.
1539 510 1683 537 Voiumine
1698 509 1847 544 posterio-

1041 562 1064 588 ri
1082 561 1178 588 horutn
1203 567 1314 594 operum
1343 559 1518 585 continentur
1533 566 1539 583 :
1554 555 1692 591 Hippolyti
1717 555 1847 581 Demon-

1043 606 1137 632 εῖτ-αιξο
1163 605 1288 631 adversus
1305 603 1425 634 Juda’os,
1451 602 1627 635 ejusdemque
1642 602 1771 626 adversus
1786 599 1849 625 ha:-

1043 653 1113 679 resiu
1130 651 1220 683 Nocti,
1242 656 1356 684 utraque
1369 657 1442 676 nunc
1453 649 1570 683 primum
1583 648 1676 674 Graece
1692 656 1726 674 ex
1746 647 1849 674 codice

1046 698 1177 725 Vaticano
1191 705 1242 724 ms.
1259 697 1341 728 edita,
1362 703 1423 723 cum
1435 697 1528 722 eadem
1546 693 1673 721 Turriani
1698 693 1847 725 versione,

1045 748 1073 770 et
1091 743 1186 770 iisdem
1209 743 1290 774 notis.
1315 749 1375 776 quae
1391 741 1447 775 jam
1473 740 1524 767 ml.
1541 741 1561 773 i,
1586 747 1645 774 pag.
1662 739 1716 765 2‘28
1734 744 1760 765 et
1775 739 1846 771 9.35,

1045 791 1154 818 insertae
1181 789 1362 824 reperiuntur.
1390 787 1552 822 Fragmenta
1573 795 1605 813 ex
1628 785 1845 812 Commentariis

1046 837 1073 863 in
1096 835 1216 869 δεηθείη,
1237 835 1329 862 ϐτίιὲεο
1342 839 1367 861 et
1381 833 1475 860 Latine
1498 833 1590 860 itidem
1607 833 1730 867 primum
1752 832 1780 858 in
1802 832 1847 858 lu-

1044 890 1103 909 cem
1118 881 1216 908 emissa
1233 889 1265 908 ex
1276 881 1377 907 Catena
1390 879 1500 906 Patrum
1515 879 1671 906 Graecoum
1688 877 1724 905 88
1740 878 1846 905 biblio-

1045 929 1130 956 theca:
1156 927 1385 958 Viudobonensis,
1410 934 1471 961 quae,
1490 926 1630 953 continent
1644 924 1845 951 adnotationes

1045 975 1079 1002 ad
1093 974 1189 1001 Genes.
1207 982 1226 1004 r,
1244 973 1270 1005 5,
1284 973 1317 1006 6;
1336 981 1376 1005 tu,
1394 972 1426 1005 8;
1443 980 1518 1002 xux.
1533 973 1560 1004 5,
1577 972 1605 1001 4,
1623 971 1649 1004 5,
1668 971 1714 1004 11,
1732 970 1776 1002 1⁵2,
1799 970 1846 997 16.

1045 1022 1105 1048 Alia
1126 1020 1250 1055 quaedam
1275 1019 1435 1053 fragmenta,
1464 1022 1493 1044 ut
1517 1017 1549 1044 de
1563 1016 1690 1047 Ezechia,
1717 1015 1746 1042 in
1763 1015 1845 1041 lsaia:

1046 1073 1161 1097 xxxviii,
1178 1065 1204 1095 5,
1222 1072 1255 1091 ex
1271 1063 1330 1090 cod.
1347 1062 1460 1089 Coislin.
1479 1061 1540 1088 195.
1560 1061 1648 1088 Locus
1659 1069 1691 1087 ex
1707 1059 1844 1094 Hippoly-

1046 1112 1066 1139 ti
1083 1119 1208 1138 sermone
1220 1110 1237 1136 ‘2
1248 1129 1254 1140 ,
1272 1109 1298 1135 in
1318 1108 1574 1139 Dauielem,cilatus
1589 1106 1762 1137 Eustiathio,
1779 1113 1843 1139 cap.

1046 1158 1079 1184 19
1090 1157 1220 1184 adversus
1233 1154 1529 1190 Psychopannyciiitas,
1548 1158 1575 1180 et
1590 1152 1723 1180 nonnulla
1743 1152 1771 1178 in
1786 1151 1843 1178 He-

1046 1205 1158 1232 naudoti
1189 1203 1310 1229 Historia
1340 1201 1554 1236 patriarcharum
1582 1200 1744 1232 Almanam,
1775 1207 1840 1234 pag.

1046 1251 1108 1281 560,
1141 1249 1286 1284 Hippolyto
1312 1248 1440 1281 ascripta,
1465 1255 1525 1281 quae
1548 1251 1639 1273 tamen
1661 1246 1755 1280 potius
1775 1244 1843 1272 Julii

1047 1296 1162 1323 Romani
1189 1303 1250 1322 esse
1275 1294 1398 1329 praefatio
1423 1294 1511 1320 docet.
1541 1292 1798 1319 Commentationes
1815 1291 1842 1318 in

1052 1342 1150 1369 Cenes.
1165 1349 1217 1374 vn,
1246 1340 1277 1373 6;
1296 1348 1341 1367 \‘tti
1352 1360 1359 1372 ,
1375 1341 1388 1366 1
1400 1361 1406 1373 ,
1424 1344 1451 1366 ct
1465 1338 1612 1366 Deulcron.
1632 1346 1742 1370 ιιιιχιιι,⁴
1759 1337 1770 1364 1
1785 1357 1794 1368 ,
1809 1345 1845 1364 ex

1051 1387 1235 1415 Pentateucho
1258 1386 1374 1413 Arabico
1394 1385 1518 1413 biblioth.
1537 1384 1700 1416 Bodleianw,
1717 1391 1791 1418 quas
1807 1384 1843 1410 cl.

1049 1433 1165 1469 Gaguier
1178 1434 1241 1460 inde
1253 1437 1396 1467 excerptas
1411 1432 1507 1459 Latine
1523 1431 1602 1458 vertit
1617 1439 1623 1456 :
1641 1431 1668 1456 in
1681 1430 1786 1464 quibus
1803 1434 1843 1455 ta-

1049 1487 1111 1506 men
1123 1479 1191 1506 nihil
1205 1479 1415 1506 Commentariis
1433 1476 1569 1512 Hippolyti
1588 1475 1690 1502 Graecis
1707 1476 1734 1501 in
1753 1474 1844 1502 Gene-

1050 1527 1101 1554 sim
1119 1526 1272 1560 respondet.
1301 1524 1372 1552 Loca
1386 1524 1517 1551 nonnulla
1531 1523 1556 1550 in
1571 1522 1679 1549 Leontii
1696 1521 1842 1556 Byzantini

1051 1574 1097 1600 lib.
1114 1577 1226 1600 icontra
1244 1572 1409 1603 Nestorium,
1435 1575 1462 1598 et
1484 1570 1511 1596 in
1524 1569 1645 1598 Concilio
1660 1567 1842 1594 Lalerancnsi

1051 1627 1122 1646 anno
1137 1619 1198 1651 649,
1217 1627 1277 1654 pag.
1293 1618 1343 1645 981
1359 1623 1385 1645 et
1400 1616 1464 1649 287,
1491 1623 1523 1643 ex
1539 1614 1685 1650 Hippolyto
1710 1613 1841 1640 adducta.

1050 1665 1196 1693 Doctorum
1214 1666 1335 1692 virorum
1362 1663 1551 1691 adnotationes
1565 1662 1597 1689 de
1613 1660 1771 1695 Hippolyto,
1792 1667 1843 1685 no-

1050 1712 1173 1739 minatim
1189 1718 1222 1738 ex
1240 1710 1316 1737 Sam.
1334 1708 1412 1736 Petiti
1428 1707 1521 1742 Eclog.
1535 1706 1699 1740 cltranolog.,
1725 1705 1776 1731 lib.
1801 1713 1842 1735 ιιι,

1050 1766 1109 1793 cap.
1124 1757 1152 1790 2,
1174 1757 1207 1784 de
1223 1754 1557 1783 heckaadecaetcrideetex
1582 1752 1682 1786 Georg.
1703 1751 1775 1777 Bulli
1790 1750 1844 1776 De-

1051 1804 1116 1838 fens.
1135 1803 1183 1838 ῥά.
1201 1801 1316 1835 Nicwn.,
1338 1805 1404 1828 sect.
1422 1809 1453 1832 ιι,
1472 1807 1532 1834 cap.
1550 1797 1577 1831 8,
1595 1804 1621 1825 et
1633 1801 1698 1825 sect.
1718 1804 1761 1828 ιιι,
1778 1804 1841 1830 cap.

1050 1851 1076 1884 8,
1101 1851 1135 1877 de
1156 1849 1280 1877 doctrina
1295 1847 1441 1883 Hippolyti,
1472 1853 1589 1873 unaeum
1601 1844 1625 1871 -Ι,
1659 1844 1723 1871 Ern.
1740 1843 1840 1870 Grabii

1050 1896 1270 1923 adnotationibus
1297 1894 1391 1922 eodem
1422 1892 1616 1928 spectantibus.
1644 1891 1691 1919 llis
1721 1890 1842 1925 denique

1050 1944 1223 1979 subjungitur
1239 1942 1374 1978 Hippolyti
1390 1941 1507 1976 junioris
1522 1938 1642 1967 Thebani
1655 1937 1842 1973 fragmentum

1049 1998 1082 2016 cx
1109 1989 1245 2016 Chronico
1263 1987 1460 2016 commentario
1482 1986 1515 2013 ab
1538 1985 1654 2012 Henrico
1677 1983 1793 2010 Canisio
1815 1983 1842 2009 in

1050 2039 1116 2062 tom.
1133 2034 1168 2061 ill
1185 2033 1339 2060 Lectionum
1361 2033 1531 2067 antiquarum
1554 2031 1668 2058 editum.
1690 2030 1761 2062 Quia
1776 2037 1841 2056 vero

1051 2082 1107 2108 inec
1120 2080 1212 2108 omnia
1226 2087 1280 2107 non
1297 2079 1366 2106 ultra
1380 2078 1414 2105 62
1425 2078 1538 2113 paginas
1552 2076 1674 2112 implent,
1690 2076 1724 2103 ad
1733 2076 1840 2110 justum

1050 2127 1175 2154 volumen
1187 2125 1385 2153 conficiendum
1397 2124 1506 2151 additur
1513 2123 1644 2158 appendix
1655 2122 1840 2156 complectens

1050 2172 1221 2207 Spicilegt’unt
1233 2170 1347 2198 Patr‘um
1359 2170 1450 2198 saeculi
1466 2177 1506 2202 tu,
1516 2174 1542 2196 et
1556 2168 1688 2195 Chalcidii
1701 2167 1840 2194 Commen-

1051 2218 1132 2244 tarios
1148 2218 1176 2243 in
1197 2216 1324 2243 Timrcum
1341 2214 1462 2242 Platonis
1479 2213 1647 2246 emendatos,
1675 2217 1702 2240 ct
1715 2214 1789 2240 notis
1809 2213 1840 2239 il-

1049 2263 1189 2291 lustratos.
1216 2262 1245 2289 ln
1271 2261 1412 2296 Spicilegio
1437 2260 1484 2288 illo
1502 2264 1652 2288 occurrunt
1671 2269 1677 2286 :
1699 2259 1727 2286 1°
1743 2259 1839 2286 Irentei

1049 2310 1199 2344 fragmenta
1218 2316 1303 2343 nuper
1317 2315 1331 2334 a
1344 2308 1378 2334 cl.
1393 2307 1548 2341 Christoph.
1567 2305 1662 2333 Matth.
1675 2305 1772 2332 Pl’allio
1781 2306 1840 2332 edi-

1049 2361 1094 2389 ta;
1119 2356 1151 2382 2°
1169 2354 1317 2382 Clementis
1337 2353 1513 2381 Alexandrini
1541 2352 1705 2388 fragmenta,
1727 2360 1790 2386 qua
1813 2353 1838 2379 in

1050 2402 1168 2429 editione
1191 2400 1339 2428 Oxoniensi
1363 2404 1468 2427 tantum
1497 2399 1589 2426 Graece
1614 2399 1760 2433 leguntur;
1786 2399 1838 2425 alia

1051 2449 1114 2475 item
1131 2455 1146 2474 a
1160 2446 1278 2474 Macario
1292 2445 1511 2480 (iln'ysocephalo
1522 2465 1529 2477 ,
1554 2444 1700 2471 Anastasio
1723 2443 1836 2475 Sinaita,

1051 2494 1205 2528 Nicephoro
1232 2492 1285 2519 (ΣΡ.
1301 2498 1327 2518 et
1351 2491 1429 2518 Joan.
1449 2491 1627 2522 Damasceno,
1651 2498 1684 2517 ex
1700 2490 1837 2518 Clemente

1051 2541 1126 2567 Alex.
1143 2541 1243 2571 citata;
1270 2539 1299 2565 '5'
1313 2538 1444 2565 Mctbodii
1461 2537 1570 2564 Eubuiii
1584 2537 1738 2564 Cominium
1752 2538 1836 2564 ἆραι-ιιι

1052 2586 1182 2620 virginum
1201 2592 1216 2611 a
1231 2584 1321 2611 Leone
1337 2583 1436 2610 Allalio
1454 2587 1480 2610 et
1496 2582 1577 2610 l’etro
1592 2582 1710 2610 Possino
1727 2584 1835 2614 editum,

1052 2639 1103 2658 nec
1125 2639 1178 2658 non
1197 2629 1351 2657 Combclisii
1367 2629 1513 2655 Auctuario
1528 2628 1598 2655 Bibl.
1618 2627 1733 2654 Patrum
1753 2629 1837 2656 inscr-

1053 2682 1121 2710 tum,
1139 2685 1199 2704 cum
1215 2675 1314 2703 Leonis
1330 2675 1420 2701 Allatii
1445 2674 1562 2702 diatriba
1585 2674 1616 2701 de
1631 2673 1789 2706 Met/todiis;
1805 2675 1835 2701 4ο

1053 2723 1158 2751 Claudii
1181 2721 1307 2749 Salmasii
1325 2720 1535 2748 Commentarius
1558 2721 1696 2747 inchoatus
1713 2721 1739 2746 in
1755 2721 1836 2746 Ama-

1054 2770 1124 2796 bium
1152 2777 1184 2796 ex
1208 2767 1363 2802 apographo
1378 2766 1502 2794 Gudiano
1524 2766 1630 2797 editus;
1659 2766 1690 2792 5ο
1706 2767 1771 2792 Acta
1788 2767 1835 2792 Ar-

1055 2814 1152 2846 chelai,
1169 2813 1288 2848 episcopi
1298 2812 1499 2846 Mesopotamiae
1513 2819 1575 2838 cum
1589 2811 1695 2838 Mam-te
1706 2831 1713 2842 ,
1731 2820 1764 2838 ex
1781 2811 1835 2837 edi-

1055 2860 1128 2888 tione
1142 2859 1224 2886 Laur.
1239 2857 1386 2886 Alexandri
1401 2857 1544 2892 Zaccaguii
1555 2879 1562 2890 ,
1581 2857 1682 2892 quibus
1698 2857 1835 2892 subjungi-
