1857 3051
17 134 62 162 339

529 135 573 163 DF.
590 134 671 162 VITA
686 134 729 160 ET
749 133 906 161 SCRlPTlS
927 133 954 161 S.
977 131 1168 161 HlPPOLYTl.

1607 135 1658 163 500

18 200 55 221 tur
80 194 200 222 Lutlov.
225 196 329 223 Anton.
357 195 495 224 Muratorii
517 196 672 232 disquisitio
693 197 718 223 in
736 196 822 223 Maui-
838 180 991 231 Ait/mnia;
1018 197 1049 223 5°
1072 197 1194 231 sequitur
1219 195 1256 223 De
1278 195 1481 222 cltarismatibus
1512 196 1658 230 apostolica

17 241 160 268 chzeorum
188 244 456 277 anatliematismos;
483 244 514 270 6°
530 243 558 270 S.
572 243 703 278 Pamphili
720 248 822 278 marty—

18 288 49 313 ris
59 287 219 321 Expositio
228 289 348 323 capitum
360 289 471 315 Actuum
483 289 696 324 apostolicorum,
707 297 721 316 a
731 289 822 316 Mont-

18 333 150 359 iauconio
169 339 200 360 et
217 333 372 369 Zaccagnio
387 334 468 366 edita.
493 334 536 362 cui
552 341 578 362 et
595 335 654 362 alite
677 335 822 369 κεφαλαιο-

19 377 130 412 μέτριαι
150 379 283 412 cjusdcm
298 380 359 406 libri
382 380 450 407 sacri
466 379 681 415 subjunguntur;
709 381 740 406 7°
756 381 822 407 Acta

19 423 160 457 passionis
195 424 226 452 S.
251 424 386 459 Pamphili
409 425 535 460 martyris
560 434 590 452 ex
615 425 692 452 libris
713 425 822 453 Eusebii

17 470 209 498 Cmsariensis
231 471 266 498 de
282 471 355 498 illius
368 470 439 504 Vita,
463 480 525 499 cum
540 473 611 499 notis
625 471 801 507 Papebrochii
814 481 821 506 ;

17 519 42 542 δι’
59 515 204 551 Gregorii
227 516 423 552 Thaumaturgi
441 517 578 552 Expositio
592 519 664 553 ﬁdei.

47 561 206 589 Iudicium
216 562 348 591 Ceillierii
358 564 390 591 de
400 565 449 591 hac
463 565 768 598 editione.—C:Bterum,
778 565 813 592 ob

18 614 151 636 servante
171 609 332 637 clarissimo
347 610 468 646 Remigio
482 611 617 639 Ceillierio
632 612 697 648 (58),
715 612 822 640 laudata

18 656 141 683 Fabricii
152 664 275 691 operum
286 656 504 693 Hippolyteorum
514 659 597 685 editio
606 659 733 686 nonsatis
746 659 823 685 nobis

18 708 113 729 nacta
125 703 256 730 videtur.
265 703 357 739 Neque
365 705 436 731 enim
446 705 591 739 perdoctus
604 705 691 732 editor
699 705 820 732 ordinem

20 753 185 782 temporum
213 757 302 784 neque
325 750 498 777 materiarum
523 755 648 778 accurate
669 751 823 780 observavit

19 795 41 820 iu
62 795 258 823 recensendis
282 796 341 831 ejus
361 796 485 831 scriptis;
513 800 593 832 atque
610 797 763 825 verosimile
781 803 823 826 est

19 843 90 876 quod
106 851 143 870 ea
161 844 288 878 imprimi
304 844 448 877 curaverit,
463 849 585 879 proutea
599 846 729 880 receperit
742 845 821 880 eique

19 889 42 915 iu
64 897 179 917 manus
207 890 363 918 inciderint.
392 889 454 918 Haec
479 895 569 918 tamen
590 891 649 918 laus
672 892 706 919 cl.
724 891 820 919 Fabri-

19 936 56 962 cio
69 935 210 969 debetur,
237 936 310 971 quod
333 936 359 963 in
381 937 532 973 colligenda
547 937 760 972 fragmentorum
775 946 821 965 co-

19 983 59 1016 pia
78 983 259 1018 scriptorum
275 983 358 1019 hujus
373 983 462 1011 Patris
474 984 546 1012 haud
559 984 701 1012 infeliciter
714 986 821 1013 labora-

19 1029 99 1061 τρι-ἧι,
124 1037 194 1064 quae
217 1030 246 1056 in
269 1034 388 1058 veterum
403 1035 543 1058 auctorum
557 1032 696 1066 operibus,
712 1032 740 1059 in
756 1040 821 1060 con-

21 1077 154 1102 ciliorum
178 1076 268 1107 Actis,
295 1080 323 1103 et
347 1077 373 1103 in
395 1077 620 1104 bibliothecarum
647 1077 819 1111 Parisiensis,

21 1121 186 1149 Germania:
201 1128 228 1149 et
245 1122 392 1150 Britanniae
414 1123 521 1159 angulis
534 1124 654 1158 dispersa
675 1125 794 1152 latebant
812 1134 818 1150 :

21 1169 95 1203 quod
112 1177 148 1196 ex
166 1169 202 1196 iis
217 1168 342 1204 quazdam
358 1177 373 1197 e
385 1169 478 1197 Graeco
498 1170 525 1197 in
542 1169 667 1198 Latinum
692 1171 821 1199 traduxer

22 1214 73 1246 rit,
102 1215 242 1249 plurimis
263 1215 498 1243 observationibus
524 1216 640 1244 maxime
665 1225 821 1252 peraccom-

23 1262 113 1288 modis
132 1266 195 1288 tum
222 1261 256 1288 ad
283 1266 384 1289 textum
412 1262 614 1290 dilucidandum
627 1283 633 1294 ,
647 1269 704 1291 tum
724 1264 757 1291 ad
773 1264 821 1292 do-

22 1308 120 1334 ctrina:
135 1308 230 1342 capita
247 1307 400 1339 enodanda,
428 1316 488 1342 qua:
502 1308 589 1342 prima
607 1309 694 1337 fronte
707 1309 821 1337 lectores

23 1351 174 1385 perplexos
191 1350 307 1377 reddere
322 1355 440 1385 possent,
458 1351 644 1378 illustraverit.

60 1397 158 1423 Editio
187 1396 337 1423 Gallandii.
355 1412 389 1416 —
407 1397 485 1423 Auno
510 1397 588 1430 1766,
614 1398 655 1424 vir
677 1397 820 1431 perdoctus

24 1443 153 1469 Andreas
169 1441 330 1469 Gallandius
346 1441 480 1478 Hippolyti
500 1442 586 1478 Opera
603 1443 630 1469 in
642 1443 762 1470 ordinetn
780 1443 821 1469 di-

23 1493 114 1524 gesta,
141 1488 270 1523 duasque
294 1489 321 1516 in
344 1494 433 1523 partes
451 1489 562 1522 tributa,
583 1497 679 1517 rursus
692 1490 717 1516 in
733 1489 820 1516 lucem

874 244 991 269 traditio.
1021 242 1120 270 Ultimo
1146 243 1253 270 tandem
1280 243 1340 270 loco
1369 244 1476 270 sistitur
1501 242 1591 270 Conon
1611 252 1651 278 pa-

872 289 968 316 schalis
995 289 1087 316 Graece
1107 297 1138 316 ac
1164 289 1277 322 Latine,
1307 289 1453 325 interprete
1473 289 1658 317 eruditissimo

872 334 1020 362 Francisco
1045 333 1216 367 Blancbinio,
1232 335 1358 369 notisque
1370 335 1470 369 (Egidii
1487 334 1613 362 Eucherii
1627 335 1651 361 il-

872 381 1016 408 lustratus.

907 427 976 454 Alitz
991 427 1117 454 editiones
1140 427 1315 462 quorumdam
1337 426 1521 461 opusculorum
1544 425 1572 454 S.
1590 425 1657 460 Ilip—

872 473 965 507 polyti.
996 472 1085 499 Editio
1106 472 1180 507 εμειί
1203 473 1346 507 paschalis.
1362 488 1396 493 —-
1413 472 1546 499 Caeterum
1582 479 1658 498 nova:

872 519 998 546 editionis
1018 527 1130 554 operum
1144 519 1172 546 S.
1189 518 1321 553 Hippolyti
1337 526 1412 552 spem
1439 518 1502 545 fecit
1528 526 1552 545 v.
1569 517 1602 545 cl.
1631 517 1656 544 ⁴Ι.

873 565 944 592 Guil.
969 565 1054 592 Janus
1078 565 1199 592 historia:
1224 565 1250 591 in
1267 564 1404 591 academia
1429 563 1657 598 Wittenbergensi

872 611 1030 646 professor,
1047 612 1073 638 in
1101 612 1178 646 cuius
1202 611 1328 638 manibus
1341 610 1452 638 fuerunt
1475 610 1580 638 scheda:
1599 610 1658 637 Mil-

873 658 962 690 lianze,
977 665 1037 692 qua:
1051 666 1113 684 cum
1130 657 1259 684 nonnulla
1275 657 1364 684 adhuc
1376 656 1476 684 inedita
1496 656 1658 690 complecte-

874 709 927 736 tur,
944 709 1001 731 lum
1017 704 1069 730 alia
1091 712 1124 731 ex
1148 704 1228 730 unius
1249 708 1353 730 tantum
1375 703 1477 730 codicis
1502 702 1657 738 apographo

873 751 954 783 edita,
970 758 1030 777 cum
1044 750 1168 784 pluribus
1178 749 1297 776 melioris
1314 753 1385 775 notae
1401 756 1453 776 ms.
1467 748 1574 778 collata,
1588 748 1658 775 mul-

873 795 962 830 tisque
986 795 1108 829 partibus
1135 793 1320 820 emendatiora
1348 791 1501 823 exhibebit,
1528 791 1574 823 iis,
1597 798 1658 826 quze

873 846 965 876 aperte
988 840 1131 875 Hippolyto
1155 840 1294 874 supposita
1318 843 1397 871 sunt,
1421 838 1586 874 segregatis,
1611 840 1659 863 aut

872 888 967 916 saltem
989 886 1146 914 distinctis:
1175 885 1356 920 quorumdam
1383 885 1463 911 etiam
1489 891 1574 910 novas
1598 890 1658 909 ver-

871 935 963 962 siones
972 934 1049 969 juxta
1063 934 1221 960 relationem
1235 932 1260 958 in
1270 932 1345 959 Actis
1355 931 1524 958 eruditorum
1535 929 1658 964 Lipsien-

872 981 948 1008 sibus
969 980 1047 1012 1718,
1066 987 1127 1013 pag.
1152 978 1215 1011 ut,
1238 977 1367 1004 daturum
1394 984 1424 1003 se
1446 975 1581 1010 promisit.
1605 975 1658 1002 Sed

871 1026 1036 1061 promissutn
1072 1033 1126 1051 non
1164 1024 1290 1051 exsolvit.
1326 1023 1479 1057 Antequam
1517 1021 1658 1048 Fabricius

872 1074 971 1107 scripta
999 1072 1028 1099 S.
1055 1071 1189 1106 Hippolyti
1215 1078 1300 1097 unum
1322 1070 1349 1097 in
1371 1077 1470 1104 corpus
1494 1068 1657 1103 collegisset,

872 1119 994 1154 quaedam
1011 1118 1067 1152 jam
1093 1117 1239 1152 separatim
1266 1117 1399 1151 impressa
1424 1116 1591 1143 visebantur.
1613 1114 1658 1141 Sic

872 1166 967 1201 Cyclas
994 1165 1126 1200 paschalis
1150 1164 1177 1191 in
1204 1171 1285 1198 opere
1311 1163 1383 1198 quod
1412 1163 1448 1190 cl.
1473 1162 1591 1198 Scaliger
1621 1161 1658 1188 De

871 1212 1050 1239 enwndatione
1077 1217 1223 1245 temporum
1251 1209 1368 1237 coniecit
1393 1209 1542 1243 impressus
1565 1208 1658 1235 Grzece

871 1259 991 1286 occurrit
1006 1258 1091 1290 1585,
1115 1256 1239 1283 Paris.in
1261 1256 1321 1287 (οι,
1348 1255 1471 1290 Lugduni
1495 1254 1657 1281 Batavorum

872 1305 958 1336 1598.
991 1304 1111 1332 Colonia?
1143 1304 1318 1338 Allobrogum
1349 1310 1396 1330 seu
1427 1302 1541 1329 Genevze
1576 1301 1656 1328 1629.

871 1351 912 1378 Gl.
939 1351 1071 1378 Gruterus
1090 1351 1117 1377 in
1138 1350 1298 1377 collectione
1320 1348 1526 1383 Inscriptionum
1549 1346 1657 1374 Heidel-

871 1397 960 1432 bcrga:
986 1396 1054 1424 l600
1066 1396 1201 1431 evulgata,
1227 1400 1254 1423 et
1279 1403 1351 1422 anno
1369 1394 1438 1422 1707
1461 1393 1657 1421 Amstelodami

871 1443 1053 1477 reimpressa,
1087 1442 1212 1475 eumdem
1240 1441 1348 1476 Cyclum
1384 1440 1543 1474 paschalem-
1564 1439 1657 1467 Grece

872 1489 1027 1524 publicavit.
1054 1488 1084 1516 P.
1108 1488 1243 1515 Bucherio
1269 1488 1415 1522 interprete
1438 1486 1534 1513 Latine
1557 1486 1658 1520 prodiit

23 1535 118 1561 emisit
143 1542 196 1562 sua
212 1534 240 1561 in
255 1534 419 1561 Bibliotheca
442 1541 554 1561 veterum
568 1535 688 1568 Patrum,
699 1540 771 1562 temo
787 1534 818 1568 Il,
833 1545 855 1573 ρ
872 1542 944 1562 anno
962 1535 1040 1568 1654,
1057 1535 1083 1561 in
1102 1533 1162 1566 fol.,
1185 1533 1358 1568 Antwerpite,
1374 1534 1443 1565 .‘cum
1461 1531 1658 1560 commentario

25 1580 163 1607 Venetiis.
195 1581 226 1607 ln
243 1580 294 1607 hac
313 1580 429 1607 editione
444 1588 504 1616 qua:
517 1582 647 1616 ampliora
671 1586 743 1615 sunt,
765 1581 822 1609 sive

23 1627 145 1662 integra,
163 1627 223 1654 sive
237 1627 344 1659 mutila,
370 1627 486 1661 priorem
502 1627 590 1654 locum
612 1627 748 1660 obtinent;
773 1635 822 1662 po-

25 1675 175 1700 steriorem
192 1681 258 1700 vero
274 1673 422 1708 fragmenta
435 1674 537 1708 reliqua
558 1673 700 1701 minutiora
715 1682 763 1708 pro
778 1682 822 1701 ar-

25 1719 152 1754 gumenti
177 1718 310 1753 dignitate
331 1722 378 1745 aut
400 1719 529 1746 varietate
548 1718 673 1746 discreta.
698 1718 820 1746 Primum

26 1766 118 1793 locum
138 1766 168 1792 in
182 1766 300 1793 editione
317 1765 450 1792 Gallandii
465 1765 664 1792 Demonstratio
679 1764 707 1792 S.
720 1765 821 1800 Hippo—

27 1813 74 1848 lyli
88 1813 120 1838 dc
135 1811 245 1838 Christo
258 1817 281 1838 et
298 1811 459 1838 Antichristu
479 1817 608 1846 occupat;
631 1812 700 1839 hanc
722 1812 822 1846 excipit

27 1859 196 1894 opusculqu
217 1859 244 1884 in
260 1857 421 1885 Susannam.
457 1857 549 1885 Tertio
571 1858 693 1893 sequitur
709 1858 822 1884 Demon-

28 1906 122 1932 stratio
151 1905 278 1932 adversus
300 1904 418 1932 Judwoc.
441 1904 507 1931 Dein
519 1904 699 1940 fragmentum
716 1903 821 1939 insigne

29 1952 178 1987 subjicitur
191 1959 226 1979 ex
242 1951 311 1978 libro
326 1951 450 1978 adversus
466 1950 581 1982 ercos,
601 1951 648 1985 qui
664 1950 821 1977 inscribitur

28 1999 164 2025 Adversus
173 1997 313 2024 Platonem
323 1998 353 2024 de
363 2005 444 2025 causa
457 1997 581 2024 universi.
589 1997 717 2030 Quintum
730 1997 820 2024 locum

31 2050 147 2080 occupat
174 2044 282 2080 egregia
308 2052 372 2071 sane
384 2043 538 2071 lucubratio
557 2044 679 2070 adversus
695 2042 818 2070 Noetum.

32 2092 154 2119 Tandem
176 2091 398 2126 Ilippolytcorum
425 2095 528 2125 partem
545 2090 660 2125 primam
673 2089 744 2124 apud
759 2089 821 2116 Gal-

32 2139 155 2166 landium
169 2137 458 2172 clauduntl‘ragmenta
476 2137 502 2168 8,
516 2142 641 2171 excerpta
652 2144 685 2163 ex
696 2143 821 2163 sermone

33 2186 62 2211 de
71 2185 205 2219 theologia
214 2188 238 2210 et
247 2184 429 2210 incarnatione
437 2189 530 2210 contra
538 2183 668 2209 Beronem
680 2187 706 2209 et
716 2182 821 2209 Helico-

871 1587 898 1609 et
918 1585 1039 1608 veterum
1057 1581 1091 1608 de
1106 1580 1136 1608 S.
1158 1579 1302 1615 Hippolyto
1321 1579 1483 1606 testimoniis
1495 1579 1521 1605 in
1534 1578 1656 1613 ejusdem

872 1626 998 1654 Bucherii
1023 1625 1151 1652 Doctrina
1169 1630 1324 1659 temporum.
1348 1624 1510 1652 Franciscus
1532 1623 1658 1651 Blanebi-

871 1673 934 1700 nius
949 1673 1023 1700 hunc
1040 1671 1148 1707 Cyclum
1170 1675 1262 1706 postea
1279 1670 1395 1698 inseruit
1417 1670 1658 1697 dissertationibus

871 1721 929 1747 suis
954 1719 993 1746 De
1016 1719 1166 1746 calendario
1183 1723 1208 1745 et
1236 1717 1308 1752 cyclo
1333 1716 1445 1743 Iuliano
1463 1716 1557 1744 Romae
1587 1715 1658 1743 1705

871 1773 1024 1800 unpressts.

906 1811 1044 1839 Editioues
1060 1810 1121 1838 libri
1139 1811 1170 1837 de
1191 1809 1353 1836 Anticltristo
1372 1813 1396 1835 et
1412 1807 1531 1842 opusculi
1551 1809 1579 1834 in
1603 1806 1657 1834 Stt-

871 1866 993 1884 samtam.
1010 1872 1045 1877 ——
1061 1857 1325 1884 Demonstrationem
1345 1855 1381 1882 De
1407 1853 1511 1880 Christo
1537 1858 1561 1880 et
1579 1852 1658 1880 Anti-

871 1905 970 1933 cltristo
986 1905 1089 1938 primus
1114 1904 1141 1930 in
1164 1903 1251 1930 lucem
1276 1902 1381 1933 extulit,
1403 1900 1558 1934 Graecisque
1585 1900 1658 1936 typis

871 1950 1046 1983 ediditi661,
1068 1950 1095 1976 in
1111 1949 1148 1983 8°,
1171 1948 1352 1983 Marquardus
1376 1946 1481 1974 Gudius
1505 1946 1656 1974 Holsatus:

871 1997 969 2025 deinde
990 2004 1062 2023 anno
1076 1995 1155 2027 4672,
1172 1993 1380 2022 erco~Latine
1392 1993 1511 2028 vulgavit
1534 1993 1657 2020 illustra-

871 2043 962 2077 vitque
973 2041 1136 2069 Franciscus
1147 2041 1327 2068 Combeﬁsius
1341 2041 1367 2067 in
1376 2040 1502 2066 Auctario
1516 2040 1657 2066 novissimo

871 2085 1042 2112 Bibliothecm
1057 2085 1180 2116 Patrum.
1195 2089 1269 2111 tomo
1285 2083 1305 2116 l,
1323 2092 1384 2119 pag.
1398 2084 1489 2117 26-62,
1502 2083 1614 2112 Parisiis
1630 2084 1658 2111 in

873 2133 931 2165 l‘ol.,
947 2132 1038 2159 addito
1052 2132 1134 2158 etiam
1151 2131 1283 2166 opusculo
1295 2131 1322 2157 in
1340 2130 1490 2158 Suxatmam
1504 2139 1518 2157 a
1532 2138 1593 2165 pag.
1610 2130 1658 2158 50-

872 2179 916 2206 56.
938 2178 1094 2206 Combclisii
1116 2178 1206 2205 versio
1230 2177 1327 2204 Latina
1340 2177 1462 2212 quinque
1487 2181 1549 2212 post
1570 2183 1658 2203 annos

35 2238 93 2257 nem
106 2218 189 2266 (alias
206 2229 346 2262 Helicem).
360 2228 427 2256 Huic
442 2227 599 2256 Gallandius
611 2228 819 2263 przecedentium
837 2218 858 2245 ί)
873 2225 985 2259 repetita
1002 2225 1028 2251 in
1039 2224 1202 2251 Bibliotheca
1212 2223 1270 2250 PP.
1282 2223 1458 2258 Lugdunensi
1467 2227 1532 2249 tom.
1548 2221 1656 2256 XXVII,

37 2277 169 2303 editorum
190 2275 395 2303 observationes
410 2275 516 2310 adjecit,
532 2283 619 2309 neque
630 2279 708 2302 notas
717 2274 819 2305 omisit,

38 2333 103 2359 quas
117 2323 243 2350 eruditus
260 2321 514 2349 Sirmondianorum
536 2322 624 2349 editor
649 2321 765 2356 margini
779 2321 820 2347 al—

37 2370 116 2402 levit;
140 2369 280 2397 Anastasii
306 2368 424 2396 versioni
453 2368 669 2395 testimoniorum
694 2367 821 2402 Hippoly-

38 2422 139 2444 teorum
150 2415 379 2443 Combelisianam
395 2415 580 2442 recensionem
595 2413 820 2448 apposuit.atque

39 2462 153 2497 integras
170 2461 393 2496 Cappcronnierii
415 2460 665 2487 animadversiones
690 2459 818 2487 subdidit.

39 2508 64 2534 in
79 2514 155 2543 parte
168 2516 186 2535 ιι
205 2507 381 2534 continentur
395 2506 498 2541 reliqua
516 2506 616 2539 scripta
635 2505 793 2540 Hippolyten
812 2497 828 2531 ε’

39 2559 62 2580 ct
75 2554 102 2580 i°
115 2558 400 2587 occurruntexcerpta
411 2552 667 2580 Commentariorum
681 2551 707 2577 in
718 2551 820 2584 aliquot

39 2608 118 2627 sacra:
139 2599 289 2634 Scriptura).
311 2600 395 2627 libros
409 2607 423 2626 a
445 2598 548 2626 Joanne
569 2598 679 2624 Alberto
696 2596 819 2624 Fabricio

41 2650 91 2671 tum
107 2654 122 2672 e
136 2654 186 2672 ms.
202 2645 343 2672 codicibus
358 2649 434 2672 eruta
444 2665 452 2677 ,
478 2649 533 2671 tum
547 2651 579 2671 ex
593 2643 711 2678 antiquis
724 2642 818 2670 Eccle-

42 2691 82 2718 siae
104 2692 284 2724 scriptoribus
308 2692 428 2719 studiose
449 2691 576 2722 collecta;
606 2690 637 2716 2°
658 2689 821 2716 exhibentur

41 2737 109 2763 varia
139 2737 226 2770 λόγων
253 2744 301 2764 seu
332 2736 487 2763 Set-manum
511 2736 739 2770 homiliarumque
765 2735 821 2762 fra-

42 2788 143 2816 gmenta
158 2793 165 2810 :
181 2783 269 2818 iisque
280 2783 453 2818 praemittitur
464 2783 576 2810 homilia
590 2783 617 2809 in
632 2786 722 2808 sancta
737 2781 819 2808 Theo-

872 2279 933 2306 pag.
950 2271 1003 2302 1-9,
1020 2278 1092 2297 anno
1106 2270 1210 2298 scilicet
1225 2269 1304 2296 1677.

908 2316 1042 2342 Editioncs
1059 2320 1188 2342 tractatus
1201 2315 1325 2341 adversus
1340 2313 1448 2341 Juda'os
1459 2318 1484 2340 et
1499 2313 1659 2341 Gnaeos.—

873 2363 1135 2391 Demonstrationem
1151 2363 1274 2390 adversus
1298 2362 1406 2389 Judo’oa
1420 2383 1427 2395 ,
1445 2363 1501 2388 sive
1524 2361 1583 2396 ejus
1602 2360 1657 2388 l'ra-

873 2414 1012 2445 gmentum
1037 2409 1132 2436 Latine
1159 2417 1192 2436 ex
1215 2408 1355 2435 Francisci
1382 2407 1508 2434 Turriani
1531 2407 1656 2434 versione

874 2456 979 2490 primus
993 2455 1112 2490 vulgavit
1132 2454 1294 2482 Posscvinus
1310 2455 1335 2481 in
1353 2454 1489 2488 Apparatu
1502 2461 1592 2484 sacro,
1610 2453 1654 2480 ubi

874 2502 907 2528 de
930 2501 1076 2536 Hippolyto
1096 2492 1220 2534 disserit,
1248 2499 1368 2527 chetiis
1393 2499 1478 2531 1605,
1494 2503 1520 2525 et
1536 2498 1657 2526 Colonia:

874 2549 954 2580 1608,
969 2548 995 2575 in
1014 2548 1060 2574 iol.
1075 2556 1081 2580 ;
1102 2552 1126 2574 el
1141 2546 1255 2573 Carolus
1269 2545 1403 2581 Josephus
1423 2545 1581 2572 lmbonutus
1601 2544 1658 2571 Me-

873 2594 1039 2621 diolauensis
1060 2594 1087 2620 in
1104 2592 1269 2620 Bibliotheca
1292 2590 1534 2619 Latino-Hebraica
1562 2589 1658 2618 Rome

874 2642 957 2672 1691,
971 2642 997 2667 iu
1012 2641 1071 2672 l'ol.,
1086 2649 1147 2676 pag.
1164 2640 1207 2667 74.
1226 2640 1419 2676 Fragmentum
1443 2639 1549 2673 insigne
1566 2637 1656 2664 adver-

873 2697 917 2715 sus
935 2688 1039 2715 Crwcos
1056 2692 1080 2714 et
1101 2687 1239 2713 Platonem
1257 2687 1365 2718 Graece,
1384 2690 1413 2712 ut
1437 2693 1469 2712 ex
1485 2682 1559 2711 lt‘alia
1579 2691 1657 2710 accc-

873 2735 958 2769 pcrat,
975 2733 1079 2768 primus
1094 2733 1178 2760 edidit
1201 2732 1286 2759 David
1305 2731 1476 2759 limscbelius
1492 2731 1517 2757 in
1535 2730 1607 2757 notis
1624 2730 1658 2756 ad

873 2779 999 2808 Photiqu
1009 2787 1075 2814 pag.
1091 2779 1152 2811 925,
1163 2780 1291 2815 Augustae
1307 2778 1510 2806 Viudelicorum
1527 2776 1608 2811 1601,
1629 2776 1658 2804 in

75 2863 127 2899 (58)
147 2863 224 2892 Remi
242 2862 362 2897 Ceillicr,
391 2862 507 2890 Histoire
530 2863 615 2898 génér.
639 2865 684 2890 des
712 2867 829 2895 autcurs,
846 2865 913 2889 tom.
927 2861 960 2894 ll,
977 2869 1036 2896 pag.
1055 2859 1115 2887 572.
