1857 3051
215 127 265 155 591

702 122 747 150 DE
765 122 848 150 VlTA
868 121 912 148 ET
933 119 1089 149 SSRIPTIS
1109 120 1139 148 S.
1160 119 1354 147 HlPPOLY'l'l.

1800 115 1854 141 ὅκῃ

216 186 282 219 101.,
300 190 327 214 et
343 190 468 213 re‘cusum
489 183 705 216 Genevat1613,
727 183 890 218 Rothomagi
912 182 996 214 1655,
1013 183 1035 212 Α
1050 180 1120 207 riani
1149 181 1276 208 versione
1308 180 1413 214 primus
1434 179 1555 215 vulgavit
1574 178 1705 207 Canisius
1733 183 1806 207 tom.
1831 178 1853 204 V

216 233 243 260 in
254 232 300 260 l'ol.
310 232 412 261 Deinde
424 240 485 259 cum
503 239 551 259 sua
564 231 688 258 versione
703 230 858 265 Stephanus
872 230 896 257 le
907 229 1004 265 Moyne

216 277 244 304 in
262 277 349 304 Variis
364 278 459 310 racris,
475 285 536 313 pag.
547 277 593 310 53,
608 276 731 312 Lugduni
746 275 910 303 Batavorum
924 274 1002 307 1685,

218 324 299 357 1694,
315 324 342 350 in
356 324 393 350 1ο.
405 323 472 350 Cntu
487 324 580 350 cadent
591 322 812 357 interpretatione
827 321 908 348 etiatn
923 328 1003 348 recu-

221 370 339 397 dendum
369 369 443 396 dedit
464 368 488 396 J.
507 368 633 395 Albertus
650 367 792 394 Fabricius
811 367 837 393 in
856 365 1004 401 appendice

215 417 249 444 ad
263 423 344 450 opera
358 414 467 450 Josophi
479 415 577 448 Judaei,
592 414 691 450 Lipsiae
703 414 782 446 1691,
796 414 822 440 in
835 413 882 440 l‘ol.

241 462 377 489 Ediliones
387 467 517 490 tractatus
527 462 652 489 adversus
661 462 772 488 luzresin
782 461 871 492 Nocti,
881 464 904 486 et
913 464 1005 486 contra

215 508 341 536 Beronem
363 514 387 535 et
404 508 569 535 llelicem.—
584 507 777 543 Fragmentum
793 506 831 533 De
846 506 900 533 Deo
913 514 964 533 uno
979 511 1003 532 et

217 556 303 586 trino,
317 559 342 581 et
362 555 393 582 de
413 556 537 589 mysterio
563 553 754 582 incarnationis
776 556 869 580 contra
893 553 1004 580 hterexin

218 600 298 627 Nocti
321 601 372 628 sub
401 601 519 628 homilia:
543 600 653 627 nomine
678 599 775 626 Latine
798 599 880 626 edidit
901 606 935 625 ex
956 605 1005 624 sua

216 646 342 673 versione
363 645 501 673 Gerardus
518 645 631 672 Vossius
653 643 832 679 Tungrensis,
854 642 887 670 ad
904 642 1005 670 calcem

217 691 341 727 Gregorii
354 691 563 726 Thaumaturgi,
578 691 734 725 Moguntim,
747 689 826 720 1601,
843 689 870 716 in
882 689 920 721 4ο,
935 688 1005 715 notis

217 738 299 764 etiam
316 738 445 772 subjectis
465 745 480 764 τι
498 746 557 772 pag.
577 736 670 764 58-68.
694 736 753 769 Qua
777 743 842 763 vero
868 735 902 762 de
923 742 1005 761 causa

218 790 280 810 cum
294 783 421 817 operibus
434 782 462 809 S.
477 782 599 818 Gregorii
614 781 809 815 Thaumaturgi
822 780 865 808 hic
876 784 1006 807 tractatus

218 827 331 854 Parisiis
346 827 414 854 162?.
427 828 608 861 rcimpressus
634 834 687 853 non
711 825 808 857 fuerit.
837 826 1004 860 ignoramus.

218 873 297 900 Anno
315 877 403 899 tamen
421 872 488 899 1618
504 872 530 899 in
547 872 711 899 Bibliotheca
723 871 834 897 I’atrum
849 871 1004 898 Coloniensi

219 919 278 946 sitte
295 919 366 945 nolis
382 919 490 953 prodiit,
506 926 532 945 et
549 918 674 953 Lugduni
693 918 770 950 1677,
786 923 852 944 tom.
873 917 915 950 lll,
933 922 959 945 et
977 918 1003 944 in

219 965 406 999 supplemento
423 963 579 991 Morelliano
596 964 682 991 Paris.
695 964 774 995 1659,
791 968 857 991 tom.
871 963 891 997 l,
902 972 928 998 p.
941 963 1002 990 (520.

226 1008 388 1044 Fragmenta
406 1014 467 1036 octo
487 1011 519 1036 de
534 1009 663 1044 theologia
677 1014 701 1036 et
717 1011 897 1036 incarnatione
912 1010 1002 1036 adver-

221 1061 267 1081 sus
279 1053 407 1081 Beronem
419 1059 443 1081 et
459 1054 575 1081 Helicen:
597 1055 749 1088 haereticos,
776 1054 870 1082 Latine
884 1064 917 1082 ex
934 1054 1004 1082 Tur-

1055 228 1230 261 Antiquarum
1246 226 1400 259 lectionum,
1418 233 1479 261 pag.
1497 225 1559 259 151,
1578 225 1741 261 lngolstadii
1764 225 1852 258 1604,

1054 275 1081 301 in
1102 275 1139 302 1°.
1157 274 1220 302 lltec
1237 274 1388 309 fragmenta
1409 281 1471 301 cum
1489 273 1583 301 eadem
1608 274 1738 301 versione
1753 274 1781 301 in
1806 274 1854 300 Bi-

1055 320 1191 348 bliothecis
1207 320 1256 347 SS.
1275 320 1387 347 Patrum
1407 319 1582 351 Coloniensi,
1601 318 1783 353 Lugdunensi
1796 339 1804 351 ,
1828 323 1855 345 et

1053 365 1167 394 Parisiis
1181 366 1247 393 1654
1260 366 1424 400 reimprcssa
1440 365 1559 392 fuerunt.
1574 365 1674 392 Eadem
1692 365 1853 400 fragmenta

1056 410 1286 449 Latitte)pridem
1322 411 1401 439 vertit
1430 410 1593 438 Anastasius
1626 411 1853 446 apocrisiarius,

1055 456 1137 491 inque
1161 455 1335 483 Collectaneia
1362 456 1501 484 Anastasii
1526 456 1733 483 Bibliothecarii
1764 457 1854 484 edidit

1055 502 1168 530 Parisiis
1182 503 1260 535 1620,
1277 503 1304 530 in
1322 503 1361 536 8°,
1375 502 1548 536 Sirmondus,
1567 503 1666 530 additis
1683 511 1698 530 e
1716 502 1853 530 Turriani

1055 550 1148 578 codice
1160 549 1272 582 Gratcis,
1291 555 1374 584 atque
1389 549 1425 576 ita
1441 549 1535 577 Grteee
1557 557 1589 576 ac
1605 548 1701 576 Latine
1716 549 1854 584 leguntur

1055 597 1135 624 etiam
1151 596 1178 623 in
1199 601 1267 623 tom.
1289 596 1324 622 111
1341 595 1460 630 Operum
1478 595 1615 622 Sirmondi
1633 588 1751 623 Parisiis
1767 596 1852 627 1606,

1056 644 1082 670 1η
1100 643 1159 675 101.,
1180 651 1240 677 pag.
1258 642 1323 670 585.
1348 642 1440 670 Grmce
1465 642 1530 669 item
1554 647 1581 670 et
1608 642 1705 670 Latine
1725 642 1853 678 Operum

1056 689 1143 716 sancti
1156 688 1266 716 Maximi
1280 692 1345 715 tom.
1364 687 1373 714 1
1394 687 1535 722 prmmissa
1551 688 1636 715 edidit
1650 689 1853 721 Combetisius,

1057 736 1102 770 qui
1116 735 1287 762 etAnastasii
1300 734 1453 762 versionem
1470 736 1617 761 recensuit.
1631 734 1733 761 Eadem
1749 734 1855 761 eximie

1057 782 1084 809 in
1105 789 1184 808 suum
1208 780 1381 816 Hippolytum
1399 780 1536 808 transtulit
1552 780 1704 807 Fabricius.
1721 780 1853 808 Posthazc

1057 835 1089 854 ex
1104 827 1259 854 Combclisii
1272 827 1391 854 editione
1407 825 1499 854 Graeca
1515 826 1667 860 desumpsit
1680 825 1853 861 Basnagius,

1057 881 1088 900 ac
1100 873 1227 900 Turriani
1247 873 1365 900 versioni
1381 872 1505 907 adjunxit
1516 877 1582 900 tom.
1599 871 1609 899 1
1623 871 1756 900 Thesauri
1767 873 1852 899 Cani-

1058 919 1142 952 siani;
1173 918 1206 946 ad
1230 918 1308 953 cujus
1333 919 1434 946 calcem
1465 924 1594 955 praeterea
1622 926 1649 945 v.
1675 918 1710 946 el.
1740 918 1852 945 Claudii

1058 964 1282 1000 Capperonnierii
1306 965 1557 993 animadversiones
1575 967 1600 992 in
1624 965 1768 992 Anastasii
1793 973 1854 992 vero

1058 1011 1162 1038 sionem
1182 1019 1244 1038 cum
1267 1012 1370 1038 Cra-eis
1394 1012 1521 1039 collatam
1544 1012 1645 1047 adjecit
1669 1011 1851 1044 “11101725,

1059 1057 1255 1085 Amstelodanii
1273 1058 1300 1085 in
1315 1057 1391 1086 folio.

219 1180 279 1212 DE
305 1181 513 1213 ANONYMO
541 1181 752 1213 CHRONICI
779 1181 973 1214 AUCTORE
998 1183 1075 1215 SUB
1105 1183 1361 1216 ALEXANDRO
1383 1183 1547 1215 SEVERO
1575 1183 1849 1216 CONSCRIPTI.

536 1246 632 1276 Varia
649 1246 853 1277 eruditorum
876 1246 994 1286 placita
1021 1248 1063 1279 de
1092 1247 1192 1288 hujus
1208 1247 1359 1280 Chronici
1383 1253 1524 1279 auctore.

254 1308 328 1336 lnter
341 1310 427 1344 Opera
443 1309 472 1336 S.
489 1308 626 1345 Hippolyti
641 1310 761 1345 episcopi
777 1315 804 1338 et
820 1310 959 1346 martyris,
974 1311 1008 1339 de

219 1356 319 1390 quibus
336 1356 478 1390 ltueusqtte
491 1356 689 1388 disseruimus,
709 1357 835 1384 nonnulli
859 1358 911 1384 viri
933 1357 1008 1385 docti

220 1404 416 1429 recensendum
434 1402 626 1430 existimarunt
640 1407 668 1429 et
681 1403 828 1430 Chronicon
845 1404 924 1436 illud,
935 1405 1008 1440 quod

220 1455 384 1484 anonymus,
401 1449 447 1484 qui
465 1451 517 1476 sub
535 1449 665 1477 extremis
686 1450 832 1477 Alexandri
850 1450 942 1478 Severi
959 1451 1009 1478 iut-

219 1495 353 1529 peratoris
367 1495 535 1529 temporibus
547 1495 649 1528 floruit,
661 1495 791 1523 Africano
804 1504 922 1530 coaevus,
935 1497 1006 1524 circa

218 1539 321 1568 Christi
345 1548 447 1567 annum
469 1540 533 1573 236,
560 1541 703 1575 scripsisse
726 1543 902 1577 comperitur.
931 1542 1007 1571 Hanc

219 1588 381 1615 sententiam
401 1594 456 1621 prze
476 1587 581 1614 caeteris
605 1591 646 1614 est
673 1588 814 1622 amplexus
837 1596 864 1615 v.
879 1589 914 1616 cl.
935 1589 1007 1616 Can»

219 1632 281 1667 gius
296 1632 364 1667 (59).
383 1632 436 1658 Sed
449 1632 476 1658 in
490 1633 573 1658 aliam
592 1633 718 1659 abierunt
731 1632 898 1661 Pearsonius
910 1634 964 1670 (60)
981 1639 1008 1662 et
1021 1622 1044 1653 ο

220 1677 374 1705 DodWellus
384 1677 457 1712 (61):
472 1685 589 1712 quorum
607 1678 742 1712 posterior
762 1686 940 1714 anonymum,
953 1688 1008 1714 quo

220 1722 255 1750 de
274 1722 392 1756 agimus.
411 1722 555 1757 scripsisse
568 1723 663 1750 statuit
678 1723 773 1758 paucis
796 1729 860 1758 post
881 1724 1009 1761 Hippoly-

221 1772 279 1794 tum
293 1768 390 1800 annis;
408 1775 470 1795 eum
491 1768 560 1795 alias
586 1773 699 1796 sanctus
716 1769 767 1797 iste
781 1775 884 1806 martyr
906 1775 931 1798 et
949 1772 1008 1806 epi-

222 1821 322 1848 scopus
352 1815 442 1848 primo
477 1814 600 1850 ejusdem
633 1815 781 1843 Alexandri
809 1816 902 1844 Severi
935 1825 1008 1845 anno

222 1861 332 1896 Cyclum
348 1869 428 1889 suum
442 1862 586 1890 inchoasse
598 1867 736 1892 noscatur.
748 1863 892 1898 Czeterum,
908 1865 1007 1900 inquit,

222 1909 307 1936 multa
330 1913 423 1936 noster
437 1916 591 1945 anonyntus
606 1910 698 1943 habet,
722 1918 783 1945 quae
797 1918 858 1938 cum
877 1911 1008 1947 hypothe-

222 1955 299 1982 sibus
315 1953 453 1990 Hippolyti
477 1955 680 1990 chronologieis
695 1955 722 1983 in
745 1957 867 1991 ejusdem
889 1957 1008 1992 paschali

222 1999 327 2027 Conone
352 2000 503 2028 observatis
529 2001 686 2028 consentire
711 2002 865 2036 videantur,
893 2011 1009 2038 quaeque

223 2044 291 2072 adeo
315 2043 459 2081 Hippolyto
484 2053 651 2081 anonymum
677 2046 803 2075 debuisse
837 2048 879 2075 fas
907 2053 950 2076 est
979 2052 1010 2076 ut

223 2090 404 2126 suspicemur,
418 2092 540 2124 Quorum
566 2092 676 2127 quidem
700 2093 821 2120 virorum
839 2094 1008 2121 eruditorum

223 2137 365 2165 sententiae
380 2137 426 2164 illa
441 2138 468 2165 in
490 2138 587 2173 primis
603 2146 653 2166 nos
671 2144 771 2174 COgllnt
789 2141 929 2172 accedere,
948 2148 1009 2175 qua:

224 2182 276 2211 hac
291 2183 325 2211 de
341 2191 370 2211 re
383 2184 512 2219 praeclare
534 2184 601 2211 satis
614 2184 762 2212 edisseruit
783 2185 897 2213 illustris
911 2186 1010 2221 prmsul

224 2229 389 2259 Franciscus
404 2230 582 2258 Blanchinius
594 2230 661 2266 (62).
677 2230 724 2259 Sic
740 2232 823 2267 igitur
837 2232 899 2260 ille:

1061 1318 1120 1338 rum
1138 1311 1254 1346 primus.
1269 1310 1436 1338 Occurrebat
1444 1309 1542 1336 l'dolort
1557 1314 1651 1336 nostro
1665 1309 1707 1336 vir
1718 1308 1851 1336 doctissi-

1057 1364 1120 1384 mus
1132 1357 1260 1384 dominus
1283 1356 1323 1384 Du
1339 1357 1431 1391 Gange
1452 1356 1478 1382 in
1494 1361 1629 1391 postrema
1649 1355 1773 1382 editione
1793 1355 1849 1382 Pa-

1059 1403 1156 1430 schalis
1169 1403 1312 1435 Chronica";
1328 1403 1372 1430 ubi
1384 1403 1418 1430 de
1434 1402 1569 1438 Hippolyti
1584 1401 1701 1433 Conone,
1720 1406 1750 1428 et
1767 1400 1850 1428 Com-

1062 1450 1190 1476 mentario
1203 1450 1314 1477 Post/ne
1329 1449 1445 1484 plurima
1456 1457 1518 1475 cum
1528 1449 1696 1476 disseruerat
1710 1448 1849 1480 solidiori,

1060 1503 1113 1531 qua
1131 1496 1222 1531 pollet,
1240 1496 1393 1523 eruditione
1417 1495 1443 1522 in
1461 1495 1535 1522 omni
1560 1502 1658 1528 genere
1680 1495 1850 1527 litterarum,

1059 1539 1136 1566 visus
1146 1545 1187 1567 est
1201 1540 1320 1574 aliquam
1333 1539 1361 1567 in
1377 1547 1453 1574 spem
1469 1547 1519 1566 nos
1535 1539 1670 1566 adducere
1694 1539 1760 1567 libri
1780 1539 1850 1574 Hip-

1060 1585 1160 1621 polytei
1188 1585 1341 1620 reperiundi
1365 1585 1392 1612 in
1418 1590 1525 1612 vetusto
1551 1585 1596 1611 illo
1622 1584 1732 1616 codice,
1766 1593 1850 1620 quem

1059 1630 1188 1658 Canisius
1200 1632 1375 1666 Antiquarum
1391 1630 1532 1657 lectionum
1544 1635 1610 1657 tom.
1624 1629 1669 1662 111,
1680 1634 1706 1656 et
1720 1629 1851 1658 Labbeus

1060 1676 1087 1704 in
1105 1677 1192 1711 primo
1207 1676 1378 1704 Bibliothecte
1391 1677 1633 1710 manuscriptorum
1648 1675 1761 1710 publico
1777 1676 1852 1704 bono

1059 1722 1087 1749 in
1110 1723 1197 1750 lucem
1221 1722 1568 1758 protulerant.‘Adornavit
1588 1730 1653 1750 vero
1679 1725 1763 1752 etiam
1793 1726 1851 1760 ipse:

1059 1769 1130 1796 v.cl.
1143 1769 1251 1796 tertiam
1268 1769 1390 1804 ejusdem
1405 1770 1528 1803 opusculi
1543 1770 1703 1805 editionem,
1721 1780 1804 1798 num.
1820 1770 1848 1798 ιν

1059 1815 1086 1841 in
1106 1814 1216 1842 Srlectis
1233 1815 1266 1842 ad
1284 1815 1475 1842 illustrandum
1493 1814 1656 1850 Chroniton,
1680 1819 1754 1852 quod
1769 1825 1850 1853 para-1

1059 1860 1120 1887 bat:
1136 1861 1214 1896 cujus
1228 1861 1336 1888 titulum
1352 1861 1378 1888 in
1401 1862 1522 1889 iudiculo
1539 1862 1648 1890 Selectis
1665 1864 1796 1898 prtulixo,
1819 1872 1848 1891 ex

1060 1907 1179 1942 antiquis
1202 1907 1368 1935 membranis
1395 1916 1458 1934 eum
1486 1908 1612 1936 redderet
1637 1917 1699 1945 pag.
1723 1910 1797 1942 £05,
1815 1911 1848 1937 ita

1059 1953 1290 1980 tommendavit:
1312 1955 1358 1982 lV.
1392 1955 1474 1982 Liber
1501 1955 1684 1989 generationis
1710 1956 1746 1982 ab
1762 1957 1848 1983 Adam

1066 2007 1151 2034 usque
1184 1999 1217 2027 ad
1245 2000 1378 2031 ordinem,
1394 2007 1456 2034 qua:
1472 2000 1534 2036 (sic)
1549 2001 1722 2028 continentur
1743 2002 1771 2028 in
1800 2003 1847 2029 hoc

1066 2044 1150 2072 libro.
1189 2045 1262 2080 Opus
1295 2046 1365 2080 quod
1393 2045 1539 2082 Hippolyto
1572 2047 1714 2075 Portnensi
1749 2050 1847 2075 ascribi

1060 2099 1135 2125 posse
1155 2091 1279 2118 duximus
1299 2093 1326 2118 in
1347 2092 1504 2127 pra'fatione
1526 2101 1535 2121 :
1553 2101 1586 2120 ex
1612 2095 1725 2121 editione
1739 2094 1847 2121 ΙΙι-ηνίίή

1061 2137 1183 2170 Canisii,
1205 2142 1229 2164 et
1245 2137 1363 2172 Philippi
1383 2137 1481 2166 Labbei
1501 2139 1535 2165 ad
1554 2139 1632 2173 ﬁdem
1651 2141 1750 2167 codicis
1772 2141 1847 2167 colle-

1061 2183 1098 2217 gii
1124 2191 1178 2211 aoc.
1203 2183 1266 2210 Jun
1291 2183 1453 2211 Parisiensis
1477 2186 1648 2220 recognitum.
1673 2186 1706 2213 Et
1731 2194 1797 2214 ecce
1823 2188 1847 2214 in

1060 2229 1220 2265 prmfatione
1231 2229 1367 2265 plurimus
1375 2234 1417 2258 est
1429 2231 1455 2257 in
1468 2231 1634 2266 coniecturis
1641 2233 1847 2267 conquirendis,

264 2286 273 2302 ι
289 2276 454 2305 nolebamus
468 2277 540 2311 quod
560 2277 629 2304 liber
642 2278 687 2304 ille
706 2278 883 2310 interciderit,
904 2279 949 2306 ubi
967 2280 1009 2307 di-
1026 2292 1048 2319 Ι)
1063 2275 1134 2302 unde
1148 2274 1292 2310 Hippolyto
1305 2277 1430 2312 martyri,
1450 2284 1530 2311 quem
1548 2277 1726 2305 Portuenscm
1739 2278 1846 2313 episco.

226 2328 346 2358 gesserat
381 2323 543 2359 Hippolytus
578 2324 827 2352 demonstrationem
863 2331 1009 2360 temporum

226 2368 348 2401 Paschw,
366 2369 585 2404 quemadmodum
601 2371 629 2397 in
643 2370 741 2398 tabula.
757 2371 831 2406 Opus
845 2373 917 2400 enim
932 2373 1009 2406 illud,

227 2415 250 2442 si
280 2414 313 2441 ad
340 2423 390 2442 nos
419 2415 556 2450 integrum
582 2418 765 2451 pervenisset,
788 2419 882 2446 haberi
902 2419 1011 2448 deberet

229 2465 290 2495 post
305 2468 397 2487 sacras
408 2461 513 2489 litteras
529 2464 651 2490 omnium
663 2465 902 2498 pretiosissimum.
920 2465 1012 2501 Siqui-

227 2506 288 2532 dem
312 2510 373 2532 aute
394 2505 567 2541 Hippolytum
590 2516 670 2534 nemo
684 2509 833 2544 digesserat
857 2511 884 2537 in
907 2516 1010 2538 certam

227 2551 344 2583 seriem,
372 2559 421 2578 nec
445 2553 478 2580 ad
503 2554 569 2588 cycli
596 2562 719 2582 normam
747 2556 888 2591 redegerat
918 2565 1034 2591 saeros,

227 2598 342 2625 annales
355 2607 361 2624 :
376 2598 450 2633 quod
465 2599 509 2626 ille
524 2601 647 2634 praestitit
663 2600 883 2629 Christianorum
897 2604 1014 2638 scripto-

231 2710 246 2747 s
408 2677 514 2713 (lange,
532 2678 639 2707 Prrefat.
666 2680 700 2707 ad
723 2680 872 2708 Chronicon
899 2681 1010 2716 Pasch,

265 2746 320 2788 (60)
342 2746 612 2788 Ρθπερκηηλῐξίεεεη.
627 2750 640 2777 1
654 2751 686 2778 de
699 2758 818 2779 success.
836 2751 917 2788 prim.
931 2752 1011 2780 Rom.

229 2782 402 2820 pendiucap.
419 2783 494 2820 1οης
508 2785 533 2812 1;
607 2808 611 2812 .

257 2816 313 2853 (61)
323 2816 453 2853 Dodwcl.,
464 2816 680 2857 Dissert.singul.
690 2821 723 2850 de
731 2821 809 2850 Rom.
820 2823 917 2858 pontii.
929 2823 1011 2855 prim.

1062 2330 1126 2357 pum
1146 2329 1180 2350 ex
1211 2329 1251 2348 vn
1284 2322 1482 2350 suburbicariis
1500 2322 1586 2352 fuisse
1611 2329 1747 2357 autumat,
1765 2326 1846 2352 tribui

1062 2376 1118 2404 pra:
1129 2368 1236 2396 creteris
1249 2368 1356 2396 debeat.
1369 2378 1379 2394 ι

1102 2415 1210 2448 Verum,
1224 2416 1245 2442 si
1262 2416 1294 2443 ad
1311 2415 1483 2452 Hippolytum
1495 2417 1650 2451 episcopum
1663 2422 1690 2445 et
1701 2423 1846 2453 martyrem

1063 2461 1153 2488 Conon
1173 2461 1221 2488 iste
1235 2469 1406 2488 marmoreus
1423 2462 1581 2490 referendus
1595 2468 1648 2496 est,
1673 2470 1703 2490 ut
1724 2465 1846 2491 oninium

1064 2507 1206 2534 doctorum
1223 2507 1363 2542 ipsiusque
1378 2508 1446 2535 adeo
1459 2507 1554 2541 Cangii
1567 2509 1699 2544 sutl'ragio
1713 2510 1845 2541 refertur;

1065 2553 1314 2580 demonstraturum
1343 2561 1386 2580 me
1412 2561 1472 2582 esse
1497 2554 1623 2587 conﬁdo,
1654 2556 1688 2582 ad
1722 2557 1845 2582 eumdem

1065 2597 1239 2633 Hippolytum
1257 2606 1310 2625 non
1330 2598 1466 2633 pertinere
1480 2598 1601 2626 codicem
1625 2599 1702 2626 illum
1724 2600 1845 2627 Canisia-

1065 2693 1198 2722 sucress.,
1217 2694 1276 2721 cap.
1293 2687 1334 2718 11.
1353 2686 1366 2722 §
1381 2687 1425 2715 19.

1101 2722 1157 2762 (62)
1178 2721 1301 2762 manente:
1324 2721 1436 2750 Dissert.
1455 2722 1488 2750 de
1507 2722 1677 2762 Cappasch.
1700 2723 1728 2751 S.
1746 2723 1845 2762 [lippo-

1066 2756 1124 2792 lyti,
1138 2765 1198 2795 cap.
1211 2757 1237 2789 3,
1255 2757 1269 2792 §
1287 2757 1301 2783 7
1314 2766 1403 2793 seqq.,
1417 2763 1444 2787 et
1455 2758 1527 2794 apud
1538 2756 1646 2787 Fabric.
1661 2765 1727 2788 tom.
1742 2756 1808 2795 Opp.
1823 2759 1845 2792 1,

1065 2799 1127 2828 pag.
1143 2792 1193 2820 1M
1204 2797 1231 2820 et
1248 2800 1324 2828 seqq.
