1857 3051
44 39 98 68 595

549 45 592 72 DE
611 45 693 74 VITA
711 45 756 73 ET
777 44 934 74 SCRIPTIS
950 48 980 75 S.
995 48 1191 79 HIPPOLYTI.

1631 52 1685 84 594

43 110 112 129 num
133 108 162 130 et
185 102 379 138 Labbeanum,
396 106 561 141 cmteroquin
579 107 755 141 spectabilem
769 117 775 133 :
797 106 845 134 sed
860 109 884 137 Α
900 117 910 132 ι
929 108 1032 136 bratur.
1048 109 1107 144 Ipse
1120 112 1193 138 enim
1205 115 1265 138 erat
1275 111 1378 146 justum
1390 111 1502 140 Pascha.
1516 113 1537 140 Α
1553 112 1684 143 Passione

42 157 106 176 esse
124 150 220 184 potius
246 151 432 184 referendum,
447 152 488 179 vel
506 152 539 180 ad
561 152 695 180 Heronem
716 153 792 180 illum
812 161 846 180 ex

42 196 217 232 philosopho
233 196 423 225 Christianum
435 202 462 225 et
477 203 622 234 martyrem
637 208 644 226 :
660 207 740 234 quem
758 199 815 234 ipse
829 207 845 226 a

41 248 199 270 neocoratu
223 244 316 279 templi
341 243 482 279 Serapidis
508 246 534 272 in
560 244 643 273 Portu
675 245 799 272 Romano
810 245 845 273 ad

40 288 146 316 Christi
169 290 255 317 ﬁdem
281 296 424 318 evocatum
451 292 608 326 suspicatur
631 300 663 319 ex
688 291 781 319 Graeca
803 293 845 318 itt-

38 335 202 370 scriptione
215 337 288 372 apud
303 337 434 373 Sponium
456 343 522 365 sect.
544 346 571 371 ιι,
586 346 662 365 num.
678 338 723 370 2‘2,
743 337 843 366 Severo

37 382 206 411 Alexandro
221 385 384 419 imperante,
398 385 505 420 ipsique
518 385 585 412 adeo
597 384 741 420 Hippolyto
751 392 844 420 aequa-

36 428 109 462 lem;
126 434 157 456 et
174 429 212 457 de
229 430 398 464 temporibus
419 431 565 465 scripsisse
579 431 658 458 docet
673 438 706 458 ex
720 437 842 458 veterum

37 474 228 508 testimoniis,
254 483 372 511 eumque
401 477 567 511 neophytum
590 476 712 511 explesse
737 481 841 512 marty-

35 521 121 548 rium.
147 521 265 549 Accedo
289 523 381 556 itaque
402 522 435 549 ad
462 529 523 549 eam
553 523 733 556 sententiam,
757 531 839 558 quam

35 568 166 595 secundo
194 569 257 596 loco
283 569 353 596 idem
371 569 496 596 laudatus
512 575 609 597 auctor
630 571 656 597 in
681 570 840 605 prtei‘atioue

33 615 194 648 subtexuit,
203 616 301 644 dicens
312 617 504 653 veIHippolyto
512 618 649 653 episcopo,
659 619 700 646 vel
714 628 723 644 ι
735 619 839 646 auctori

33 662 214 697 syucltrono,
241 664 289 698 qui
311 664 408 692 vixerit
431 665 482 693 sub
500 665 656 692 Alexandro
676 667 809 701 Augusto.
826 676 835 692 ι

32 715 94 734 esse
125 707 238 735 librum
269 709 495 743 adjudicandum.
521 710 636 738 Praestat
662 711 723 747 ejus
753 713 836 740 verba

33 754 227 782 transcribere
239 763 272 782 ex
283 763 360 783 num.
373 756 405 782 18
420 756 604 791 prrefatiouis:

68 809 78 824 ί
94 800 244 827 Czeterum
263 800 399 837 Hippolyti
424 802 562 836 Chronico,
586 803 620 830 de
641 810 696 839 quo
713 803 834 838 agimus,

31 845 179 879 geminum
197 854 283 881 prope
303 851 362 879 est,
380 847 433 874 nisi
449 848 595 882 ipsummet
607 849 740 876 exstiterit
754 849 838 876 Chro-

31 891 110 917 m‘con
125 892 210 925 illud,
229 893 303 927 quod
319 894 404 921 edidit
419 894 553 922 Henrictts
569 895 698 923 Cauisius
718 900 784 923 tom.
802 897 837 923 lli

29 937 261 972 Antquectiom,
273 944 299 966 et
312 938 452 975 Philippus
462 939 588 968 Lahbeus
605 947 672 969 tom.
686 941 777 969 lnam
789 942 836 970 Bi-

30 982 179 1011 bliotheca
203 992 238 1012 ex
261 992 313 1012 ms.
331 986 426 1014 codice
447 986 556 1021 collegii
576 987 663 1015 Paris.
688 995 746 1015 soc.
771 987 834 1016 Jesu

29 1031 119 1059 hocce
147 1032 258 1060 titulo:
293 1033 333 1060 De
358 1034 534 1062 divisionibus
567 1041 592 1062 et
623 1037 834 1072 generationibus

29 1079 162 1112 gentium.
180 1078 260 1112 Quod
270 1080 379 1114 quidem
389 1081 537 1109 Clu-enimn
543 1082 576 1110 ad
586 1083 733 1111 Alexandri
742 1083 833 1112 Severi

28 1132 136 1152 annum
152 1133 219 1157 xui,
233 1134 351 1162 eumque
365 1127 470 1162 imperii
485 1134 663 1164 postremum,
680 1138 735 1165 quo
749 1131 834 1166 impe-

28 1177 109 1198 rante
126 1179 158 1199 se
177 1172 282 1200 vixisse
305 1181 361 1201 non
389 1175 474 1202 semel
489 1182 588 1203 auctor
613 1176 711 1209 innuit,
730 1177 831 1212 perdu-

27 1216 111 1244 citur.
128 1216 157 1245 Is
182 1226 248 1246 vero
268 1219 296 1246 in
322 1220 482 1255 praefatione
498 1222 700 1257 descripturum
720 1231 750 1251 se
771 1223 830 1251 ait:

30 1271 40 1288 ι
58 1262 198 1291 Gentium
225 1264 405 1299 divisionem,
420 1272 448 1294 et
465 1273 610 1302 parentum
630 1269 830 1296 dinumeratam

29 1317 40 1333 ι
58 1310 286 1345 generationem,
305 1312 513 1341 inhabitationis
530 1321 640 1349 quoque
655 1319 790 1350 tempora,
804 1320 830 1343 et

30 1363 40 1379 ι
57 1354 200 1382 bellorum
213 1357 435 1391 commissiones,
447 1363 474 1385 et
482 1359 607 1393 judicum
622 1364 756 1395 tempora,
768 1360 827 1395 qui,

29 1409 39 1425 ι
56 1405 87 1428 et
103 1401 211 1436 quibus
234 1403 344 1438 regibus
363 1404 422 1431 uati
447 1409 521 1438 sunt,
545 1405 696 1441 qualesque
715 1407 828 1442 captivi-

28 1455 38 1472 ι
59 1451 134 1475 tates
162 1448 275 1483 populi,
306 1453 334 1477 et
352 1451 453 1485 quibus
480 1451 619 1486 judicibus
643 1452 860 1489 contigerint,c

26 1499 37 1517 ι
56 1492 169 1528 quique
186 1494 354 1528 sacerdotes,
368 1495 469 1530 quibus
486 1496 656 1531 temporibus
668 1496 787 1531 fuerant,
799 1503 827 1526 et

26 1549 36 1565 ι
55 1548 121 1575 quae
136 1540 256 1575 divisio,
272 1546 300 1569 et
323 1550 384 1577 quae
410 1543 526 1578 perditio
546 1543 615 1572 facta
635 1544 690 1578 sit,
706 1552 824 1579 quonam

26 1595 36 1610 ι
56 1586 145 1614 modo
174 1587 313 1621 generatio
338 1588 452 1616 seminis
480 1582 565 1617 Israel
595 1589 629 1617 de
649 1589 776 1619 Patrihus
797 1592 823 1618 in

26 1641 35 1657 ι
53 1632 174 1662 Christo
203 1634 340 1669 completa
370 1635 425 1668 sit,
452 1640 478 1662 et
507 1639 575 1670 quot
600 1636 750 1672 quantique
776 1644 825 1672 per

27 1689 35 1704 ι
53 1683 162 1713 quanta
183 1684 308 1714 tempora
331 1680 539 1709 dinumerentur
564 1684 628 1709 anni
657 1690 672 1710 a
698 1688 824 1710 creatura

26 1735 36 1751 ι
54 1726 154 1753 saeculi
182 1733 273 1761 usque
292 1727 320 1754 in
341 1727 413 1755 hunc
437 1728 519 1755 diem.
537 1737 545 1754 ›
568 1727 723 1756 Praefationi
741 1729 820 1757 index

24 1772 187 1807 subjicitur,
213 1773 294 1807 cujus
311 1773 327 1800 6
345 1778 426 1808 caput
445 1773 521 1802 hisce
540 1773 632 1801 verbis
659 1778 820 1809 conceptum

24 1818 126 1853 legitur
141 1827 149 1845 :
175 1827 185 1844 ‹
203 1818 359 1846 Declaratio
373 1818 496 1852 Paschar,
511 1824 538 1847 et
555 1821 617 1854 quis
637 1819 747 1854 quando
762 1827 821 1846 ser-

27 1873 36 1889 ι
52 1865 128 1893 varit
145 1873 180 1892 ex
198 1865 371 1900 temporibus
389 1865 477 1901 Moysi
494 1866 521 1892 in
539 1865 613 1893 hunc
627 1865 711 1892 diem.
728 1874 738 1890 ι
754 1864 820 1898 Qua:

23 1911 134 1945 quidem
147 1911 182 1939 ad
195 1919 228 1938 ea
240 1909 476 1946 referuntur,qum
488 1911 623 1938 habentur
634 1911 662 1938 in
674 1918 704 1939 ea
718 1911 816 1938 sectio-

25 1965 69 1989 ne,
85 1957 130 1985 ubi
143 1957 178 1985 de
189 1957 326 1985 Pascbatc
339 1957 454 1985 subinde
464 1964 479 1984 a
489 1956 591 1984 Judzeis
605 1961 702 1984 exacto
715 1957 815 1992 agitur.

25 2001 92 2029 Tum
101 2003 214 2030 additur
225 2012 233 2029 :
250 2011 260 2028 ‹
271 2003 293 2029 A
304 2002 477 2037 generatione
488 2007 579 2030 autem
596 2002 696 2030 Christi
711 2006 773 2038 post
783 2001 817 2029 50

28 2057 37 2073 ε
58 2056 142 2076 annos
170 2056 237 2076 cum
266 2055 366 2083 passus
391 2052 433 2076 est
450 2047 599 2081 Dominus,
612 2058 620 2085 =_
622 2047 729 2076 Pascha
745 2047 817 2076 cele-

143 2809 286 2839 Pn‘noc.
305 2805 362 2835 Gtt.
379 2804 420 2836 Χ.

900 163 910 180 ι
930 159 1021 182 autem
1047 154 1156 183 Domini
1187 164 1274 191 usque
1305 158 1331 184 in
1357 166 1404 185 xut
1443 166 1545 186 annum
1576 159 1683 195 imperii

899 211 910 228 ‹
928 201 1074 229 Alexandri
1086 203 1202 231 Ctesaris
1216 204 1279 231 anni
1292 203 1354 237 206,
1364 210 1501 233 servatum
1513 210 1554 234 est
1565 205 1681 239 Pascha,

899 256 908 273 ι
927 247 1000 282 quod
1019 247 1047 275 in
1066 249 1354 277 commemorationem
1377 250 1486 278 Domini
1511 252 1597 279 nostri
1615 252 1681 281 Jesu

897 304 907 320 ι
926 294 1027 322 Christi
1045 299 1169 322 servatur
1180 303 1195 322 a
1209 296 1298 324 nobis.
1312 295 1392 324 Fiunt
1406 297 1490 332 igitur
1505 306 1601 326 omnes
1615 299 1682 327 anni

898 349 907 366 ι
927 340 960 367 ab
973 341 1058 368 Adam
1077 349 1163 376 usque
1184 342 1211 369 in
1230 342 1303 370 hunc
1319 343 1391 370 diem
1405 344 1469 372 auui
1485 344 1566 373 5758.
1585 355 1594 371 ι
1614 345 1680 379 Quae

893 385 1002 419 quidem
1021 386 1066 412 hic
1085 393 1100 412 a
1113 386 1192 414 nobis
1213 387 1295 415 allata
1312 388 1335 415 si
1355 389 1417 424 quis
1435 397 1497 417 cum
1509 391 1553 423 iis,
1570 399 1631 425 quae
1645 392 1679 419 de

893 429 1027 466 Hippolyti
1042 431 1170 459 Chronico
1184 434 1334 468 attigimus,
1350 435 1382 461 ad
1397 436 1530 463 amussim
1551 437 1679 465 conferre

891 478 976 511 velit;
996 478 1062 505 illud
1090 479 1180 514 ipsum
1206 487 1267 507 esse
1290 481 1412 515 ejusdem
1433 482 1581 510 Chronioon
1605 484 1677 511 haud

892 522 1034 550 diiiieulter
1047 523 1116 551 forte
1131 525 1272 558 concedet,
1291 526 1334 553 cui
1352 526 1511 555 laterculum
1530 529 1553 556 is
1569 530 1677 563 praemi-

891 569 967 601 serit,
987 570 1028 597 vel
1039 570 1198 603 subdiderit,
1229 570 1256 597 in
1285 569 1425 599 Paschalis
1441 571 1512 604 festi,
1529 573 1561 600 de
1577 581 1631 608 quo
1648 573 1677 601 in

890 616 946 649 illa,
961 624 1042 651 quam
1056 616 1187 650 diximus,
1207 618 1326 645 sectione
1341 619 1404 653 egit,
1418 618 1572 646 inveniendi
1593 628 1675 647 ωηο-ι

889 670 951 689 nem
964 670 1012 689 seu
1028 663 1147 697 reg-uiam
1159 672 1166 696 ;
1179 663 1212 690 ad
1226 672 1307 698 quant
1322 665 1474 699 przeteritos
1488 670 1515 693 et
1529 671 1674 700 sequentes

889 714 977 735 annos
994 709 1148 743 expendere
1166 709 1295 737 lectorem
1313 712 1440 739 voluerit.
1458 721 1468 738 ›

850 782 872 810 Β
922 775 1006 808 Recte
1030 782 1140 816 quidem
1164 786 1371 817 argumentatur
1395 790 1428 810 ex
1462 782 1537 811 hisce
1564 782 1673 811 duobus

888 828 1011 855 numeris
1028 836 1163 856 annorum
1173 836 1188 856 a
1198 828 1329 856 Passione
1341 829 1448 856 Domini
1460 830 1494 857 ad
1509 837 1611 857 annum
1622 837 1673 857 xut

889 873 981 902 Severi
997 875 1155 908 Alexandri,
1172 884 1224 903 nec
1236 884 1290 903 non
1309 877 1343 903 ab
1357 883 1401 909 eo,
1415 884 1498 911 quem
1516 885 1582 904 xxxt
1607 881 1671 904 ante

886 919 1046 949 l’assionem
1061 930 1094 949 ex
1117 927 1238 949 veterum
1260 923 1393 950 sententia
1415 924 1596 950 inearnationi
1620 923 1673 951 Do-

886 968 994 995 minicae
1009 968 1156 995 tribuebat.
1176 968 1347 1002 Quinetiam,
1375 973 1405 996 ut
1428 969 1526 996 addam
1549 969 1671 1003 reliquas

884 1013 1004 1048 epochas
1020 1014 1047 1041 in
1066 1022 1220 1042 marmoreo
1228 1013 1333 1041 Canone
1348 1015 1506 1048 recensitos,
1520 1015 1667 1042 concedam

884 1060 1028 1095 pierasque
1044 1068 1139 1088 earum
1152 1068 1214 1088 cum
1232 1060 1355 1087 numeris
1371 1061 1474 1088 codicis
1488 1060 1625 1088 Labbeani
1643 1065 1671 1089 et

884 1106 1023 1133 Canisiani
1054 1113 1216 1141 congruere.
1245 1105 1345 1133 Verum
1363 1114 1425 1133 cum
1456 1106 1609 1141 discrepent
1633 1107 1668 1134 ab

883 1151 986 1178 eisdem
1015 1151 1145 1186 reliquae,
1177 1159 1265 1186 eaque
1290 1153 1462 1187 potissimum
1487 1159 1548 1187 quae
1574 1151 1669 1179 deﬂuit

882 1196 1055 1224 intervallum
1070 1197 1142 1223 inter
1157 1196 1211 1224 duo
1223 1196 1367 1231 Paschata,
1384 1197 1469 1224 Exodi
1482 1202 1510 1225 et
1528 1197 1666 1231 Ezechiae;

881 1244 1021 1272 evidenter
1041 1244 1196 1271 ostenditur
1217 1251 1402 1272 marmoreum
1423 1244 1559 1280 Hippolyti
1580 1245 1665 1272 Chro-

881 1292 959 1318 nicon
972 1291 1109 1318 diversum
1127 1298 1188 1318 esse
1205 1298 1220 1317 a
1244 1291 1345 1326 scripto
1361 1290 1412 1326 ipsi
1426 1290 1534 1326 aequali,
1549 1291 1575 1317 in
1588 1298 1666 1318 com-

880 1338 952 1372 putis
980 1338 1162 1366 dissentienti.
1191 1337 1260 1365 Cum
1288 1346 1352 1365 vero
1381 1341 1502 1370 constet,
1529 1336 1666 1374 Hippolyti

880 1390 1010 1410 numeros
1024 1388 1080 1410 tam
1099 1390 1185 1418 prope
1202 1383 1332 1410 accedere
1352 1382 1386 1410 ad
1403 1383 1564 1418 peritiorum
1583 1384 1664 1411 chroa

878 1430 1039 1465 nologorum
1069 1428 1228 1462 sententias,
1267 1430 1306 1456 uti
1329 1438 1361 1456 ex
1391 1430 1594 1464 comparatione
1615 1438 1666 1457 os.

877 1483 985 1506 tensum
1005 1476 1057 1504 fuit
1084 1484 1165 1511 supra
1187 1480 1321 1504 tecoutra
1344 1483 1408 1503 vero
1429 1475 1540 1511 avitiosa
1575 1477 1664 1504 manis

876 1524 945 1552 feste
965 1523 1002 1551 sit
1023 1522 1189 1557 computatio
1215 1523 1343 1558 anonymi
1360 1523 1389 1550 in
1415 1522 1568 1551 deﬁniendo
1591 1531 1662 1558 prata

876 1570 970 1598 sertim
985 1569 1128 1597 intervallo
1145 1577 1160 1596 a
1174 1568 1308 1596 Paschate
1322 1568 1406 1596 Josue
1423 1569 1457 1596 ad
1472 1568 1577 1597 Pascha
1594 1569 1662 1597 Eze-

875 1617 960 1650 chiae;
979 1624 1067 1651 operae
1082 1616 1199 1650 pretium
1217 1615 1297 1648 duco,
1312 1615 1432 1642 rationes
1453 1614 1588 1650 Hippolyti
1610 1615 1661 1643 hoc

877 1662 904 1689 in
927 1666 1106 1689 monumento
1123 1661 1284 1695 superstites
1299 1660 1445 1692 exhibere;
1468 1665 1498 1687 ut
1512 1660 1570 1687 hac
1587 1660 1660 1691 anti-

876 1707 1008 1740 quissima
1027 1706 1150 1734 omnium
1175 1706 1351 1740 chronologia
1371 1705 1517 1740 paschalis,
1533 1705 1660 1733 maxima:

875 1753 1011 1788 Hippolyti
1029 1752 1131 1787 peritia:
1144 1752 1231 1783 testis.
1249 1751 1276 1778 in
1296 1751 1559 1778 commendationem
1581 1750 1661 1778 cedat

874 1800 1015 1835 sapientiae
1030 1799 1153 1830 Patrum,
1173 1799 1220 1834 qui
1241 1798 1358 1833 proximi
1378 1798 1412 1825 ab
1427 1797 1569 1832 apostolis,
1582 1801 1609 1824 et
1623 1797 1658 1824 ab

875 1845 1031 1881 apostolicis
1041 1845 1108 1873 viris
1121 1844 1208 1880 prima
1220 1844 1347 1872 Ecclesia
1361 1844 1469 1876 saecula,
1482 1847 1512 1871 ut
1526 1843 1658 1878 sanguine

873 1900 923 1927 pro
947 1892 1056 1920 Christo
1088 1891 1164 1925 fuso,
1187 1892 1223 1918 ila
1248 1891 1331 1918 etiam
1356 1891 1465 1925 scriptis
1494 1889 1658 1917 clarissimis

871 1940 1053 1967 illustrarunt.

871 1998 1018 2034 (Cononem
1030 1998 1180 2033 paschalem
1193 1997 1223 2025 S.
1235 1996 1374 2033 Hippolyti
1391 1996 1448 2023 uide
1465 1994 1559 2031 infra.)
1575 1993 1655 2022 Ent'h

871 2047 955 2074 Pun.

1451 2793 1490 2826 13
