1857 3051
247 181 302 212 405

646 180 689 207 DE
708 179 905 207 POllTUENSl
924 180 954 208 S.
975 179 1155 207 Hll’POLYTl
1173 178 1269 206 SEDE.
1286 194 1320 199 —
1338 179 1427 207 PARS
1446 179 1465 207 l.
1831 179 1855 206 ll

246 248 310 269 ante
323 248 408 269 annos
424 240 517 271 edidit,
535 247 616 275 quam
636 239 751 267 Rufinus
767 240 925 268 Eusebianze
945 239 1035 266 Ιιίεθοε
1050 242 1073 270 Α
1086 239 1194 273 capitali
1213 239 1345 274 supplicio
1362 240 1453 266 statim
1477 239 1609 266 sententia
1627 243 1742 267 senatus
1761 239 1855 266 damn;

246 289 294 315 ria!
310 288 460 315 versionem
474 286 645 313 adornasset.
676 286 735 313 Non
759 286 843 313 levem
867 286 984 320 denique
1003 285 1031 313 ὃ.

245 325 351 360 doctori
380 331 472 360 Graece
498 339 530 358 ac
556 331 688 359 liebraice
713 331 879 366 peritissimo
904 331 1032 365 injuriam

245 379 331 414 gratis
357 379 470 406 inurunt
493 377 617 414 Moynius
640 383 667 405 et
695 377 831 413 Scaliger,
853 378 918 405 dum
944 378 1033 412 ipsum

243 417 299 451 non
316 423 425 452 aliunde
450 424 518 456 haec,
537 431 598 458 quae
612 424 646 450 de
661 422 807 458 Apollonio
821 423 941 456 tradidit,
968 422 1034 449 hau-

244 470 314 497 sisse
327 474 471 498 autumant
485 477 567 505 quam
583 477 615 497 ex
628 473 775 496 memorata
788 467 879 495 Rufini
893 468 1032 501 versione;

244 515 310 550 quid
324 515 396 542 enim
411 516 470 550 ipsa
485 523 555 550 opus
569 515 663 542 habuit
680 514 870 550 Hieronymus,
895 514 942 549 qui
957 513 1033 541 Grie-

243 567 291 587 cas
314 559 418 587 litteras
443 564 499 587 tam
520 559 604 594 probe
625 559 737 586 calluit?
758 558 898 593 Tandem,
915 562 945 585 ut
959 562 1035 585 notat

243 604 420 633 doctissimus
435 604 780 632 monacbusTheodoricus
796 604 953 631 Ruinartius
965 602 1032 638 (87),

244 650 274 677 S.
289 649 456 686 Hieronymo
472 649 563 677 favent
580 655 670 677 vetera
694 657 809 684 quaeque
830 649 1032 684 Martyrologia,

243 704 306 731 qua:
319 696 363 723 die
385 695 418 723 18
430 695 542 731 Aprilis,
565 704 619 730 quo
642 696 728 723 sancti
749 695 883 730 Apollonii
905 695 976 721 diem
995 694 1034 721 fe—

244 747 317 769 stum
345 742 503 774 celebrant,
527 749 591 769 eum
613 741 736 769 disertim
763 745 915 768 senatorem
944 740 1034 775 appel-

246 788 312 815 lant.

245 841 281 872 ν.
291 841 321 870 S.
330 842 488 877 Apollonius
498 850 549 870 non
557 852 573 869 a
584 842 697 870 Perenni
707 843 840 878 prmfecto,
849 843 894 870 sed
908 852 924 870 a
940 848 1034 870 senatu

391 878 502 912 capitali
525 879 655 905 sententia
678 878 820 906 deartuatus
837 879 899 913 fuit.

278 923 358 957 Quod
369 924 403 951 ad
413 925 509 959 capitis
523 926 686 952 sententiam
703 926 810 957 attinet,
819 933 873 960 qua
885 925 1034 952 damnatus

243 975 286 999 est
306 971 476 1005 Apollonius,
490 971 562 999 hanc
577 980 631 999 non
650 980 665 999 a
679 971 795 1000 Perenni
810 972 949 1008 praefecto,
959 973 1004 1000 sed
1018 980 1034 1000 a

245 1022 344 1045 senatu
354 1017 554 1053 promulgatam
570 1023 686 1046 testatur
696 1019 841 1051 Eusebius,
859 1019 939 1054 cujus
952 1019 1034 1046 verba

244 1063 417 1098 paulosupra
431 1064 577 1098 exscripsit
588 1064 715 1091 idemmet
727 1064 955 1100 Moynius;quare
963 1072 1036 1092 sum-

243 1116 356 1144 mopere
370 1109 518 1142 miramur,
532 1109 621 1137 virum
640 1110 748 1137 doctum
760 1131 767 1142 ,
784 1110 884 1138 suimet
899 1111 1033 1154 quodam)-

243 1155 327 1182 modo
337 1155 524 1189 oblitum,tam
536 1156 656 1183 absurda
665 1156 814 1183 dictitasse.
826 1156 958 1184 Perennis
969 1165 1035 1191 prte-

243 1201 316 1230 torio
327 1201 471 1236 praefectus
481 1209 534 1228 non
547 1201 573 1228 in
584 1202 768 1236 Apollonium,
777 1202 824 1229 sed
837 1202 864 1228 in
876 1202 1035 1229 seelestissi—

243 1253 319 1273 mum
329 1246 446 1273 iudicem
458 1246 505 1281 qui
515 1246 689 1281 Apollonium
700 1246 888 1273 Christianum
900 1254 961 1274 esse
972 1254 1035 1281 pro-

242 1292 315 1320 didit
326 1291 417 1328 (quem
429 1292 458 1320 S.
470 1291 654 1328 Hieronymus
666 1292 722 1328 (88)
733 1292 875 1328 ipsiusmet
889 1293 917 1320 S.
932 1296 1035 1328 marty-

243 1339 285 1366 ris
300 1346 410 1366 servum
423 1337 554 1366 Severum
566 1339 677 1367 nomine
693 1339 778 1367 fuisse
790 1340 905 1374 scribit),
918 1339 1033 1366 extremi

243 1385 370 1419 supplicii
384 1385 547 1413 sententiam
562 1385 760 1420 pronuntiavit.
777 1385 815 1413 En
829 1385 914 1421 ipsius
925 1385 1034 1413 Eusebii

242 1430 326 1457 verba
340 1431 415 1465 (89):
434 1440 443 1456 ι
466 1431 518 1458 Sed
535 1432 629 1461 miser,
656 1432 753 1466 inquit,
776 1432 965 1467 intempestive
988 1440 1034 1459 su-

243 1480 336 1510 scepta
354 1476 529 1504 accusatione
544 1477 680 1510 (videlicet
697 1477 802 1512 servus)
813 1499 820 1509 ,
838 1486 900 1504 cum
916 1478 1034 1512 impera-

242 1522 315 1549 torio
330 1521 421 1549 edicto
437 1522 562 1556 capitalis
583 1530 664 1557 poma
684 1523 710 1549 in
726 1530 774 1549 eos
805 1524 851 1557 qui
871 1523 934 1550 talia
956 1523 1034 1550 detu-

243 1568 341 1596 lissent
361 1575 434 1596 esset
450 1569 598 1596 constituta
611 1589 619 1602 ,
633 1569 776 1597 confestim
797 1569 891 1597 fractis
907 1571 1033 1598 cruribus

243 1615 389 1648 occiditur,
401 1614 524 1643 Perenne
533 1615 626 1650 judice
641 1616 776 1650 ejusmodi
792 1617 923 1646 adversus
941 1619 1031 1653 ipsum

244 1660 409 1688 sententiam
434 1661 640 1696 pronuntiante.
658 1671 668 1688 ι
686 1662 846 1696 Apollonius
863 1671 928 1691 vero
949 1671 965 1691 a
990 1672 1033 1692 se-

244 1709 322 1738 natu,
335 1710 366 1733 ut
381 1705 518 1740 diximus,
531 1714 586 1734 non
602 1714 618 1734 a
635 1706 763 1739 Pcreuni,
773 1708 882 1742 capitali
897 1711 1032 1738 sententia

244 1750 298 1778 fuit
311 1751 474 1786 damnatus,
489 1753 561 1787 quod
578 1754 722 1788 perspicue
737 1754 817 1781 docet
839 1754 972 1783 Eusebius
990 1756 1032 1784 his

245 1796 338 1824 verbis
352 1806 359 1824 :
376 1806 387 1823 ε
402 1796 504 1824 Verum
527 1797 583 1825 Deo
598 1799 804 1833 acceptissimus
827 1805 939 1836 martyr,
963 1802 1033 1828 mul-

244 1847 304 1870 tum
319 1850 351 1870 ac
363 1843 445 1870 enixe
458 1851 521 1871 eum
535 1849 668 1872 exorante
686 1845 795 1880 judice,
822 1851 852 1874 ut
868 1848 901 1874 de
916 1848 968 1876 ﬁde
984 1857 1033 1877 sua

246 1895 341 1915 coram
353 1893 448 1916 senatu
461 1889 630 1924 loqueretur,
639 1897 700 1916 cum
713 1890 897 1918 disertissima
908 1892 1033 1928 apologia

247 1933 311 1960 ﬁdei
330 1941 387 1961 suae
400 1941 492 1961 coram
517 1934 645 1962 omnibus
661 1935 794 1962 rationem
813 1940 927 1964 testatus
943 1943 1033 1971 esset,

246 2011 552 2049 ecclesiastiqae,_Notes
574 2020 622 2040 sur
635 2013 710 2049 saint
732 2014 864 2048 Apollone
887 2014 1033 2049 sénateur,

246 2054 309 2082 pag.
323 2046 375 2084 611
385 2047 451 2074 edit.
462 2047 548 2074 Paris.
562 2055 608 2075 an.
617 2048 695 2079 i70l,
705 2046 802 2076 notél:
814 2059 823 2075 ε
836 2056 895 2077 ...θι
908 2051 988 2084 qu‘ils
1001 2046 1035 2078 ne

247 2089 278 2110 se
296 2082 385 2118 soieut
397 2090 445 2117 pas
454 2090 590 2110 souvenus
605 2091 658 2118 que
669 2084 747 2113 Rutili
764 2085 805 2112 n‘a
820 2082 1034 2114 traduitEusébe

250 2117 380 2156 quenbiem
392 2118 440 2156 d_e_s
453 2117 646 2156 annéesaprés
654 2127 706 2153 que
720 2120 748 2147 S.
764 2119 871 2147 Jérome
880 2121 951 2148 avait
960 2121 1034 2156 parlé

247 2151 282 2214 dli;
351 2152 481 2187 Apollone
502 2160 536 2180 en
548 2151 610 2186 592,
624 2151 695 2182 dans
705 2162 754 2182 son
768 2155 848 2183 traité
857 2155 907 2183 Des
920 2151 1034 2184 Inarime:

247 2196 256 2214 ι
281 2196 311 2214 ιω
326 2196 375 2214 res.
397 2198 406 2214 ι

247 2196 436 2260 ,ηιξἕέςεὶλᾶᾳῄ
451 2227 609 2260 iitqrtyrum,
635 2232 696 2259 pag.
721 2224 766 2256 72,
783 2225 816 2252 de
835 2224 863 2251 S.
892 2225 1035 2260 Apollonio

247 2257 380 2295 martyre,
396 2258 461 2295 edit.
477 2257 609 2295 Veronae
632 2257 683 2286 an:
709 2259 788 2287 1751.
817 2257 1036 2295 Martyrologium

247 2290 352 2320 Adonis
364 2290 407 2320 die
421 2293 454 2320 18
469 2293 569 2328 Aprilis
593 2293 623 2320 S.
647 2295 782 2328 Apollonii
805 2290 942 2324 senatoris
959 2290 1038 2324 tiren-

248 2328 457 2365 tionem‘habet,
470 2337 531 2365 pag.
558 2329 610 2365 1617
625 2329 690 2356 edit.
713 2329 807 2357 Romae
823 2330 902 2363 1745,
914 2339 994 2365 opera
1011 2336 1038 2360 et

249 2363 340 2401 studio
356 2362 489 2401 |_)_onli_nici
504 2363 624 2401 Georgii,
640 2364 688 2398 qui
699 2365 808 2401 insuper
819 2365 875 2392 haec
885 2362 964 2401 not-at
976 2375 1036 2401 pag.

248 2397 318 2425 162:
331 2407 341 2423 ε
359 2397 506 2425 Meminere
518 2397 695 2431 Ado’noster,
713 2397 864 2433 Usuardus,
884 2397 1037 2428 Romanum

247 2440 376 2473 parvum,
392 2438 419 2460 et
432 2432 576 2461 Notkerus.
593 2433 712 2462 Meminit
728 2434 954 2463 Riclienoriense.
972 2446 980 2462 ι
1001 2436 1038 2464 De

249 2468 324 2494 Illius
347 2469 477 2494 martvrio
500 2468 634 2494 Baronius
658 2470 691 2494 ad
714 2477 759 2494 an.
783 2470 852 2494 189.
878 2479 953 2494 num.
977 2472 988 2494 1
1011 2477 1038 2494 ιιι

249 2470 324 2495 illius
347 2470 477 2503 martyrio
500 2470 634 2496 Baronius
658 2470 691 2496 ad
714 2477 759 2497 an.
783 2470 856 2502 189,
878 2479 953 2498 num.
977 2472 989 2498 1
1011 2477 1038 2499 et

248 2511 328 2541 seq.;_
344 2502 444 2538 Pagins
456 2503 483 2530 in
495 2503 639 2541 (ἐβάρει-εὐ
656 2512 701 2541 an.
717 2505 778 2537 187,
792 2513 867 2534 num.
882 2506 909 2538 5,
926 2514 1037 2541 passum

248 2538 389 2576 existimat
407 2546 479 2576 anno
497 2539 557 2576 l8t_i.
582 2538 723 2576 Usuardus
736 2548 844 2575 quoque
873 2540 902 2569 S.
926 2538 1038 2576 Apollo-

247 2574 324 2611 nium
338 2574 471 2611 senatoris
485 2574 563 2611 titulo
576 2573 713 2611 decoravit
723 2573 751 2603 εἰ
767 2573 859 2603 nm
873 2576 944 2603 beati
953 2573 1039 2611 'Apol-

248 2607 474 2646 lonirsenatoris,
491 2609 537 2646 qui
548 2610 607 2646 (sub
619 2609 769 2638 Commodo
783 2611 905 2646 principe
923 2620 938 2639 a
957 2607 1038 2639 servo

249 2643 389 2680 proditus,
401 2644 473 2678 quod
489 2644 661 2680 Christianus
681 2650 762 2678 esset,
783 2643 891 2680 insigne
909 2647 1036 2675 volumen

250 2679 414 2712 composuit,
429 2679 501 2715 quod
515 2679 544 2706 in
558 2685 651 2706 senatu
666 2680 739 2715 legit,
751 2689 783 2708 ac
795 2679 892 2708 deinde
905 2683 1037 2709 sententia

250 2719 362 2741 senatus
375 2722 424 2749 pro
437 2714 547 2742 Christo
562 2715 649 2749 capite
665 2714 805 2744 truncatus
819 2721 869 2743 est;
890 2727 899 2742 1
917 2717 1037 2744 Videnda

250 2722 362 2741 senatus
394 2722 424 2741 ro
437 2722 547 2742 miristo
562 2722 649 2749 capite
665 2722 805 2744 truncatus
819 2722 869 2743 est.
890 2727 899 2742 ι
920 2722 1037 2744 ridenda

249 2757 311 2783 qua:
324 2749 357 2776 ad
373 2722 447 2776 guno
469 2749 558 2777 locum
583 2751 687 2777 notavit
711 2750 829 2779 Joannes
843 2751 961 2787 Baptista
977 2752 1037 2779 Sol-

250 2783 334 2812 lcrius
348 2784 571 2812 accuratissimus
584 2785 700 2812 Usuardi
715 2786 812 2812 editor.
827 2792 892 2812 tom.
907 2786 949 2812 Vl.
967 2794 1034 2812 nari.

251 2785 334 2812 lcrius
348 2785 571 2813 accuratissimus
584 2785 700 2813 Usuardi
715 2786 812 2818 editor,
827 2785 892 2813 tom.
907 2786 949 2817 Vl,
967 2794 1034 2821 part.

251 2826 271 2849 ι.
284 2819 349 2846 Acta
364 2824 522 2856 sancmrum
539 2821 642 2848 mensis
665 2819 739 2848 Junii
759 2829 819 2856 pag.
837 2821 889 2847 218
907 2823 970 2848 edit.
991 2822 1037 2849 Ve-

250 2859 319 2891 netzn
332 2855 398 2891 anni
411 2855 480 2882 1·Πό
489 2863 567 2891 ,7nec
580 2863 632 2883 non
649 2863 710 2891 quae
726 2856 888 2883 Godefridus
902 2856 1036 2885 Hensclie-

250 2889 323 2924 nius,
337 2895 364 2918 et
384 2890 478 2919 Daniel
499 2889 700 2926 Papcbrocliius
724 2896 791 2918 tom.
822 2891 843 2918 ll
863 2892 921 2920 Aet.
947 2897 1033 2921 sanet.

1085 289 1138 312 tur.
1153 295 1162 311 ι
1180 285 1246 312 Jure
1263 285 1345 320 igitur
1362 294 1394 312 ac
1421 286 1517 312 merito
1540 285 1673 312 llcnricus
1696 285 1834 312 Valesius

1084 333 1156 360 nolis
1171 333 1204 359 ad
1225 332 1296 358 hunc
1310 331 1418 359 Eusebii
1436 331 1526 358 locum
1551 331 1717 358 senatoriam
1736 331 1855 365 Apollo!

1085 379 1243 414 dignitatem
1259 378 1366 412 egregie
1381 382 1487 409 tuetur,
1500 385 1533 403 eo
1557 377 1629 411 quod
1647 377 1707 411 ipse
1723 385 1739 404 a
1762 376 1853 404 Peren

1086 421 1213 457 praefecto
1237 421 1333 456 jussus
1364 421 1447 448 fuerit
1473 429 1565 448 coram
1596 426 1693 448 senatu
1722 421 1796 448 ﬁdei
1827 429 1855 449 su

1085 469 1217 495 rationem
1242 468 1363 494 reddere.
1388 466 1496 494 Valesio
1521 467 1698 494 subscribunt
1723 466 1855 494 'l‘illemm

1085 515 1139 542 tius
1152 514 1207 549 (90)
1224 518 1251 541 et
1267 513 1407 549 Remigius
1419 513 1572 540 Ceillierius
1588 513 1658 547 (91).

1085 571 1129 598 Ἣ.
1150 571 1293 605 Praefectos
1312 571 1436 604 prwlorio
1452 570 1574 604 ipsosmet
1598 573 1733 595 senatores
1755 568 1853 602 quand

1296 613 1344 640 que
1354 606 1490 640 judicasse
1505 605 1659 630 ostenditur.

1121 651 1215 686 Neque
1229 659 1279 678 nos
1295 651 1389 678 sinunt
1404 651 1430 676 in
1444 650 1607 677 contrariam
1621 650 1697 676 abire
1709 650 1854 676 sententia

1086 696 1215 733 Scaligeri
1227 701 1254 724 et
1266 697 1365 732 Moynii
1377 701 1547 731 argumenta,
1565 700 1658 730 utpote
1670 703 1733 730 qua:
1749 695 1829 722 facili
1842 695 1855 721 d

1085 744 1194 770 luantur
1201 743 1318 777 negotio.
1328 742 1501 768 Dicuntenim
1510 741 1665 775 prmfectum
1677 741 1827 774 prictorio,
1838 748 1853 774 q

1085 794 1150 816 tunc
1163 789 1291 822 temporis
1302 796 1334 814 ex
1343 788 1462 822 equestri
1473 787 1568 814 ordine
1579 787 1766 813 desumcbatu
1772 793 1797 818 r,
1808 794 1855 812 sen

1086 840 1174 862 torum
1188 834 1298 870 judiciis
1310 834 1443 861 interesse
1457 833 1531 860 nullo
1546 836 1624 867 pacto
1638 832 1772 867 potuisse
1785 841 1791 857 :
1808 836 1852 866 atq

1086 881 1216 908 Perennis
1228 880 1353 915 praetorio
1361 878 1515 914 praefectus,
1523 886 1585 906 cum
1596 878 1622 904 in
1640 883 1742 904 senatu
1754 878 1792 905 de
1803 879 1855 911 Apc

1050 917 1070 944 Β
1085 924 1158 951 lonio
1167 924 1281 957 qmestio
1293 923 1385 950 habita
1398 927 1439 950 est
1450 943 1457 955 ,
1472 930 1591 957 praesens
1609 921 1672 955 fuit,
1685 927 1713 949 et
1734 923 1855 949 sanctis:

1085 977 1159 996 mum
1171 968 1272 995 Clu-isti
1284 973 1430 1004 martyrem
1444 976 1492 1002 pro
1504 968 1633 995 tribunali
1642 968 1676 995 de
1689 976 1754 995 suae
1772 968 1853 1003 religi

1085 1016 1128 1043 nis
1141 1015 1193 1042 nde
1204 1015 1390 1050 interrogavit:
1402 1014 1575 1049 Apollonium
1587 1022 1654 1049 ergo
1666 1022 1701 1041 ex
1713 1020 1854 1042 senatoru

1085 1061 1147 1088 albo
1160 1060 1272 1088 omnino
1287 1060 1443 1087 delendum.
1460 1060 1589 1087 Fatemur
1601 1060 1732 1094 equidem
1748 1068 1818 1088 cum
1834 1062 1855 1087 dt

1085 1107 1136 1134 ctis
1153 1107 1218 1133 viris
1230 1106 1374 1133 Pancirolo
1387 1107 1443 1141 (92)
1458 1112 1485 1134 et
1503 1106 1670 1134 Gotbofredo
1686 1106 1748 1142 (95)
1759 1127 1767 1139 ,
1784 1113 1855 1142 prati

1086 1153 1126 1180 rio
1144 1151 1294 1187 praefectos,
1312 1156 1341 1179 ut
1356 1154 1429 1180 viros
1440 1153 1576 1188 equestris
1590 1154 1710 1186 ordinis,
1728 1155 1838 1181 nullam

1085 1203 1226 1225 senatores
1242 1202 1404 1232 potestatem
1420 1203 1483 1225 ante
1500 1198 1685 1226 Alexandrum
1698 1199 1768 1234 jure
1783 1201 1853 1227 habe

1085 1244 1220 1279 potuisse;
1255 1252 1349 1272 verum
1373 1245 1409 1272 ob
1441 1246 1664 1280 corruptissimos
1691 1247 1853 1281 quorumda

1084 1290 1269 1325 Augustorum
1283 1299 1384 1324 mores,
1401 1293 1447 1327 qui
1466 1292 1594 1319 vitiorum
1610 1292 1754 1320 illecebris
1774 1294 1855 1320 irretil

1086 1336 1192 1371 imperii
1213 1345 1290 1372 mque
1312 1345 1343 1365 ac
1370 1338 1482 1372 pudoris
1505 1338 1699 1369 immemores,
1719 1339 1855 1373 reipublic

1085 1384 1270 1410 moderamina
1282 1383 1415 1418 praal‘ectis
1429 1384 1813 1418 pralorioconcrediderunt,
1827 1394 1853 1412 re

1084 1430 1164 1458 aliter
1179 1430 1304 1458 evenisse
1328 1431 1452 1458 scribunt
1475 1431 1582 1457 illorum
1604 1436 1764 1465 temporum
1789 1433 1855 1459 ocul.

1084 1478 1181 1504 tissimi
1195 1481 1287 1509 testes,
1302 1477 1412 1504 Tacitus
1424 1477 1481 1512 (94)
1497 1498 1504 1510 ,
1519 1477 1704 1512 Lampridius.
1720 1478 1784 1511 Dio,
1801 1479 1855 1505 lien

1084 1523 1192 1555 dianus,
1209 1522 1384 1558 Spartianus,
1401 1523 1512 1557 aliique,
1527 1532 1559 1551 ex
1575 1532 1693 1558 quorum
1711 1533 1854 1552 monumei

1084 1568 1119 1595 tis
1134 1573 1226 1602 aperte
1245 1567 1400 1602 colligimus
1412 1568 1555 1602 praefectos
1578 1569 1707 1603 prattorio
1723 1577 1781 1597 non
1803 1578 1853 1596 IIIOI

1084 1618 1240 1641 senatorum
1256 1622 1354 1642 causas
1371 1619 1434 1642 ante
1448 1615 1633 1642 Alexandrum
1655 1615 1820 1650 judicasse,
1839 1626 1852 1642 γ

1083 1668 1155 1693 rum,
1171 1660 1243 1696 quod
1256 1661 1405 1688 maximum
1419 1665 1470 1693 est,
1484 1661 1590 1696 imperii
1607 1660 1728 1688 Romani
1740 1662 1829 1690 veluti
1840 1671 1851 1689 ε

1082 1707 1170 1734 bitros
1199 1707 1349 1734 exstitisse.
1378 1706 1511 1734 Perennis
1544 1708 1673 1742 praetorio
1711 1708 1850 1742 praefecto.

1083 1760 1163 1786 quem
1188 1757 1267 1787 negat
1292 1752 1422 1787 Scaliger,
1447 1757 1476 1779 ut
1495 1753 1583 1780 virum
1599 1754 1737 1788 equestris
1752 1754 1849 1780 ordini

1083 1802 1240 1825 senatorum
1262 1798 1373 1832 judiciis
1399 1798 1531 1826 interesse
1553 1801 1692 1833 potuisse,
1723 1798 1848 1826 Commoi

1084 1845 1255 1878 luxuriante,
1286 1845 1434 1872 vastissimi
1458 1845 1564 1880 imperii
1587 1846 1710 1873 habenas
1735 1846 1847 1881 suscepi

1084 1890 1240 1925 Lampridio
1256 1895 1323 1918 teste
1340 1890 1412 1927 (95),
1429 1891 1474 1925 qui
1489 1899 1545 1918 rem
1570 1895 1647 1918 tanto
1660 1893 1788 1926 Augusto
1806 1892 1846 1920 ind

1084 1944 1177 1964 coram
1199 1938 1326 1972 graphice
1349 1936 1480 1964 describit
1503 1937 1546 1963 his
1567 1937 1660 1964 verbis
1680 1945 1687 1962 ε
1714 1947 1724 1963 ‹
1741 1937 1844 1965 Ferent

1085 2018 1187 2045 mensis
1202 2018 1302 2058 Aprilis
1323 2018 1366 2044 dic
1389 2018 1482 2057 18,-in
1502 2017 1530 2044 S.
1549 2017 1689 2052 Apollonio
1702 2025 1763 2078 pag.
1785 2018 1839 2045 539

1086 2061 1162 2078 seno.
1178 2053 1242 2078 edit.
1262 2053 1368 2078 Veneta:
1382 2060 1445 2078 antu
1461 2052 1539 2078 17⁵58.
1555 2052 1583 2078 In
1602 2051 1726 2078 Romano
1754 2052 1839 2078 [arm

1086 2061 1162 2087 seqq.
1178 2053 1242 2079 edit.
1262 2053 1368 2088 Veneta:
1382 2053 1445 2079 anuli
1461 2052 1539 2080 17⁸58.
1555 2052 1583 2079 In
1602 2051 1726 2079 Romano
1740 2051 1842 2088 Marty1

1085 2088 1156 2122 logio
1169 2088 1250 2114 etiam
1263 2087 1292 2114 S.
1307 2087 1465 2121 Apollonius
1479 2092 1588 2115 senator
1608 2088 1768 2114 nominatur
1784 2090 1830 2115 die

1086 2123 1206 2157 Aprilis,
1227 2130 1288 2157 pag.
1317 2123 1367 2149 156
1391 2123 1455 2150 edit.
1481 2122 1688 2156 Antucrpiensis
1712 2123 1804 2151 1615.
1832 2129 1840 2151 1

1086 2156 1171 2184 multa
1187 2158 1220 2184 dc
1234 2156 1384 2185 Cdtumodo
1410 2163 1437 2185 et
1457 2157 1589 2185 Perennio
1604 2156 1737 2185 Baronius
1752 2158 1784 2184 in
1807 2165 1839 2186 uti

1087 2197 1288 2220 commemorat.

1123 2228 1179 2262 (88)
1200 2228 1265 2262 Cap.
1288 2227 1322 2254 42
1345 2227 1384 2255 De
1397 2228 1460 2255 viris
1477 2226 1636 2262 illustribus.
1663 2226 1702 2255 De
1715 2234 1837 2259 δεμ-0,(

1053 2261 1076 2290 D
1090 2261 1119 2290 S.
1129 2262 1302 2298 Apollonium
1318 2263 1446 2297 prodidit,
1457 2261 1743 2298 legendus-yallarsius
1760 2263 1790 2288 iu
1805 2270 1836 2290 nu

1089 2299 1121 2325 ad
1138 2299 1209 2325 hunc
1220 2298 1323 2329 locum;
1336 2299 1489 2325 'l‘illemout.
1503 2302 1569 2325 tom.
1585 2297 1627 2329 ill,
1639 2305 1699 2332 pag.
1716 2297 1799 2324 citata
1811 2297 1836 2324 31

1089 2333 1206 2360 Ceillier.
1229 2338 1294 2360 tom.
1311 2332 1351 2365 ll,
1367 2341 1428 2367 pag.
1443 2333 1504 2365 152,
1520 2340 1545 2359 c.
1563 2332 1603 2362 l5.
1620 2333 1730 2367 aliique.

1124 2368 1180 2403 (89)
1202 2367 1274 2394 Hist.
1294 2365 1452 2395 eules-.1“).
1485 2376 1510 2400 v,
1536 2376 1561 2395 c.
1589 2368 1643 2400 21,
1726 2366 1780 2393 240
1807 2365 1834 2394 el

1088 2402 1269 2437 Caiuabrigxe.
1342 2411 1347 2417 ο

1124 2438 1180 2472 (90)
1201 2436 1277 2464 Tom.
1299 2437 1349 2468 lll,
1368 2445 1429 2472 pag.
1444 2437 1495 2469 56,
1508 2438 1535 2463 in
1551 2436 1629 2464 Saint
1642 2437 1783 2472 Apollone,
1795 2437 1832 2464 sét

1087 2476 1149 2512 teur
1164 2473 1268 2500 romain
1284 2477 1311 2500 et
1323 2478 1445 2508 martyr,
1468 2478 1495 2499 et
1515 2473 1567 2499 615
1586 2478 1614 2499 et
1629 2481 1722 2507 seqq.,
1738 2473 1765 2498 in
1782 2474 1831 2499 cit:

1088 2512 1171 2535 uotis.

1124 2543 1181 2577 (9i)
1201 2542 1280 2570 Tom.
1295 2543 1341 2569 cit.
1361 2542 1394 2573 II,
1409 2550 1471 2577 pag.
1489 2542 1582 2569 eadem
1597 2542 1666 2575 152,
1682 2550 1707 2570 c.
1722 2542 1755 2568 15
1774 2542 1830 2569 cita

1124 2578 1180 2613 (92)
1199 2578 1226 2606 lu
1244 2577 1344 2604 Notitia
1368 2578 1687 2613 utraqueﬂdiguitatum,
1704 2585 1763 2610 cap.
1785 2577 1823 2609 5,

1088 2613 1223 2675 pgﬁgectis
1243 2613 1380 2648 praetorio,
1401 2621 1461 2647 pag.
1482 2612 1498 2638 7
1519 2613 1584 2640 edit.
1602 2612 1791 2648 Lugdunensis
1806 2618 1828 2641 at

1125 2683 1180 2718 (93)
1200 2683 1229 2710 lu
1243 2683 1303 2711 cod.
1316 2683 1518 2715 Theodosiano,
1533 2690 1593 2717 cap.
1608 2683 1652 2714 15,
1665 2683 1697 2718 de
1713 2687 1826 2709 senaton

1088 2717 1213 2746 criminis
1229 2727 1337 2746 reorum
1354 2719 1430 2750 foro,
1448 2723 1515 2746 tom.
1539 2718 1573 2745 Ill
1587 2718 1652 2745 edit.
1680 2717 1778 2752 Lipsiae
1802 2725 1825 2744 at

1089 2754 1167 2781 1758.
1185 2761 1246 2788 pag.
1264 2754 1308 2782 18.

1123 2789 1180 2822 (94)
1202 2787 1260 2815 Lib.
1277 2797 1301 2814 iv
1312 2794 1339 2815 et
1350 2797 1365 2815 ν
1378 2788 1530 2822 Annalium,
1543 2789 1569 2815 iu
1583 2788 1684 2823 quibus
1696 2787 1759 2815 (Elii
1776 2787 1823 2821 Scj

1087 2824 1205 2859 praefecti
1224 2825 1350 2858 praetorio
1366 2825 1513 2858 potentiam
1531 2824 1672 2851 deseribit.

1121 2858 1177 2892 (95)
1197 2858 1224 2884 In
1247 2858 1410 2894 Commodo,
1438 2867 1497 2894 pag.
1523 2859 1573 2889 47,
1599 2859 1625 2886 in
1644 2858 1716 2886 Hist.
1746 2858 1822 2891 Angit

1087 2894 1255 2928 scriptoribus
1272 2894 1336 2922 cdit.
1353 2893 1438 2922 Paris.
1457 2895 1519 2923 anni
1538 2895 1614 2921 1620.
