1857 3051
38 138 84 166 405

448 139 491 167 DE
510 139 708 169 PORTUENSI
728 142 757 169 S.
775 141 954 169 HlPPOLYTl
971 140 1068 170 SEDE.
1086 157 1121 162 —
1134 141 1224 169 PARS
1239 141 1259 169 1.

1618 143 1671 172 806

36 205 122 227 autem
140 199 295 228 Commodi
309 201 430 229 animum
447 203 601 236 prmsciens,
613 203 723 233 invenit.
736 211 830 237 quem-
845 206 866 234 Λ
881 203 941 231 cius
963 203 1066 238 judicio
1089 203 1115 230 in
1137 207 1231 231 senatu
1255 202 1425 235 interfuerit,
1453 203 1524 238 quod
1543 203 1669 238 impossi-

35 246 183 274 admodum
207 247 271 282 ipse
291 252 387 282 potens
405 253 491 280 esset;
515 256 577 275 nam
594 249 729 283 persuasit
750 249 831 276 Cont-

35 292 126 323 modo,
144 296 176 318 ut
192 293 254 327 ipse
266 293 375 320 deliciis
389 297 507 323 vat-aret.
531 293 601 320 idem
625 301 689 320 vero
704 293 831 321 Perennis

33 337 108 364 euris
124 337 322 371 incumberet,
347 338 419 373 quod
433 338 599 366 Commodus
622 338 743 365 lzctanter
754 347 831 366 acce-

33 383 80 418 pit.
93 393 103 409 ›
122 383 158 410 Ει
172 384 260 418 paulo
274 389 338 419 post
352 393 359 410 :
376 393 385 409 ι
398 383 473 410 Tune
487 388 577 411 tamen
589 384 719 412 Perennis
734 390 830 412 cuncta

33 430 147 458 sibimet
161 431 327 463 vindicavit,
345 438 413 466 quos
429 431 515 458 voluit
539 431 686 463 interemit,
703 431 830 465 spoliavit

32 475 192 510 plurimos,
211 477 306 504 omnia
330 477 391 512 jura
404 476 546 504 subvertit.
562 487 571 503 ι
590 476 745 511 Lampridio
765 485 832 504 con-

31 522 160 550 sentiunt
173 521 226 550 Dio
236 521 292 558 (96)
304 526 331 549 et
346 522 528 555 Herodianus,
539 523 611 550 unde
624 523 704 550 nobis
715 531 831 558 arguere

31 567 95 595 licet
111 576 201 603 quam
218 569 287 596 altas
302 568 330 595 in
356 568 470 604 imperio
487 568 610 595 Romano
628 569 732 596 radices
745 570 830 604 egerit

31 612 171 642 Perennis
197 615 330 649 potentia.
356 613 408 641 Sed
422 635 429 647 ,
458 622 492 642 ne
514 614 558 641 cui
581 615 694 642 dubium
710 616 830 649 supersit

33 659 193 687 Perennem
219 660 347 695 capitales
367 660 618 688 animadversiones
646 661 672 687 in
701 661 830 696 ipsosuiet

32 711 182 734 senatores
195 706 364 739 exercuisse,
378 706 566 733 exscribamus
580 706 624 734 hic
646 706 830 734 luculentissi-

33 759 110 778 mum
120 751 273 778 Herodiaui
285 750 342 786 (-97)
354 751 551 784 testimonium,
560 759 593 778 ex
605 759 660 786 quo
673 759 726 779 non
739 751 828 780 solum

32 802 147 824 constat
172 796 323 824 Perenuem
338 797 446 832 plenam
458 797 492 835 in
516 798 660 832 primarios
673 803 828 832 senatores,

32 843 79 878 qui
91 863 100 876 ,
117 843 311 878 conjuratione
327 842 408 876 facta,
424 843 605 871 Commodum
620 843 653 871 de
667 845 756 871 medio
774 845 826 872 tol-

882 249 935 276 bile
959 257 990 276 ac
1013 249 1123 284 penitus
1141 249 1320 284 incongruum
1345 248 1434 276 doctis
1448 249 1516 276 viris
1542 249 1610 277 falso
1628 250 1668 277 vi-

881 302 942 322 sum
955 299 1007 322 est.

881 371 938 408 VII.
960 371 1120 398 Prudentms
1135 372 1315 408 Hippolytum
1334 372 1506 400 Portuensem
1524 374 1666 408 elegantis—

916 407 982 433 sima
1000 408 1115 434 carmine
1130 406 1263 441 laudavit,
1284 408 1316 435 de
1339 416 1390 442 quo
1411 413 1498 436 tamen
1514 406 1584 436 uarie
1605 417 1666 436 sen-

918 443 988 468 tiunt
1011 443 1118 469 eruditi.

916 517 1095 551 Prudentius,
1123 518 1169 553 qui
1202 518 1254 546 sub
1287 517 1443 546 Theodosio
1467 518 1581 546 Juuiore
1617 519 1667 547 ﬂo-

880 564 951 595 ruit,
972 564 998 590 in
1027 564 1096 591 libro
1120 559 1189 598 [Iépl
1215 564 1391 598 Στεφάνων,
1421 565 1522 600 hymno
1551 566 1578 592 ll
1607 565 1664 601 (l),

881 609 1052 644 Hippolytum
1071 613 1215 645 martyrem
1232 609 1410 638 Portuensem
1423 611 1591 639 carminibus
1607 613 1666 640 suis

880 656 1035 688 celebravit,
1045 656 1124 690 cujus
1139 657 1324 684 cormetcrium
1343 657 1369 684 in
1382 665 1446 692 agro
1460 657 1572 685 Verano-
1581 659 1666 685 situm

879 705 957 728 aetate
972 709 1020 727 sua
1034 709 1206 736 summopere
1225 702 1426 730 venerabantur
1438 702 1553 730 Romani
1566 704 1666 730 exteri-

879 755 941 782 que.
955 747 1054 774 Verum
1072 756 1105 774 ex
1121 752 1160 775 tot
1174 747 1338 784 Hippolytis,
1352 757 1421 784 quos
1437 750 1522 777 sacris
1537 749 1666 777 Ecclesia:

880 792 957 819 fastis
970 792 1104 826 ascriptos
1116 793 1264 825 cernimus,
1280 795 1408 829 quisnam
1422 795 1465 821 ille
1478 795 1569 827 fuerit,
1582 803 1665 830 quem

879 839 1042 867 Prudentius
1064 840 1171 876 egregio
1195 841 1246 868 hoc
1268 841 1390 868 carmine
1411 841 1542 873 laudarit,
1565 842 1665 868 acriter

34 889 91 916 lere
119 890 298 924 cogitarunt,
321 889 539 924 juriSdictionem
564 889 705 924 habuisse,
730 899 823 918 verum
839 885 861 913 Β
876 887 1018 921 hucusque
1042 887 1210 921 disputatum
1237 887 1289 914 fuit
1313 895 1327 915 a
1352 887 1550 915 recentioribus
1573 887 1664 922 magni

32 935 138 968 etiam,
173 934 247 969 quod
273 942 446 969 summopere
480 935 650 967 mirandum,
682 936 827 971 ipsammet

32 980 182 1008 Commodi
204 988 330 1008 sororem
353 981 421 1008 tanti
440 981 551 1009 sceleris
575 982 714 1009 consciam
730 983 827 1011 mortis

33 1026 173 1061 supplicio
197 1027 354 1061 mulctasse.
376 1037 385 1053 ι
405 1027 577 1060 ριιεεςιῐοιιεε
607 1032 715 1061 autem,
739 1029 827 1063 inquit

34 1072 224 1105 Herodianus,
248 1072 383 1100 Perennio
401 1073 544 1108 diligenter
567 1079 725 1106 exercente,
749 1082 826 1102 soror

34 1119 95 1152 ipsa
110 1118 269 1150 Commodi,
284 1119 472 1154 conjuratique
485 1127 590 1151 omnes,
604 1120 749 1154 cretei-ique
762 1127 827 1154 pra:-

33 1168 109 1191 terea
126 1165 371 1200 quantulacunque
395 1165 551 1200 suspicione
565 1166 670 1198 attacti,
693 1165 826 1200 supplicio

33 1211 123 1239 allecti
150 1215 226 1238 sunt.
251 1220 262 1237 ι
279 1210 440 1245 Spartianus
462 1211 490 1237 in
519 1210 627 1244 Severo,
653 1216 682 1238 ut
703 1211 827 1246 animad-

33 1258 115 1284 vertit
129 1257 324 1285 Tillemontius
343 1257 410 1293 (98),
428 1266 443 1284 a
458 1256 593 1292 pratfectis
604 1258 730 1292 pt'mtorio
747 1266 826 1285 sena-

34 1304 120 1330 torios
135 1303 210 1330 viros
220 1303 356 1338 judicatos
372 1303 457 1330 fuisse
471 1307 596 1330 testatur.
611 1302 728 1331 Severus
740 1304 824 1337 enim,

37 1359 45 1374 ι
61 1349 109 1384 qui
122 1357 138 1376 ιι
154 1349 219 1376 divo
233 1349 324 1376 Marco
336 1349 420 1376 latum
434 1349 540 1376 clavum
552 1349 638 1383 petiit,
651 1354 678 1376 et
692 1349 823 1384 accepit,»

32 1402 59 1422 et
75 1395 290 1430 quamplurimis
310 1395 417 1431 praefuit
439 1395 603 1430 provinciis,
631 1405 639 1420 ι
660 1395 687 1422 in
712 1395 824 1429 Silicia,

34 1441 114 1475 quasi
129 1441 165 1467 de
181 1441 298 1475 imperio
309 1441 351 1468 vel
365 1446 451 1473 vates,
464 1441 506 1468 vel
517 1441 658 1468 Chaldaeos
672 1441 827 1469 consuluis-

33 1492 90 1517 set,
115 1495 181 1514 reus
205 1487 293 1514 factus
311 1488 380 1522 apud
399 1487 540 1522 praefectos
566 1487 709 1522 praetorio,
727 1488 826 1522 quibus

33 1532 190 1560 audiendus
213 1533 294 1560 datus
319 1533 422 1565 fuerat,
445 1533 502 1568 jam
520 1534 669 1561 Commodo
686 1534 713 1561 in
731 1534 823 1562 odium

34 1582 181 1611 veniente,
207 1579 350 1607 absolutus
366 1584 421 1612 est,
444 1579 642 1607 calumniatore
667 1581 695 1607 in
715 1588 823 1608 crucem

35 1630 97 1651 acto
113 1625 184 1660 (99).
197 1635 207 1651 ι
226 1625 266 1652 Ex
281 1625 324 1653 bis
341 1626 432 1661 itaque
457 1626 682 1654 luculentissimis
694 1628 826 1662 exemplis

34 1676 129 1706 aperte
144 1675 277 1705 constat,
302 1671 451 1700 Perennem
465 1692 472 1704 ,
494 1677 662 1707 czetcrosque
685 1672 825 1707 prafectos

34 1718 166 1750 praetorio
184 1717 237 1746 sub
261 1717 412 1746 Commodo
437 1719 542 1753 plenam
565 1718 593 1746 in
615 1724 756 1747 senatores
774 1729 825 1755 po-

36 1763 342 1797 testatemghabuisse;
370 1771 455 1798 quare
482 1764 559 1791 irrito
584 1772 697 1798 prorsus
725 1772 824 1792 conatu

36 1809 176 1843 Scaliger,
190 1812 218 1836 et
231 1813 293 1844 post
308 1816 369 1836 eum
389 1809 514 1845 Moyuius
536 1814 563 1836 ct
583 1809 700 1845 Pagius,
725 1809 823 1837 Ruﬁno

35 1855 153 1882 inscitiae
163 1860 190 1882 et
203 1855 232 1882 S.
251 1854 414 1891 Hieronymo
436 1856 605 1884 credulitatis
618 1862 696 1884 notas
717 1857 824 1884 inurere

37 1904 196 1931 tentarunt,
223 1907 284 1927 eum
300 1900 461 1934 Apollonius
481 1901 555 1928 urbis
574 1906 686 1929 senator
704 1910 764 1929 esse
779 1909 825 1936 po-

37 1945 129 1978 tuerit,
139 1945 264 1980 quamvis
276 1944 407 1973 Percnnis
424 1947 551 1981 praetorio
563 1947 704 1982 prmiectus
716 1949 826 1982 capitali

74 2054 130 2090 (96)
156 2054 278 2090 Cassius
295 2054 342 2080 Din
360 2055 543 2088 Cocceianus,
570 2055 673 2084 Ilistor.
700 2057 826 2084 Romana:

40 2091 84 2127 lib.
96 2089 176 2127 manu
189 2091 244 2127 ,_in
260 2089 401 2127 Commodo
414 2111 420 2122 ,
446 2097 511 2127 tom.
528 2091 549 2119 ll
560 2113 567 2125 ,
587 2092 647 2127 9‘9,
665 2101 725 2127 pag.
746 2093 823 2125 1210,

40 2125 104 2152 1211
119 2125 184 2152 edit.
203 2123 351 2160 Hamburgi
365 2127 429 2152 anni
446 2126 526 2153 i752.
561 2123 565 2125 Ἴ
587 2123 600 2127 ⁷
624 2139 627 2140 ν

74 2160 131 2194 (97)
147 2160 211 2196 rLib.
231 2167 257 2192 I,
282 2168 342 2196 cap.
359 2161 390 2193 8,
413 2169 473 2196 pag.
499 2161 534 2189 25
558 2162 623 2190 edit.
646 2161 688 2190 Jo.
716 2162 823 2191 Henrici

41 2194 331 2231 Bmcleri_attno_1769}_
341 2194 522 2231 Argeutorali.

878 933 998 961 nominis
1023 935 1213 968 scriptoribus.
1237 935 1290 962 Alii
1311 935 1401 967 enim,
1424 943 1542 970 quorum
1566 943 1665 970 agmen

877 979 952 1007 ducit
976 980 1110 1008 maximus
1133 981 1276 1008 Annalium
1300 982 1538 1008 ecclesiasticarum
1565 989 1664 1016 parens

877 1026 1010 1054 Barouius
1028 1027 1086 1061 (ἐξ),
1109 1027 1257 1054 Prudentio
1278 1027 1346 1054 vitio
1362 1032 1488 1060 vertunt,
1512 1028 1585 1062 quod
1608 1032 1664 1055 tres

877 1071 1035 1108 Hippolytos
1050 1073 1076 1099 in
1095 1081 1178 1100 unum
1201 1073 1369 1106 confuderit,
1385 1075 1541 1108 episcopum
1560 1073 1666 1100 scilicet

877 1123 1017 1151 nostrum,
1032 1118 1144 1146 militem
1164 1119 1215 1146 sub
1230 1118 1375 1146 Valeriano
1388 1127 1498 1154 passum
1514 1124 1541 1146 et
1552 1120 1664 1146 demum

876 1163 1049 1198 Hippolytum
1068 1165 1254 1200 presbyterum
1280 1165 1496 1198 Antiochenum,
1515 1166 1591 1200 prius
1607 1164 1662 1192 Νο-

875 1211 929 1238 vati
941 1212 1114 1246 discipulum,
1126 1217 1218 1246 postea
1231 1212 1378 1247 gloriosum
1394 1212 1494 1239 Christi
1516 1217 1662 1247 martyrem

876 1257 928 1283 sub
943 1255 1034 1283 Decio.
1054 1256 1107 1283 Alii
1124 1263 1200 1289 vero,
1227 1257 1297 1282 inter
1313 1263 1382 1290 quos
1397 1255 1584 1282 Theodericus
1600 1254 1664 1282 Rui-

876 1302 981 1329 nartius
992 1302 1042 1334 (3),
1059 1301 1237 1329 Sebastianus
1252 1301 1441 1328 Tillemontius
1458 1301 1506 1336 ςι),
1522 1300 1663 1335 Remigius

875 1347 1027 1376 Ceillierius
1049 1347 1089 1383 (5)
1102 1368 1109 1379 ,
1133 1347 1232 1382 aliique
1247 1347 1410 1373 contrariam
1427 1354 1539 1381 prorsus
1551 1352 1663 1374 tuentur

876 1394 1049 1424 sententiam.
1065 1398 1092 1421 et
1101 1393 1278 1420 Prudentiqu
1294 1393 1328 1420 ab
1344 1393 1395 1420 hoc
1408 1392 1577 1420 confusionis
1594 1393 1662 1420 vitio

875 1440 1012 1468 vindicare
1030 1445 1182 1473 conantur,
1194 1440 1258 1466 dum
1280 1440 1390 1466 unicum
1409 1439 1582 1474 Hippolytum
1599 1447 1660 1474 pre-

875 1486 1012 1522 sbyterum
1024 1486 1057 1513 ab
1067 1486 1126 1520 ipso
1134 1486 1272 1513 laudatum
1281 1486 1383 1517 dicunt,
1394 1486 1439 1520 qui
1447 1485 1664 1513 Novatianorum

877 1536 958 1559 sectae
983 1531 1088 1568 laqueis
1113 1532 1251 1566 quondam
1281 1532 1418 1565 irretitus,
1443 1539 1538 1559 eorum
1563 1532 1664 1559 haeresi

876 1578 1046 1614 postmodum
1061 1578 1164 1612 ejurata
1178 1599 1185 1610 ,
1209 1578 1340 1612 insignem
1364 1577 1486 1612 martyrii
1501 1577 1617 1612 palmam
1632 1576 1661 1604 in

877 1624 960 1652 Portu
986 1623 1110 1651 Romano
1132 1628 1173 1651 est
1195 1623 1319 1658 adeptus.
1337 1622 1450 1650 Demum
1475 1623 1576 1650 Fronto
1603 1622 1659 1649 Du-

876 1678 948 1698 caeus
960 1670 997 1706 (6)
1012 1670 1129 1698 mediam
1142 1670 1212 1696 inter
1222 1670 1271 1696 hos
1283 1668 1423 1704 professus
1436 1673 1477 1696 est
1488 1669 1660 1702 sententiam;

875 1716 939 1744 dum
956 1717 1129 1752 Hippolytum
1145 1716 1301 1751 episcopum
1314 1715 1492 1743 Portuensem
1506 1723 1521 1742 a
1537 1715 1660 1742 Pruden-

875 1763 913 1790 tio
936 1763 988 1790 hoc
1013 1763 1134 1790 carmine
1155 1762 1295 1789 laudatum
1318 1762 1440 1794 censuit,
1463 1769 1544 1796 quem
1564 1760 1662 1788 Novati

875 1809 1014 1836 erroribus
1035 1813 1143 1843 captum
1165 1813 1192 1835 ct
1218 1816 1280 1835 mox
1301 1813 1363 1835 ante
1385 1807 1509 1843 martyrii
1529 1814 1662 1834 coronam

875 1855 1027 1882 exsolutum
1040 1854 1158 1881 tradidit.
1173 1853 1278 1887 Quibus
1289 1862 1354 1882 vero
1366 1855 1501 1882 rationum
1515 1855 1662 1883 momentis

875 1901 1018 1936 praecipua:
1032 1908 1194 1935 magnorum
1213 1901 1333 1928 virorum
1356 1901 1478 1928 nitantur
1500 1901 1660 1934 sententiae,

875 1947 951 1981 prius
966 1947 1113 1982 inquirere,
1125 1951 1152 1974 et
1167 1947 1276 1974 demum
1292 1947 1357 1981 quid
1373 1953 1434 1982 post
1461 1952 1500 1975 tot
1517 1952 1662 1983 tantosque

875 2061 1049 2094 imperatore.
1065 2069 1075 2086 ›
1098 2060 1126 2086 ld
1144 2060 1233 2095 ipsum
1251 2060 1348 2094 repetit
1369 2061 1397 2087 iu
1419 2060 1490 2088 notis
1510 2060 1542 2087 ad
1560 2060 1660 2095 Marty-

875 2096 1007 2130 rologium
1034 2096 1185 2122 Romanum
1199 2095 1242 2122 die
1256 2096 1291 2122 50
1304 2095 1437 2128 Janliarii,
1462 2104 1487 2130 p.
1503 2096 1548 2129 55,
1564 2097 1607 2122 die
1626 2097 1659 2124 15

875 2130 989 2165 Augusti
1002 2149 1008 2159 .
1020 2138 1093 2166 ipag.
1110 2130 1178 2163 540,
1192 2135 1218 2158 et
1232 2130 1266 2156 22
1281 2131 1402 2165 ejusdem
1426 2132 1527 2158 mensis
1537 2152 1543 2164 ,
1561 2139 1586 2166 p.
1607 2131 1660 2159 355

875 2166 1002 2193 editionis
1019 2165 1164 2192 Rosweitli.

913 2201 952 2235 (5)
972 2201 1038 2226 Acta
1059 2205 1204 2235 martyrum
1225 2201 1338 2230 sincera.
1357 2208 1416 2235 pag.
1442 2201 1493 2227 “5
1517 2202 1562 2228 cit.
1581 2201 1659 2233 edim,

74 2229 230 2271 (38)_Iorn.
246 2229 296 2264 lll,
309 2229 393 2258 Νοιεέ
409 2240 456 2258 sur
471 2231 543 2259 saiut
557 2231 705 2266 Apollone,
719 2238 782 2261 note
798 2234 825 2268 4,
841 2237 864 2264 Ι)
878 2229 1064 2262 admonitione
1089 2236 1115 2262 in
1128 2229 1311 2271 "martyrium,
1322 2229 1364 2262 S.‘
1377 2229 1512 2271 Hippolyti
1536 2246 1542 2263 :
1562 2245 1571 2262 (
1591 2229 1659 2271 iNon

40 2273 98 2299 pag.
112 2265 176 2292 615.

74 2274 221 2336 ῗῦὧιὲιιηῑ
236 2299 452 2339 ᾼζῐίξ-ξριιιιὶιιιιῑ
475 2301 558 2328 verba
580 2301 607 2339 in
625 2302 718 2329 Severo
736 2303 823 2339 impe-

41 2341 147 2372 nitore1
162 2335 272 2372 pag.(i5
290 2335 392 2362 Hister.
409 2337 521 2371 August.
536 2338 640 2372 κνήμη
663 2339 727 2365 θιιίι.
745 2335 822 2366 citat.

75 2371 112 2405 (1)
122 2370 199 2406 γΡεις.
219 2371 278 2406 191
288 2372 353 2398 edit.
375 2370 532 2406 Autuerpim
553 2370 617 2400 anni
638 2373 716 2400 1564.
741 2375 825 2401 Aure-

42 2405 93 2442 lius
116 2405 242 2442 Clemens
266 2405 430 2433 Prudentius
449 2411 530 2434 natus
543 2413 585 2434 est
599 2415 671 2435 anno
688 2409 756 2442 548,
773 2410 824 2437 sub

44 2440 121 2478 Salue
146 2441 307 2478 consulatu,
335 2442 587 2478 utiipsebtestatur
615 2443 642 2470 in
667 2440 824 2478 praefatione

43 2475 266 2513 Cathemerinmn,
288 2484 348 2513 pag.
367 2475 412 2513 58⁷.
438 2475 504 2513 Ejus
521 2477 640 2511 Operum
667 2475 824 2513 catalogum

45 2511 292 2548 lexitgennadius
306 2512 346 2548 fin
381 2511 509 2548 catalogo
536 2513 652 2548 virorum
676 2511 823 2541 illustrium

45 2553 102 2580 cap.
118 2546 167 2584 ίξ,
182 2554 212 2584 p_._
226 2546 385 2584 _'_l'om._
399 2546 599 2584 llyOpcrumS.
615 2547 771 2584 Hieronymi
784 2551 824 2577 ci-

46 2585 103 2619 tata:
115 2581 178 2608 edit.
192 2580 328 2619 Vallarsii.
338 2582 404 2619 Vide
417 2580 542 2610 Ruinart.
557 2583 584 2609 in
597 2584 658 2619 Aet:
674 2580 823 2619 Martyrum

47 2616 155 2651 sincer”
178 2623 240 2651 pag.
263 2617 334 2650 144,
361 2618 406 2644 ubi
431 2623 571 2645 auctorum
592 2619 619 2645 in
647 2616 822 2647 Ρι·ιιι1είῖιὶιιιιι

47 2650 134 2687 laudes
149 2650 291 2686 descripta:
303 2653 484 2687 reperiuntur.

77 2686 173 2724 (Ξ)
199 2693 306 2724 annum,
320 2686 422 2715 Christi
445 2689 511 2724 2‘29,
535 2696 612 2715 num.
637 2689 670 2721 9,
693 2693 760 2717 tom.
780 2690 801 2717 ll
815 2711 822 2724 ,

49 2727 103 2755 pag.
120 2721 167 2748 481
199 2721 264 2759 edit.
296 2723 376 2750 Luca:
393 2731 399 2749 :
418 2732 427 2748 ι
442 2723 504 2751 Haec
532 2724 705 2756 Prudentius,
719 2726 764 2759 qui
781 2721 822 2753 ta;

20 2782 23 2783 ,
50 2763 104 2796 tneo
118 2764 210 2796 errore
231 2758 338 2791 lapsus,
355 2762 410 2786 tres
426 2759 452 2785 in
472 2767 554 2796 unum
572 2759 712 2796 confundit
726 2758 823 2796 Hippo-

51 2790 123 2825 lytus.
148 2790 374 2830 militeminempe
389 2802 497 2827 passum
511 2794 562 2821 sub
584 2793 727 2822 Valeriano
738 2816 744 2827 ,
759 2790 823 2830 epi-

51 2831 154 2860 scopum
172 2827 222 2864 sub
245 2827 399 2864 Alexandro
423 2834 449 2856 et
470 2829 655 2864 presbyterum
678 2827 823 2859 Antioche-

51 2866 126 2895 num,
160 2862 222 2889 olim
260 2861 629 2900 Novatianum,‘martyrem
658 2866 709 2893 sub
741 2867 821 2895 Decio

876 2271 960 2306 igitur
986 2271 1068 2297 alium
1094 2272 1269 2306 agnoscimus
1292 2270 1461 2305 Hippolytum
1477 2273 1502 2297 in
1522 2271 1573 2298 hoc
1590 2270 1660 2298 Pru-

875 2305 959 2333 dentii
979 2306 1089 2341 hymno,
1109 2310 1204 2339 praeter
1218 2305 1395 2332 Portucnsem
1420 2310 1564 2340 martyrem
1588 2307 1660 2333 cele-

876 2341 1034 2373 berrimum,
1060 2341 1104 2368 cui
1131 2341 1189 2367 lucc
1210 2341 1311 2373 omnia,
1335 2349 1397 2374 qua:
1417 2341 1451 2368 ab
1471 2341 1523 2368 hoc
1549 2346 1661 2369 auctore

875 2375 1039 2408 referuntur,
1055 2376 1157 2409 optime
1168 2380 1322 2409 competere
1333 2376 1532 2403 existimamus.
1553 2386 1562 2402 ι

911 2412 948 2446 (lt)
967 2411 1046 2438 Tom.
1062 2410 1105 2444 lil,
1121 2418 1181 2446 pag.
1195 2411 1347 2444 675,Notes
1363 2419 1412 2438 sur
1423 2412 1496 2439 saint
1507 2410 1658 2447 Hippolyte.

874 2451 938 2474 note
950 2447 976 2473 4.

911 2482 949 2516 (5)
970 2481 1049 2509 Tom.
1064 2481 1097 2513 11,
1113 2489 1174 2516 cap.
1190 2481 1235 2513 '55,
1250 2489 1311 2516 pag.
1325 2481 1387 2513 567,
1407 2480 1421 2516 ς
1437 2480 1466 2508 6.

910 2519 948 2551 (6)
969 2517 998 2544 In
1012 2525 1061 2544 sua
1075 2517 1220 2551 Nicephori
1236 2517 1341 2544 Callisti
1357 2516 1553 2544 Ecclesiastim
1575 2517 1659 2544 histo-

874 2553 922 2578 riw
937 2553 1156 2587 interpretatione
1169 2560 1231 2579 cum
1240 2552 1341 2580 Graecis
1360 2553 1458 2579 collata
1470 2557 1498 2580 et
1510 2553 1659 2587 recognila,

876 2593 928 2614 tam
942 2589 975 2614 ad
992 2595 1052 2622 cap.
1067 2588 1111 2620 5|,
1129 2587 1176 2614 lib.
1195 2595 1221 2614 iv
1247 2587 1330 2620 Hist,
1346 2596 1372 2622 p.
1385 2587 1446 2620 550,
1461 2595 1542 2622 quam
1555 2596 1614 2621 cap.
1630 2587 1658 2619 5,

875 2622 920 2649 Lb.
934 2631 970 2655 vr,
987 2630 1025 2657 pr
1041 2622 1094 2649 595
1106 2622 1288 2650 edit.Lutetiae
1307 2623 1473 2650 Parisiorum
1496 2623 1561 2649 anni
1578 2622 1661 2654 1650,.

875 2658 919 2684 ubi
943 2656 1109 2685 de’Novato
1133 2660 1244 2690 suisque
1275 2659 1387 2686 asseclis
1405 2658 1525 2690 disserit,
1554 2659 1658 2685 nullum

874 2692 957 2719 alium
973 2691 1144 2728 Hippolytum
1161 2701 1176 2720 a
1193 2691 1340 2720 Prudentio
1363 2694 1389 2729 in
1407 2701 1457 2720 suo
1475 2694 1575 2729 hymno
1600 2694 1658 2720 lau-

874 2729 967 2754 datum
984 2729 1115 2763 agnoscit,
1130 2736 1211 2763 quam
1227 2733 1349 2755 nostrum
1365 2728 1542 2756 Portuensem
1554 2729 1660 2763 episco-

875 2771 950 2798 pum.
965 2771 975 2799 ι
992 2762 1151 2799 Hippolytus
1171 2763 1327 2790 Portuensis
1342 2763 1485 2798 episcopus
1497 2769 1523 2790 et
1546 2768 1658 2799 martyr.

874 2797 935 2824 eum
945 2797 977 2824 ad
994 2797 1155 2832 supplicium
1174 2803 1323 2833 raperetur,
1340 2803 1370 2825 ut
1388 2803 1430 2825 est
1450 2799 1520 2833 apud
1537 2797 1659 2826 Pruden-

874 2834 952 2864 tium,
967 2842 976 2858 ι
991 2833 1144 2870 respondit:
1157 2843 1166 2858 ι
1182 2833 1286 2870 Fugite,
1304 2841 1324 2870 o_
1335 2833 1460 2870 miseri,r
1476 2837 1540 2865 εις..
1553 2834 1659 2870 ἱιιιιὶειιι

874 2869 1074 2897 retractationis
1092 2876 1138 2896 seu
1161 2868 1341 2897 revocationis
1357 2869 1523 2904 exemplum.
