1857 3051
194 141 246 171 ιιι

591 139 635 166 DE
654 138 852 167 PORTUENSI
876 138 903 165 S.
929 132 1112 166 lHPPOLYTl
1130 138 1225 166 SEDE.
1243 153 1276 157 ——-
1292 138 1381 165 PARS
1393 136 1412 163 l.

1771 137 1826 164 ΜΞ

190 201 290 237 vulgus
303 201 403 229 emisit.
429 201 518 228 Pridie
537 199 672 228 Kalendas
689 200 830 228 Februarii
846 200 979 235 Mar-tyro-
993 203 1016 230 Α
1031 201 1085 228 cris
1097 200 1224 228 Ecclesia:
1236 199 1314 227 fastis
1325 200 1457 234 ascriptos
1469 200 1614 233 cernimus,
1630 198 1824 230 Prudentium,

192 248 294 282 logium
316 246 464 274 Florentini
488 247 555 282 (‘29.),
572 246 771 274 Dacherianum
793 246 860 281 (‘25),
876 251 902 273 et
917 245 981 273 Gel-

192 293 304 321 lonense
332 293 402 328 (24),
430 293 605 329 Hippolytum
633 294 778 328 quemdam
811 293 982 321 Alexandriae.

192 343 354 366 memorant.
376 348 385 364 ι
412 339 438 365 ln
465 339 630 366 Alexandria
653 339 768 372 Tarsici,
797 339 892 373 Zotici,
915 341 982 366 Am-

191 385 276 417 moni,
304 384 451 417 Commini,
478 385 596 421 Cyriaci,
622 385 746 418 Gemini,
777 385 884 419 Gelasi,
910 386 982 420 Epo—

190 430 242 463 liti,
261 439 270 455 ›
288 434 339 457 etc.
356 430 423 466 (sive
438 430 586 466 Hippolyti)
601 439 681 466 quem
696 431 764 459 alias
778 441 787 457 α
805 432 979 468 Appolytum,

190 476 363 512 Eppolytum,
379 477 553 512 Oppolytum,
580 476 753 512 Yppolytum,
770 487 778 503 ι
799 478 918 513 majores
931 485 981 505 no-

191 523 348 550 strimediis
364 523 439 550 hisce
458 523 626 558 temporibus
647 525 782 551 dixerunt.
802 524 906 557 Quarto
927 524 981 551 No-

190 577 240 597 nas
257 569 399 597 Februarii
422 579 431 595 ‹
455 569 673 605 Forosempronii
689 571 731 597 via
753 570 897 604 Flaminia,
924 571 981 598 mil-

189 615 268 642 liario
279 616 313 642 ab
329 616 397 642 urbe
411 615 472 648 174,
490 615 639 648 Laurentii,
655 616 776 652 Eppolyti
794 626 803 642 ›
821 617 979 644 memoriam

189 661 325 689 celebrant
348 662 539 697 Martyrologia
569 662 737 695 Florentini,
763 663 903 695 Dacherii,
930 664 981 690 An-

189 707 343 742 tuerpiense
361 711 388 734 et
401 707 631 742 Aquisgranense.
655 707 817 735 Gellonense
846 716 912 735 vero
935 717 980 736 see

189 751 283 785 quenti
297 751 342 778 die
358 751 533 788 Hippolytum
552 753 698 786 quemdam
714 752 851 780 Africanis
872 753 980 788 adjudi-

189 802 256 824 cat:
277 807 286 822 ι
302 797 394 824 Africa
414 797 522 830 Felicis,
549 797 700 829 Laurentii.
717 799 859 831 Celerime,
880 798 981 834 Hippo—

189 842 248 878 lyti,
273 842 432 871 Felicitatis.
454 853 463 869 ι
482 843 787 878 Forosemproniensem
805 843 979 880 Hippolytum

190 887 321 916 Rabanus
335 889 402 924 (ἓὸ),
416 893 442 916 et
458 889 593 916 Nolkcrus
611 889 666 924 (26)
685 898 711 917 ιν
729 890 819 917 Nonas
840 890 980 929 Februarii

188 935 328 963 exhibent.
344 935 465 970 Septimo
476 935 611 963 Kalendas
626 936 688 963 Maii
703 946 712 961 ι
729 937 755 963 in
769 936 861 964 Africa
874 937 981 964 Grisco—

191 982 244 1015 nis,
260 982 390 1015 Zenonis,
405 982 565 1014 lminandri,
579 982 728 1010 Carmiani.
748 983 870 1015 Arionis,
902 983 979 1018 lppo-

189 1028 249 1064 lyti,
263 1027 377 1056 Diuduri
397 1038 405 1054 ι
421 1028 583 1055 mentionem
604 1028 702 1055 habent
712 1028 902 1063 Martyrologia
921 1028 982 1056 Flo—

191 1073 291 1101 rentini
316 1079 343 1101 et
368 1074 503 1101 Dacherii.
532 1074 695 1101 Gcllonense
722 1075 828 1101 nullum
861 1075 912 1102 hac
938 1075 981 1102 die

191 1119 365 1156 Hippolytum
382 1120 475 1153 refert,
496 1119 613 1148 fortasse
626 1120 689 1155 quia
710 1121 795 1155 ipsius
819 1122 980 1148 memoriam

191 1174 218 1192 IV
229 1165 321 1193 Nonas
331 1165 483 1198 Februarii,
503 1171 530 1193 ut
549 1166 679 1199 diximus,
699 1167 844 1195 recensuit.
866 1176 914 1194 xm
929 1168 981 1195 lia-

190 1211 288 1239 lendas
311 1211 387 1244 Julii,
416 1221 425 1238 ‹
453 1211 546 1239 Romae
574 1212 702 1247 Yppoliti,
720 1213 844 1247 Honorii,
873 1214 980 1246 Evodii.

191 1257 264 1285 Petri
287 1267 296 1283 ι
321 1257 346 1286 in
367 1257 448 1285 dictis
470 1259 557 1286 tribus
574 1258 774 1294 illartyrologiis
794 1260 919 1295 leguntur
933 1270 982 1288 no-

191 1304 277 1331 mina.
291 1303 513 1340 Martyrologium
532 1309 622 1332 tamen
643 1306 860 1340 manuscriptum
883 1307 982 1341 reginae

191 1347 307 1380 Suecia,
322 1347 480 1375 Florentino
497 1349 552 1384 (Ἥ)
572 1353 652 1382 teste,
670 1358 724 1377 non
738 1350 922 1386 Hippolytum,
935 1351 982 1379 sed

193 1403 205 1420 ι
223 1394 250 1421 in
265 1394 402 1430 Hippolyti
415 1396 572 1422 ccemeterio
596 1405 605 1421 ι
621 1397 773 1423 natalitinm
793 1397 982 1431 praedictorum

192 1446 343 1476 martyrum
363 1441 435 1469 diem
451 1442 617 1469 celebratum
637 1442 761 1470 allirmat.
778 1443 866 1476 Quam
886 1445 982 1479 optimi

192 1487 297 1515 codicis
312 1487 453 1515 lectionem
468 1488 566 1515 merito
582 1488 680 1522 probat
693 1489 736 1515 vir
750 1489 936 1523 doctissimus,
950 1498 983 1517 ex

192 1541 246 1569 qua
257 1541 316 1561 eam
330 1533 445 1561 fortasse
456 1534 600 1568 descripsit
612 1534 765 1568 Szephanus
779 1535 803 1562 le
811 1535 980 1570 Moyne(28).
996 1545 1018 1575 ρ

193 1579 297 1606 Octavo
310 1578 373 1607 ldus
387 1580 501 1614 Augusti
518 1589 526 1604 ι
546 1579 639 1606 Romae
660 1580 686 1605 in
710 1581 867 1607 emmeterio
886 1580 984 1609 Calixti

192 1624 238 1652 via
263 1625 477 1660 Appianalalis
500 1625 573 1652 Xisti
593 1625 724 1660 episcopi,
742 1630 806 1658 ctc.,
835 1626 984 1663 Laurentii,

193 1670 323 1705 Eppoliti,
338 1676 366 1698 et
377 1671 494 1698 militum
510 1670 571 1703 165,
597 1680 605 1696 ι
635 1678 668 1698 ex
693 1672 829 1705 przedietis
848 1671 984 1708 Martyro-

195 1717 277 1752 logiis
306 1717 467 1744 memoriam
492 1718 630 1749 eruimus,
664 1722 778 1752 excepto
800 1719 985 1746 vetustissimo

194 1763 387 1798 Martyrologio
397 1763 427 1791 S.
444 1763 597 1797 Villibrodi,
613 1768 640 1791 et
653 1764 738 1791 altero
753 1765 853 1800 reginae
871 1765 983 1799 Sueciae,

193 1817 267 1845 quze,
284 1815 314 1837 ut
325 1809 498 1838 Florentinus
514 1815 600 1843 notat,
622 1809 798 1846 Hippolytum
818 1812 869 1839 hac
883 1812 926 1840 die
945 1821 986 1840 re—

195 1855 290 1888 ticent,
317 1856 431 1890 ideoque
458 1856 532 1883 hunc
553 1856 587 1883 ab
612 1855 767 1892 Hippolyto,
793 1865 874 1892 quem
894 1857 985 1886 Idibus

195 1901 312 1936 Augusti
325 1905 418 1929 sancta
430 1907 575 1930 veneratur
593 1901 714 1930 Ecclesia
725 1923 732 1935 ,
754 1904 826 1931 haud
848 1904 985 1932 diversum

194 1951 289 1974 censet
303 1948 336 1974 ad
352 1947 454 1975 dictum
470 1948 541 1975 diem
559 1949 675 1983 ipsemet
691 1949 875 1977 Florentinus.

232 1991 261 2020 ln
278 1997 354 2020 tanto
371 1993 453 2029 igitur
477 1993 685 2031 Hippolytorum
705 2005 831 2031 numero,
848 2006 917 2033 quos
939 2006 984 2026 sa-

235 2129 290 2163 (2‘2)
311 2129 377 2166 Vide
390 2128 560 2166 pridierKal.
575 2129 661 2166 Febr.
686 2137 748 2165 pag.
772 2129 835 2162 29L
860 2130 904 2157 ubi
933 2130 984 2166 legi

198 2170 314 2200 possunt
324 2163 445 2200 ejusdem
461 2163 610 2192 Florentini
625 2163 789 2192 natationes.

399 2199 501 2245 Lucam
512 2200 647 2228 d'Acherii
660 2205 725 2228 tom.
742 2199 764 2226 ll
777 2200 922 2236 Spicilegii,
936 2201 982 2228 cit.
998 2217 1021 2245 Β

196 2235 324 2263 editionis
341 2243 400 2270 pag.
422 2235 448 2262 5.

233 2271 290 2312 (οὶ-ξ)
309 2269 387 2305 Apud
400 2270 494 2331 iplsum.
507 2269 616 2297 Acherii
631 2274 697 2311 tom.
715 2271 789 2304 eod.,
807 2279 868 2306 pag.
882 2270 927 2299 ‘27.

234 2306 290 2331 125)
310 2306 387 2331 Aoud
438 2313 560 2331 enrtcum
580 2305 721 2331 Canismm
744 2311 810 2331 tom.
829 2306 860 2331 ll.
873 2311 927 2331 narl

234 2305 290 2341 ('25)
310 2306 387 2340 Apud
415 2305 560 2332 Henricum
580 2305 721 2333 Canisium
744 2305 812 2333 tom;
829 2306 860 2339 ll,
873 2311 948 2340 parte
963 2314 983 2334 ιι

197 2340 289 2376 Antiq.
312 2341 386 2372 lect.,
412 2340 541 2376 editionis
569 2341 658 2369 citatas
679 2349 740 2375 pag.
764 2342 816 2368 319
834 2350 839 2367 :
858 2351 867 2366 ί
890 2341 984 2368 Romae

199 2375 419 2410 Fordsempronii
435 2377 478 2402 via
501 2375 633 2402 Flaminia
652 2377 779 2403 milliario
799 2377 831 2402 ab
843 2377 909 2403 urbe
922 2377 983 2409 174,

199 2410 350 2443 Laurentii,
366 2415 392 2437 ct
404 2410 551 2446 Hippolyti,
570 2415 596 2437 et
611 2412 738 2439 nativitas
752 2411 780 2438 S.
799 2411 951 2439 Fortunati.
972 2422 981 2438 ι

235 2446 293 2482 (‘26)
319 2447 397 2480 Apud
415 2449 550 2482 renuntiem
572 2446 712 2482 Gauisium
742 2452 808 2474 tom.
833 2448 927 2474 eodem
952 2447 984 2480 ll,

198 2486 269 2517 part.
283 2481 323 2513 ιιι,
336 2489 396 2517 pag.
410 2481 443 2508 98
459 2491 464 2507 :
481 2491 490 2506 ‹
512 2481 576 2517 ltum
599 2481 691 2509 ltomze
708 2482 926 2517 Forosempronii
943 2483 986 2510 via

198 2514 475 2553 Flaminia‘milliario
499 2517 533 2553 ab
548 2516 619 2544 Urbe
636 2518 698 2549 165,
712 2514 864 2551 Laurentii,
884 2517 986 2553 Hippo-

197 2551 257 2586 lyti,
273 2557 299 2578 et
314 2551 442 2579 nativitas
457 2551 485 2578 S.
500 2551 650 2579 Fortunati.
666 2563 676 2578 ι

236 2586 292 2621 (27)
312 2596 324 2623 Vc
357 2586 452 2623 Plures
474 2586 610 2622 Hippolyti
634 2589 744 2616 nomine
764 2589 879 2621 caelites,
901 2588 989 2623 inquit

198 2621 374 2660 Florentinus
389 2622 416 2649 in
427 2624 499 2660 notis
510 2621 548 2649 ad
568 2621 637 2660 hanc
653 2625 724 2651 diem
741 2632 802 2660 pag.
817 2624 880 2660 695,
895 2621 989 2650 Roinm

198 2657 310 2692 fuerunt
327 2658 447 2684 venerati
465 2667 471 2684 :
496 2666 557 2685 cum
573 2658 693 2686 Honorio
712 2657 813 2692 tantem,
833 2659 937 2686 Evodio
963 2664 990 2686 et

199 2691 280 2719 Petro
292 2693 385 2725 sociis,
398 2693 461 2720 alibi
473 2701 526 2720 non
537 2695 682 2722 succurrit.
699 2695 751 2722 Eos
763 2691 879 2726 tantum,
894 2699 921 2721 ct
935 2702 989 2720 non

199 2727 270 2754 alios
284 2726 377 2755 Roma:
394 2736 443 2755 xm
464 2728 523 2755 Kal.
540 2730 566 2755 in
582 2731 635 2756 line
650 2731 746 2757 recolit
760 2730 841 2757 etiam
856 2737 924 2756 mss.
946 2737 990 2756 re—

199 2763 271 2796 gina:
285 2762 399 2795 Succize,
415 2764 466 2791 hac
485 2769 574 2791 tamen
591 2765 752 2797 (liﬂ'erentia,
772 2769 802 2791 ut
819 2773 872 2792 non
891 2764 991 2798 Hippo-

200 2797 298 2833 ly:um,
313 2800 359 2826 sed
376 2799 402 2826 in
421 2799 481 2833 ejus
494 2801 652 2827 coenmlerio
666 2799 830 2833 Honorium,
857 2797 991 2826 Erodium

200 2831 227 2858 et
240 2831 348 2860 Petrum
365 2831 470 2867 reddat,
486 2835 558 2868 quod
578 2836 664 2868 magis
682 2836 769 2869 placet
790 2845 796 2862 ι
817 2831 828 2860 ἑ
855 2836 949 2861 Horme
963 2834 990 2860 in

202 2877 214 2894 ί
225 2870 379 2898 cmmeterio
390 2869 522 2905 Hippolyti
539 2869 588 2897 SS.
607 2869 729 2901 Honorii,
745 2870 838 2897 Evodii
850 2869 964 2899 ctPetri,
983 2880 992 2896 ι

1031 247 1064 274 de
1079 254 1133 281 quo
1162 254 1234 274 nunc
1255 247 1371 282 agimus,
1392 246 1506 273 duorum
1523 245 1564 273 vel
1586 246 1667 272 trium
1690 249 1767 280 gesta
1798 245 1825 271 in

1032 300 1116 320 unum
1133 293 1268 321 conﬂassc
1291 293 1369 321 facile
1389 293 1524 328 quispiam
1541 300 1602 319 eum
1622 292 1746 318 maximo
1766 292 1823 316 An-

1032 339 1133 365 nalium
1161 339 1301 366 conditore
1327 339 1461 373 suspicari
1485 342 1585 373 posset,
1611 338 1634 364 si
1661 337 1823 371 hujusmodi

1034 390 1271 413 monumentorum
1289 390 1364 412 tanta
1380 386 1420 412 vis
1439 390 1520 417 esset,
1537 389 1565 411 ut
1582 389 1691 416 cuncta,
1716 390 1779 417 qum
1798 383 1825 408 in

1032 432 1065 458 iis
1081 432 1224 465 habentur,
1258 431 1377 458 indubiis
1391 431 1531 458 doctorum
1548 430 1669 457 virorum
1684 429 1825 463 sull'ragiis

1032 478 1122 504 statim
1133 477 1272 512 probanda
1282 478 1379 504 forent.
1398 476 1445 504 llis
1456 477 1590 510 siquidem
1607 475 1720 509 positis,
1742 483 1757 501 a
1773 474 1825 501 Ba-

1032 524 1102 551 ronii
1132 525 1265 552 sententia
1290 524 1331 550 vel
1360 524 1501 550 minimum
1519 523 1661 549 deﬂectere
1681 522 1825 556 piaculum

1031 571 1203 602 duceremus,
1217 578 1279 597 cum
1296 570 1365 602 Ado,
1387 569 1538 601 Usuardus,
1563 568 1709 601 Notkerus,
1735 568 1826 595 tribus

1031 617 1090 644 istis
1104 615 1254 651 Hippolytis
1269 624 1301 643 ea
1316 616 1457 651 perspicue
1476 615 1604 647 tribuant,
1619 622 1682 649 quae
1696 622 1749 641 suo
1766 619 1827 640 tan-

1032 667 1087 689 tum
1103 661 1246 697 Hippolyto
1261 662 1407 689 vindicavit
1422 661 1596 688 Prudentius.
1614 660 1693 687 Illum
1707 661 1783 688 enim
1800 665 1827 687 et

1031 709 1229 744 presbyterum,
1258 708 1408 735 Novatiano
1431 708 1494 734 olim
1517 707 1654 734 sehismati
1684 706 1826 734 addictum

1031 754 1105 784 facit,
1128 758 1154 780 et
1173 755 1344 788 postmodum
1363 753 1447 788 plebis
1466 753 1624 780 Portucnsis
1638 758 1729 787 caput,
1747 760 1780 780 ac
1799 753 1827 780 in

1031 800 1114 827 Portu
1131 800 1254 827 Romano
1274 800 1350 834 equis
1366 799 1529 833 discerptum
1549 803 1694 834 martyrem
1710 798 1826 832 obiisse,

1033 854 1165 880 sacraque
1181 846 1266 880 ipsius
1279 846 1392 880 pignora
1404 846 1430 871 in
1443 845 1535 871 urbem
1554 845 1694 876 translata,
1714 845 1741 871 in
1758 852 1827 878 agro

997 879 1018 905 Β
1034 879 1139 918 Verano
1154 900 1169 918 ιι
1188 879 1434 918 fidelibusicondita
1445 891 1539 918 scribit
1550 891 1723 918 Christianus
1734 896 1826 924 poeta.

1032 937 1134 964 Horum
1151 937 1259 972 quidem
1284 938 1389 972 singula
1407 938 1520 973 singulis
1544 942 1666 964 veterum
1690 937 1826 972 Martyro-

1032 983 1164 1018 logiorum
1189 982 1340 1018 Hippolytis
1362 984 1507 1010 convenire
1526 991 1622 1010 omnes
1644 982 1749 1010 vident.
1780 982 1827 1009 Et-

1031 1029 1103 1054 enim
1125 1029 1312 1063 presbyterum
1336 1027 1514 1055 Novatianum
1537 1028 1688 1054 Antiochia:
1711 1035 1826 1061 passum

1032 1074 1074 1102 his
1107 1073 1163 1102 fere
1184 1074 1272 1101 verbis
1296 1082 1390 1101 omnes
1405 1082 1466 1101 cum
1493 1073 1611 1100 Notkcro
1634 1073 1798 1100 describunt
1819 1082 1825 1098 :

1035 1129 1044 1144 (
1072 1120 1150 1154 Apud
1176 1119 1348 1146 Antiochiam
1379 1119 1472 1154 passio
1497 1119 1586 1146 sancti
1610 1117 1759 1152 Hippolyti,
1778 1118 1825 1152 qui

1032 1164 1128 1192 Novati
1148 1165 1294 1192 schismate
1315 1165 1512 1199 aliquantulum
1531 1164 1670 1198 deceptus,
1693 1168 1828 1198 operante

1032 1210 1117 1245 gratia
1130 1209 1232 1237 Christi
1257 1214 1411 1241 correctus,
1442 1209 1475 1236 ad
1506 1209 1666 1236 charitatem
1694 1207 1827 1235 Ecclesize

1033 1258 1123 1289 rediit,
1139 1264 1188 1291 pro
1201 1264 1265 1290 qua,
1282 1261 1309 1283 et
1324 1256 1349 1282 in
1373 1263 1424 1290 qua
1449 1255 1554 1282 illustre
1575 1255 1735 1290 martyrium
1758 1263 1826 1282 con-

1033 1304 1178 1330 summavit
1193 1303 1259 1337 ('19).
1282 1311 1291 1328 ›
1307 1301 1479 1335 Hippolytum
1496 1301 1606 1327 militem
1626 1300 1705 1334 equis
1719 1300 1827 1326 discer-

1033 1354 1107 1384 ptum
1132 1348 1202 1375 Beda
1229 1355 1290 1375 eum
1317 1355 1381 1374 mox
1404 1347 1545 1374 recensitis
1568 1346 1772 1382 Martyrologiis
1800 1354 1827 1377 et

1033 1395 1170 1422 Breviario
1182 1393 1326 1420 Mozarabo
1338 1393 1394 1428 (50)
1413 1397 1529 1420 testatur
1549 1392 1600 1420 hoc
1621 1397 1699 1427 pacto
1715 1401 1722 1418 :
1741 1402 1750 1417 ε
1767 1391 1827 1418 Ro-

1033 1447 1085 1466 mae
1099 1438 1127 1465 S.
1148 1438 1294 1474 Hippolyti,
1312 1438 1359 1472 qui
1380 1442 1500 1471 tempore
1523 1436 1596 1464 Decii
1620 1438 1719 1472 ligatus
1742 1438 1828 1471 pedes

1034 1485 1067 1511 ad
1084 1485 1152 1512 colla
1177 1485 1371 1512 indomitorum
1399 1491 1544 1519 equorum,
1575 1484 1614 1511 sic
1637 1492 1685 1518 per
1704 1484 1828 1511 carduos

1035 1531 1202 1566 tribulosquc
1218 1536 1320 1558 tractus
1339 1531 1430 1558 emisit
1449 1531 1573 1565 spiritum
1589 1531 1655 1565 (51).
1677 1540 1687 1555 ι
1706 1529 1823 1565 Episco-

1036 1586 1100 1612 pum
1119 1586 1180 1604 vcro
1205 1584 1309 1605 veteres
1332 1578 1377 1604 isti
1397 1577 1643 1604 ecclesiasticarum
1669 1576 1829 1604 tabularum

1037 1624 1183 1658 scriptores
1198 1624 1257 1650 solo
1269 1623 1388 1658 episcopi
1405 1623 1548 1658 designant
1569 1622 1688 1649 nomine.
1709 1621 1738 1648 ιιι
1752 1621 1829 1648 Mar-

1037 1670 1168 1705 tyrologio
1184 1673 1274 1696 tamen
1292 1669 1425 1700 Romano,
1453 1670 1504 1696 hoc
1526 1676 1559 1696 ex
1580 1668 1655 1695 Actis
1677 1669 1706 1695 S.
1729 1668 1830 1695 Aureae

1036 1717 1200 1750 descriptum
1219 1715 1318 1750 legitur
1335 1715 1420 1749 ipsius
1433 1715 1550 1750 elogium
1567 1714 1624 1749 (32)
1640 1724 1647 1741 :
1665 1724 1674 1740 α
1697 1714 1727 1741 Ιιι
1742 1714 1827 1742 Portu

1036 1762 1161 1789 Romano
1182 1760 1317 1796 Hippolyti
1343 1761 1462 1795 episcopi
1492 1760 1644 1787 eruditione
1668 1760 1827 1791 clarissimi,

1037 1809 1083 1843 qui
1099 1808 1149 1835 sub
1169 1806 1324 1834 Alexandro
1345 1806 1518 1841 imperatore,
1536 1805 1571 1833 ob
1588 1806 1747 1840 praeclaram
1763 1806 1828 1833 ﬁdei

1036 1854 1236 1881 confessionem
1253 1853 1379 1880 manibus
1396 1853 1564 1887 pedibusque
1586 1852 1677 1887 ligatis
1694 1853 1722 1879 in
1745 1853 1827 1879 altam

1036 1900 1143 1927 foveam
1167 1900 1246 1935 aquis
1262 1901 1371 1934 plenam
1396 1899 1590 1934 praecipitatus,
1620 1899 1747 1933 martyrii
1770 1900 1829 1934 pal—

1037 1953 1109 1973 mam
1132 1946 1255 1980 accepit;
1284 1945 1361 1980 cujus
1391 1952 1490 1979 corpus
1516 1953 1531 1971 a
1558 1944 1725 1972 Christianis
1756 1946 1827 1980 apud

1036 1993 1161 2021 eumdem
1180 1993 1269 2021 locum
1287 1993 1423 2027 sepultum
1445 1992 1506 2019 fuit.
1527 2001 1535 2017 ι
1565 1992 1612 2018 llis
1629 1992 1723 2026 itaque
1746 2000 1828 2028 argu-

1039 2129 1204 2162 totidemque
1220 2130 1247 2153 et
1263 2125 1356 2153 iisdem
1375 2125 1530 2162 nominibus
1550 2130 1685 2162 martyres
1706 2125 1734 2152 in
1751 2131 1826 2153 vetu-

1038 2160 1378 2194 stissimo'Antuerpiensi,
1399 2160 1568 2191 Corbeiensi,
1593 2165 1620 2188 et
1638 2166 1734 2187 nostro
1756 2170 1827 2188 mar-

1038 2199 1172 2235 tyrologio
1193 2197 1298 2235 _scripti
1327 2200 1400 2235 sunt.
1418 2195 1593 2235 Einendanda
1614 2201 1781 2235 quapropter
1800 2198 1825 2223 iu

1035 2230 1181 2270 postremis
1193 2230 1300 2270 lacuna,
1309 2236 1336 2258 et
1345 2232 1490 2270 legendum
1506 2239 1541 2270 :_t
1557 2230 1650 2258 Roma:
1661 2231 1687 2270 i_n
1700 2236 1827 2270 cepmete—

1036 2266 1092 2297 irio
1099 2267 1335 2304 Hyppolyti.)Erat
1344 2266 1374 2292 D.
1393 2266 1524 2304 Hippolyti
1535 2267 1720 2304 cmmeterium
1731 2267 1827 2301 inagro

1033 2301 1369 2334 Verano‘via'Tiburtina,
1389 2301 1430 2328 vel
1447 2301 1528 2330 idem.
1551 2301 1592 2327 vel
1617 2308 1702 2335 prope
1727 2310 1826 2328 caune-

1035 2341 1131 2367 tcrium
1147 2338 1176 2364 Β.
1196 2336 1417 2373 ΟΥι-ἰειοιε,η‹ιιιοι1
1433 2336 1470 2363 ita
1481 2336 1608 2373 designat
1623 2336 1691 2363 liber
1712 2336 1825 2363 Pontili-

1035 2376 1101 2402 ea'is
1116 2375 1142 2400 in
1158 2371 1269 2400 Adriani
1297 2373 1305 2398 Ι
1325 2372 1385 2400 Vita
1407 2380 1414 2398 :
1440 2381 1449 2396 ‹
1479 2371 1564 2398 Simul
1587 2375 1615 2398 et
1640 2373 1825 2398 caemeterinm

1039 2421 1047 2436 ι
1066 2411 1095 2437 Β.
1115 2409 1249 2444 Hippolyti
1264 2408 1339 2442 juxta
1356 2406 1384 2444 S.
1401 2406 1590 2437 Laurentium,
1608 2407 1680 2440 quod
1696 2414 1712 2444 a
1731 2407 1826 2444 priscis

1039 2455 1048 2471 ι
1066 2442 1219 2472 marcuérat
1243 2443 1421 2477 temporibus,
1433 2449 1459 2477 7a
1479 2448 1550 2468 novo
1573 2442 1715 2477 renovavit
1739 2463 1745 2468 .
1770 2442 1825 2475 pari

1040 2491 1048 2506 ι
1067 2482 1146 2507 modo
1171 2484 1197 2506 et
1217 2475 1358 2506 ecclesiam
1377 2477 1408 2504 Β.
1426 2476 1527 2503 Christi
1542 2477 1670 2512 martyris
1691 2475 1825 2512 Stephani

1041 2526 1050 2542 ι
1069 2517 1149 2543 sitam
1162 2514 1239 2549 juxta
1253 2513 1411 2550 praedictum
1427 2511 1620 2540 cmmeterium
1640 2512 1669 2538 ὃ.
1691 2511 1824 2550 Hippolyti

1042 2562 1050 2578 ‹
1071 2551 1197 2578 similiter
1212 2549 1386 2576 restauravit.
1409 2557 1417 2573 ι

1075 2586 1130 2621 (28)
1150 2585 1303 2621 Prolegom.
1321 2583 1365 2621 ad‘
1376 2582 1436 2621 l’ur.
1447 2590 1534 2621 Δδιιεῖ..
1554 2581 1601 2621 fol.
1615 2582 1651 2609 52
1664 2586 1691 2609 et
1705 2589 1781 2621 seqq.

1075 2617 1132 2655 (29)
1152 2620 1221 2647 Sunt
1232 2617 1324 2654 ipsius
1344 2617 1454 2646 Notkeii
1477 2621 1558 2645 verba
1583 2618 1610 2644 in
1625 2618 1735 2652 [nostris
1755 2617 1824 2644 notis

1040 2657 1166 2691 superius
1180 2655 1301 2691 recitata:

1078 2688 1134 2727 (30)
1153 2691 1210 2717 Fol.
1288 2688 1418 2727 Brcyiarii
1430 2688 1578 2727 liloiarabi.

1080 2722 1135 2762 (51)
1162 2727 1199 2753 lla
1223 2725 1314 2762 litibus
1332 2725 1447 2762 Augusti
1473 2725 1564 2758 paSsio
1583 2722 1611 2749 S.
1630 2722 1821 2762 Hippolytide-

1042 2757 1169 2790 scribitur
1185 2761 1212 2787 in
1227 2757 1417 2795 Martyrologio
1430 2757 1506 2786 Betim
1520 2767 1582 2785 cum
1599 2757 1822 2795 Aucthi-idFlpri.

1042 2805 1069 2825 et
1081 2798 1196 2824 aliorum
1214 2796 1241 2822 in
1262 2794 1329 2822 tom.
1352 2794 1373 2820 ll
1396 2795 1453 2821 Act.
1473 2799 1630 2821 sanctorum
1648 2795 1749 2821 mensis
1762 2794 1824 2820 Har-

1044 2834 1072 2860 tii
1085 2834 1235 2872 cditoﬂpag.
1256 2830 1366 2872 26‘edit.
1384 2829 1491 2872 Yench‘c
1507 2830 1568 2855 anni
1588 2828 1668 2856 1755.

1080 2868 1134 2902 (3:2)
1157 2865 1203 2894 Die
1219 2873 1273 2893 xxu
1291 2865 1413 2900 Augusti.
