1857 3051
46 48 93 76 ιιτ

442 48 484 77 os
507 45 705 78 PonTUENst
723 50 751 78 s.
772 43 952 78 meretvrt
974 50 1070 78 sene.
1092 65 1126 70 —
1146 49 1235 79 PARS
1253 41 1275 79 i.

1630 55 1683 82 ιιδ

47 113 272 143 argumentorum
286 109 373 144 copia,
388 110 494 138 munire
506 111 638 146 nequivit,
652 111 688 138 ita
702 116 731 138 ut
742 119 838 138 omnes
854 115 875 142 Α
890 119 944 146 que
959 111 1150 139 conventicula
1169 112 1231 144 vici,
1250 112 1307 140 sive
1324 112 1408 140 laune
1433 113 1467 140 ab
1487 113 1682 143 Alexandrinis

48 155 190 181 dubitandi
218 156 310 182 aditus
332 156 366 182 iis
382 156 602 189 oceludercntur,
627 157 729 192 quibus
745 157 772 184 in
789 165 837 192 po-

46 205 147 228 sterum
174 200 210 228 de
230 201 326 228 cadent
351 201 458 229 diverse
478 209 593 236 prorsus
607 202 641 229 ab
661 202 722 237 ipso
736 203 838 230 sentire

46 247 202 282 placuisset.
221 247 340 280 Etenim,
363 253 392 275 ut
408 249 525 284 ingenue
548 248 701 281 fateamur,
720 257 787 284 pura
807 257 838 277 ac

45 297 107 328 puta
133 299 260 321 veterum
289 293 544 330 Martyrulogiorum
577 295 745 327 testimonia,
777 304 838 331 quae

44 339 121 371 alias,
148 339 196 366 ubi
224 340 259 367 de
287 341 390 368 sanctis
414 341 516 368 Christi
535 342 703 377 martyribus
728 342 836 377 agitur,

44 393 140 420 magna
158 386 323 414 auctoritate
340 387 441 421 pollere
457 395 510 414 non
527 387 684 420 diffitemur,
702 388 728 415 in
746 389 796 415 hac
809 396 838 416 re

44 431 194 458 Prudentio
228 433 416 460 vetustissimo
441 433 679 469 disertissimoquc
710 435 836 469 scriptori

44 478 238 512 anteponenda
264 486 318 506 non
340 486 411 511 esse,
429 484 614 509 recte,nostro
630 480 740 515 quidem
764 480 839 514 judi-

44 523 96 556 cio,
114 523 279 552 Ruinartius
301 528 329 551 et
350 524 541 553 Tillemontius
564 526 694 553 docuere.
710 525 839 560 Quapro-

44 575 103 605 pter
122 570 178 597 alia
204 578 321 605 prorsus
346 571 388 598 via
411 571 491 599 nobis
515 571 696 599 incedendum
716 572 837 599 arbitra-

45 624 116 648 mur,
134 624 189 650 qua
210 616 421 644 intricatissinne
443 617 507 645 huic
520 617 665 652 quaestioni
684 618 838 646 clarissima

45 662 167 689 veritatis
181 662 228 690 lux
245 670 296 697 pro
311 663 415 691 viribus
432 663 572 692 alIeratur.

46 717 114 745 XIII.
142 717 278 745 Ruinartii
304 718 466 757 conjectura,
492 721 586 755 quibus
609 722 712 749 nitatur
740 722 838 757 funda-

298 755 404 788 mentis,
422 757 583 784 ostenditur.

890 158 973 192 vulgo
984 159 1180 186 .nominantur.
1202 168 1212 184 ι
1236 158 1292 186 Has
1307 167 1389 194 porro
1408 159 1544 189 Ecclesias
1556 161 1685 197 deinceps

889 209 1032 231 enumerat
1048 203 1218 239 Epiphanius
1241 205 1309 241 (55),
1329 212 1426 240 nempe
1444 205 1566 242 Dionysii
1588 206 1685 235 Eccle-

889 250 970 283 siam,
992 249 1122 281 Theome,
1141 251 1231 283 Pierii,
1260 252 1430 286 Serapionis,
1451 251 1566 286 Persem,
1592 252 1684 289 Dizye,

890 296 1030 330 Mendidii,
1043 297 1174 331 Anniani,
1188 297 1324 332 Italicalis,
1340 304 1366 326 et
1377 303 1502 332 exteras,
1516 307 1634 334 quarum
1646 308 1686 327 re-

890 345 955 372 ticet
969 344 1092 372 nomina.

1008 390 1078 418 XIV.
1093 391 1230 418 Ruinartii
1244 397 1400 427 argumenta
1415 392 1566 420 diluuntur.

929 435 991 464 Haec
1014 437 1098 472 igitur
1120 443 1244 464 veterum
1268 438 1425 466 testimonia
1448 438 1602 466 clarissimo
1616 431 1685 465 liui-

890 484 978 510 nartio
1004 484 1167 519 conjiciendi
1192 492 1288 511 ansam
1315 485 1473 520 praebuere,
1502 484 1684 513 Portuenscm

890 529 1041 558 Eeclcsiam
1062 530 1095 557 ad
1119 530 1207 558 instar
1219 530 1423 564 Alexandrinae,
1439 531 1532 558 varios
1553 531 1685 558 habuisse

890 576 984 603 titulos
1009 576 1231 612 presbyterorum
1257 584 1330 604 curaa
1357 577 1539 610 commissos,
1565 583 1684 612 quorum

890 630 975 650 unum
993 621 1166 657 Hippolytum
1190 627 1315 649 nostrum
1339 622 1493 650 obtinuisse
1510 622 1636 654 credidit,
1654 626 1687 650 ut

889 675 922 695 ex
937 676 998 695 mox
1014 668 1103 695 allatis
1120 668 1192 695 illius
1206 668 1297 695 verbis
1316 667 1542 696 manifestissime
1558 672 1680 696 constat.

890 714 990 741 Verum
1007 715 1086 751 longe
1098 722 1147 742 sua
1162 715 1291 749 opinione
1306 713 1409 741 fallitur
1424 714 1467 740 vir
1483 714 1684 748 doctissimus:

891 770 953 788 nam
972 761 1130 796 hujusmodi
1155 760 1393 793 consuetudinem,
1414 768 1498 795 quam
1513 759 1686 788 Alexandrize

80 801 243 829 Ruinartius
261 802 364 836 itaque,
378 806 408 828 ut
425 803 551 837 superius
570 803 711 830 innuimus
729 823 736 835 ,
755 804 837 830 nullis
855 796 874 825 Β
890 807 1011 842 viguisse
1029 807 1143 834 tradunt
1155 806 1325 842 Epiphanius
1340 810 1366 833 et
1382 806 1564 838 Sozomcnus,
1582 805 1609 832 in
1626 813 1686 832 ma-

46 848 104 875 aliis
125 852 250 876 veterum
273 849 459 876 monumentis
480 850 646 883 conjectura:
665 857 721 877 sum
739 849 837 877 funda-

45 899 133 922 menta
160 895 236 929 jecit,
252 896 442 930 ’praaterquam
468 896 526 923 solo
545 895 688 923 Sozomeui
715 896 837 923 testimo-

44 941 99 968 nio.
119 949 130 966 ε
148 939 229 973 Haec,
257 941 347 976 inquit
372 940 428 976 (52)
456 941 575 976 (nempe
598 949 679 977 supra
703 942 836 969 recensita

44 986 183 1015 Prudentii
210 987 371 1022 carmina),
405 988 438 1014 ad
470 987 646 1023 llippolytum
676 989 836 1023 episcopum

44 1034 182 1066 referunt;
214 1034 262 1061 sed
291 1034 356 1068 quid
382 1038 457 1061 vetat
491 1034 677 1069 presbyterum
713 1035 834 1070 aliquam

44 1081 128 1116 plebis
146 1085 252 1115 partem
270 1087 327 1107 sua:
341 1087 415 1108 cura:
432 1080 609 1107 commissam
632 1080 779 1114 habuisse;
795 1085 837 1108 ta~

44 1126 81 1152 les
98 1131 163 1154 sunt
181 1127 274 1157 hodie,
290 1134 359 1161 quos
375 1127 521 1161 parechos,
537 1134 585 1153 seu
604 1126 733 1154 curiones
749 1127 837 1162 appel-

44 1171 141 1199 lamus.
162 1171 257 1199 Refcrt
273 1172 454 1205 Sozomenns,
473 1182 482 1198 l
503 1177 555 1200 etc.
574 1172 660 1207 Cujus
676 1173 759 1200 verba
773 1181 835 1200 mox

43 1220 182 1247 dabimus.
212 1229 221 1245 ι
241 1219 314 1247 Idem
337 1220 525 1255 (prosequitur
549 1219 721 1254 Ruinartius)
743 1219 837 1248 Romae

43 1265 174 1293 usitatum
192 1265 278 1293 fuisse
293 1266 373 1294 docet
389 1265 536 1302 Dionysius
551 1265 689 1293 Petavius.
705 1266 772 1293 Vide
785 1265 836 1293 Va-

45 1311 102 1338 lcsii
118 1316 204 1339 notas
219 1311 254 1338 ad
271 1312 344 1339 hunc
360 1311 508 1339 Sozomeui
526 1313 628 1346 locum,
649 1317 676 1339 ct
690 1312 837 1340 Commen-

49 1358 149 1385 tarium
164 1358 298 1393 praevium
314 1357 346 1385 D.
361 1358 386 1386 J.
400 1358 549 1386 Mabillonii
565 1359 592 1386 in
606 1360 729 1386 ordinem
741 1359 839 1387 Roma-

47 1411 112 1431 num
122 1412 185 1439 cap.
196 1404 224 1431 3.
238 1413 248 1430 ›
261 1404 466 1439 Verumtamen,
479 1413 545 1440 pace
554 1406 621 1432 tanti
636 1406 697 1438 viri,
707 1406 801 1439 multa,
811 1410 838 1434 et

888 852 970 881 ximis
1003 858 1108 881 tantum
1136 853 1250 880 urbibus
1283 858 1349 880 tunc
1374 852 1505 888 temporis
1530 852 1686 879 obtinuisse

887 900 984 927 docent
1001 899 1151 935 Dionysius
1165 898 1303 931 Petavius,
1321 905 1348 926 et
1362 898 1499 926 Henricus
1512 897 1638 925 Valesius
1653 898 1681 925 in

887 946 983 974 iisdem
1003 947 1086 978 notis,
1102 954 1170 981 quas
1190 947 1241 973 sibi
1263 945 1352 973 facere
1370 945 1486 973 credidit
1502 946 1543 972 vir
1559 945 1682 972 clari553-

887 999 958 1018 mus.
991 990 1034 1023 Et,
1057 996 1086 1018 ut
1108 999 1122 1017 a
1137 990 1250 1018 Petavio
1278 991 1453 1024 incipiamus,
1479 990 1524 1017 hic
1545 997 1622 1016 suam
1649 990 1684 1016 de

888 1039 939 1065 hac
954 1045 983 1065 re
999 1039 1163 1065 sententiam
1179 1037 1222 1064 his
1237 1037 1327 1064 verbis
1341 1037 1469 1072 exposuit
1487 1036 1543 1072 (56)
1558 1045 1564 1063 ε
1594 1044 1602 1061 ι
1619 1034 1682 1062 Sin-

886 1085 1009 1120 gularem
1026 1084 1098 1117 ,ait,
1129 1088 1195 1110 tunc
1225 1084 1356 1119 temporis
1386 1083 1556 1110 Alexandriae
1578 1088 1682 1110 morem

887 1131 961 1158 hunc
978 1130 1074 1161 fuisse,
1093 1129 1135 1156 vel
1152 1129 1248 1157 saltem
1264 1129 1358 1164 paucis
1373 1129 1400 1155 in
1416 1128 1548 1155 Ecclesiis
1563 1134 1682 1163 uSurpa-

887 1181 958 1210 tum,
971 1184 1004 1204 ex
1019 1184 1052 1203 eo
1067 1176 1210 1211 conjicias,
1222 1176 1294 1210 quod
1309 1180 1364 1202 tam
1380 1182 1510 1208 expresse
1526 1173 1682 1201 istiusmodi

887 1223 1094 1251 consuetudinis
1114 1227 1246 1256 tanquam
1269 1221 1463 1249 Alexandrinae
1477 1220 1609 1249 Ecclesiae
1633 1227 1682 1255 pe-

887 1269 1010 1302 culiaris,
1024 1268 1149 1296 meminit
1166 1267 1372 1303 (Epiphanius),
1388 1267 1427 1294 uti
1444 1266 1575 1294 nimirum
1590 1267 1683 1301 plures

888 1317 914 1343 in
930 1315 1025 1342 eadem
1044 1314 1112 1342 urbe
1134 1313 1206 1341 tituli
1228 1312 1328 1345 forent,
1349 1313 1450 1348 quibus
1472 1312 1588 1347 singulis
1615 1319 1685 1339 suns

887 1361 1037 1388 attributus
1064 1363 1138 1386 esset
1153 1359 1306 1394 presbyter,
1328 1358 1375 1393 qui
1398 1357 1599 1385 ecclesiasticas
1621 1356 1686 1383 fun-

888 1407 994 1434 ctiones
1019 1405 1075 1432 illic
1095 1405 1194 1432 obiret.
1214 1413 1223 1430 )
1258 1404 1292 1431 Et
1316 1408 1379 1439 post
1405 1411 1492 1438 pauca
1516 1404 1574 1431 haec
1591 1402 1682 1430 addit:

45 1450 156 1485 quidem
170 1450 364 1483 maxima,uos
371 1456 463 1478 vetant
472 1451 538 1486 quin
553 1459 630 1478 suam
642 1452 838 1487 amplectamur
852 1471 873 1500 C
893 1463 902 1479 (
917 1453 977 1480 Non
989 1452 1086 1480 dubito
1099 1451 1253 1486 majoribus
1267 1451 1401 1478 duntaxat
1416 1451 1444 1478 in
1461 1450 1576 1478 urbibus
1590 1450 1684 1485 plures

44 1497 221 1524 sententiam.
236 1496 304 1530 lmo,
320 1502 350 1524 ut
358 1498 456 1526 melius
470 1498 607 1531 dicamus,
619 1499 701 1526 iidem
711 1499 838 1527 Petavius

43 1549 68 1570 et
83 1542 219 1576 Valesius,
233 1550 305 1578 quos
319 1547 448 1579 tanquam
465 1544 628 1579 conjecturae
644 1553 700 1572 suae
711 1550 839 1580 patronos

44 1588 163 1622 appellat
173 1588 216 1614 vir
226 1588 409 1622 clarissimus,
423 1597 473 1616 nos
483 1589 589 1616 diversa
602 1598 715 1624 prorsus
732 1591 765 1618 ab
780 1590 839 1625 ipso

44 1635 146 1662 sentire
153 1634 335 1669 compellunt.
344 1633 443 1662 Narrat
452 1634 623 1663 Sozomeuus
636 1635 682 1663 lib.
694 1645 713 1669 ι,
723 1644 781 1671 cap.
795 1637 838 1670 l5,

44 1680 140 1707 Arium
152 1680 262 1715 legatos
274 1680 384 1708 misisse
399 1681 433 1708 ad
444 1681 590 1708 Paulinum
604 1680 679 1716 Tyri,
691 1681 840 1710 Eusebium

45 1726 188 1760 Caesarem,
205 1731 234 1754 et
249 1727 284 1754 ad
298 1726 484 1762 Patrophilum
501 1727 674 1764 Scythopolis
686 1729 839 1764 episcopos,

46 1774 175 1809 ipsosque
205 1782 318 1809 rogasse
334 1779 363 1802 ut
380 1775 432 1802 sibi
449 1775 505 1811 (55)
522 1783 640 1803 unacum
656 1777 715 1804 suis
732 1777 841 1812 permit-

45 1824 132 1847 terent
153 1820 263 1855 plebem
285 1820 352 1855 ipsis
367 1821 551 1849 adhaerentem
574 1822 600 1849 in
616 1822 738 1850 Ecclesia
762 1823 840 1850 colli-

46 1874 118 1901 gere,
133 1867 265 1894 eumdem
281 1874 312 1893 ex
329 1874 384 1901 quo
402 1875 466 1894 mox
482 1867 578 1903 dejecti
594 1868 712 1902 fuerant,
725 1869 839 1903 gradum

46 1914 245 1941 obtinentibus.
275 1912 337 1940 Mox
365 1914 467 1941 subdit:
501 1924 510 1940 ε
537 1915 674 1950 Antiquus
700 1916 772 1942 enim
798 1919 840 1942 est

45 1959 217 1986 Alexandria:
233 1966 305 1992 mos,
324 1958 369 1992 qui
393 1963 420 1985 et
437 1959 520 1986 ctiam
547 1968 620 1987 nunc.
637 1960 720 1995 viget,
740 1965 769 1987 ut
788 1961 839 1988 sub

47 2013 99 2033 uno
114 2007 261 2041 episeopo,
276 2004 322 2039 qui
336 2005 464 2032 omnibus
479 2011 586 2040 prazest,
603 2007 752 2042 presbyteri
764 2015 840 2034 seor-

47 2059 104 2079 sum
129 2051 267 2079 ecclesias
293 2051 444 2083 obtineant,
470 2056 497 2078 et
523 2051 551 2078 in
584 2052 681 2079 iisdem
707 2053 838 2087 populum

48 2103 226 2134 congregem.
248 2106 258 2123 ι
279 2096 378 2124 Eadem
396 2097 477 2124 etiam
492 2097 572 2124 docet
585 2097 755 2133 Epiphanius
769 2099 837 2132 (54),

891 1503 962 1530 inter
973 1502 1104 1537 pomeria
1119 1501 1212 1528 titulos
1227 1500 1322 1532 fuisse,
1338 1507 1401 1527 cum
1415 1500 1486 1526 intra
1500 1499 1595 1526 eadem
1607 1503 1684 1533 septa

891 1548 1035 1581 contineri,
1052 1555 1163 1582 unaque
1179 1545 1328 1574 convenire
1344 1553 1398 1572 non
1415 1549 1543 1580 possent;
1560 1544 1684 1580 adquue

890 1594 1063 1630 presbyteros
1078 1592 1194 1628 singulis
1210 1591 1339 1619 Ecclesiis
1365 1591 1519 1626 impositos.
1546 1589 1575 1617 In
1591 1591 1684 1618 mino-

890 1641 967 1668 ribus
992 1644 1083 1667 autem
1099 1646 1132 1666 ac
1146 1638 1237 1666 minus
1260 1637 1450 1672 frequentibus
1469 1636 1577 1672 oppidis
1600 1644 1685 1664 unam

890 1686 1024 1714 duntaxat
1050 1683 1201 1712 Ecclesiam
1227 1683 1380 1715 exstitisse,
1407 1682 1435 1708 in
1456 1689 1538 1716 quam
1563 1680 1685 1708 universi

890 1731 1070 1764 conﬂuerent,
1098 1729 1255 1764 cuiusmodi
1273 1728 1355 1764 Cypri
1379 1728 1462 1755 urbes
1478 1733 1568 1755 erant.
1598 1727 1685 1760 Unde.

890 1778 964 1814 quod
978 1777 1153 1805 Alexandriae
1175 1781 1313 1810 receptum
1331 1780 1402 1808 erat,
1418 1774 1492 1801 velut
1508 1774 1688 1809 popularibus

891 1824 949 1852 suis
975 1823 1149 1859 peregrinum
1174 1827 1202 1849 et
1221 1821 1383 1849 inusitatum
1410 1819 1550 1847 adnotavit
1566 1819 1685 1854 Epipha-

890 1871 962 1897 nius.
982 1878 991 1895 I
1023 1868 1071 1896 His
1086 1871 1242 1896 consonant
1265 1871 1347 1894 etiam
1373 1874 1416 1900 ea,
1435 1874 1496 1901 qua:
1517 1865 1600 1900 paulo
1615 1865 1687 1892 infra‘

890 1916 972 1943 habet
997 1914 1072 1952 (57),
1091 1914 1156 1941 dum
1179 1914 1212 1941 de
1233 1909 1495 1947 chorcpiscoporum
1522 1911 1686 1945 antiquitate

890 1962 1031 1990 disseruit.
1053 1971 1061 1987 ιι
1078 1961 1167 1996 Atque
1186 1961 1255 1992 haec,
1277 1959 1376 1994 inquit,
1391 1958 1538 1993 Epiphanii
1559 1961 1613 1984 tam
1639 1964 1687 1984 ac-

891 2012 984 2035 curata
1006 2007 1039 2034 de
1051 2005 1245 2033 Alexandrinae
1267 2004 1396 2032 Ecclesire
1415 2003 1540 2039 pluribus
1561 2001 1686 2030 ecclesiis

891 2053 1056 2085 observatio,
1073 2060 1129 2079 rem
1153 2059 1202 2079 nec
1223 2050 1288 2077 alibi
1309 2049 1424 2085 passim,
1448 2057 1498 2076 nec
1520 2049 1584 2076 olim
1602 2056 1686 2076 usur-

890 2103 982 2134 palam
1009 2107 1041 2126 ac
1059 2101 1193 2133 receptam
1220 2097 1309 2124 fuisse
1330 2096 1509 2123 demonstrat.
1529 2104 1538 2120 ι
1563 2093 1619 2121 Nec
1634 2094 1687 2120 mia

47 2150 138 2171 contra
150 2144 273 2171 Arianos
290 2142 425 2175 scribens,
442 2142 507 2169 dum
521 2143 617 2170 Arium
634 2151 728 2171 eorum
741 2151 839 2178 paren-
856 2163 877 2191 Β
893 2153 953 2172 rum
976 2145 999 2172 si
1022 2145 1092 2172 hanc
1109 2142 1298 2171 Alexandrina:
1307 2142 1435 2169 Ecclesiae
1461 2140 1686 2168 consuetudinem

49 2196 98 2217 tem
118 2200 128 2216 ι
147 2197 234 2218 unam
257 2196 290 2216 ex
307 2188 443 2223 praedictis
467 2189 600 2220 ecclesiis,
618 2197 713 2223 nempe
734 2189 838 2216 Bauca-

48 2236 160 2268 lensem,
198 2233 354 2262 obtinuisse
381 2233 502 2260 tradidit.
531 2243 539 2259 ι
571 2235 677 2262 Etenim
706 2239 841 2270 quotquot

48 2280 220 2308 Alexandriae
237 2279 379 2315 catholicae
397 2280 601 2306 communionis
635 2279 757 2307 ecclesiae
777 2285 841 2307 sunt

49 2327 91 2354 uni
107 2325 321 2361 archiepiscopo
338 2324 477 2359 subjectte,
489 2332 556 2352 suus
569 2325 669 2360 cuique
680 2326 841 2360 praepositus

50 2379 88 2400 est
115 2382 124 2399 ι
151 2371 311 2408 presbyter,
325 2370 373 2406 qui
385 2370 570 2397 ecclesiaslica
581 2371 737 2399 muneraiis
753 2371 841 2398 admi-

50 2421 156 2452 nistrct,
175 2420 226 2455 qui
251 2419 324 2446 circa
349 2417 479 2445 ecclesias
499 2418 558 2445 illas
581 2418 716 2449 habitant,
730 2426 842 2445 earum~

80 2477 138 2512 (5‘2)
153 2476 295 2512 Ruinam,
305 2475 372 2502 Acta
386 2479 532 2512 martyrum
545 2475 683 2512 sincero“
697 2474 803 2507 selecto,

50 2509 142 2539 uincto
161 2511 322 2547 Hippolyto,
335 2519 397 2546 pag.
414 2509 476 2543 M5,
490 2516 555 2538 nota
573 2510 590 2538 5
604 2510 637 2536 nd
652 2510 785 2545 hymnum
809 2510 840 2536 11

51 2547 201 2574 Prudentii.

70 2548 201 2575 rudentii.

83 2584 141 2616 (55)
156 2583 218 2610 Lib.
237 2591 245 2609 ι
262 2581 336 2609 Hist.
349 2582 426 2616 each,
441 2592 466 2612 c.
480 2583 524 2610 15.

83 2584 129 2616 (55
156 2584 218 2610 Lib.
237 2591 245 2609 ι
262 2584 336 2609 Hist.
349 2584 426 2616 ποίη
441 2592 466 2612 c.
480 2584 524 2610 15.

83 2584 141 2654 (55;
155 2619 265 2646 Advers.
292 2618 386 2646 luem.
409 2620 457 2647 lib.
482 2627 513 2651 ιι,
536 2618 632 2645 haeres.
653 2616 698 2650 69,
728 2624 806 2645 nun].
827 2617 840 2643 1

53 2659 144 2682 Contra
158 2654 356 2680 Ariomanitas.

86 2690 144 2725 (55)
161 2689 228 2716 Loc.
244 2690 304 2722 cit.,
319 2695 382 2725 pag.
394 2689 456 2717 728.

85 2723 141 2760 (56)
158 2726 186 2752 In
203 2723 488 2760 aiiiittadvet7siotiibus
505 2725 538 2752 ad
551 2724 650 2752 dictam
665 2723 781 2760 haeresin
797 2723 842 2755 69,

55 2768 111 2795 qua!
132 2758 243 2788 “sum
269 2764 338 2787 ῑοηι-
353 2760 374 2786 ΙΙ
390 2759 508 2796 Operum
527 2761 613 2796 ipsius
643 2760 672 2787 ὃ.
687 2758 841 2794 Epiphanii,

57 2797 116 2824 edit.
131 2798 220 2825 citaue
235 2803 298 2831 pag.
310 2795 377 2822 276.

893 2197 947 2219 tam
972 2196 1100 2218 accurate
1123 2190 1228 2217 notavit
1249 2188 1437 2224 Epiphanius;
1462 2194 1525 2213 nam
1548 2187 1575 2213 in
1597 2185 1686 2213 insula

891 2238 991 2272 Cypro,
1009 2236 1035 2262 in
1052 2243 1104 2270 qua
1127 2237 1184 2270 ipse
1199 2235 1386 2269 episcopatqu
1402 2231 1532 2263 obtinuit,
1548 2230 1685 2258 interdum

891 2282 974 2308 etiam
996 2281 1061 2312 vici,
1088 2285 1118 2307 ut
1139 2284 1232 2307 narrat
1251 2279 1423 2306 Sozomenus
1449 2277 1515 2312 (58),
1540 2284 1687 2304 emisecra-

892 2332 936 2354 tos
962 2334 1019 2353 aevo
1039 2334 1090 2353 suo
1109 2326 1265 2352 habuerunt
1286 2325 1441 2359 episcopos.
1465 2322 1522 2351 Nec
1542 2331 1557 2350 a
1574 2323 1686 2350 Pctavio

891 2373 934 2400 vel
963 2373 1106 2399 minimum
1127 2367 1256 2399 dissentit
1276 2369 1401 2397 Valesius
1419 2369 1487 2404 (59).
1514 2368 1572 2396 imo
1588 2368 1686 2403 hujus-

893 2419 965 2446 modi
987 2426 1091 2446 morem
1111 2418 1180 2445 adeo
1201 2417 1394 2444 Alexandrinae
1408 2415 1537 2443 Ecclesiae
1561 2415 1686 2450 peculia-

929 2473 986 2508 (57)
1011 2473 1084 2500 Idem
1099 2471 1226 2508 Petavius
1246 2471 1273 2499 in
1290 2472 1384 2500 eadem
1401 2471 1637 2499 animadversione
1650 2471 1685 2498 ad

893 2508 1010 2536 hazresin
1028 2508 1073 2539 69,
1097 2516 1158 2542 pag.
1175 2507 1239 2534 28L

929 2544 986 2578 (58)
1007 2543 1066 2571 Lib.
1083 2541 1120 2569 vn
1137 2542 1207 2569 llist.
1223 2542 1305 2570 ercles
1321 2561 1329 2573 ,
1345 2549 1404 2576 cap.
1420 2541 1483 2578 597.

929 2576 986 2614 (59)
1006 2578 1034 2605 In
1056 2579 1128 2605 notis
1145 2579 1177 2604 ad
1195 2583 1276 2613 caput
1293 2578 1336 2609 l5,
1355 2578 1424 2604 lib.t
1442 2577 1514 2604 Hist.
1529 2578 1620 2614 rales.
1636 2576 1687 2605 Son

894 2613 1010 2647 zomcni,
1028 2622 1088 2649 pag.
1104 2614 1151 2645 55,
1173 2614 1218 2640 ubi
1239 2617 1300 2648 post
1317 2614 1440 2645 recitata,
1457 2621 1518 2647 quae
1538 2613 1565 2640 in
1583 2613 1687 2641 disser-

893 2651 996 2677 tatione
1021 2649 1155 2683 descripta
1183 2653 1249 2675 sunt
1269 2649 1362 2681 verba,
1389 2653 1418 2675 ut
1443 2650 1570 2682 probaret
1590 2654 1686 2676 contra

894 2685 1034 2712 Petavium
1059 2692 1092 2711 ex
1116 2683 1309 2711 S.lnnocentii
1335 2690 1411 2718 papa}
1434 2683 1548 2717 cpistola
1575 2684 1688 2713 minime

894 2720 1002 2752 deduci,
1018 2719 1110 2746 Horme
1124 2727 1173 2753 per
1190 2719 1284 2746 titulos
1301 2718 1387 2746 fuisse
1405 2720 1578 2754 presbyteros
1592 2719 1685 2746 distri-

895 2757 986 2789 butos,
1002 2755 1049 2789 qui
1063 2754 1168 2789 plebem
1185 2755 1333 2789 separatim
1351 2759 1484 2787 regerent,
1503 2755 1561 2789 tunc
1573 2754 1686 2788 subjun-

897 2791 935 2827 git
951 2800 978 2817 :t
993 2788 1032 2818 Ad
1050 2789 1129 2826 cujus
1146 2789 1185 2817 rei
1205 2789 1393 2824 probationem
1411 2789 1520 2817 adducit
1536 2788 1687 2824 (Petavius)
