1857 3051
165 65 219 92 419

558 62 601 90 DE
617 59 815 89 PORTUENSI
831 59 861 87 S.
882 56 1065 86 HIPPOLYTI
1087 57 1184 86 SEDE.
1200 73 1233 78 —
1249 57 1338 84 PARS
1355 57 1378 84 I.

1743 54 1802 83 420

164 132 222 152 rem
237 122 321 152 fuisse
333 123 429 156 credit,
439 127 479 155 ut,
489 130 553 150 num
569 122 627 157 ipse
642 122 670 149 in
681 121 816 154 Romana,
834 121 956 148 omnium
972 122 995 150 Α
1009 127 1081 147 curat
1100 119 1260 146 commissos
1276 118 1368 146 Romae
1386 123 1450 145 tunc
1469 117 1607 152 temporis,
1624 117 1674 144 l65
1691 117 1802 144 scilicet

164 175 254 199 matre
273 178 306 198 ac
320 171 453 206 principe,
473 170 568 197 saltem
592 168 742 196 Innocentii
760 168 770 194 l
792 175 869 202 papae
889 173 956 195 tem-

165 217 278 252 poribus
296 221 424 251 acceptus
446 215 538 247 fuerit,
551 215 725 242 vehementer
742 214 878 246 dubitare,
894 213 957 241 licet

165 270 319 298 perperam,
346 261 473 289 fateatur.
505 271 514 287 ι
535 261 737 291 Alexandrinae,
752 260 849 295 inquit,
863 259 956 287 Eccle—

165 309 214 336 siae
239 309 401 344 peculiarem
424 315 497 336 nunc
524 315 630 335 morem
654 307 759 339 fuisse,
786 311 815 333 ut
841 306 956 341 singulis

166 355 311 387 Ecclesiis,
328 362 375 381 seu
392 354 478 381 titulis
503 354 532 381 in
552 361 585 381 ea
607 353 674 380 urbe
694 352 867 384 constitutis,
890 359 957 379 suus

165 405 238 429 esset
257 400 415 436 assignatus
427 399 582 435 presbyter,
598 399 677 427 docet
693 399 774 426 etiam
789 397 957 433 Epiphanius

166 447 193 475 in
207 447 303 475 haeresi
318 447 497 478 Arianorum,
518 456 527 472 ι
547 450 600 473 etc.
627 445 669 472 Ad
685 453 768 480 quem
792 445 881 472 locum
893 444 958 472 Dio-

166 493 260 529 nysius
269 493 398 521 Petavius
414 493 545 520 observat
570 501 580 518 ‹
595 491 668 519 idem
687 491 770 518 etiam
783 490 878 518 Romae
899 490 957 518 usi-

167 544 253 566 tatum
279 539 383 572 fuisse;
408 546 462 574 qua
488 539 515 565 in
539 538 613 569 urbe
626 537 777 572 presbyteri
805 544 852 571 per
869 536 958 563 varios

170 586 265 613 titulos
280 585 435 614 distributi.
451 592 528 611 suam
542 584 659 618 quisque
681 583 787 618 plebem
811 582 957 617 separatim

168 631 298 665 regebat,
315 641 324 656 ι
350 635 404 658 etc.
426 629 517 665 Pergit
538 630 581 657 vir
595 628 773 658 doctissimus
800 628 859 662 ipse
878 627 959 655 Vale-

167 677 225 704 sius
243 682 274 703 ut
291 677 417 704 ostendat
441 676 584 704 Petavium
602 682 745 711 perperam
758 675 829 702 hanc
846 674 959 709 presby-

167 726 290 749 terorum
301 730 350 757 per
361 722 455 749 titulos
465 722 687 750 distributionem
699 729 732 749 ex
744 721 860 756 epistola
872 720 958 748 sancti

167 767 319 795 Innocentii
336 768 345 794 l
364 769 398 796 ad
416 768 576 796 Decentium
605 769 764 803 episcopum
786 767 957 802 Eugubiuum

169 813 335 846 deduxisse;
365 821 427 840 cum
455 821 489 841 ex
512 814 570 848 ipsa
594 813 633 840 nil
655 813 729 840 aliud
757 812 848 847 colligi
878 819 959 846 posse

169 863 306 892 autumet,
322 867 406 894 quam
420 859 560 887 Romanos
577 859 762 894 presbyteros,
780 859 826 893 qui
845 858 960 894 singulis

171 905 268 933 diebus
288 914 350 932 cum
363 914 472 933 summo
491 906 617 941 pontiﬁce
636 906 892 938 communicabant,
916 905 961 933 die

170 950 315 979 Dominico
326 952 359 978 ab
376 951 435 987 ipso
447 952 620 984 fermentum,
629 952 682 979 hoc
691 956 735 985 est
744 953 960 980 sacratissimum

170 1004 268 1033 panem
283 998 497 1025 eucharisticum
518 999 667 1032 accepisse,
688 1006 723 1025 ne
741 999 775 1024 ab
794 998 868 1026 illius
885 1005 962 1024 com-

171 1044 304 1071 munione
322 1051 354 1071 eo
372 1044 416 1071 die
434 1045 553 1079 separati
571 1045 739 1073 viderentur.
767 1045 865 1071 Verum
886 1044 962 1079 ipsos

172 1089 231 1116 suis
258 1089 344 1117 titulis
371 1090 515 1124 scjunctim
538 1089 680 1124 praefectos
702 1090 852 1117 Innocentii
881 1089 962 1116 verba

173 1135 247 1163 haud
274 1135 396 1163 indicare
424 1135 555 1168 credidit;
591 1136 666 1170 quod
697 1140 788 1163 tamen
811 1143 844 1163 ex
868 1141 962 1164 sancto

174 1181 327 1209 Athanasio
343 1181 445 1208 certius
465 1181 549 1216 repeti
570 1189 650 1216 posse
669 1182 787 1213 censuit,
804 1182 850 1215 qui
862 1181 963 1209 Roma-

174 1236 237 1255 nam
248 1228 393 1264 synodum,
402 1235 417 1254 a
426 1235 478 1262 qua
488 1228 546 1262 ipse
556 1227 581 1254 in
592 1228 812 1256 communionem
821 1233 963 1263 susceptus

174 1278 202 1301 et
220 1273 353 1301 innocens
372 1274 564 1308 pronunliatos
585 1273 646 1306 luit,
659 1279 782 1301 coactam
799 1273 886 1302 fuisse
898 1274 965 1302 dicit

174 1319 203 1348 in
212 1320 329 1348 ecclesia
338 1341 346 1353 ,
357 1320 383 1347 in
398 1328 450 1355 qua
458 1319 548 1351 Biton,
558 1328 604 1347 seu
613 1320 691 1347 Viton
700 1321 839 1355 presbyter
845 1328 964 1348 conven-

174 1371 220 1393 tus
229 1366 325 1400 agebat
335 1375 341 1398 ;
353 1370 434 1400 atque
451 1366 476 1392 in
488 1367 560 1393 notis
575 1366 607 1392 ad
617 1366 923 1401 epistolamS.Coruclii
932 1367 965 1394 ad

175 1411 291 1440 Fabium
305 1413 502 1440 Antiocbeiium
519 1421 675 1448 episcopum
688 1434 695 1445 ,
711 1414 790 1450 cujus
815 1414 965 1450 fragmenta

178 1458 298 1485 servavit
326 1458 459 1485 Eusebius
469 1458 538 1494 (60),
565 1459 598 1486 46
622 1459 716 1487 titulos
741 1460 962 1495 presbyterorum
978 1464 1000 1493 ο

175 1590 265 1617 locum
281 1597 316 1617 ex
335 1590 449 1625 epistola
473 1590 623 1618 Innocentii
647 1599 722 1626 papa:
749 1592 781 1619 ad
797 1591 964 1624 Decentium,

175 1633 237 1662 cap.
255 1626 282 1662 5,
292 1626 340 1662 qui
356 1626 396 1652 sic
408 1626 489 1662 habet
502 1634 509 1651 :
529 1636 537 1651 ι
550 1625 588 1652 De
599 1625 732 1653 fermento
747 1635 820 1660 vero,
834 1628 906 1662 quod
922 1629 966 1655 die

180 1670 189 1686 ε
202 1661 343 1687 Dominico
357 1661 514 1697 perititulos
531 1661 673 1697 mittimus,
689 1662 824 1697 superﬂue
838 1661 888 1690 nos
901 1671 967 1690 con-

180 1704 189 1721 ι
204 1697 293 1722 sulere
308 1695 438 1723 voluisti:
452 1704 516 1723 cum
532 1704 628 1724 omnes
642 1695 772 1724 Ecclesia:
785 1703 884 1725 nostrae
897 1698 966 1725 infra

181 1740 189 1756 I
204 1731 350 1769 Civitatem
372 1731 427 1757 sint
454 1734 631 1769 constitutae;
662 1740 777 1769 quarum
805 1734 965 1769 presbyteri,

180 1775 191 1791 ι
205 1767 269 1800 quia
284 1766 327 1792 die
344 1766 397 1793 isto
414 1771 525 1801 propter
537 1767 639 1800 plebem
658 1767 708 1794 sibi
723 1766 899 1795 commissam
918 1777 968 1796 no-

181 1810 191 1826 ε
205 1801 311 1828 hiscum
328 1802 475 1829 convenire
491 1809 545 1828 non
569 1807 696 1836 possunt,
721 1803 781 1829 ideo
805 1803 966 1830 fermentum

182 1845 191 1862 ε
205 1844 220 1863 a
237 1836 315 1863 nobis
331 1836 485 1863 confectum
504 1844 550 1871 per
562 1837 684 1872 acolytos
695 1839 843 1872 accipiunt,
860 1843 890 1865 ut
907 1847 935 1865 se
952 1847 966 1866 a

182 1881 192 1897 ι
206 1872 508 1908 communione__nostra
517 1872 639 1908 maxime
659 1873 704 1899 illa
720 1874 763 1900 die
779 1882 832 1900 non
846 1874 969 1908 judicent

182 1911 353 1943 «separatos.
372 1915 380 1932 ι
403 1906 501 1934 Verum
516 1907 560 1934 hic.
584 1907 659 1934 locus
688 1906 854 1936 conlrariuni
879 1910 968 1943 potius

180 1942 247 1968 mihi
263 1942 371 1979 videtur
384 1943 508 1979 probare.
525 1943 571 1979 Ait
586 1943 658 1979 enim
675 1942 848 1971 Innocentius
862 1942 969 1979 presby-

180 1982 255 2004 teros
275 1977 388 2013 reliquis
413 1978 509 2004 diebus
531 1977 708 2004 hebdomadis
732 1979 784 2013 ipsi
809 1977 967 2011 atllilesiSse,

181 2018 207 2039 ct
221 2019 282 2038 cum
300 2011 358 2046 ipso
373 2013 543 2044 convenisse,
556 2011 774 2041 communicasse
786 2023 793 2046 ;
811 2015 907 2041 diebus
921 2023 970 2041 au-

182 2052 237 2086 tem
254 2046 415 2086 Dominicis_
427 2048 531 2082 plebem
545 2048 696 2082 collegisse,
710 2055 741 2086 ret
756 2049 918 2086 fermentum
936 2050 970 2076 ab

181 2083 311 2120 episcopo
325 2083 478 2120 accepisse,
497 2091 531 2110 ne
547 2091 562 2110 a
578 2085 770 2120 communione
790 2085 831 2112 sui
848 2086 968 2119 episcopi

183 2117 300 2154 separati
318 2117 415 2154 reo_dic
433 2118 601 2145 viderentur.
623 2117 680 2145 Non
706 2120 787 2154 igitur
805 2117 876 2147 allixi
891 2117 969 2147 erant

183 2152 268 2189 titulis
283 2153 339 2179 suis
355 2152 470 2179 Romani
487 2154 636 2189 presbyteri
652 2152 729 2181 aetate
745 2154 904 2188 Innocentii,
922 2156 969 2183 sed

183 2187 217 2214 ad
243 2195 290 2214 eos
316 2189 447 2223 regendos
475 2190 519 2215 die
534 2187 675 2216 Dominico
704 2190 890 2217 mittebantur.
915 2190 970 2218 Nec

184 2229 295 2262 necesse
310 2228 369 2250 erat
384 2228 414 2262 ut
431 2231 501 2251 unus
525 2224 650 2262 idemque
666 2224 699 2262 ad
717 2226 838 2252 eamdem
864 2234 970 2260 semper

185 2257 335 2296 Ecclesiam
361 2259 595 2296 mitteretur,_sed
607 2257 731 2296 eligebat
753 2261 896 2296 episcopus
922 2257 970 2296 pro

185 2293 313 2331 arbitrio,
324 2301 403 2331 quem
417 2293 506 2331 vellet.
524 2294 632 2331 Rectius
649 2293 731 2330 igitur
746 2293 894 2330 idprobari
911 2293 971 2331 pos-

186 2332 230 2365 set
251 2335 284 2355 ex
300 2328 449 2365 Athanasio
480 2329 508 2356 in
523 2328 670 2365 Apologia
690 2328 809 2358 secunda
840 2328 970 2359 adversus

186 2363 322 2403 Arianosi
343 2364 389 2390 ubi
409 2371 492 2398 agens
514 2364 547 2391 de
566 2363 670 2403 synodo
686 2365 818 2398 Romana,
843 2375 858 2393 a
874 2375 926 2401 qua
944 2369 971 2394 iu

186 2401 406 2438 communionem
423 2404 576 2438 susceptus,
593 2405 619 2427 et
635 2401 766 2438 iptioccns
781 2404 972 2436 pronuntiatus

187 2431 292 2470 fuerat,
319 2433 357 2460 ait
373 2441 432 2460 eam
459 2431 621 2462 celebratam
643 2435 728 2463 fuisse
754 2431 918 2470 in'ecclesia,
944 2439 970 2465 in

187 2475 241 2508 qua
258 2467 336 2494 Biton
361 2469 499 2508 presbyter
525 2471 794 2508 plcbcmﬂcolligebat
812 2481 818 2498 :
844 2473 883 2499 sic
898 2467 971 2499 enim

188 2504 351 2543 intel'pretor
367 2511 398 2530 ea
416 2504 517 2533 verba:
536 2506 619 2532 Ἔνθα
635 2504 727 2534 Bima
747 2509 761 2534 ὁ
787 2507 972 2544 πρεσϐύτερος

190 2545 317 2573 συνηγεν.

301 2574 330 2614 In
347 2573 393 2601 lib.
406 2582 437 2614 fi
455 2574 620 2614 Hisbueccl”
637 2585 696 2611 cap.
715 2577 760 2610 45,
778 2586 839 2614 pag.
857 2579 918 2614 3l2,

206 2642 211 2647 _
225 2609 283 2649 (6|)
302 2609 389 2649 Locus
403 2609 493 2649 Optatj
510 2611 654 2649 Milevitani
670 2609 725 2649 jam
743 2609 845 2641 rel—atus
866 2622 880 2641 a
896 2613 975 2642 Vale-

190 2645 231 2685 εἰς)
246 2648 292 2685 est
306 2645 332 2685 in
351 2645 419 2685 libro
439 2654 467 2685 xl
478 2647 515 2685 De
529 2645 892 2685 scitismate'Dguqtistarum,
911 2658 972 2685 pag.

191 2678 225 2704 34
240 2678 434 2719 edit._Ltitcti1e
449 2681 615 2719 [jurisiorum
632 2692 674 2710 an.
692 2683 772 2716 I702,
790 2685 823 2711 ad
838 2678 918 2719 queui
936 2678 975 2712 Ιὸ-

190 2714 334 2752 cunLvide
350 2723 409 2750 quzc
425 2725 437 2744 a
456 2717 553 2752 Dupin.
571 2720 675 2746 erudite
695 2714 824 2746 notantur
841 2714 916 2746 lium.
930 2721 972 2747 71.

192 2748 282 2810 “$32)
303 2748 435 2780 Ilarbnius
455 2753 488 2780 ad
498 2748 606 2781 annum
619 2754 662 2786 51,
681 2753 770 2790 §lOl,
790 2760 856 2782 tom.
870 2757 891 2787 l,
912 2763 973 2791 pag.

210 2792 253 2811 υυ.

1007 169 1069 192 ante
1095 164 1325 191 S.lunocentium
1352 164 1447 194 annis,
1473 163 1612 190 exstitisse
1636 162 1757 194 docuit,
1774 166 1802 189 et

1006 210 1144 245 egregium
1165 208 1254 244 Optati
1279 209 1426 236 Milevitani
1445 208 1500 243 (61)
1519 208 1709 236 testimonium
1728 208 1802 235 reci-

1007 256 1088 288 tavit,
1105 263 1160 290 quo
1178 255 1323 290 praedictos
1346 255 1438 282 titulos
1452 254 1612 282 Diocletiani
1635 255 1721 281 etiam
1743 261 1804 281 aevo

1009 300 1177 336 superfuisse
1202 305 1285 335 patet,
1312 305 1340 327 et
1363 300 1454 335 magni
1480 299 1589 326 Baronii
1615 299 1671 334 (62)
1697 299 1804 334 placita

1007 347 1137 374 adversus
1154 346 1286 373 Blondelli
1313 346 1340 372 in
1364 345 1421 380 ipsa
1443 344 1632 379 obgannientis
1653 344 1804 371 audaciam

1007 391 1114 428 egregie
1138 396 1241 418 tutatus
1264 395 1322 424 est;
1351 391 1429 426 cujus
1449 391 1530 418 etiam
1547 390 1678 418 Blondclli
1701 390 1758 416 hac
1775 397 1806 416 re

1008 438 1209 465 fraudulentam
1238 437 1373 472 ignaviam
1404 437 1518 464 miriﬁce
1548 436 1650 465 detexit
1677 436 1806 464 Joannes

1008 484 1173 512 Pcarsouius
1198 483 1264 519 (65).
1293 483 1399 510 Idcirco
1422 484 1537 518 primam
1562 483 1634 511 hanc
1655 482 1733 510 docti
1753 482 1805 511 viri

1009 530 1182 561 sententiam.
1207 538 1288 565 quam
1306 529 1445 564 professus
1472 534 1514 556 est
1526 528 1664 562 Petavius,
1680 528 1805 562 amplexi

1009 580 1073 603 sunt
1089 576 1124 602 cl.
1136 575 1187 602 viri
1198 574 1317 602 Joannes
1330 574 1476 602 cardiualis
1485 574 1560 602 Bona
1573 574 1628 609 (64)
1643 578 1672 600 et
1680 573 1806 600 Joannes

1009 621 1191 655 Mabillonius,
1217 621 1264 656 qui
1294 622 1405 656 triginta
1430 621 1571 648 titulorum
1594 619 1720 652 nomina,
1744 627 1807 654 qua:

1009 673 1117 695 exstant
1146 669 1172 694 in
1196 667 1444 701 subscriptionibus
1472 666 1581 694 concilii
1604 665 1726 693 Romani
1752 665 1807 692 sub

1010 713 1184 749 Symmacho,
1197 712 1229 740 ad
1243 712 1322 739 ﬁdem
1331 711 1508 738 vetustissimi
1521 711 1623 738 codicis
1632 709 1807 737 Vallicellani

1010 761 1154 792 recensita,
1170 759 1354 786 emendatiora
1370 758 1396 785 in
1413 758 1500 785 lucem
1520 757 1604 785 edidit
1618 757 1644 784 in
1658 765 1808 784 commen-

1011 806 1080 833 tario
1104 805 1204 839 prarvio
1232 805 1266 832 ad
1292 804 1419 832 Ordinem
1435 803 1588 831 Romanum
1611 803 1682 838 (65),
1708 803 1808 830 eadem

1011 851 1093 878 etiam
1110 850 1143 877 de
1157 849 1297 877 titulorum
1319 849 1452 876 divisione
1464 849 1561 883 primis
1575 848 1651 875 hisce
1669 847 1809 882 tempori—

1011 896 1062 923 bus
1072 894 1165 922 Romae
1181 899 1286 929 recepta
1303 894 1492 921 disseruerunt
1502 893 1657 920 Ludovicus
1666 891 1809 919 Thomas-

1012 950 1088 970 smus
1101 941 1168 976 (66),
1179 940 1276 968 Petrus
1290 940 1468 967 Coustantius
1479 939 1546 974 (67),
1556 945 1583 966 et
1598 938 1810 968 eruditissimus

1011 988 1054 1015 vir
1065 987 1194 1015 Nicolaus
1209 986 1370 1014 Autonellus
1396 986 1424 1013 in
1445 985 1637 1013 dissertatione
1651 984 1687 1011 de
1706 983 1808 1014 titulis,

1013 1040 1085 1068 quos
1120 1031 1149 1059 S.
1170 1030 1312 1059 Evaristus
1345 1030 1476 1058 Romanis
1509 1029 1673 1065 presbyteris
1715 1028 1810 1056 distri-

1013 1079 1074 1106 buit
1099 1078 1165 1113 (68).
1193 1077 1256 1105 Ilaac
1282 1085 1348 1105 sane
1373 1077 1464 1104 omn‘a
1494 1083 1654 1111 magnorum
1681 1075 1808 1102 virorum

1013 1125 1114 1160 placita
1139 1124 1404 1158 impudentissimam
1419 1122 1555 1157 Radulphi
1572 1121 1737 1157 Hospiniani
1751 1121 1807 1157 (69)

1013 1171 1195 1206 pervicaciam
1211 1171 1392 1202 contundunt,
1405 1170 1451 1204 qui
1465 1170 1649 1198 Romanorum
1664 1168 1807 1196 titulorum

1015 1217 1227 1245 remotissimam
1242 1218 1431 1252 antiquitatem
1449 1217 1626 1245 tenebricosis
1640 1217 1697 1244 illis
1711 1222 1809 1244 cento-~

1015 1264 1107 1296 nibus,
1127 1271 1195 1298 quos
1215 1265 1313 1290 merito
1336 1262 1432 1290 irridet
1452 1263 1589 1290 maximus
1611 1263 1654 1289 vir
1669 1262 1812 1289 Antonius

1016 1309 1227 1345 Magliabechius
1247 1310 1313 1345 (70),
1338 1310 1366 1336 in
1392 1309 1539 1337 discrimen
1565 1317 1664 1337 vocare
1686 1317 1743 1336 non
1758 1309 1814 1336 du-

1017 1355 1122 1382 bitavit.
1145 1355 1181 1382 De
1192 1355 1383 1382 Alexandrinis
1399 1363 1465 1382 vero
1488 1355 1584 1388 titulis,
1602 1362 1722 1389 quorum
1749 1362 1812 1381 me—

1017 1402 1097 1429 minit
1123 1402 1150 1428 S.
1164 1401 1343 1436 Epiphanius,
1371 1401 1529 1429 doctissime
1540 1401 1572 1428 de
1585 1408 1661 1428 more
1678 1400 1815 1428 disseruit

1019 1448 1158 1476 immensae
1178 1448 1340 1476 eruditionis
1353 1448 1394 1474 vir
1409 1447 1581 1475 Christianus
1595 1447 1691 1482 Lupus
1706 1447 1734 1474 in
1752 1447 1814 1474 dis-

1053 1593 1164 1631 (65)][1
1181 1594 1328 1631 Annalibus
1342 1594 1507 1631 Cyprianiciu
1531 1595 1565 1631 ad
1582 1592 1766 1631 a_nn.ﬁ_252,_§
1783 1593 1813 1625 3,

1016 1628 1078 1666 pag.
1100 1628 1153 1666 Ἧι
1166 1635 1228 1666 ante
1253 1628 1461 1666 Operaﬁipsius
1477 1629 1606 1666 Cypriani
1627 1628 1694 1666 edit.
1719 1628 1814 1666 citata:

1017 1662 1212 1692 Anistelodami
1240 1662 1303 1692 anili
1327 1662 1407 1697 I701),
1437 1664 1481 1691 tibi
1501 1662 1591 1691 etiam
1617 1662 1703 1690 refert
1725 1664 1814 1690 verba

1017 1700 1165 1731 Blondelli,
1187 1708 1267 1735 quem
1285 1701 1440 1735 impugnat;
1461 1700 1548 1734 inquit
1572 1699 1645 1735 enim
1661 1706 1668 1723 :
1685 1707 1694 1723 ι
1711 1697 1740 1735 l_n
1758 1698 1814 1725 hac

1018 1737 1133 1770 epistola
1151 1733 1293 1763 Cornelius
1308 1733 1396 1772 obiter
1411 1733 1506 1772 omnes
1522 1734 1587 1772 cieri
1604 1733 1723 1772 Romani
1746 1741 1813 1772 gra-

1017 1768 1068 1798 dus
1089 1775 1246 1803 enumerat,
1269 1779 1338 1805 quos
1353 1770 1513 1805 Blondellus
1537 1770 1577 1805 ini
1595 1768 1754 1804 przefatione
1782 1769 1811 1795 in

1019 1807 1091 1833 hunc
1104 1805 1213 1832 modum
1223 1814 1255 1833 ex
1264 1804 1297 1833 eo
1307 1806 1420 1833 recitat:
1436 1815 1445 1831 ι
1457 1805 1489 1831 Α.
1502 1804 1533 1831 D.
1546 1804 1593 1831 l5l
1606 1805 1710 1838 (contra
1724 1811 1812 1838 quam

1021 1850 1030 1866 ι
1044 1842 1104 1867 libri
1120 1840 1284 1868 Pontiﬁcaiis
1308 1841 1425 1875 scriptor
1441 1840 1556 1875 putavit)
1581 1839 1746 1874 presbyteris
1763 1839 1812 1870 46,

1023 1886 1030 1901 ι
1044 1877 1167 1904 diaconis
1184 1876 1210 1912 7,
1225 1877 1338 1912 acolytis
1358 1876 1404 1907 4‘2,
1423 1875 1758 1912 exorcistis,._lectoribus,
1785 1880 1813 1901 et

1022 1921 1031 1936 ι
1044 1911 1162 1938 ostiariis
1180 1911 1224 1942 ΒΞ,
1240 1909 1363 1939 οοιῐδιίῐίι
1380 1911 1463 1938 totius
1479 1910 1594 1937 Romani
1617 1909 1682 1936 cleri
1712 1909 1813 1936 σύντα-

1023 1955 1112 1981 σγμα.
1128 1956 1137 1972 ι
1161 1946 1246 1979 Unde,
1272 1947 1370 1980 inquit,
1395 1951 1522 1973 constare
1550 1950 1650 1980 potest,
1676 1944 1701 1970 I°
1719 1945 1812 1972 nullos

1021 1986 1076 2008 tum
1096 1984 1121 2008 in
1140 1981 1212 2009 Urbe
1230 1982 1412 2009 subdiaconos
1427 1981 1519 2014 fuisse;
1537 1981 1565 2007 2°
1576 1981 1608 2007 de
1624 1987 1720 2006 corum
1737 1988 1812 2007 crea-

1021 2017 1094 2044 tione
1119 2018 1159 2044 vel
1181 2017 1285 2044 nullum
1310 2025 1325 2043 a
1347 2016 1466 2043 Fabiano
1488 2017 1627 2043 decretum
1653 2015 1810 2047 conditum,

1021 2053 1062 2078 vel
1087 2052 1109 2079 si
1137 2052 1276 2080 conditum
1303 2056 1345 2079 est
1372 2052 1469 2084 ullum,
1495 2050 1664 2078 exsecutioni
1690 2051 1810 2077 necdum

1021 2088 1179 2114 mandatum
1206 2095 1275 2115 esse.
1293 2096 1302 2112 ι
1329 2087 1394 2120 Quae
1411 2087 1503 2113 omnia
1521 2091 1548 2113 et
1568 2090 1660 2121 aperte
1687 2085 1766 2118 falsa,
1784 2091 1812 2113 et

1021 2123 1158 2156 expressis
1184 2121 1302 2150 Cornelii
1328 2122 1416 2149 verbis
1442 2129 1554 2156 prorsus
1581 2128 1642 2148 esse
1670 2122 1812 2156 contraria

1021 2155 1139 2184 Ostendit
1167 2158 1218 2185 loc.
1243 2158 1303 2184 eod.
1332 2158 1401 2184 idem
1427 2156 1546 2184 Joannes
1566 2155 1733 2183 Pearsonius
1756 2156 1812 2182 Ce-

1022 2193 1145 2219 striensis
1164 2193 1318 2227 episcopus,
1340 2200 1420 2226 quem
1438 2192 1580 2219 consulere
1599 2192 1683 2227 lector
1699 2192 1811 2224 poterit.

1056 2228 1112 2263 (64)
1138 2226 1232 2254 Rerum
1255 2226 1440 2262 liturgicarum
1457 2227 1536 2258 1.1M,
1549 2234 1609 2261 cap.
1626 2226 1671 2256 19,
1695 2227 1740 2263 ubi
1769 2227 1813 2254 di—

1021 2261 1173 2291 scrt:SSime
1206 2261 1368 2297 summaque
1382 2271 1443 2289 cum
1460 2262 1613 2289 eruditione
1628 2263 1683 2296 agit.
1693 2261 1726 2288 de
1743 2266 1814 2289 tem-

1022 2299 1085 2333 plis,
1108 2305 1258 2332 eorumque
1281 2298 1401 2333 origine,
1420 2305 1470 2324 usu
1504 2303 1530 2324 et
1546 2302 1719 2328 necessnatc,
1737 2301 1813 2324 vete-

1024 2342 1139 2368 rumque
1166 2339 1329 2368 scriptorum
1345 2333 1378 2359 de
1394 2333 1447 2360 illis
1464 2333 1618 2368 testimonia
1643 2333 1764 2366 adducit,
1783 2340 1811 2367 υ.

1022 2369 1075 2395 247
1091 2367 1118 2396 et
1130 2377 1206 2403 seqq.
1219 2369 1284 2396 edit.
1298 2368 1453 2402 Antuerpizc
1469 2368 1533 2403 anni
1550 2367 1629 2394 I739.

1059 2405 1116 2437 (ϋῦ)
1141 2402 1207 2438 Cap.
1223 2404 1250 2435 ὅ,
1268 2411 1329 2438 pag.
1344 2404 1377 2430 l5
1393 2403 1487 2430 Illusazi
1503 2402 1606 2434 Italici,
1624 2407 1690 2430 tom.
1706 2402 1729 2429 ll
1743 2403 1810 2431 edit.

1024 2438 1135 2466 Lutetiae
1151 2439 1329 2471 Parisiorum,
1347 2446 1391 2465 an.
1406 2438 1485 2465 1724.

1061 2474 1116 2510 (66)
1140 2474 1215 2501 Vetus
1235 2478 1259 2500 et
1275 2482 1341 2501 nova
1356 2474 1507 2510 disciplina,
1522 2481 1585 2508 pars
1599 2472 1688 2510 1,]11ι.
1705 2481 1737 2506 ιι,
1751 2481 1812 2509 cap.

1023 2508 1070 2540 2i,
1086 2508 1147 2545 pag.
1161 2510 1210 2536 281
1229 2514 1255 2536 ct
1273 2517 1349 2545 seqq.
1365 2510 1431 2536 edit.
1451 2509 1529 2536 Luca:
1546 2517 1591 2545 an.
1608 2508 1688 2535 I728.

1060 2544 1250 2580 (67irEp'istal.
1279 2544 1455 2570 Romanorum
1479 2544 1645 2579 pontiﬁcum,
1673 2544 1812 2579 pagJSO,

1024 2585 1081 2608 not.
1098 2581 1127 2611 ά,
1143 2580 1207 2606 edit.
1223 2579 1335 2606 Parisiis
1352 2580 1415 2606 anni
1431 2579 1508 2606 I721.

1060 2615 1116 2655 (litt)
1136 2614 1259 2655 [33.15.
1277 2613 1394 2655 ’ξ’νιιιιιιιιι]
1414 2617 1509 2655 χιιίιιιι
1528 2614 1749 2655 ειιίῐςειεξιιιιίιιιιξ.
1761 2614 1812 2654 sibi

1025 2649 1129 2678 meritis
1144 2650 1269 2677 Clemens
1282 2649 1351 2684 XIII,
1368 2649 1399 2678 P.
1414 2650 1449 2678 M.
1469 2650 1503 2677 ad
1519 2650 1707 2678 cardinalatus
1724 2650 1810 2684 digni-

1026 2689 1108 2713 tatem
1121 2686 1268 2720 promovit.

1062 2721 1117 2756 (69)
1135 2721 1164 2747 ln
1180 2721 1248 2748 libro
1262 2721 1300 2747 De
1320 2721 1421 2756 origine
1441 2720 1606 2755 templorum,
1623 2727 1686 2754 cap.
1706 2720 1733 2752 6,
1749 2728 1811 2756 pag.

1026 2757 1061 2784 28
1076 2762 1102 2783 et
1116 2756 1292 2790 sequentibus
1308 2755 1372 2784 edit.
1388 2756 1480 2791 Tiguri
1498 2757 1562 2783 anni
1575 2755 1654 2783 1603.

1065 2792 1119 2826 (70)
1137 2791 1218 2819 Press
1229 2791 1388 2826 Florentia,
1407 2797 1476 2826 part.
1494 2800 1530 2825 vt,
1549 2793 1601 2818 vol.
1618 2792 1638 2824 ι,
1653 2799 1681 2825 p.
1697 2791 1760 2818 957.
