1857 3051
36 43 79 71 621
434 45 476 73 DE
496 45 691 74 l‘ORTUENSl
710 46 739 74 S.
757 46 939 75 HIPPOLYTl
961 47 1058 75 SEDE.
1074 46 1208 76 —PA|'{S
1226 48 1246 76 1.

1611 48 1665 78 ιη

35 101 178 129 sertatione
196 104 363 138 prommiali,
387 112 479 140 quam,
495 106 517 133 si
536 106 623 139 Iubet,
640 107 764 135 consulet
785 108 823 135 lc-
838 112 860 139 Α
876 108 909 134 ad
933 108 1132 136 nobilissimum
1157 110 1240 137 totius
1272 109 1347 137 orbis
1370 109 1525 144 imperium,
1542 109 1666 139 Romano

35 153 89 175 ctor
106 147 176 183 (7i).

66 193 193 222 Valesius
221 195 307 231 igitur
334 200 362 223 et
394 195 533 230 Petavius,
560 206 630 232 quos
649 206 698 233 pro
712 206 741 226 se
755 199 821 226 citat

33 239 203 273 Ruinartius,
215 241 351 269 maximas
361 246 468 269 tantum
484 243 575 273 nrbes,
594 243 708 270 Romam
724 251 820 278 nempe

32 289 56 311 et
75 284 286 319 Alexandriam,
301 287 424 315 diversos
443 288 541 322 primis
557 288 631 316 hisce
652 290 820 324 temporibus

31 330 123 358 titulos
148 331 282 360 habuisse
308 333 417 366 docent,
439 342 509 369 quos
530 335 686 369 separatim,
708 336 741 362 ab
762 336 820 371 cpi-

31 385 112 412 scopo
124 377 306 406 obtinuerunt
316 380 477 415 presbyteri.
490 379 538 408 His
548 381 682 416 siquidem
694 382 818 416 urbibus,

31 431 90 450 cum
106 423 142 450 ob
156 424 269 450 nimiam
287 423 440 452 incolarum
459 426 660 453 multitudinem
676 427 751 454 solus
764 435 819 455 non

30 469 168 497 sufﬁceret
181 470 341 505 episcopus,
353 472 504 508 presbyteri
519 473 546 500 in
559 478 663 508 partem
676 473 820 508 pastoralis

30 516 225 543 sollicitudinis
252 515 364 544 fuerunt
392 519 494 552 vocati,
523 519 647 554 ipsisque
676 520 820 555 praecipuae

30 563 178 598 assignatas
201 562 313 590 luerunt
335 564 465 598 ecclesiae,
490 569 518 592 ut
535 565 628 593 ﬁdeles
650 567 820 594 commodius

29 609 128 636 divinis
142 608 334 636 imbuerentur
346 611 483 645 mysteriis
498 619 630 646 sacraque
644 612 820 639 reﬁcerentur

28 655 135 690 synaxi.
152 655 272 684 Minores
287 664 353 684 vero
368 657 460 690 urbes,
474 665 535 692 quae
555 657 721 685 dillicillimis
746 659 820 686 hisce

29 701 193 730 Christiana:
217 703 373 738 reipublicae
399 704 569 739 temporibus
597 709 671 731 tanta
701 705 819 732 lidelium

28 749 107 783 copia
126 749 202 776 haud
225 749 374 784 pollebant,
393 750 479 777 solius
497 750 617 785 episcopi
639 754 716 783 nutu,
738 750 820 777 mini-

875 154 964 182 adbuc
981 159 1068 182 stante
1085 155 1208 190 imperio,
1226 155 1346 190 undique
1362 156 1546 189 conﬂuebant,
1561 156 1664 191 ipsam-

875 207 928 234 que
941 207 993 226 non
1008 208 1109 235 paucos
1127 200 1312 233 Christianos,
1328 207 1359 227 ex
1377 201 1568 228 remotissimis
1582 200 1664 229 etiam

874 245 1023 279 provinciis
1047 246 1111 273 illuc
1131 245 1224 274 forsan
1249 246 1388 281 appulsos,
1416 247 1561 274 incoluisse
1577 247 1666 274 credi-

874 299 946 318 mus.
976 290 1079 319 Tamen
1106 299 1168 319 cum
1200 292 1322 320 Romana
1352 298 1433 328 atque
1461 293 1666 326 Alexandrina,

873 345 956 372 quam
970 337 1158 366 Tlieodoretns
1170 339 1227 374 (75)
1242 339 1319 366 πόλιν
1341 340 1471 375 μεγίστην
1488 340 1534 367 καὶ
1550 341 1666 368 πολυάν-

875 382 983 419 θρωπον
1003 383 1130 418 appellat,
1147 385 1233 419 ipsam
1251 392 1331 412 nemo
1343 386 1464 420 prudens
1484 387 1665 420 comparabit,

874 433 914 462 ut,
938 429 1036 457 harum
1058 431 1193 465 exemplo,
1222 431 1249 458 in
1274 431 1319 458 illa
1341 431 1434 466 plures
1464 432 1666 460 ecclesiasticos

876 475 979 507 titulos,
998 483 1047 503 seu
1070 477 1222 511 parochias,
1241 477 1268 504 in
1294 476 1429 504 Ruinartii
1445 477 1562 512 gratiam
1579 479 1666 506 exsti-

874 521 941 548 tisse
955 520 1080 550 allirmet.
1098 523 1174 550 Alias
1186 523 1258 550 enim
1283 523 1374 554 urbes,
1396 531 1464 558 quas
1486 529 1513 551 et
1534 525 1667 553 circuitus

875 567 1066 602 amplitudine,
1093 573 1120 596 et
1147 569 1311 604 populorum
1342 570 1494 604 frequentia
1521 569 1665 599 Portuensi

874 619 1047 646 nequaquam
1061 613 1241 645 concessisse,
1251 614 1305 639 imo
1319 614 1405 648 ipsam
1416 614 1495 649 longe
1507 622 1664 649 superasse,

874 657 1050 684 notissimum
1071 663 1122 690 est,
1143 659 1232 686 nullos
1254 665 1318 686 tunc
1336 660 1467 694 temporis
1494 661 1586 687 titulos
1601 669 1664 695 pre--

874 703 1045 739 sbyterorum
1069 713 1142 732 cura:
1157 706 1321 733 commissos
1345 706 1475 734 habuisse
1485 711 1601 734 constat.
1619 707 1666 735 Sic

874 748 1042 782 Nicomedia,
1055 751 1262 783 opulentissima
1284 752 1403 779 Orientis
1416 753 1522 785 civitas,
1540 754 1666 788 quamvis

29 794 183 822 strautibus
197 795 364 830 presbyteris
376 803 408 822 ac
422 795 555 828 diaconis,
569 796 741 831 regebantur.
751 795 819 823 Hinc
834 796 855 823 Β
870 797 971 825 multos
983 798 1034 825 hoc
1048 806 1105 825 mvo
1123 799 1234 826 haberet
1247 801 1430 835 presbyteros,
1445 801 1553 828 unicam
1573 805 1664 828 tamen

29 840 118 874 enim,
149 844 179 867 ut
211 841 301 876 inquit
328 841 503 869 doctissimus
529 841 727 869 Tliomassinus
750 841 817 875 (7‘2),

32 895 40 910 ι
58 886 136 914 solus
155 886 239 921 vulgo
255 886 411 921 baptizabat
432 887 587 922 episcopus.
601 887 674 914 solus
687 887 818 914 altarbus

28 932 193 967 poenitentes
205 933 409 965 reconciliabat,
425 934 501 962 solus
511 933 652 967 oll'erebat,
668 934 720 961 nisi
737 942 817 968 quem

29 987 60 1006 ex
72 979 241 1014 presbyteris
254 987 334 1008 suum
347 980 523 1008 substitueret
535 981 561 1007 in
574 980 664 1007 locum
679 985 706 1008 et
721 981 819 1007 olTerre

28 1025 145 1060 juberet.
161 1025 254 1058 Quare
278 1030 306 1053 et
327 1026 354 1052 in
378 1026 506 1053 maximis
528 1026 682 1061 quibusque
705 1027 818 1054 urbibus

29 1079 82 1098 una
99 1076 160 1099 erat
173 1076 282 1098 tantum
310 1071 434 1103 ecclesia,
451 1072 513 1099 fons
525 1080 595 1099 unus
613 1072 816 1107 baptismatis...

30 1118 91 1144 hinc
108 1122 136 1145 et
149 1126 248 1151 unum,
264 1118 292 1144 in
313 1125 367 1152 quo
384 1118 537 1150 oli‘erretnr,
551 1118 645 1144 altare.
665 1127 674 1144 ›
693 1117 720 1144 Si
736 1118 818 1152 igitur

30 1163 54 1190 in
71 1163 266 1198 antiquissima
282 1162 407 1192 Ecclesia:
419 1164 561 1198 disciplina
574 1164 723 1198 majoribus
736 1165 816 1190 etiam

30 1209 55 1235 in
73 1209 189 1237 urbibus
201 1209 360 1244 hujusmodi
378 1210 527 1246 presbyteri
547 1210 632 1236 titulis
643 1210 699 1237 suis
713 1210 747 1237 ab
759 1210 817 1244 cpi—

29 1263 110 1290 scopo
127 1255 276 1290 sejunctim
303 1254 434 1282 destinati
461 1255 532 1282 haud
558 1255 730 1288 exstiterunt,
756 1256 818 1290 quis

30 1310 148 1337 unquam
160 1302 307 1329 Ruinartio
320 1303 452 1329 assentire
462 1303 572 1337 poterit,
582 1303 628 1337 qui
644 1302 817 1338 Hippolytum

29 1347 55 1374 iu
66 1347 212 1375 Portuensi
224 1347 357 1380 Ecclesia,
369 1356 450 1382 quam
465 1356 530 1375 sane
544 1348 696 1383 majoribus
707 1356 818 1382 aequan-

29 1394 88 1420 dam
101 1402 185 1421 nemo
202 1394 324 1429 prudens
339 1394 500 1426 antuinabit,
518 1394 637 1428 aliquam
653 1394 739 1428 plebis
755 1402 819 1428 par-

29 1445 80 1467 tem
98 1448 155 1468 sua!
170 1448 246 1467 curae.
261 1441 436 1467 commissam
454 1441 582 1467 habuisse
596 1440 728 1467 credidit?
741 1440 817 1473 Quod

30 1486 52 1513 si
69 1493 127 1514 tero
150 1487 235 1514 etiam
262 1493 324 1519 suo,
351 1485 378 1512 in
402 1494 457 1521 quo
483 1486 637 1513 Christiana
665 1487 819 1521 respublica

30 1541 204 1568 summopere
231 1532 355 1565 ﬂorebat,
379 1531 547 1566 Epiphanius
569 1537 596 1559 et
621 1531 819 1564 Tlicodoretus,

31 1578 189 1612 hujusmodi
214 1577 404 1604 Alexandrinus
428 1576 556 1604 Ecclesia:
577 1584 692 1609 morem,
710 1580 739 1603 ut
763 1584 819 1603 rem

29 1627 92 1650 tunc
113 1623 277 1649 inusitatam
293 1625 432 1655 notarunt,
449 1621 515 1656 quid
532 1622 706 1656 {censendum
724 1620 776 1648 erit
788 1621 822 1648 de

29 1669 125 1703 priscis
145 1669 200 1696 illis
218 1667 357 1704 Hippolyti
373 1668 461 1695 nostri
480 1668 658 1702 temporibus,
678 1668 705 1694 in
721 1668 820 1703 quibus

30 1716 62 1742 ob
80 1721 264 1751 tyrannorum
293 1715 489 1741 immanitatem
507 1714 640 1749 majorum
663 1719 820 1741 nostrorum

31 1769 70 1789 res
89 1761 240 1789 admodum
262 1765 392 1795 angustas
414 1759 582 1794 aﬂlictasque
596 1759 680 1787 fuisse
696 1759 821 1787 scimus?

30 1807 155 1835 Fatemur
171 1807 285 1842 quidem
309 1806 420 1832 Portum
441 1805 594 1832 Romanum
620 1805 691 1832 inter
712 1805 819 1832 ltalicas

31 1854 108 1880 urbes
135 1853 307 1888 splendidam
329 1859 360 1879 ac
384 1854 506 1887 apprime
527 1851 645 1878 nobilem
672 1850 772 1883 fuisse,
794 1856 820 1878 et

32 1907 81 1926 non
101 1899 237 1927 mediocri
263 1898 426 1934 populorum
448 1897 602 1932 frequentia
624 1897 748 1931 ditatum,
772 1896 820 1931 qui

63 2006 118 2041 (71)
141 2005 212 2040 Cap.
234 2005 262 2038 6,
289 2005 335 2032 ubi
362 2005 505 2041 exponitur
527 2003 681 2041 hicrarchia
704 2004 819 2041 alexan-

32 2038 114 2069 dri‘naa'
140 2038 261 2068 civitatis
283 2049 344 2075 pag.
366 2038 404 2066 28
424 2045 451 2067 et
475 2048 551 2074 seqq.
578 2045 644 2067 toni.
663 2039 674 2065 l
700 2038 817 2074 Operum

32 2077 91 2103 edit.
105 2075 216 2103 Veneta:
232 2076 296 2102 anni
317 2075 395 2102 1724.

63 2111 118 2146 (72)
138 2111 270 2162 Velusoft
284 2110 513 2162 έιιίιυιιΜΕι-ξξξξιε
537 2110 688 2144 disciplinu,
706 2114 776 2144 part.
795 2118 814 2144 I,
832 2134 854 2162 Β

33 2145 75 2174 lib.
94 2145 124 2178 ιι,
143 2154 205 2180 cap.
220 2146 266 2177 2i,
284 2145 298 2181 §
315 2147 342 2177 8,
358 2153 419 2180 pag.
433 2145 495 2172 285.

64 2182 120 2216 (75)
142 2181 204 2208 Liu.
221 2189 229 2208 ι
248 2181 318 2207 ΙΙίδι.
331 2181 394 2207 eccl.
413 2188 472 2215 cap.
490 2182 517 2207 2.

65 2214 119 2252 (74)
136 2217 175 2243 De
192 2221 407 2252 morteipersecq
423 2223 484 2250 cap.
506 2215 548 2248 12,
565 2223 592 2250 p.
607 2215 643 2242 25
663 2215 728 2243 edit.
744 2214 818 2242 Pari-

34 2253 126 2280 siensis
145 2252 210 2277 anni
227 2251 307 2278 1710.

66 2287 120 2322 (75)
151 2286 230 2313 Vetus
256 2291 280 2313 et
303 2295 369 2313 nova
390 2285 525 2322 Ecclesia:
537 2285 694 2322 disciplina,
718 2286 764 2313 lib.
784 2294 815 2318 ll,

33 2328 97 2358 part.
111 2320 213 2358 itcap.
230 2322 261 2348 ‘2l
281 2327 307 2348 ct
319 2330 408 2356 seqq.,
421 2320 544 2358 pags‘glil
558 2326 674 2358 etseqq.

66 2358 120 2393 (76)
134 2357 172 2384 De
187 2355 231 2384 liis
247 2355 384 2393 agiturin
396 2355 503 2384 concilii
519 2356 665 2393 Laodicent
687 2355 816 2393 probabis

36 2394 82 2420 lius
104 2401 177 2419 anno
200 2392 302 2419 Christi
322 2392 374 2419 564
396 2392 536 2422 celebrati,
561 2398 665 2417 canone
691 2393 717 2421 9,
745 2392 815 2424 apud

34 2428 130 2460 Labbe,
149 2433 216 2454 tom.
235 2427 245 2453 1
261 2427 377 2459 Concil.,
394 2435 455 2461 pag.
475 2427 544 2453 1498
557 2427 621 2453 edit.
637 2426 750 2453 Lutetiae
765 2426 817 2453 Pa-

36 2465 157 2490 risiorum
181 2463 244 2489 anni
261 2462 342 2493 1671,
360 2460 403 2489 liis
418 2460 508 2489 vcrbis
524 2471 531 2489 ε
552 2471 561 2487 ε
586 2460 645 2488 Νοιι
667 2461 818 2488 conceden-

35 2507 95 2525 uum
107 2506 179 2531 esse,
197 2503 226 2525 ut
242 2498 269 2524 in
282 2498 450 2530 cmmeteria,
463 2498 504 2524 vel
520 2498 547 2524 in
561 2504 604 2528 ea,
617 2505 677 2531 quae
690 2497 818 2523 dicuntur

37 2535 157 2569 niartyria
182 2533 346 2568 quorumvis
372 2533 581 2569 itareticorum,
603 2535 700 2569 abeant
721 2533 744 2569 ii
769 2532 818 2569 qui

37 2566 245 2600 suutEcclesite,
261 2568 394 2595 orationis
407 2569 448 2594 vel
465 2567 645 2595 venerationis
660 2567 754 2601 gratia.
766 2566 819 2594 Sed

38 2605 97 2632 tales
109 2606 130 2632 si
149 2605 203 2632 sint
217 2604 324 2636 lideles,
337 2611 398 2630 esse
419 2603 618 2638 aliquantisper
629 2603 819 2629 excommuni-

37 2646 107 2666 ξυιυς
127 2649 134 2667 :
154 2641 196 2668 sin
213 2644 304 2666 autem
321 2640 479 2673 pmnitentia
495 2640 639 2670 ducantur,
655 2643 682 2664 et
697 2645 756 2665 sese
771 2639 818 2664 de—

38 2677 143 2710 liquisse
158 2676 363 2710 conlitcantur,
374 2675 486 2709 suscipi.
510 2684 519 2700 ›

70 2707 118 2745 (77)
133 2711 160 2738 ln
177 2711 322 2738 vetustior.
341 2707 512 2744 Martyrolog.
525 2709 585 2736 diei
600 2707 726 2745 Augusti,
743 2715 820 2735 exer-

38 2743 155 2774 citatione
179 2746 207 2779 2,
227 2746 272 2772 ubi
297 2743 417 2772 erudite
436 2743 498 2779 agit’
512 2745 545 2771 de
559 2750 564 2776 |
578 2743 664 2779 prima
690 2743 783 2770 Romae
804 2750 818 2769 a

41 2779 69 2809 ο.
84 2780 158 2811 Petro
171 2781 297 2810 dedicata
316 2780 441 2813 ecclesia,
454 2788 514 2816 pag.
533 2779 585 2806 60.7
600 2784 627 2807 et
640 2786 717 2814 seqq.

871 843 967 871 habuit
987 844 1142 877 ecclesiam,
1161 845 1343 880 parocltialem
1368 846 1482 878 scilicet,
1509 847 1664 874 editissimo

869 888 931 916 loco
954 890 1048 922 sitam,
1061 897 1143 925 quam
1166 890 1327 918 Diocletiani
1348 891 1427 925 jussu
1444 891 1568 919 funditus
1587 900 1665 920 ever-

869 942 927 961 sam
945 940 1037 963 narrat
1059 935 1217 964 Lactantius
1242 936 1315 972 (74).
1334 936 1388 964 Nec
1407 938 1572 966 dissentiunt
1589 943 1665 966 vetu-

869 980 990 1007 stissima
1019 988 1051 1008 ac
1077 981 1200 1016 genuina
1229 987 1386 1010 sanctorum
1412 983 1560 1019 Martyrum
1586 985 1663 1018 Acta,

869 1026 1100 1060 conciliorumqne
1117 1026 1188 1054 illius
1196 1028 1244 1054 aevi
1254 1031 1364 1056 statuta.
1373 1028 1470 1062 qna-gin
1480 1037 1562 1056 unum
1572 1030 1663 1056 omnia

869 1071 976 1106 collegit
998 1072 1175 1100 doctissimus
1201 1073 1414 1106 Thomassinus,
1439 1075 1503 1101 dum
1521 1076 1555 1102 de
1579 1084 1662 1110 paru-

869 1117 938 1145 cliiis
952 1118 1137 1146 eruditissime
1153 1119 1186 1146 de
1211 1127 1288 1147 more
1307 1121 1437 1148 disseruit
1453 1121 1519 1156 (75).
1534 1121 1593 1148 Non
1610 1122 1664 1149 dif-

870 1163 977 1190 ﬁlcniur
1003 1169 1105 1198 tamen,
1127 1166 1223 1200 primis
1245 1166 1326 1192 etiam
1353 1167 1427 1194 hisce
1447 1169 1615 1202 temporibus
1633 1169 1661 1195 in

870 1217 923 1235 una
939 1209 1090 1244 cadentque
1111 1211 1178 1237 urbe
1201 1211 1345 1246 plerasque
1361 1212 1498 1240 exstitisse
1519 1213 1661 1247 ecclesias,

869 1263 937 1289 quas
958 1255 1077 1290 majores
1095 1257 1182 1284 nostri
1203 1257 1344 1292 martyria,
1363 1265 1410 1285 seu
1431 1264 1582 1294 martyrum
1600 1267 1660 1287 me-

869 1300 982 1333 morias,
998 1302 1127 1333 oratoria.
1143 1310 1176 1329 ac
1192 1304 1348 1330 cmmcteria
1371 1303 1497 1332 dixerunt
1508 1305 1574 1340 (76),
1591 1313 1663 1340 quo—

870 1355 931 1373 rum
956 1347 1066 1374 nomina
1088 1349 1210 1383 undique
1236 1349 1402 1384 conquisita,
1428 1358 1461 1377 ex
1485 1351 1661 1378 reconditiori

871 1400 956 1420 sacra:
971 1393 1132 1420 eruditionis
1154 1395 1254 1421 larario
1273 1400 1404 1422 eruerunt
1421 1396 1493 1423 docti
1509 1397 1559 1424 viri
1575 1397 1662 1425 Fran-

871 1440 963 1466 ciscns
985 1439 1069 1466 Maria
1094 1439 1268 1468 Florentiuus
1294 1441 1362 1476 (77),
1377 1441 1497 1469 Joannes
1513 1443 1662 1471 cardinalis

874 1483 946 1510 Bona
973 1484 1039 1519 (78),
1069 1485 1188 1513 Joannes
1217 1486 1388 1521 Ciampinius
1416 1487 1484 1522 (79),
1515 1487 1662 1516 Tillcmnn-

873 1529 925 1556 lius
950 1530 1017 1565 (80),
1039 1536 1065 1557 et
1085 1530 1203 1558 Joannes
1225 1532 1372 1559 Grancolas
1400 1532 1476 1567 (Sl);
1502 1533 1662 1567 hujusmodi

873 1579 963 1602 tamen
983 1576 1103 1604 ecclesia:
1120 1584 1182 1604 cum
1195 1577 1333 1611 prioribus
1351 1577 1414 1609 illis,
1431 1578 1463 1605 de
1479 1579 1578 1613 quibus
1593 1579 1660 1606 liac-

871 1625 950 1648 tenus
963 1621 1173 1656 disputavimus,
1187 1622 1259 1649 haud
1272 1627 1337 1649 sunt
1349 1623 1549 1657 comparandaz.
1563 1622 1662 1656 Quam-

872 1668 912 1695 vis
923 1668 995 1694 enim
1011 1669 1160 1703 presbyteri
1180 1668 1207 1694 in
1222 1669 1288 1703 ipsis
1299 1668 1380 1695 etiam
1395 1675 1487 1695 essent
1505 1668 1660 1702 constituti,

873 1718 962 1741 tamen
983 1715 1011 1741 in
1035 1715 1129 1741 iisdem
1149 1721 1199 1742 nec
1215 1714 1320 1749 plebem
1339 1714 1478 1749 colligere,
1495 1722 1546 1742 nec
1562 1720 1661 1743 cuncta

871 1765 999 1793 peragere
1022 1759 1087 1793 ipsis
1112 1758 1198 1791 licuit,
1222 1766 1284 1793 qua:
1307 1759 1463 1786 titularibus
1481 1759 1612 1787 Romanae
1634 1765 1662 1788 et

871 1804 1060 1830 Alexandrina:
1071 1803 1200 1830 Ecclesia).
1213 1804 1380 1839 presbyteris
1398 1804 1425 1830 in
1441 1805 1560 1839 propriis
1573 1804 1662 1832 eccle-

872 1850 921 1877 siis
941 1850 1074 1884 permissu
1089 1849 1210 1884 episcopi
1227 1849 1339 1876 licuisse
1352 1857 1406 1876 non
1424 1850 1592 1885 ignoramus.
1607 1850 1661 1878 Eos

871 1897 1005 1932 siquidem
1023 1897 1057 1924 ab
1073 1897 1127 1925 illis
1149 1897 1229 1932 plane
1253 1897 1398 1925 distinctos
1416 1902 1493 1924 notat
1509 1898 1550 1924 vir
1571 1898 1659 1926 maxi-

912 2005 1090 2042 (78)mCitato
1114 2005 1162 2032 lib.
1180 2013 1203 2042 rt
1230 2004 1327 2042 Rerum
1349 2005 1492 2042 rliturgic.‘,
1519 2014 1578 2042 cap.
1610 2007 1659 2041 19,

869 2049 931 2076 pag.
944 2041 996 2067 247
1014 2045 1041 2067 et
1055 2049 1144 2075 scqq.,
1159 2041 1205 2067 ubi
1213 2041 1298 2077 docte
1309 2041 1419 2075 quidem
1436 2041 1571 2077 observat.
1586 2044 1658 2077 quod

869 2077 991 2103 ecclesia
1009 2077 1089 2103 dicta:
1104 2077 1185 2102 etiam
1208 2076 1310 2102 fuerint
1332 2077 1424 2102 domus
1441 2076 1490 2102 Dei
1515 2082 1543 2103 et
1564 2077 1658 2103 domus

870 2112 1015 2142 orationis;
1033 2115 1060 2137 ct
1085 2119 1100 2138 a
1125 2111 1227 2138 Grrecis
1248 2111 1386 2146 Κυριακά,
1405 2119 1418 2137 a
1440 2111 1544 2138 Latinis
1568 2112 1660 2138 Domi-

868 2147 947 2178 nicu;
965 2154 1068 2173 necnon
1084 2147 1297 2179 ntemorite,qum
1309 2147 1330 2172 si
1344 2150 1435 2173 essent
1459 2147 1658 2181 apostolorum,

867 2182 1014 2216 cpastalia,‘
1037 2182 1059 2208 si
1080 2182 1283 2215 prophetarum,
1311 2181 1452 2215 prop/Mea
1481 2182 1657 2209 dicebantur:

867 2218 1006 2250 niarlyria,
1017 2216 1128 2242 concilia
1138 2222 1303 2250 martyrum;
1324 2217 1464 2252 εὐκτήριαι,
1475 2221 1502 2243 et
1518 2217 1540 2243 si
1555 2222 1659 2252 marty-

867 2237 1147 2287 ιἰιιιιῦπροὲευκτήριᾳ
1164 2260 1178 2277 a
1199 2237 1310 2283 (iuncis,
1323 2256 1351 2287 et
1366 2260 1381 2278 ει
1401 2237 1507 2287 Ϊιειιίιιὶς
1528 2237 1658 2287 (παισί-ττι,

867 2292 953 2321 atque
969 2285 1054 2313 etiam
1078 2285 1194 2313 bttsilirw
1213 2286 1431 2321 nominabantur.
1445 2285 1588 2321 Legendus
1606 2286 1658 2314 Ba-

868 2320 964 2348 ronins
981 2323 1008 2348 in
1024 2322 1096 2348 notis
1107 2322 1140 2348 ad
1160 2321 1379 2356 lilartyrologium
1400 2320 1553 2348 Romanum
1570 2322 1614 2348 die
1632 2330 1656 2348 \‘l

867 2356 942 2388 Julii,
957 2365 982 2391 p.
997 2357 1059 2389 283,
1075 2361 1102 2383 et
1118 2364 1185 2383 χχιιι
1210 2356 1294 2389 Junii,
1311 2364 1371 2390 pag.
1395 2356 1469 2389 265;
1496 2357 1656 2384 Dominicus

870 2393 952 2418 Macri
977 2393 1003 2418 in
1018 2391 1196 2427 llieroleazico,
1213 2393 1287 2418 vcrb.
1307 2392 1456 2423 Orator-iu;
1484 2391 1611 2427 Ducange
1628 2393 1656 2419 in

870 2427 1002 2459 Clussar.,
1018 2427 1095 2454 verb.
1109 2426 1249 2459 Memoria,
1271 2427 1381 2460 aliique.

906 2463 961 2498 (79)
984 2462 1076 2498 Vetera
1092 2467 1270 2498 monumenta,
1281 2466 1352 2498 part.
1365 2469 1384 2494 I,
1394 2469 1453 2496 cap.
1469 2461 1513 2494 17,
1528 2469 1593 2498 pag.
1604 2461 1657 2488 157

870 2501 894 2524 et
918 2505 994 2532 seqq.
1011 2497 1077 2524 edit.
1100 2497 1194 2524 Romae
1216 2497 1294 2528 1690,
1309 2497 1354 2523 ubi
1370 2502 1464 2524 contra
1490 2497 1657 2525 acatbolicos

870 2533 1050 2564 demonstrat,
1065 2533 1091 2558 in
1109 2533 1194 2560 tribus
1213 2533 1308 2566 primis
1324 2532 1453 2559 Ecclesiae
1472 2533 1577 2559 saeculis
1596 2540 1657 2566 pcr-

871 2569 1042 2595 secutionum
1057 2572 1178 2601 tempore
1194 2568 1302 2602 publica
1316 2568 1427 2594 aedilicia
1444 2567 1538 2599 fuisse,
1555 2567 1581 2593 in
1597 2567 1656 2602 qui-

871 2603 1034 2642 bnsChtjsti
1055 2603 1258 2642 lit_le_lcs__sacras
1271 2610 1387 2638 synaxes
1407 2604 1584 2642 peragebant.

907 2639 962 2672 (80)
978 2637 1055 2664 Tom.
1078 2637 1122 2669 lll,
1139 2638 1277 2665 Mémoires
1289 2637 1367 2672 'pour
1390 2637 1504 2664 servir'iz
1519 2637 1657 2665 l‘llistoirc

871 2674 1085 2708 ecclésiustique:
1109 2674 1279 2707 persécution
1295 2677 1328 2700 de
1341 2673 1457 2708 l‘l'lglisc,
1475 2678 1526 2708 par
1548 2674 1656 2707 l’enipe—

870 2717 934 2735 reur
954 2708 1082 2734 Maxtniin
1103 2709 1122 2739 l.
1139 2709 1215 2735 artic.
1231 2710 1257 2740 6,
1275 2709 1364 2743 quand
1388 2710 1426 2735 les
1441 2708 1587 2736 Cln‘éticns
1609 2713 1656 2735 unt

872 2743 1030 2778 commence
1045 2743 1059 2769 ξι
1077 2745 1153 2770 a\oir
1170 2745 1216 2770 des
1231 2743 1338 2778 eglises,
1355 2751 1383 2777 p.
1398 2743 1460 2770 ⁸274.

908 2779 963 2813 (81)
979 2777 1026 2805 ινδ
1042 2780 1144 2806 aucte".
1159 2778 1261 2814 [ἰείη-9.,
1279 2784 1345 2806 tom.
1362 2777 1394 2811 ll,
1408 2787 1468 2813 pag.
1485 2779 1544 2807 597.
