1857 3051
47 106 97 134 125

436 107 479 134 DE
496 106 690 135 PORTUENSI
709 107 739 135 S.
760 107 941 136 HIPPOLYTI
961 108 1056 140 SEDE.
1077 123 1111 128 —-
1131 108 1221 137 PARS
1239 108 1259 137 Ι.

1610 109 1663 140 420

49 167 166 203 majores
178 169 266 196 nostri
277 168 453 205 διδασκάλους
465 176 511 196 seu
527 169 652 196 doctores
664 169 756 197 dixere
767 169 833 205 (88).
849 171 872 200 Α
886 177 968 205 gnere
979 171 1081 201 liceret.
1098 169 1269 206 ilippolytum
1285 175 1408 198 nostrum
1433 171 1528 199 eodem
1540 171 1602 207 jure
1612 181 1665 206 quo

51 214 118 242 Cum
145 214 241 249 itaque
264 215 398 249 delegato,
425 220 453 241 ut
477 215 512 241 ita
533 215 667 248 dicamus,
682 215 742 250 jure
765 216 832 248 hiec,

49 269 109 295 quae
121 268 185 288 mox
200 261 383 294 narravimus,
396 269 507 288 munera
520 261 614 297 primis
629 261 756 289 Ecclesia:
765 267 834 289 tem-

48 306 163 342 poribus
177 307 525 342 obtinuerintpresbyteri.
545 308 607 342 quis
630 316 749 343 unquam
772 308 834 343 Hip-

47 352 170 387 polytum
201 352 407 387 presbyterum,
440 360 520 386 quem
550 353 678 388 populum
707 354 834 382 docuisse

47 398 111 425 dicit
126 397 304 431 Prudentius,
318 397 475 425 Portuensis
495 399 582 433 plebis
602 404 684 434 caput
697 401 832 428 exstitisse

47 443 216 472 contendet?

81 489 184 517 Verum
202 489 301 524 aliquis
329 489 496 518 existimabit
513 490 685 526 Hippolytum
709 496 831 520 nostrum

46 543 100 562 non
113 543 147 563 ea
165 541 255 563 mente
272 535 397 570 specioso
411 537 503 571 capitis
518 536 599 571 plebis
612 537 722 564 nomine
736 545 749 564 a
764 537 833 565 Pru-

46 582 141 609 dentio
160 581 304 614 donatum,
325 585 355 608 ut
371 581 501 609 indicaret
525 583 613 617 ipsum
631 583 672 610 vel
685 583 831 616 tilularem.

46 629 88 656 vel
106 629 262 664 simplicem
285 629 312 656 in
336 629 479 657 Portuensi
494 629 615 657 Ecclesia
645 631 831 666 presbyterum

48 675 147 707 luisse,
165 675 212 702 sed
230 680 258 702 ut
274 675 360 708 illum,
375 680 468 710 utpote
493 675 519 702 in
537 675 637 703 minori
654 676 721 703 urbe
732 677 831 712 degen-

46 727 110 754 tem,
142 728 204 756 quae
229 721 325 756 primis
349 720 478 750 Ecclesia:
508 721 676 756 temporibus
701 721 829 757 episcopo

47 767 143 795 forsan
162 775 256 794 carere
268 767 366 801 potuit,
384 771 514 802 potestate
527 768 577 796 sibi
590 767 660 795 facta
679 775 693 795 a
709 767 832 795 Romano

46 811 187 846 pontiﬁce,
206 810 383 838 Portuensem
399 811 549 839 Ecclesiam
572 812 691 847 episcopi
715 813 774 840 loco
788 814 833 840 ad-

46 856 221 884 ministrasse
237 856 412 890 signiﬁcaret.
435 857 511 890 Quod
524 858 632 892 egregio
644 858 672 884 S.
689 858 830 894 Epiplianii

47 902 204 929 testimonio
221 902 322 929 firmari
345 907 446 937 posset.
465 903 512 937 qui
526 909 620 931 contra
636 903 752 931 Arianos
764 905 831 931 scri-

48 947 113 975 bens
127 947 400 983 Presbyteriaiiorum
415 950 500 976 nostri
516 949 563 977 aevi
579 954 685 982 atavos,
704 957 758 977 non
772 958 831 977 om-

47 994 127 1021 nibus
144 994 259 1021 urbibus
274 994 300 1020 in
314 995 358 1021 illa
378 994 527 1029 primorum
549 1001 700 1030 temporum
717 996 830 1030 penuria

46 1041 191 1075 episcopos
205 1040 285 1068 datos
308 1040 393 1068 fuisse
418 1046 520 1073 monet,
545 1041 591 1069 sed
616 1042 787 1078 presbyteros
803 1043 829 1070 in

47 1087 142 1114 iisdem
159 1087 350 1122 episcoporum
376 1089 435 1116 vice
448 1088 585 1116 suﬂ‘ectos.
611 1089 640 1115 ln
664 1089 726 1116 aliis
756 1097 829 1123 vero,

47 1141 106 1160 cum
122 1138 237 1160 econtra
251 1135 375 1162 deessent
392 1134 549 1170 presbyteri,
567 1134 642 1162 solus
661 1134 712 1162 fuit
728 1136 831 1162 consti-

48 1182 121 1205 tutus
150 1178 306 1213 episcopus,
332 1179 389 1214 qui,
416 1179 587 1207 ministrante
601 1180 724 1212 diacono,
754 1181 831 1208 Clii'i-

48 1225 145 1251 stianaa
160 1224 231 1259 plebi
244 1230 373 1259 prii-esset
399 1225 465 1260 (89).
484 1225 532 1254 His
545 1226 626 1253 etiam
641 1225 702 1253 addi
719 1232 831 1262 possunt

46 1271 190 1298 notissima
217 1271 263 1299 illa
294 1271 322 1298 S.
352 1272 494 1300 Athanasii
522 1273 675 1300 testimonia
703 1274 736 1300 de
755 1274 830 1308 pagis

45 1316 214 1350 Mareotidis,
231 1317 288 1352 qui,
308 1326 369 1345 cum
400 1319 488 1346 nullos
515 1319 647 1345 baberent
676 1319 828 1354 episcopos,

46 1363 102 1390 sola
117 1363 340 1398 presbyterorum
356 1371 407 1398 ope
420 1364 592 1398 regebantur,
605 1364 703 1399 quibus
715 1364 831 1392 Alexan-

47 1409 141 1437 drinus
156 1409 309 1445 imperabat
335 1410 479 1444 episcopus
505 1410 572 1445 (90).
590 1409 659 1438 Hinc
681 1411 761 1438 nobis
785 1419 830 1438 ar-

81 1497 138 1539 (8_3)
155 1496 196 1539 De
220 1497 386 1539 presbyteris
411 1497 583 1539 doctoribus,
610 1498 664 1539 qui.
681 1499 830 1533 smpissime
843 1511 864 1539 α

48 1533 116 1572 apud
142 1534 271 1572 aiitiqininns
284 1532 377 1572 Patres
396 1533 682 1572 oc_c_iirrunlt,_‘legenda
702 1532 774 1562 certe
782 1541 830 1572 est

47 1566 204 1604 dissertatio
219 1567 235 1594 6
248 1567 535 1604 Cyprianicarllenrici
551 1566 689 1604 Dodwclli,
706 1577 767 1604 pag.
780 1571 825 1603 51,

47 1603 92 1630 ubi
105 1603 190 1629 multa
219 1602 374 1635 liujusniodi
396 1602 524 1629 dictionis
546 1603 669 1637 exempla
687 1602 829 1631 inveniun-

46 1643 89 1664 tur
101 1647 108 1670 ;
124 1638 268 1664 adeundus
279 1642 320 1664 est
332 1638 411 1664 etiam
427 1637 581 1664 Holstenius
594 1639 620 1663 in
637 1638 707 1665 notis
716 1639 749 1666 ad
763 1640 826 1667 Acta

49 1671 98 1699 SS.
115 1672 256 1705 Perpetua:
272 1677 298 1699 et
310 1672 467 1703 Felicitatis.
485 1680 547 1707 pag.
574 1672 625 1699 M9
646 1674 711 1701 edit.
738 1673 829 1701 Romae

47 1707 108 1734 anni
125 1707 206 1739 1663,
223 1707 267 1743 ubi
286 1707 342 1743 agit
353 1708 387 1743 de
399 1707 514 1743 Aspasio
536 1708 692 1743 presbytero
706 1709 827 1742 doctore,

46 1743 123 1777 cujus
139 1745 164 1768 in
184 1742 320 1776 praedictis
331 1741 404 1769 Actis
417 1742 518 1768 mentio
532 1741 583 1768 est.

80 1776 137 1810 (89)
151 1777 180 1803 S.
199 1776 365 1811 Epiphanius
377 1777 422 1803 lib.
439 1785 469 1803 ιιι
486 1776 617 1803 Adversus
633 1777 753 1809 Iuereaes,
769 1778 826 1806 hie-

48 1813 98 1840 resi
118 1812 162 1841 77.
181 1820 257 1838 niiiii.
270 1812 297 1843 ὅ,
316 1819 374 1846 pag.
387 1811 449 1842 908.
466 1811 546 1845 Oper.
573 1816 637 1838 tom.
664 1814 671 1839 I
699 1814 763 1840 edit.
777 1813 828 1840 Pa-

48 1848 94 1874 ris.
107 1847 176 1874 1622
185 1846 303 1880 :«Quarc
312 1846 354 1873 ubi
365 1847 482 1873 nonduin
494 1847 665 1880 episcopatus
675 1848 773 1882 dignus
780 1849 829 1875 ali-

47 1884 106 1917 quis
115 1888 284 1913 occurrerat.
296 1882 384 1917 nullus
397 1882 420 1908 ei
437 1881 496 1908 loco
508 1882 666 1915 prmpnsitus
676 1881 717 1909 est
724 1883 828 1917 cpisco-

47 1916 105 1951 pus.
115 1917 149 1944 At
161 1916 208 1943 ubi
221 1921 249 1943 et
262 1916 407 1952 necessitas
422 1917 586 1952 postulabat,
597 1924 646 1944 nec
661 1916 765 1949 eorum.
781 1919 826 1952 qui

47 1953 204 1986 episcopatu
217 1951 290 1986 digni
315 1956 407 1987 erant,
427 1951 504 1986 copia
530 1951 632 1987 deerat.
649 1952 684 1978 ibi
707 1951 826 1987 episcopi

46 1987 198 2014 constituti.
217 1987 251 2012 At
264 1994 325 2013 cum
340 1986 408 2013 haud
424 1993 521 2020 magna
534 1986 677 2013 multitudo
692 1987 769 2018 foret,
785 1986 827 2015 re-

47 2022 126 2056 periri
145 2021 213 2048 nulli
229 2025 387 2055 potuerunt,
409 2021 456 2055 qui
478 2022 627 2055 presbyteri
647 2027 825 2049 crearentur:

48 2057 116 2083 unde
130 2057 191 2083 solo
213 2056 340 2090 episcopo
353 2056 471 2082 contenti
491 2056 607 2082 fuerunt.
621 2065 630 2081 ι

80 2092 136 2152 (9οἒ
167 2091 297 2125 Apologia
313 2096 404 2130 contra
427 2091 558 2131 Afianor,
577 2098 654 2117 num.
680 2091 724 2122 I7.
740 2090 820 2126 Oper.

83 2135 110 2152 ii.
139 2148 146 2152 .
160 2134 223 2152 nae.
246 2125 296 2152 137
313 2127 376 2152 edit.
394 2125 480 2152 Paris.
496 2133 559 2152 anui
579 2125 759 2152 16982-0uod
778 2135 820 2152 aut

48 2131 110 2152 toiii.
124 2125 146 2159 Ι,
160 2134 223 2161 pag.
246 2125 296 2152 137
313 2126 376 2152 edit.
394 2125 480 2152 Paris.
496 2125 563 2161 anui
579 2125 826 2159 1698:-Qu0d7au-

47 2166 97 2188 tem
115 2160 173 2188 haec
193 2169 246 2188 non
257 2168 330 2196 mera
347 2161 427 2187 verba
443 2161 506 2191 sint.
520 2160 565 2196 sed
580 2167 621 2187 res
633 2166 723 2196 gestae,
744 2166 825 2190 testes

47 2185 246 2223 ὲὶιῖἐιᾟῦιίιὲζ
257 2185 386 2222 ᾖάὲὲοιεέ
394 2185 565 2231 "assistat,
581 2185 824 2231 gif'éiigca‘piiii
841 2185 862 2214 ο

47 2231 260 2258 circumeuntem
270 2238 375 2264 semper
382 2230 557 2256 comitantur.
572 2239 581 2255 ι
591 2230 622 2256 Et
637 2238 711 2257 num.
722 2230 767 2263 28,
779 2240 825 2259 ea-

47 2267 104 2292 dem
121 2266 262 2301 Apologia,
276 2273 336 2299 pag.
353 2265 443 2301 1477:}
455 2265 523 2291 Cum
549 2265 722 2292 advenissent
736 2271 825 2294 autem

48 2301 194 2336 presbyteri
208 2299 371 2336 'Mareo_tici,
390 2299 557 2336 aiiirinarilnt
581 2307 666 2334 neque
689 2301 826 2336 lscliyrain

47 2343 103 2363 esse
124 2334 271 2363 catholica:
303 2334 430 2370 Ecclesia:
445 2334 642 2370 presbyterum,
662 2334 757 2370 neque'
775 2337 827 2363 tale

48 2370 152 2397 facinus
168 2375 341 2405 perpetrasse
370 2369 535 2401 Macariuni.
565 2370 645 2403 quale
664 2370 687 2396 is
706 2369 752 2397 illi
775 2372 826 2398 iiu-

65 2407 165 2432 utabat.
187 2415 197 2432 ι

48 2414 165 2439 putabat.
187 2415 197 2432 ι

80 2441 135 2476 (91)
155 2441 184 2467 In
198 2434 366 2476 notisﬁ'adrs.
379 2437 560 2476 Epipiianiiiin
582 2439 677 2467 haeresi
701 2440 735 2467 69
751 2441 827 2467 Aria-

49 2473 151 2508 noruiii,
167 2484 230 2510 pag.
244 2475 307 2506 278,
324 2474 406 2510 Oper.
429 2478 494 2510 toin.
513 2473 545 2506 ll,
572 2475 616 2501 ubi
633 2483 749 2507 summa,
773 2484 825 2510 qua

48 2511 126 2544 pollet
153 2508 330 2542 eruditione,
351 2508 400 2536 ide
430 2508 686 2543 cliorepiscoporuni
721 2508 826 2545 origine

48 2551 107 2572 attit.

63 2554 134 2616 $ng)
147 2579 223 2607 Part.
236 2587 255 2612 ι,
272 2580 318 2616 lib.
333 2585 363 2610 ii,
378 2585 439 2616 cap.
479 2582 506 2604 et
520 2577 547 2609 ‘2,
561 2585 622 2613 pag.
635 2578 687 2605 210
698 2584 722 2606 et
734 2587 824 2616 seqq,

49 2614 89 2641 ubi
104 2613 214 2642 disserit
230 2615 264 2642 de
276 2613 476 2648 cborcpiseopis
490 2620 538 2646 per
553 2619 614 2640 octo
626 2615 716 2648 priora
731 2613 825 2642 Eccle-

48 2658 90 2676 sne
103 2651 212 2678 Siet-uia.

81 2686 134 2721 (95)
152 2685 182 2712 ιιι
196 2683 332 2721 canone_i_6
346 2683 453 2711 concilii
473 2681 645 2721 Sardiccnsis
666 2684 691 2710 in
717 2689 783 2711 tom.
814 2684 825 2710 Ι

49 2717 170 2753 Operuin,
187 2728 249 2754 pag.
270 2719 323 2745 279
348 2724 375 2746 et
389 2726 465 2753 seqq.
482 2717 609 2746 editionis
627 2718 733 2746 Veneta:
761 2721 824 2746 anni

50 2755 123 2786 1621.
136 2759 163 2783 et
177 2757 242 2782 alibi
255 2755 364 2788 saepius.

81 2790 134 2824 (91)
158 2790 323 2819 Guilielmus
347 2789 517 2824 Bevcrcgius,
536 2788 674 2815 Paridem:
695 2796 824 2815 canonum

110 2822 290 2861 spectatorum
304 2828 328 2850 et
341 2822 520 2857 conciliorum.
538 2825 564 2851 in
584 2830 702 2852 canones
714 2824 824 2852 concilii

200 2874 341 2905 Ρλτιιοι..
364 2872 420 2902 (in.
444 2872 485 2903 Χ.

883 216 1032 250 presbyteri
1064 216 1099 242 illi
1129 225 1194 243 suas
1219 222 1284 244 tunc
1305 218 1433 252 temporis
1457 218 1666 247 inoderabantur

883 261 1030 292 Ecclesias,
1048 261 1190 289 Portuensi
1209 263 1360 298 prarfuisse,
1371 264 1414 291 vel
1429 263 1520 292 forsan
1537 270 1566 292 ut
1583 266 1666 293 choro

882 308 1050 343 episcopum.
1074 316 1153 343 quem
1170 309 1196 336 in
1212 310 1302 344 parvis
1317 309 1484 342 civitatibus.
1496 312 1572 346 pagis
1583 311 1665 339 etiam

882 360 910 382 et
925 354 991 382 vicis
1006 354 1134 381 constitui
1159 355 1270 382 solitum
1300 355 1383 383 fuisse
1406 361 1510 383 veteres
1536 356 1665 385 Ecclesia

883 408 1002 427 canones
1016 404 1160 433 testantur,
1177 401 1299 428 eamdem
1314 401 1491 429 Portuensem
1514 402 1662 431 Ecclesiam

882 447 1097 474 administrasse.
1117 445 1164 473 His
1178 447 1311 482 siquidem
1334 448 1440 482 positis,
1456 453 1482 475 et
1503 447 1666 477 Prudentius

883 491 916 518 ali
933 491 1005 518 omni
1031 490 1202 518 confusionis
1228 495 1292 518 nota
1317 496 1388 518 esset
1417 492 1555 525 immunis.
1573 497 1601 519 et
1617 493 1664 520 οο⁴

882 536 996 564 ctissimi
1013 535 1150 563 Ruinartii
1168 536 1324 571 conjectura
1339 541 1411 564 sarta
1432 542 1554 572 tectaque
1573 545 1666 566 mane-

883 586 934 609 ret.
951 581 1112 617 Hujusmodi
1131 586 1220 608 tamen
1248 582 1414 616 argumentis
1428 587 1504 609 tanta
1532 582 1602 611 liaud
1623 584 1664 611 vis

883 627 963 659 inest,
981 631 1012 654 ut
1033 626 1160 654 facillime
1189 627 1311 653 cnervari
1340 635 1392 653 non
1423 627 1518 662 possit.
1548 627 1663 656 Omissis

882 673 955 700 enim
969 673 1003 700 iis
1024 680 1084 708 qua:
1097 672 1130 700 de
1146 672 1301 707 huiusmodi
1315 673 1532 709 presbyterorum
1547 678 1574 700 et
1584 674 1662 701 chor-

881 718 1071 753 cpiscopzirum
1095 719 1157 754 jure
1175 719 1272 745 acriter
1287 718 1355 744 inter
1377 726 1406 746 se
1426 719 1598 753 disputarunt
1614 720 1663 747 do-

882 765 918 792 cti
935 765 986 791 viri
996 763 1122 791 Petavius
1140 765 1206 800 (91),
1229 764 1427 791 Tlioinassinus
1445 764 1511 799 (92).
1530 765 1663 793 Christia—

883 817 935 837 nus
949 809 1041 845 Lupus
1057 809 1125 844 (95),
1144 809 1306 844 Beveregiiis
1323 810 1388 845 (94),
1412 810 1574 844 creterique;
1596 810 1661 838 illud

847 843 868 870 Β
882 855 1022 882 monuisse
1037 855 1163 886 sufﬁciat,
1179 855 1250 882 haud
1269 855 1405 883 immerito
1422 855 1451 882 in
1478 855 1590 883 dubium
1612 864 1662 883 vo-

882 901 938 929 cari
959 908 1049 936 posse,
1065 909 1130 928 num
1145 901 1240 928 iisdem
1256 901 1457 936 chorepiscopis
1471 909 1501 928 ea
1517 906 1588 929 recte
1612 902 1662 930 tri-

881 947 926 974 bni
941 951 1052 981 queant,
1069 954 1129 982 qua:
1143 945 1177 974 de
1202 945 1345 982 Hippolyto
1367 947 1465 974 cecinit
1487 946 1661 981 Prudentius,

881 994 1030 1027 praesertim
1046 1001 1109 1021 vero
1128 1001 1193 1020 nuin
1208 993 1258 1027 ipsi
1281 994 1307 1020 in
1326 994 1452 1028 primaeva
1475 993 1586 1022 Patrum
1610 995 1663 1022 lin-

881 1048 932 1074 gua
943 1039 1104 1067 Christianae
1118 1039 1202 1074 plebis
1219 1039 1306 1074 capita
1322 1040 1458 1067 exstitisse
1472 1040 1576 1067 dicendi
1589 1041 1662 1073 sint,

880 1093 942 1112 cum
958 1085 985 1112 in
1003 1086 1130 1112 omnibus
1146 1085 1240 1112 vicina:
1261 1086 1335 1113 urbis
1357 1087 1482 1120 episcopo
1496 1094 1543 1114 eos
1567 1087 1660 1122 subje-

880 1136 939 1159 ctos
962 1139 1022 1159 esse
1048 1131 1180 1165 jiisscrint
1207 1131 1385 1159 vetustissimi
1415 1131 1543 1160 Ecclesiae
1573 1140 1658 1160 cano-

880 1185 929 1205 nes
946 1177 1014 1212 (95).
1033 1176 1092 1209 His,
1108 1177 1198 1204 denuo
1222 1177 1380 1212 repetimus,
1399 1178 1521 1210 omissis,
1543 1177 1596 1205 alia
1611 1186 1660 1206 no-

880 1224 922 1251 bis
937 1224 1053 1258 suppetit
1067 1224 1208 1258 potissiiua
1224 1224 1305 1257 ratio,
1332 1232 1385 1259 qua
1412 1224 1566 1259 liiijusmodi
1581 1234 1660 1262 argu-

880 1274 1000 1296 mentum
1016 1269 1043 1296 in
1061 1277 1090 1297 re
1112 1273 1203 1297 nostra
1221 1270 1327 1304 penitus
1345 1271 1491 1298 evanescit.
1518 1270 1594 1299 Hanc
1612 1281 1661 1299 no-

880 1315 922 1342 bis
939 1314 1091 1350 suppeditat
1104 1315 1288 1342 velustissima
1305 1315 1500 1344 suburbicaria:
1516 1318 1661 1352 provincia

880 1360 1065 1388 ecclesiastica
1079 1361 1183 1395 politia,
1198 1360 1224 1387 in
1242 1368 1305 1395 qua.
1322 1365 1351 1387 ut
1366 1361 1465 1390 diserte
1490 1367 1581 1390 monet
1608 1363 1659 1390 do-

880 1406 1018 1434 ctissimus
1033 1406 1190 1434 Dominicus
1203 1406 1299 1442 Georgi
1314 1407 1380 1443 (96),
1396 1409 1514 1444 episcopi
1528 1409 1628 1444 passim
1642 1416 1660 1436 ι

881 1497 1052 1528 Antiocheni.
1080 1502 1144 1525 tom.
1162 1497 1183 1528 l.
1202 1505 1262 1532 pag.
1291 1497 1353 1531 MO,
1380 1497 1444 1525 edit.
1474 1496 1570 1525 Oxonii
1594 1500 1658 1526 anni

881 1533 966 1564 1672;
982 1540 1086 1560 necnon
1102 1532 1328 1560 Adnotationibus
1353 1533 1380 1560 in
1406 1541 1525 1560 canones
1549 1534 1656 1561 concilii

878 1568 1029 1603 Ancyram,
1058 1575 1119 1594 can.
1132 1567 1182 1603 V15.
1210 1572 1275 1594 tom.
1300 1567 1332 1599 ll,
1356 1573 1425 1602 part.
1443 1576 1473 1597 ii.
1506 1575 1566 1603 pag.
1595 1569 1657 1600 175.

880 1602 948 1636 176;
966 1603 993 1629 in
1008 1602 1191 1629 iiotationibus
1207 1610 1267 1629 can.
1286 1603 1394 1630 concilii
1410 1602 1581 1636 Antiocheiii,
1595 1612 1657 1631 caii.

879 1637 922 1668 10,
934 1645 1001 1672 pag.
1019 1636 1080 1669 190,
1093 1641 1159 1663 ιοιιι.
1176 1637 1269 1664 eodem
1286 1637 1318 1668 il,
1332 1641 1401 1672 part.
1418 1646 1447 1664 ii.

915 1671 970 1707 (95)
985 1671 1103 1709 Legendi
1119 1677 1188 1709 sunt
1197 1679 1314 1699 canones
1327 1671 1506 1700 conciliorum
1523 1672 1658 1709 Ancyraiii

879 1707 923 1738 15,
939 1712 965 1733 et
977 1707 1137 1734 Antioclieiii
1159 1707 1202 1733 10.

914 1743 970 1776 (96)
995 1741 1116 1777 Historia
1147 1741 1318 1777 diplomatica
1348 1742 1479 1769 cathedrae
1500 1743 1657 1777 episcopalis

878 1778 994 1803 civitatis
1008 1776 1088 1803 Setiae
1099 1777 1127 1802 in
1143 1776 1229 1806 Latio,
1244 1775 1257 1811 ᾗ
1273 1777 1299 1808 5,
1320 1784 1380 1811 pag.
1396 1778 1412 1804 ϐ
1435 1775 1548 1804 edition.
1565 1778 1658 1804 Romae

878 1812 941 1839 anni
955 1812 1033 1843 1751,
1049 1812 1092 1838 ubi
1108 1812 1140 1838 ad
1161 1819 1240 1846 suum
1256 1816 1444 1846 argumentum
1465 1812 1656 1840 stabiliendum

879 1847 1024 1873 multarum
1049 1846 1155 1873 erudite
1178 1845 1360 1873 Ecclesiariiin
1388 1847 1582 1874 cathedralium
1607 1856 1656 1874 no-

878 1882 950 1908 mina
962 1886 1057 1916 auctor
1071 1881 1208 1915 producit;
1228 1881 1297 1916 illinc
1309 1881 1427 1916 episcopi
1445 1881 1656 1915 Minturnenses.

878 1915 1024 1948 Formiani,
1043 1915 1210 1944 Laurentini.
1227 1915 1408 1949 Privernates,
1427 1916 1658 1945 Triumtabcriia-

879 1959 949 1982 l'llm,
975 1951 1143 1985 Aquinates,
1165 1950 1332 1980 Gabienscs.
1359 1950 1498 1984 Labicani,
1528 1951 1655 1985 Trebaiii,

879 1984 1091 2021 Siiliaiigustaiii,
1122 1984 1293 2021 Nomentani,
1319 1985 1464 2019 Lurenses,
1489 1991 1515 2013 et
1535 1986 1656 2014 Ferono-

878 2021 950 2052 \ani,
968 2020 994 2047 iii
1009 2020 1086 2047 Latio
1101 2026 1128 2047 et
1144 2020 1253 2047 Sabinis
1279 2028 1312 2046 cit
1337 2025 1457 2047 veterum
1481 2021 1655 2048 historiarum

877 2060 904 2092 et
918 2057 1094 2092 conciliorum
1107 2054 1290 2092 monumentis
1300 2055 1333 2081 ab
1346 2057 1438 2092 eodem
1456 2061 1578 2088 auctore.
1593 2064 1653 2092 pag.

877 2091 894 2117 6
915 2093 946 2117 ad
971 2091 1015 2123 56,
1041 2090 1165 2117 adductis
1193 2091 1356 2117 referuntur.
1374 2090 1451 2123 Quod
1468 2099 1532 2118 vero
1548 2092 1581 2118 ad
1594 2090 1655 2118 rei—ii

879 2130 999 2152 nostram
1027 2127 1145 2152 maxime
1177 2125 1251 2155 facit.
1278 2125 1305 2151 iii
1338 2124 1435 2152 Tuscia
1467 2126 1655 2153 suburbicaria

877 2161 1092 2194 qiiainpliirinios
1103 2160 1274 2194 episcopatus
1289 2161 1425 2187 exstitisse
1437 2166 1540 2188 certum
1556 2165 1606 2187 est.
1625 2161 1654 2187 lii

877 2203 908 2222 ea
935 2196 1007 2221 enini
1039 2195 1117 2222 Silva:
1133 2195 1264 2230 Caiiiiidie
1277 2195 1448 2230 episcopatus
1469 2196 1581 2226 exstitit,
1594 2195 1654 2222 Ca:-

878 2230 975 2261 i'ciisis,
989 2231 1236 2261 (lentuiiiCcllensis,
1251 2229 1454 2261 Graviscai-um,
1474 2230 1655 2264 Tarquinien-

877 2266 926 2297 sis,
938 2264 1130 2298 Tuscaiiensis,
1145 2264 1328 2297 Bulccutinus,
1341 2266 1383 2291 cui
1398 2266 1517 2292 succedit
1528 2265 1655 2293 Castren~

877 2301 925 2331 sis,
949 2299 1123 2332 Valent-auiis,
1155 2299 1335 2331 Volliiiieiisis.
1359 2300 1469 2326 Castelli
1497 2300 1654 2333 Felicitatis,

877 2334 1048 2366 Ferentiiius.
1064 2334 1295 2369 Polymartiensis.
1312 2334 1493 2368 Faleritaiius,
1511 2336 1655 2362 Balneorc—

877 2370 990 2401 giensis,
1018 2370 1202 2399 Gallesiensis.
1228 2369 1394 2401 Bleiiraiius,
1427 2370 1654 2402 Marturanensis,

877 2404 1122 2436 Foroclaudiensis,
1140 2405 1349 2438 Aquaevirensis,
1366 2404 1491 2435 Fidenas,
1513 2411 1540 2432 ct
1563 2407 1654 2432 forsan

876 2439 957 2466 etiam
975 2441 1118 2472 Lorensis;
1131 2446 1248 2473 quorum
1261 2439 1450 2474 episcoporum
1463 2441 1572 2468 nomina
1584 2441 1653 2467 idem

877 2474 1008 2509 Georgius
1024 2479 1144 2501 veterum
1158 2474 1247 2510 allatis
1271 2475 1443 2502 documentis
1460 2476 1564 2507 recitat,
1587 2484 1656 2510 pra:-

878 2514 918 2535 ter
930 2510 1102 2543 episcopatus
1121 2509 1168 2542 qui
1191 2511 1409 2544 nuiicrteinpoi'is
1435 2511 1523 2537 adhuc
1535 2516 1652 2537 exstant.

877 2543 1046 2578 Quapropter
1063 2543 1132 2571 idem
1144 2548 1248 2576 auctor.
1265 2543 1485 2579 §48,conrludit
1501 2554 1507 2571 :
1526 2555 1535 2570 ι
1548 2545 1655 2579 Episco-

876 2580 951 2612 palcs
963 2579 1106 2606 cathedras
1133 2586 1187 2605 non
1204 2580 1286 2606 modo
1305 2580 1332 2606 iii
1361 2579 1441 2607 claris
1458 2579 1525 2606 Latii
1546 2585 1573 2606 et
1600 2579 1655 2606 Tu-

877 2622 940 2650 sciae
955 2613 1150 2650 suburbicarize
1178 2614 1291 2640 urbibus
1314 2614 1435 2649 antiquis
1451 2615 1618 2650 temporibus
1638 2623 1653 2641 a

878 2647 1008 2684 itoiuaiiis
1021 2649 1193 2682 pontilicibus
1223 2647 1478 2684 institutasfatque
1501 2647 1536 2677 ita
1551 2650 1655 2684 spissas

877 2682 995 2717 (fuisse),
1011 2687 1044 2719 ut
1055 2683 1134 2710 veluti
1148 2684 1218 2710 inter
1230 2691 1289 2710 sese
1303 2682 1496 2719 contingerent,
1514 2685 1559 2712 sed
1567 2682 1654 2712 etiam

878 2719 904 2744 in
919 2719 1019 2745 nullius
1033 2717 1117 2754 ferme
1132 2719 1271 2752 dignitatis
1291 2717 1406 2753 oppidis
1419 2720 1563 2754 episcopos
1578 2720 1656 2747 desti-

877 2758 955 2779 natos
971 2772 978 2780 .
995 2772 1003 2779 .
1020 2771 1028 2779 .
1045 2752 1160 2780 fortasse
1180 2753 1197 2779 ii
1222 2752 1401 2786 mirabuntur.
1427 2752 1527 2788 quibus
1551 2756 1656 2782 incom—

876 2793 950 2822 perta
965 2792 1017 2824 est
1034 2788 1144 2821 antiqua
1160 2788 1286 2824 Ecclesia;
1313 2789 1454 2823 disciplina
1469 2790 1502 2817 de
1521 2791 1657 2824 episcopis

876 2825 904 2851 in
922 2823 1035 2858 singulis
1061 2824 1174 2850 urbibus
1199 2823 1406 2855 constituendis,
1428 2832 1496 2860 qiue,
1524 2823 1590 2859 pace
1607 2823 1657 2852 lich

1503 2874 1540 2903 1b
