1857 3051
64 99 114 127 429

452 99 496 126 DE
516 99 711 128 PORTUENSI
732 101 760 128 S.
782 101 964 130 HlPPOLYTl
986 101 1082 130 SEDE.
1104 117 1137 121 -
1158 101 1248 130 PARS
1267 102 1286 130 l.

1630 101 1683 130 130

62 159 101 186 vel
116 157 345 194 eborepiscopum
363 159 504 187 Portucnsi
522 159 649 188 Ecclesiae
666 169 781 195 praeesse
794 170 847 189 non
864 167 883 193 Α
900 162 946 189 tali
960 163 1069 190 nomine
1082 171 1219 198 utinquam
1231 164 1378 191 donasscnt
1389 163 1499 191 ethnici.
1512 162 1684 192 Tillemontio

59 204 188 240 potuisse,
204 204 428 232 manifestissime
454 206 597 233 evincitur.
613 207 647 234 At
664 207 686 234 si
710 208 772 241 quis
795 216 847 234 un-

58 258 139 284 quam
152 249 331 278 Tillemontio
342 251 392 286 (7),
403 251 523 279 Adriano
540 251 652 280 Bailctto
669 252 705 288 (8)
714 274 721 284 .
734 252 848 280 Claudio

58 295 155 330 Fleury
172 295 224 331 (9),
237 300 265 323 et
280 296 404 332 Remigio
415 296 552 324 Ceillierio
568 297 623 332 (l0)
637 298 763 325 assentiri
780 299 847 325 mal-

58 343 103 375 let,
117 343 177 377 qu-i,
196 342 323 377 quamvis
347 342 437 377 quoad
460 339 633 379 Hippolytum
658 343 845 380 presbyterum

59 396 118 416 cum
136 388 282 416 Ruinartio
298 389 376 422 plane
389 389 573 421 consentiant,
590 394 677 416 tamen
691 390 779 424 ipsum
793 398 846 417 non

58 434 237 466 Portuensis,
265 435 313 463 sed
348 435 476 462 Romanae
503 435 631 463 Ecclesiae
659 436 846 472 presbyterum

59 480 253 513 crediderunt;
272 480 296 508 is
311 480 433 515 profecto
455 482 524 508 sciat
536 481 691 516 huiusmodi
708 482 846 517 coniectu-

58 534 116 553 ram
133 534 149 553 a
163 526 280 561 genuina
295 526 457 561 pientissimi
471 531 555 561 poetae
567 532 656 554 mente
672 528 751 563 longe
765 528 847 555 nimis

57 572 153 599 abesse
165 581 172 598 2
185 571 350 599 Prudentius
363 571 435 599 enim
450 571 622 608 Hippolytum
636 581 715 600 suum
727 574 753 600 in
763 573 846 601 Portu

58 617 183 644 Romano
199 618 304 652 plebem
325 618 452 646 habuisse
466 619 541 652 dicit,
564 619 707 654 ipsumque
718 627 778 647 eam
796 620 848 647 ibi-

57 663 116 691 dem
138 664 322 699 alloquentem
346 665 450 692 inducit
469 673 552 700 supra
577 665 693 694 laudatis
718 666 846 694 carmini-

56 710 108 738 bus
124 719 132 736 :

91 798 106 813 ,ί
117 797 125 804 .
141 798 148 804 .
170 799 176 804 .
193 777 299 813 Fugite,
316 786 331 804 o
346 778 446 811 miseri,
461 778 624 805 exsecranda
643 777 742 804 Novati

89 812 263 846 Schismatd;
280 813 417 840 catholicis
435 814 534 840 reddite
551 821 594 840 vos
607 813 721 847 populis,
737 819 788 840 etc.

55 890 229 926 Quapropter
254 892 281 918 in
307 891 482 919 eonvellenda
503 891 661 926 huiusmodi
689 892 844 927 conjectura

56 937 164 972 longius
187 938 342 972 immorari,
359 945 449 973 operae
472 938 588 972 pretium
611 937 682 965 haud
697 945 757 965 esse
768 937 844 965 duci-

57 992 132 1015 mus;
150 984 208 1011 sola
223 984 296 1011 enim
314 983 451 1011 Prudentii
466 984 546 1011 verba
571 984 637 1011 satis
657 991 791 1019 superque
806 984 845 1011 ei-

54 1030 114 1058 dem
131 1030 260 1057 falsitatis
278 1035 369 1057 notam
384 1031 507 1057 inurunt.
528 1031 633 1058 Etenim
650 1031 712 1065 quis
724 1038 844 1066 unquam

56 1075 186 1103 Romana:
202 1076 330 1103 Ecclesia:
342 1077 527 1111 presbyterum
545 1085 606 1104 cum
628 1081 683 1104 tota
703 1077 778 1112 plebe
793 1077 843 1104 sibi

54 1121 203 1148 commissa
223 1129 258 1149 ex
281 1121 347 1148 urbe
374 1121 401 1148 in
420 1121 531 1148 Portum
551 1127 616 1149 tunc
642 1123 770 1157 temporis
793 1122 844 1149 mi-

54 1175 148 1201 grasse
162 1167 360 1194 arbitrabitur?
374 1166 629 1204 Quis'llippolytum
648 1168 777 1197 Romanae
791 1168 843 1196 Ec-

55 1213 145 1240 clesiae.
173 1212 362 1247 presbyterum
391 1212 577 1240 Christianum
613 1214 733 1241 ﬁdelium
764 1221 844 1250 caput

54 1259 148 1286 Romae
164 1259 218 1285 sub
230 1265 339 1285 summo
354 1258 478 1292 pontiﬁce
490 1258 706 1286 Christianorum
722 1260 842 1287 omnium

53 1309 165 1338 parente
181 1312 214 1332 ac
231 1305 354 1340 principe
368 1306 506 1333 exstitisse
519 1307 687 1334 somniabit?
698 1306 754 1334 Nec
767 1307 844 1342 juvat

53 1351 172 1386 obiicere
187 1351 366 1378 Prudentium
387 1353 559 1379 sanctissima
578 1353 731 1387 huiusmodi
755 1354 843 1380 nomi-

53 1405 98 1429 na,
115 1402 248 1432 tanquam
269 1397 408 1432 gentilium
425 1406 472 1425 ore
496 1399 611 1433 prolata,
628 1398 770 1434 Hippolyto
793 1407 843 1427 suo

53 1442 202 1474 indidisse;
217 1450 280 1469 nam
294 1443 402 1477 ipsimet
411 1444 511 1472 ethnici
524 1444 706 1472 hierarchicos
717 1445 843 1473 Christia-

900 209 1014 243 dcnique
1040 209 1106 236 nihil
1129 210 1256 244 prodesse
1281 214 1369 244 potest
1395 210 1586 244 antiquissima
1610 215 1683 238 vete-

901 262 960 280 rum
979 254 1034 291 (15)
1052 255 1236 281 Romanorum
1252 256 1432 286 consuetudo,
1448 256 1474 282 iu
1489 264 1604 290 quorum
1623 263 1685 290 pro-

899 299 996 326 vinciis
1013 300 1051 326 rei
1075 305 1150 326 extra
1170 301 1310 327 civitatum
1336 301 1466 335 pommria
1492 306 1613 328 extremo
1628 302 1684 328 alli-

899 344 1039 371 ciebantur
1067 345 1216 379 supplicio,
1234 350 1263 372 ut
1277 354 1309 372 ex
1332 353 1364 373 ea
1388 346 1572 381 argumentari
1595 347 1682 378 liceat,

900 387 1073 424 Hippolytqu
1090 389 1252 423 Romanum,
1269 395 1299 417 ut
1314 391 1405 423 aiunt,
1417 391 1614 426 presbyterum.
1635 393 1684 419 hac

899 435 932 462 tle
947 442 1029 462 causa
1042 441 1118 463 extra
1136 435 1233 463 Urbem
1253 437 1415 469 adductum,
1438 443 1464 465 et
1487 438 1512 464 in
1529 437 1611 464 Portu
1630 437 1684 464 Ro-

899 488 981 508 mano
999 481 1129 516 martyrio
1143 480 1227 509 fuisse
1245 487 1424 515 coronatum;
1440 491 1513 515 nam,
1529 488 1558 510 ut
1578 484 1684 518 egregie

899 533 949 553 nos
970 526 1076 554 monuit
1101 527 1142 554 vir
1165 527 1340 555 doctissimus
1360 527 1486 555 Valesius
1501 528 1567 563 (l6),
1589 529 1684 563 huiuy

898 571 969 598 modi
982 572 1205 599 consuetudinem
1223 580 1276 599 non
1301 581 1417 607 semper,
1437 574 1509 608 quod
1526 574 1560 600 ad
1574 579 1683 602 sanctos

896 617 997 644 Christi
1022 622 1154 653 martyres
1185 618 1297 650 attinet,
1321 618 1416 645 eodem
1441 623 1521 653 pacto
1548 623 1682 646 servatam

897 662 980 690 fuisse
994 663 1137 690 dicendum
1155 667 1212 695 est,
1229 664 1265 691 ita
1283 668 1313 691 ut
1328 672 1434 699 semper
1453 666 1478 691 in
1495 665 1684 692 sanctissimos

896 709 993 736 heroas
1015 714 1090 736 extra
1116 708 1195 737 Urbis
1219 710 1349 744 pomoeria
1367 711 1489 737 stevitum
1505 710 1593 738 fuerit.
1610 710 1683 744 Qua-

896 759 1005 789 propter
1031 759 1058 782 et
1080 756 1210 789 temporis
1232 763 1287 790 quo
1310 756 1360 790 ipsi
1381 756 1471 790 passi,
1489 760 1516 783 ct
1536 756 1683 791 supplicio-

896 808 956 827 rum
979 801 1079 835 quibus
1103 801 1189 828 alfecti
1213 801 1339 834 fuerunt,
1365 803 1497 830 rationem
1527 799 1678 829 habendam

895 851 966 873 recte
995 852 1086 874 monet
1112 846 1247 880 Valesius,
1270 852 1299 874 ut
1316 848 1412 875 exinde
1439 848 1598 883 passionum
1621 848 1681 876 loca

895 897 955 919 tuto
982 892 1103 926 dignosci
1131 893 1246 928 possint.
1272 893 1375 920 Etenim
1402 894 1436 927 ii,
1461 894 1508 929 qui
1533 899 1680 929 praetorum

896 939 1027 967 sententia
1045 939 1134 974 gladio
1152 939 1344 972 animadversi,
1369 940 1409 967 vel
1428 940 1455 967 in
1478 948 1586 967 crucem
1609 939 1680 974 acti,

895 985 937 1013 vel
951 985 1012 1020 igne
1029 985 1161 1018 damnati,
1181 986 1222 1012 vel
1237 987 1346 1014 demum
1363 987 1497 1022 lapidibus
1513 987 1603 1014 obruti
1620 986 1679 1015 fue-

895 1039 941 1064 re;
961 1031 977 1058 ii
1002 1039 1068 1058 sane
1089 1036 1164 1058 extra
1190 1031 1269 1058 Urbis
1288 1033 1387 1059 mmnia
1408 1033 1528 1068 martyrii
1551 1041 1678 1060 coronam

895 1082 957 1104 sunt
971 1077 1068 1112 adepti,
1081 1078 1319 1112 quemadmodum,
1335 1082 1364 1104 ut
1376 1077 1409 1105 de
1422 1078 1526 1105 cretei-is
1539 1078 1678 1110 sileamus,

895 1122 924 1150 S.
940 1123 1092 1158 Cyprianus
1103 1128 1178 1150 extra
1193 1122 1368 1158 Carthaginis
1382 1131 1475 1150 muros
1491 1124 1518 1149 in
1530 1132 1593 1158 agro
1604 1123 1678 1150 Sexti

894 1169 982 1203 capite
998 1169 1093 1203 plcxus
1120 1169 1171 1197 fuit
1193 1169 1261 1204 (17),
1285 1174 1311 1197 et.
1327 1169 1522 1204 Lugdunenses
1545 1174 1678 1206 martyres

894 1215 1027 1242 Athanaci
1049 1215 1104 1248 (18)
1120 1215 1282 1247 occubuere,
1307 1219 1334 1242 et
1358 1215 1387 1241 S.
1411 1214 1576 1250 Polycarpus
1601 1220 1677 1242 extra

896 1260 1095 1296 Smyrnaeorum
1125 1261 1258 1296 pomoeria
1283 1261 1345 1296 igne
1362 1259 1412 1287 fuit
1433 1261 1592 1295 absumptus
1609 1261 1673 1296 (19).

894 1307 913 1333 li
929 1314 1009 1339 vero,
1023 1308 1069 1342 qui
1096 1308 1128 1335 ad
1153 1307 1255 1334 bestias
1280 1307 1411 1338 damnati,
1426 1307 1468 1334 vel
1490 1307 1611 1341 quolibet
1622 1307 1677 1334 alio

894 1352 1050 1387 huiusmodi
1073 1353 1206 1388 supplicio
1229 1352 1352 1379 dilaniati
1370 1351 1463 1385 luere,
1481 1352 1507 1379 hi
1530 1353 1558 1380 in
1580 1354 1678 1380 mediis

894 1399 1008 1426 urbibus
1023 1404 1177 1433 cunctoque
1193 1403 1332 1433 spectante
1346 1399 1447 1434 populo
1465 1399 1490 1425 in
1509 1399 1678 1433 amphithea-

895 1445 953 1476 tris,
966 1445 992 1471 in
1007 1445 1072 1480 ipsis
1086 1445 1223 1472 Casarum
1239 1444 1374 1471 natalibus
1385 1444 1544 1479 martyrium
1558 1444 1677 1478 plerum-

54 1496 152 1516 norum
175 1489 286 1516 ordines
310 1489 395 1524 probe
419 1494 562 1523 noverunt,
575 1494 605 1517 ut
619 1495 692 1525 patet
706 1499 738 1518 ex
757 1492 842 1519 notis-
856 1511 876 1539 Ο
894 1499 947 1526 que
969 1495 1229 1518 consummaverunt
1251 1491 1319 1526 (20).
1345 1490 1399 1518 Eos
1419 1491 1551 1526 denique,
1568 1491 1614 1525 qui
1631 1499 1677 1518 re-

52 1535 121 1562 simo
152 1535 201 1562 illo
226 1535 366 1562 Aureliani
395 1536 566 1570 imperatoris
591 1537 738 1571 rescripto,
768 1537 841 1572 quod

53 1579 145 1607 laudat
161 1579 297 1607 Eusebius
315 1580 383 1614 (ll),
403 1583 430 1607 et
447 1588 480 1607 ex
502 1580 597 1608 edictis
616 1581 753 1608 Maximini
773 1581 848 1616 (I2),-

54 1625 193 1652 V'aleriani
211 1626 266 1660 (l3)
289 1630 317 1652 et
342 1626 499 1654 Diocletiani
525 1627 601 1661 (1-1),
623 1628 721 1662 quibus
743 1628 793 1662 ipsi
814 1628 841 1654 in

52 1673 205 1706 episcopos,
221 1672 396 1707 presbyteros
417 1679 448 1698 ac
469 1672 598 1700 diaconos
614 1673 704 1708 gladio
720 1673 842 1701 animad—

53 1719 122 1744 verti
146 1718 270 1752 iussere;
300 1717 414 1752 ideoque
441 1718 464 1745 si
496 1717 655 1754 Hippolytus
684 1718 841 1746 Portuensis

54 1765 135 1798 plebis
155 1770 234 1798 caput
252 1771 345 1791 revera
369 1772 422 1791 non
444 1765 603 1797 exstitisset,
628 1765 703 1792 illum
720 1765 840 1800 profecto

87 1843 125 1877 (τ)
144 1842 224 1870 Tom.
240 1842 285 1873 Ill,
303 1850 364 1878 pag.
379 1842 441 1878 452,
457 1843 485 1869 in
493 1842 570 1870 Saint
580 1842 725 1876 Corneille,
736 1847 762 1870 et
777 1850 838 1878 pag.

52 1877 112 1910 675,
127 1884 191 1905 note
205 1878 232 1910 Δ,
248 1886 295 1905 sur
312 1880 385 1905 saint
397 1877 548 1913 Hippolyte.

86 1914 126 1949 (8)
143 1913 224 1949 'l‘om.
242 1913 273 1944 ll,
289 1913 338 1949 Leg
353 1913 410 1940 Vies
422 1912 467 1940 des
481 1913 576 1949 saints,
591 1917 651 1949 xiuf
663 1912 727 1949 jour
737 1912 837 1949 d‘aodt,

52 1946 185 1983 pag.'l63
207 1948 271 1975 edit.
291 1949 306 1974 a
325 1948 418 1981 Paris,
435 1956 480 1983 an.
494 1947 584 1983 7l704.
596 1946 682 1983 rSgiut
695 1946 838 1983 Hippolyte

51 1982 274 2026 prétreﬂltornain
299 1990 401 2026 martyr
416 1983 431 2010 s
444 1982 519 2011 Ostie
539 1990 574 2010 ou
593 1982 608 2009 ὲ
625 1982 717 2015 Porto,
733 1987 760 2010 et
773 1982 838 2018 iuur

52 2024 119 2045 xxn'
133 2019 237 2048 d‘aout,
251 2026 311 2052 pag.
328 2019 390 2045 515.

85 2054 123 2088 (9)
147 2053 251 2087 Abrégé
274 2053 305 2080 de
333 2053 461 2080 l‘ltistot're
487 2052 698 2087 ecclésiastique,
727 2056 791 2088 tom.
815 2053 835 2084 l,

52 2087 103 2116 art.
118 2089 146 2121 ὅ,
162 2094 205 2115 ni'
221 2087 311 2120 siécle,
335 2089 361 2115 in
388 2089 460 2115 saint
484 2087 645 2123 Hippolyte,
663 2096 724 2123 pag.
746 2087 798 2114 5°26
810 2093 836 2115 et

52 2132 128 2158 seqq.
145 2124 213 2150 edit.
227 2123 242 2149 ἐι
257 2123 384 2158 Cologne,
400 2124 479 2151 175.5.

85 2157 141 2210 (19)
156 2158 238 2210 Ἰὲοὲι.
255 2157 276 2184 ll
296 2157 353 2191 cit.,
368 2167 428 2194 cap.
444 2159 489 2192 55,
505 2166 565 2193 pag.
583 2157 652 2189 567,
670 2158 703 2185 de
726 2157 754 2186 S.
772 2157 835 2192 llip-
853 2183 874 2210 Β

52 2194 149 2229 polyte,
169 2193 184 2229 §
200 2193 227 2220 6.

98 2228 141 2264 ll)
157 2228 234 2256 Libr.
251 2236 301 2262 vn,
312 2236 371 2264 cap.
389 2229 435 2264 50,
451 2237 512 2263 pag.
525 2228 587 2264 564.

98 2231 141 2264 11)
157 2231 234 2256 Libr.
251 2236 301 2262 vit,
312 2236 371 2264 cap.
389 2231 435 2258 50.
451 2237 512 2263 pag.
525 2231 587 2255 564.

84 2231 142 2300 ita)
161 2265 199 2300 De
215 2265 402 2300 persecutione
411 2263 550 2300 Maximini
563 2262 691 2300 legendus
705 2262 836 2291 Eusebius

53 2298 235 2326 IliiLeccles.
253 2299 299 2326 lib.
311 2306 348 2332 vt,
365 2307 425 2334 cap.
442 2299 488 2330 28,
501 2298 639 2334 pag.2§5.

83 2320 235 2397 pareat;
246 2320 425 2374 ῥὶῖἱυέιὶὶιῖέὶέ
437 2320 761 2368 ἑιῆἒῖἓὸξῗδδ-ρι-ίεηί
771 2354 779 2367 ,
790 2333 836 2374 qui

93 2376 135 2397 ert
161 2377 306 2397 scrtusrsse
329 2369 503 2396 Valerianum
524 2369 564 2396 ad.
578 2372 700 2395 senatum
712 2388 718 2397 .
735 2373 765 2395 ut
778 2377 836 2397 em—

54 2369 135 2397 relert
161 2370 306 2404 scripsisse
329 2369 503 2396 Valerianum
524 2369 564 2396 ad.
578 2372 700 2404 senatum
712 2373 765 2404 ,Vut
778 2369 836 2403 epi—

51 2407 131 2440 scopi,
148 2410 176 2432 et
203 2403 362 2439 presbyteri,
378 2410 404 2432 et
421 2404 527 2432 diac0ni
539 2404 565 2430 in
583 2403 732 2430 continenti
747 2405 836 2430 anim-

51 2442 237 2467 advertantur.

83 2476 138 2510 (Lt)
157 2475 301 2502 Summam
313 2475 392 2502 edicti
410 2482 425 2501 a
438 2473 606 2510 Dioeletiano
621 2473 738 2510 emanati
755 2473 836 2501 refert

51 2508 185 2538 Eusebius
198 2511 246 2537 lib.
261 2518 310 2537 vui
324 2510 360 2537 Η.
375 2509 420 2541 Ε.,
435 2516 494 2543 cap.
513 2509 542 2542 ‘2,
557 2516 618 2544 pag.
641 2508 704 2535 ⁸579.
720 2508 836 2536 Lactan-

53 2546 144 2573 tius‘ln
159 2547 207 2574 lib.
223 2545 262 2572 De
280 2549 356 2571 mort.
374 2550 578 2579 persecutorum,
598 2551 657 2578 cap.
670 2544 713 2575 15,
727 2551 787 2579 pag,
800 2544 835 2571 27

49 2581 110 2608 edit.
133 2582 223 2608 Paris.
241 2580 306 2608 anni
330 2580 409 2612 1710,
424 2581 458 2607 de
475 2579 662 2614 persecutione
677 2579 834 2606 Diocletiani

49 2617 130 2643 multa
159 2617 260 2649 habet,
286 2621 311 2643 et
342 2615 369 2642 in
398 2623 429 2642 ea
450 2613 646 2650 conlprehensos
673 2613 835 2649 presbyteros

50 2653 129 2678 etiam
146 2655 270 2679 enarrat.

81 2687 137 2722 (15)
153 2683 632 2722 ΙιεεεηιιυςΑ-Ηεηιῄἱᾳ.γναιεείμεὲἱη
654 2688 710 2711 not.
737 2684 768 2722 ad
787 2684 832 2711 lib.

47 2720 132 2749 xxvtu'
143 2720 285 2749 Aminiaui
303 2720 461 2752 Marcellini,
477 2728 537 2754 pag.
550 2720 611 2752 526,
626 2724 686 2746 nota
699 2728 724 2751 c,
739 2721 782 2746 ed.

79 2757 262 2794 (lli’LDeleus.
279 2756 388 2791 discept.
412 2758 443 2782 de
458 2755 585 2787 basilicis,
605 2761 672 2789 part.
690 2763 718 2788 ιι,
733 2762 793 2789 cap.
806 2754 833 2788 2,

47 2799 104 2827 pag.
116 2799 128 2819 1
139 2799 179 2820 to.

80 2828 132 2863 (Π)
149 2828 187 2855 Ita
210 2826 346 2855 habemus
371 2825 397 2853 in
418 2825 502 2860 ipsius
524 2825 614 2859 Actis,
631 2825 721 2852 rclulis
737 2832 750 2851 a
769 2824 829 2851 ltui-

895 1537 1004 1571 pcntino
1019 1537 1091 1571 vulgi
1108 1544 1139 1563 ac
1157 1536 1300 1570 praesidum
1316 1536 1407 1562 lurore
1419 1536 1540 1570 oppressi
1555 1535 1676 1567 fuerunt,

894 1582 921 1609 in
943 1582 1008 1616 ipsis
1024 1582 1138 1609 urbibus
1155 1590 1208 1608 non
1228 1588 1291 1608 raro
1306 1586 1438 1608 mactatos
1459 1580 1542 1608 fuisse
1558 1584 1675 1613 COnstat,

893 1628 1121 1663 quemadmodum
1146 1627 1367 1655 Nicomedicnses
1392 1632 1542 1662 martyres,
1560 1635 1628 1661 quos
1645 1635 1675 1654 se

893 1678 1023 1708 praesente
1047 1673 1171 1700 comburi
1194 1673 1277 1708 jussit
1306 1673 1506 1706 Diocletianus,
1533 1671 1675 1700 Lactantio

893 1723 960 1746 teste
977 1719 1044 1753 (2i).
1058 1718 1096 1745 Ex
1110 1719 1254 1753 postremis
1272 1719 1314 1746 his
1327 1727 1397 1746 unus
1413 1718 1535 1754 profecto
1549 1717 1600 1746 fuit
1611 1718 1675 1754 Hip—

892 1765 1010 1800 polytus,
1028 1773 1107 1800 quem
1123 1765 1272 1799 improviso
1288 1765 1400 1792 rectoris
1414 1769 1438 1791 et
1456 1764 1527 1799 vulgi
1543 1763 1633 1792 lurore
1646 1765 1674 1792 in

890 1843 981 1870 nartio
995 1843 1052 1869 Act.
1068 1849 1178 1877 martyr.
1192 1851 1251 1878 pag.
1268 1843 1329 1874 189,
1343 1851 1418 1870 num.
1431 1843 1448 1870 5
1463 1852 1470 1870 :
1485 1852 1494 1869 ι
1513 1843 1546 1869 Et
1556 1843 1592 1869 ita
1603 1843 1673 1871 idem

890 1878 1041 1914 Cyprianus
1064 1878 1092 1904 in
1115 1886 1207 1913 agrum
1230 1878 1303 1905 Sexti
1320 1879 1465 1912 perductus
1482 1883 1534 1911 est,
1554 1883 1579 1905 et
1594 1879 1629 1905 ibi
1646 1888 1674 1905 se

890 1913 998 1940 lacerna
1015 1919 1042 1941 et
1051 1913 1133 1948 byrro
1147 1913 1318 1947 exspoliavit,
1334 1918 1362 1940 et
1372 1921 1441 1947 genu
1457 1913 1485 1940 in
1501 1918 1573 1940 terra
1589 1914 1673 1946 ﬂexit,

889 1953 916 1976 et
933 1949 959 1975 in
973 1949 1123 1975 orationem
1139 1956 1168 1975 se
1178 1948 1292 1975 Domino
1307 1950 1461 1982 prostravit.
1478 1957 1488 1974 ι

925 1983 980 2018 (18)
997 1983 1189 2011 Perlustranda
1205 1988 1268 2010 sunt
1281 1991 1342 2018 qua:
1352 1983 1483 2010 Eusebius
1497 1983 1567 2011 lib.v
1581 1983 1616 2011 Il.
1628 1984 1673 2018 E.,

889 2026 948 2053 cap.
967 2019 993 2050 1,
1010 2019 1043 2045 de
1066 2018 1230 2053 martyribus
1249 2018 1475 2053 Lugdunensib‘us
1494 2019 1611 2052 scripsit.
1626 2019 1674 2046 Le-

887 2053 990 2088 gendus
1014 2053 1173 2080 Ruinartius
1192 2054 1251 2080 Act.
1269 2057 1391 2089 martyr.,
1405 2061 1464 2088 pag.
1483 2053 1518 2080 52
1534 2058 1561 2080 et
1584 2062 1672 2089 seqq.,

888 2089 934 2122 qui
950 2089 1075 2115 observat
1094 2089 1224 2115 celebrem
1240 2088 1319 2114 etiam
1335 2095 1394 2115 esse
1406 2089 1493 2114 locum
1507 2089 1672 2115 At/tauacum

888 2124 1061 2158 appellatum,
1077 2123 1122 2150 ubi
1137 2124 1211 2157 passi
1234 2123 1362 2150 dicuntur
1378 2123 1394 2149 ii
1413 2127 1555 2158 martyres,
1574 2131 1589 2150 a
1606 2131 1672 2158 quo,

889 2157 978 2185 ut’ait
999 2158 1145 2192 Gregorius
1161 2157 1339 2190 Turonensis,
1357 2157 1514 2185 vocantura
1533 2157 1672 2186 nonnullis

889 2198 1017 2228 martyres
1035 2193 1237 2220 At/mnacenses.

923 2229 979 2268 (l2)
994 2228 1144 2268 Adeundus
1163 2228 1394 2268 [tuiua‘rtius_Act.
1416 2233 1527 2268 martyr.
1547 2236 1611 2268 pag.-
1626 2228 1671 2268 5:2,

887 2263 933 2299 ubi
950 2263 1078 2290 Ecclesiae
1098 2263 1272 2299 Smyrnensis
1287 2263 1429 2298 epistolam
1450 2264 1483 2290 de
1499 2265 1627 2298 martyrio
1641 2263 1670 2290 S.

887 2297 1028 2333 Polycarpi
1043 2297 1171 2333 scriptam
1186 2298 1278 2325 refert.

923 2307 934 2324 »ι
946 2307 1028 2332 'carpt
1043 2307 1171 2333 SCI'lplallI
1186 2307 1278 2325 I‘Clel'l.

923 2307 979 2369 (ὲο)
991 2333 1092 2369 Horum
1115 2334 1236 2368 exempla
1251 2334 1328 2367 plura
1349 2333 1482 2360 habentur
1497 2334 1567 2368 apud
1585 2333 1670 2360 Anto-

888 2369 961 2404 nium
982 2368 1136 2396 Gallonium
1162 2370 1187 2395 in
1206 2369 1274 2396 libro
1285 2368 1323 2395 De
1338 2374 1484 2404 martyrum
1498 2369 1671 2400 cruciatibus,

887 2403 979 2431 multis
994 2404 1021 2430 in
1037 2404 1113 2435 locis,
1125 2408 1152 2431 et
1165 2404 1314 2438 prazsertim
1329 2407 1437 2439 quando
1449 2405 1505 2438 agit
1521 2404 1554 2430 de
1570 2409 1671 2439 marty-

887 2439 963 2466 ribus
976 2439 1009 2465 ad
1028 2439 1129 2466 bestias
1146 2439 1291 2471 damnatis,
1307 2447 1332 2473 p.
1349 2438 1403 2466 457
1422 2440 1484 2466 edit.
1499 2438 1671 2474 Antwerpiie,

887 2473 1046 2501 ³111111668.
1060 2473 1098 2501 De
1120 2475 1202 2501 natali
1230 2473 1367 2501 Caesarum
1390 2475 1443 2506 die,
1464 2483 1518 2509 quo
1540 2473 1672 2508 martyres

886 2509 1055 2536 necabantur
1067 2530 1073 2542 ,
1097 2509 1224 2543 frequens
1241 2517 1331 2536 sermo
1346 2510 1465 2536 occurrit
1477 2510 1502 2535 in
1518 2509 1593 2535 Actis
1608 2516 1671 2535 san-

886 2548 991 2571 ctorum
1006 2550 1167 2579 martyrum,
1184 2550 1210 2570 et
1224 2545 1358 2578 prmcipue
1374 2545 1399 2570 in
1414 2545 1489 2571 Actis
1505 2543 1554 2569 SS.
1572 2543 1672 2577 Perpe-

886 2584 979 2607 tuaeet
995 2579 1153 2611 Felicitatis,
1173 2580 1265 2606 relatis
1282 2588 1297 2606 a
1313 2580 1455 2606 ltninartio
1478 2580 1504 2605 in
1522 2581 1579 2604 Act.
1598 2587 1671 2605 mar-

886 2619 952 2649 tyr.,
967 2622 1027 2649 pag.
1044 2615 1088 2647 8'5,
1103 2615 1148 2641 ubi
1166 2614 1237 2641 Geta:
1253 2614 1367 2641 Caesaris
1386 2614 1482 2640 natalis
1498 2614 1670 2648 exprimitur,

885 2657 983 2684 nempe
1011 2650 1069 2677 dies
1102 2657 1157 2684 quo
1181 2649 1272 2677 Caesar
1301 2649 1389 2677 factus
1415 2650 1518 2682 fuerat,
1543 2653 1572 2676 ut
1600 2653 1671 2676 recte

886 2684 1045 2712 Ruinartius
1059 2689 1159 2711 monet.

921 2719 978 2755 (Ἡ)
993 2719 1052 2747 Lib.
1067 2721 1104 2746 De
1122 2719 1249 2746 mortibus
1269 2725 1441 2754 persecutor.,
1455 2719 1469 2755 §
1484 2719 1532 2749 H,
1548 2727 1609 2754 pag.
1623 2718 1670 2751 25,

886 2755 933 2782 cit.
950 2755 1013 2781 edit.
1031 2764 1039 2779 ι
1058 2755 1099 2781 Ira
1117 2755 1321 2790 (Diocletianus)
1340 2756 1532 2787 inﬂammatus,
1546 2755 1671 2781 excarni-

885 2790 962 2817 licari
975 2797 1070 2816 omnes
1085 2798 1150 2817 suos
1172 2791 1296 2824 protinus
1318 2790 1453 2824 praecepit.
1469 2790 1586 2817 Sedebat
1602 2790 1670 2824 ipse,

886 2829 967 2860 atque
983 2825 1141 2853 innocentes
1157 2825 1217 2860 igne
1233 2825 1361 2852 torrebat.
1379 2834 1388 2850 ι
