1857 3051
198 107 246 136 151

582 109 626 136 DE
645 107 839 137 PORTUENSI
860 109 888 136 S.
911 109 1090 137 HlPPOLYTl
1111 109 1207 137 SEDE.
1228 125 1262 130 —
1281 110 1370 137 PARS
1386 110 1405 138 l.

1753 112 1803 139 ‘32

194 165 277 194 Portu
302 165 423 193 Romano
447 165 575 200 martyrio
591 170 749 192 coronatum
767 166 974 201 elegantissimis
989 170 1009 197 Α
1024 167 1093 193 ratio
1117 167 1230 194 suadere
1252 167 1396 199 videretur,
1419 167 1489 202 quod
1509 172 1533 194 el
1554 165 1691 204 Hippolyti
1709 169 1800 195 memi~

196 213 238 240 his
256 213 422 239 carminibus
439 216 551 239 testatur
567 211 729 239 Prudentius
741 212 796 246 (‘22)
811 221 816 238 :

234 269 282 296 llis
296 269 341 296 ubi
353 269 460 295 detorsit
474 268 538 295 lieno
551 269 582 295 de
597 268 701 294 tramite
719 267 827 302 plebem,

266 304 470 338 Monstravitque
485 305 566 338 sequi,
581 311 633 338 qua
648 303 689 329 via
704 303 796 329 dextra
813 308 903 334 vocat;

230 338 312 372 Seque
327 339 416 365 ducent
429 337 496 365 recti
513 337 605 372 spretis
620 337 784 372 anfractibus
802 338 869 364 idem

282 347 312 365 ne
327 347 416 365 attcem
434 347 496 365 rem
513 347 605 372 spretis
620 347 784 372 anjractwus
802 347 834 364 lat

263 347 390 403 i’razbuit.
404 374 500 400 erroris
512 373 555 408 qui
565 373 638 408 prius
653 378 746 399 auctor
760 377 834 404 erat;

229 407 337 435 Sistitur
354 410 445 435 insulto
459 407 569 439 rectori,
580 407 752 435 Christicolas
765 413 826 434 tunc

263 444 339 470 Ostia
354 445 468 474 vexanti,
485 451 530 477 per
544 443 664 469 Tiberina
679 444 757 469 viros.

228 477 280 505 Illo
295 486 404 513 namque
423 479 465 504 die
482 479 562 505 Roma
581 482 730 509 secesserat,
746 478 816 513 ipsos

261 513 338 540 Peste
350 511 512 540 suburbanos
524 518 552 540 ut
568 517 682 548 quateret
698 511 805 547 populos
817 521 826 539 :

228 548 286 575 Non
304 552 438 575 contentus
453 549 560 575 humum
579 548 648 575 celsa
668 549 738 574 intra
752 548 848 574 malitia
865 547 954 574 Roma:

263 584 390 618 Tinguere
401 584 535 617 justorum
551 583 665 610 caedibus
677 582 802 609 assiduis.

226 619 379 645 laniculum
395 627 457 644 cum
476 618 534 652 jam
557 618 702 651 madidum,
718 618 786 653 fora,
810 622 905 651 rostra,
925 627 970 644 su-

818 653 935 688 [burram

259 688 378 715 Carneret
392 688 472 714 eluvie
484 688 619 722 sanguinis
633 688 750 722 aﬂluere;

226 723 375 749 Piotulerut
392 723 490 750 rabiem
507 722 633 758 Tyrrheni
647 725 681 749 ad
696 723 794 749 littoris
810 731 895 754 oram,

260 758 373 792 Qua-que
387 758 444 784 loca
457 766 589 792 atquoreus
604 758 725 792 proxima
737 758 834 784 Portus
848 759 932 784 habet.

187 803 257 836 Cum
283 803 365 837 igitur
388 803 550 831 Prudentius
574 803 745 839 Hippolytum
766 811 846 830 suum
866 811 919 830 non
936 812 968 830 cx

1026 212 1098 239 uisse
1109 212 1262 245 debuerint,
1280 220 1360 247 quem
1373 214 1477 245 eodem,
1494 221 1548 248 quo
1561 213 1618 245 isti,
1633 213 1720 241 ferme
1739 219 1802 241 tetu-

1026 266 1089 292 pore
1102 257 1280 285 Novatiauum
1302 259 1443 294 reliquisse
1461 260 1563 286 dicunt.
1586 259 1638 286 Sed
1653 259 1804 294 huncHip—

1024 301 1143 335 polylum
1159 302 1207 329 sub
1220 302 1299 330 tinem
1318 303 1380 330 anui
1398 303 1447 330 25l
1464 304 1582 330 nondum
1595 304 1745 339 resipuisse
1759 312 1804 339 pa~

1025 351 1062 372 tet
1077 354 1109 373 ex
1120 348 1233 381 epistola
1248 347 1276 376 S.
1291 347 1408 376 Cornelii
1422 348 1455 375 ad
1469 348 1580 376 Fabium
1593 350 1802 381 Antiochenum,

1024 398 1105 424 quam
1119 391 1226 419 labente
1240 393 1291 420 hoc
1307 401 1379 420 anno
1391 394 1519 428 scriptam
1533 394 1631 422 docent
1647 395 1721 421 docti
1736 394 1801 426 viri;

1024 436 1050 462 in
1073 436 1115 463 illa
1130 437 1201 464 enim
1221 438 1249 464 S.
1265 438 1385 472 pontifex
1407 439 1529 466 disertim
1551 444 1666 467 testatur
1679 440 1803 467 beatiSsi-

1025 489 1098 508 mum
1117 487 1261 518 martyrem
1277 483 1408 520 Moysem,
1425 485 1471 519 qui
1486 484 1580 512 Romae
1604 493 1691 520 nuper
1705 486 1803 513 eximio

1023 532 1050 553 et
1064 527 1215 555 admirabili
1226 530 1353 564 martyrio
1363 530 1506 558 decoratus
1515 530 1612 562 fuerat,
1622 530 1802 559 Novatianum

1024 579 1076 598 una
1093 580 1155 599 cum
1172 573 1291 609 quinque
1307 575 1470 610 presbyteris
1493 577 1535 604 sui
1550 577 1659 604 sceleris
1674 578 1803 611 consciis.

1025 617 1153 644 societate
1166 623 1192 644 ct
1208 619 1398 647 communione
1413 620 1453 647 sui
1463 628 1603 655 separasse
1618 621 1685 656 (2.5).
1698 622 1804 657 Moyses

1021 663 1072 689 sub
1100 664 1179 689 linem
1206 664 1269 690 anni
1295 664 1345 691 251
1374 666 1501 700 martyrio
1525 672 1674 694 coronatus
1699 667 1763 701 fuit,
1780 674 1806 695 et

1021 709 1101 742 paulo
1125 714 1185 743 post
1211 710 1296 744 ipsius
1321 712 1474 745 passionem
1502 711 1530 739 S.
1553 711 1697 740 Cornelius
1723 721 1804 748 supra

1021 754 1157 782 laudatam
1182 756 1323 790 epistolam
1351 757 1434 784 dedit.
1464 757 1564 785 Eodem
1592 757 1650 786 fere
1682 763 1806 794 tempore

1021 800 1090 827 idem
1115 800 1143 827 S.
1166 801 1286 835 pontifex
1310 802 1367 837 (25)
1385 802 1412 830 S.
1435 802 1601 838 Cyprianum
1622 808 1673 839 ‘per
1699 805 1806 833 litteras

190 849 263 877 Urbe
285 850 443 882 adductum,
460 850 505 877 sed
531 850 556 876 in
581 849 663 876 Porlu
682 849 815 882 Romano,
831 850 895 876 dum
911 850 967 884 ple-
984 844 1003 870 Β
1018 847 1159 873 certiorem
1182 847 1298 874 reddidit
1313 848 1346 876 de
1367 849 1530 884 presbyteris
1550 854 1576 876 et
1597 850 1806 878 confessoribus

188 897 248 923 In-ut
276 896 474 931 alloquebatur,
502 903 661 930 oppressum
687 896 778 929 dicat;
808 904 888 923 nemo
913 903 966 923 non

190 942 260 969 \‘idet
277 942 364 976 ipsum
381 949 434 969 nou
449 941 475 968 iu
492 940 574 973 Urbe,
591 941 637 968 sed
659 942 684 968 in
703 941 785 969 Portu
801 942 904 977 plebem
919 943 970 969 ha-

188 987 290 1018 iniisse,
317 995 348 1014 ac
372 987 481 1017 ibidem,
507 987 548 1013 vel
565 987 592 1014 in
616 987 686 1014 illius
705 987 811 1014 viciniis
831 987 966 1015 horrendo

188 1035 233 1061 illo
255 1034 376 1069 martyrii
401 1041 498 1069 genere
520 1033 624 1061 fortiter
639 1034 809 1061 occubuisse.
825 1033 929 1061 Etenim
943 1035 964 1061 si

188 1080 346 1115 Hippolytus
375 1079 503 1106 Romamn
530 1079 657 1106 Ecclesiae
685 1080 823 1114 presbyter
846 1087 965 1114 unquam

183 1126 345 1157 exs:ilisset,
370 1132 425 1160 quo
447 1125 507 1159 jure
531 1125 556 1152 in
578 1124 718 1152 Portuensi
741 1124 870 1158 Ecclesia,
883 1133 965 1159 quam

187 1179 266 1198 suum
283 1175 347 1198 tunc
363 1171 491 1206 temporis
503 1171 660 1205 episcopum
679 1170 804 1198 habuisse
817 1170 963 1201 credimus,

186 1217 243 1251 ipse
258 1216 360 1250 plebem
381 1215 480 1242 docere
498 1215 597 1249 potuit;
615 1222 675 1242 cum
701 1220 821 1242 veterum
839 1214 965 1242 Ecclesiae

187 1268 319 1288 canmtum
335 1260 487 1291 ,sauclione
513 1259 612 1286 exteris
636 1259 800 1295 presbyteris
827 1260 853 1286 in
876 1259 963 1286 aliena

186 1306 324 1342 parochia,
337 1314 370 1333 ex
385 1305 429 1339 iis,
444 1313 504 1340 qua:
520 1305 552 1332 ad
566 1305 715 1332 Ecclesiam
731 1305 875 1340 pertinent,
888 1305 965 1340 quid-

185 1361 265 1388 quam
282 1360 411 1388 peragere
429 1352 538 1378 rctitum
554 1351 636 1378 fuisse
652 1359 747 1378 omnes
766 1351 871 1379 sciant?
889 1351 963 1378 Tan-

184 1399 244 1425 dem
267 1406 328 1426 cum
354 1397 488 1433 Hippolyti
515 1397 660 1429 Romanas,
685 1402 716 1424 ut
735 1397 820 1430 aiunt,
836 1396 963 1424 Ecclesia:

183 1443 331 1480 presbyteri
351 1444 421 1470 haud
438 1443 610 1470 meminerint
629 1443 658 1469 S.
674 1443 836 1478 Cyprianus,
849 1441 878 1470 S.
891 1442 958 1469 Cor-

184 1491 268 1517 nelius
294 1495 320 1517 et
340 1489 369 1518 S.
385 1489 521 1517 Paciauus
545 1489 764 1520 Barcinoueusis,
785 1495 819 1515 ex
843 1496 959 1523 quorum
976 1509 996 1536 ο

183 1536 291 1570 scriptis
305 1535 517 1562 Novatiauorum
537 1542 581 1561 res
603 1539 692 1568 gestas
707 1542 802 1561 eruere
820 1541 869 1561 nos
881 1542 962 1569 opor-

183 1585 236 1613 tet;
251 1589 303 1607 non
318 1580 383 1607 levis
406 1580 467 1606 inde
488 1580 575 1606 oritur
595 1580 724 1614 suspicio.
741 1579 813 1614 quod
828 1580 961 1614 prmeipua

184 1628 240 1654 inec
254 1627 297 1654 dOt
307 1632 395 1653 torum
409 1627 530 1653 virorum
543 1626 575 1653 de
592 1625 734 1661 Hippolyto
756 1626 888 1653 sententia
901 1627 961 1654 lalsi

181 1673 248 1699 vitio
261 1680 432 1706 summopere
450 1672 562 1699 laboret.
578 1671 596 1698 li
618 1672 700 1703 enim,
713 1679 774 1699 cum
791 1671 959 1706 Hippolytum

183 1725 261 1744 suum
279 1717 305 1743 in
320 1718 386 1750 ipsis
401 1715 615 1744 Novatianorum
631 1717 760 1748 exordiis,
776 1720 827 1745 hoc
839 1721 880 1745 est
891 1725 962 1744 anno

181 1763 282 1789 Christi
305 1762 368 1794 252,
392 1763 424 1789 ad
451 1762 598 1789 Ecclesiam
625 1762 738 1789 rediisse
757 1762 857 1792 dicant,
881 1767 961 1797 atque

182 1817 288 1840 omnes,
303 1809 348 1843 qui
375 1809 416 1836 his
435 1809 584 1843 praesertim
601 1809 767 1843 temporibus
781 1808 877 1836 Novati
890 1809 961 1836 sciti-

183 1863 240 1882 sma
258 1854 411 1888 cjurarunt,
433 1862 448 1881 a
467 1854 602 1888 praedictis
616 1853 741 1882 Patribus
755 1854 961 1881 accuratissime

182 1900 337 1928 iudicentur
358 1900 426 1933 (25),
443 1900 587 1933 episcopus
608 1906 703 1933 nempe
719 1898 762 1926 ille
775 1899 821 1933 qui
835 1898 960 1926 Novatia-

182 1952 247 1971 num
266 1943 386 1975 iuuuxit,
409 1942 539 1970 Maximus
559 1943 708 1978 presbyter,
728 1942 865 1975 Urbanus,
882 1943 961 1970 Sido-

179 1990 255 2022 nius,
267 1989 407 2017 Celerinus
419 1993 445 2016 et
462 1987 594 2016 Macarius
608 1988 794 2023 confessor-es;
810 1994 883 2017 recta
897 1990 961 2017 hinc

217 2090 272 2125 (-22)
288 2089 385 2125 llymu.
405 2090 499 2117 eodem
511 2090 556 2125 ill,
571 2098 596 2116 ν.
612 2090 646 2117 55
660 2095 686 2117 et
703 2098 792 2125 seqq.,
808 2091 879 2125 apud
895 2090 961 2118 Rui-

183 2131 252 2152 nart.
270 2124 321 2152 loc.
335 2126 395 2158 cit.,
409 2133 471 2160 pag.
487 2124 547 2151 Hb.

216 2161 272 2192 (25)
287 2160 316 2187 S.
332 2158 475 2188 Cornelius
488 2161 513 2186 in
531 2168 578 2187 sua
590 2160 669 2194 epist.
690 2159 723 2186 ad
738 2158 850 2188 Fabiqu
866 2162 959 2188 Antio-

1018 894 1052 920 ad
1079 892 1224 920 Ecclesium
1250 895 1385 928 reversis;
1409 900 1491 930 atque
1507 896 1601 923 ultimo
1630 896 1716 931 hujus
1743 898 1805 924 anni

1018 942 1138 971 tempore
1161 936 1314 972 Cyprianus
1336 938 1370 966 de
1389 944 1443 966 tam
1466 939 1536 968 felici
1554 946 1652 968 eventu
1670 941 1803 969 Cornelio

1018 982 1168 1016 gratulatus
1184 981 1251 1016 (26),
1268 982 1414 1011 Maximum
1442 986 1628 1021 presbyterum
1656 991 1685 1014 et
1716 989 1806 1015 socios

1017 1026 1188 1055 (:onfessores
1200 1028 1306 1061 laudat;
1320 1028 1490 1065 Hippolytum
1505 1035 1594 1058 tamen
1607 1033 1737 1067 nusp‘am
1751 1041 1806 1060 mc-

1017 1078 1115 1100 morat.
1133 1073 1189 1101 Hoc
1206 1074 1312 1101 interim
1333 1074 1414 1103 Decio
1432 1076 1487 1111 (27;
1509 1077 1615 1104 Abrutti
1636 1078 1663 1104 in
1683 1078 1805 1106 Moresia

1016 1119 1160 1151 exstincto,
1177 1128 1227 1154 pax
1241 1120 1368 1148 Ecclesia:
1383 1127 1423 1149 est
1441 1123 1561 1156 reddita;
1582 1125 1726 1159 sequentis
1741 1133 1805 1152 vero

1016 1165 1079 1191 anni
1102 1166 1178 1192 initio
1201 1165 1352 1202 Cyprianus
1379 1167 1474 1195 iisdem
1499 1168 1616 1196 Maximo
1641 1171 1804 1206 presbytero

1015 1214 1042 1236 et
1053 1211 1135 1238 sociis
1147 1211 1360 1240 humanissimas
1370 1215 1490 1241 exaravit
1502 1215 1604 1243 litteras
1618 1216 1686 1251 (28),
1703 1218 1804 1252 quibus

1016 1256 1082 1290 ipsis
1107 1265 1239 1291 nuperum
1264 1258 1297 1285 ad
1320 1258 1466 1287 Ecclesiam
1490 1261 1606 1288 reditum
1629 1263 1802 1297 gratulatur;

1015 1301 1111 1328 deinde
1125 1310 1216 1329 mense
1231 1302 1378 1331 Februario
1393 1305 1554 1333 luculentam
1571 1307 1650 1334 aliam
1670 1308 1704 1334 ad
1722 1310 1804 1336 Anto-

1014 1347 1124 1374 nianum
1140 1349 1301 1384 conscripsit
1317 1351 1457 1385 epistolam
1476 1352 1531 1387 (29)
1542 1373 1548 1385 ,
1565 1352 1591 1380 in
1605 1361 1659 1388 qua
1675 1353 1803 1383 Novatia.

1013 1399 1110 1419 uorum
1123 1401 1167 1420 res
1181 1399 1270 1428 gestas
1282 1397 1484 1424 accuratissime
1495 1398 1661 1432 describens,
1677 1400 1802 1434 quinque

1013 1437 1073 1466 illos
1096 1439 1265 1474 presbyteros
1288 1440 1376 1468 adhuc
1404 1441 1429 1468 in
1454 1443 1599 1470 schismate
1615 1446 1801 1478 permansisse

1013 1492 1067 1511 non
1090 1485 1204 1512 obscure
1226 1485 1345 1520 iudicat;
1366 1494 1545 1523 quapropter,
1569 1489 1592 1517 si
1614 1498 1685 1517 unus
1709 1499 1743 1518 ex
1768 1492 1800 1518 iis

1012 1530 1161 1557 exstitisset
1173 1530 1342 1566 Hippolytus,
1359 1533 1415 1567 ipse
1431 1534 1518 1560 adhuc
1533 1534 1558 1560 in
1575 1535 1725 1564 schismate
1737 1545 1800 1572 per-

1014 1575 1146 1603 mansisse
1159 1577 1289 1604 dicendus
1305 1583 1384 1605 esset.
1401 1577 1519 1606 Lubente
1531 1579 1611 1607 Juuio
1622 1581 1678 1615 (50)
1691 1582 1800 1615 Gallus,

1013 1625 1153 1654 grassante
1168 1621 1222 1655 lue,
1246 1624 1461 1657 persecutionem
1487 1625 1513 1651 in
1532 1625 1705 1662 Christianos
1725 1630 1805 1656 exci-

1013 1665 1088 1698 tavit,
1106 1673 1187 1700 quam
1201 1668 1336 1696 nescimus
1351 1676 1400 1696 cur
1411 1669 1589 1697 brevissimam
1605 1671 1691 1700 fuisse
1707 1673 1804 1701 dicant

1012 1710 1164 1740 Dodwellus
1182 1712 1237 1748 (3|)
1258 1719 1285 1741 et
1299 1713 1398 1750 Pagius
1421 1716 1497 1752 (52).
1524 1725 1585 1744 cum
1612 1718 1718 1752 integro
1743 1719 1802 1747 fere

1012 1764 1083 1784 anno
1096 1765 1155 1785 eam
1169 1759 1330 1793 perdurasse
1341 1760 1478 1789 sciamus:
1495 1770 1526 1789 ea
1540 1763 1672 1797 siquidem
1689 1764 1803 1792 labente.

1012 1802 1093 1829 Junio
1108 1804 1188 1838 hujus
1202 1806 1265 1831 anui
1281 1806 1395 1833 excitata
1411 1807 1521 1835 sedente
1533 1807 1679 1843 Stephano,
1695 1815 1724 1836 et
1736 1817 1802 1845 pust

1012 1848 1078 1875 Galli
1094 1849 1241 1883 interitum,
1257 1851 1308 1878 hoc
1321 1856 1372 1882 est,
1389 1859 1481 1880 mense
1494 1852 1563 1880 Maio
1576 1854 1638 1881 anni
1654 1858 1802 1890 sequentis

1011 1894 1141 1921 exstincta
1164 1895 1224 1922 fuit.
1248 1894 1305 1923 Hoc
1318 1904 1383 1924 sane
1397 1905 1469 1924 anno
1483 1897 1641 1934 Hippolytus
1658 1900 1711 1928 iste
1728 1909 1803 1929 mar-

1012 1939 1082 1974 tyrio
1096 1942 1220 1968 coronari
1241 1942 1341 1976 potuit;
1362 1951 1454 1970 verum
1465 1965 1473 1976 ,
1495 1945 1641 1979 quominus
1657 1945 1683 1973 id
1700 1948 1803 1974 creda-

1011 1993 1083 2020 mus,
1099 1991 1190 2021 aperte
1204 1988 1296 2016 suadet
1309 1989 1421 2024 epistola
1436 1989 1563 2025 Cypriani
1581 1991 1615 2018 ad
1626 1990 1802 2028 Cornelium,

1011 2093 1099 2121 adhuc
1122 2094 1149 2121 in
1170 2095 1248 2131 vivis)
1264 2099 1350 2127 esset.
1375 2096 1515 2123 audaciam
1538 2096 1597 2131 ejus
1616 2105 1648 2124 ac
1674 2097 1799 2125 furorem

1012 2130 1326 2166 perspectumrhabens,
1344 2138 1359 2157 a
1379 2132 1570 2158 communione
1587 2139 1635 2159 sua
1659 2137 1803 2166 separavit

1012 2171 1140 2201 uuacum_
1150 2165 1270 2199 quinque
1297 2166 1470 2201 presbyteris,
1487 2167 1532 2201 qui
1556 2174 1583 2193 sc
1607 2165 1710 2200 pariter
1735 2176 1800 2195 eum

181 2195 587 2235 cliensisEeclesimpraesulem
604 2192 696 2224 inissa,
715 2196 793 2235 cujus
809 2197 958 2235 fragmenta
975 2192 996 2219 ο
1011 2199 1104 2235 illaab
1121 2192 1247 2235 Ecclesia:
1261 2192 1586 2235 eoipore'abrupeiaut.i

181 2232 263 2258 refert
283 2231 416 2258 Eusebius
434 2230 470 2256 ll.
491 2229 535 2262 E.,
551 2230 601 2266 lib;
612 2237 647 2266 vi,
660 2237 719 2266 cap.
731 2230 782 2261 45,
795 2229 918 2266 pag.‘5l0
934 2237 960 2259 et

181 2274 269 2300 scqq.,
283 2266 339 2292 haec
357 2266 389 2292 de
403 2265 517 2292 reversis
532 2265 564 2292 ad
582 2263 741 2300 Ecclesiam
746 2263 842 2300 scribit
857 2273 863 2292 :
879 2276 887 2291 ι
905 2266 960 2293 hla-

181 2298 271 2327 ximus
282 2299 408 2328 Ecclesiae
420 2305 518 2327 nostra!
536 2301 673 2335 presbyter
690 2303 716 2326 et
731 2298 866 2333 Urbanus,
879 2302 959 2328 ambo

180 2344 213 2362 ex
229 2336 289 2362 tidei
306 2335 476 2362 confessione
495 2335 628 2369 egregiam
647 2334 702 2369 jam
721 2336 838 2363 secundo
853 2336 958 2364 laudem

181 2371 279 2404 adepti.
298 2369 425 2397 Sidonius
440 2370 521 2397 etiam
540 2370 734 2405 et_Celeriuus,
750 2371 789 2397 vir
803 2371 849 2405 qui
862 2376 957 2399 cuncta

183 2403 377 2432 tormentorum
391 2413 488 2439 genera
510 2412 557 2439 per
572 2403 617 2431 Dei
635 2403 849 2432 misericordiam
866 2406 958 2433 fortis-

181 2441 249 2467 sime
272 2440 399 2466 sustinuit
420 2459 427 2466 .
450 2459 457 2465 .
479 2458 486 2465 .
508 2459 515 2466 .
537 2440 563 2466 hi
590 2447 682 2466 omnes
703 2460 710 2467 .
732 2460 738 2466 .
761 2460 767 2467 .
787 2442 820 2467 ad
837 2446 957 2468 sanctam

182 2475 328 2502 Ecclesium
343 2475 442 2501 reversi
461 2479 532 2501 sunt.
547 2484 556 2500 ι
571 2473 682 2507 Horum,
698 2480 808 2510 excepto
822 2476 956 2507 Celeriuo,

181 2514 267 2536 exstat
284 2509 395 2544 epistola
412 2510 445 2536 ad
463 2515 584 2536 sanctum
598 2509 804 2544 Cyprianum’de
817 2519 880 2545 pace
895 2519 956 2538 cum

181 2544 306 2571 Cornelio
323 2551 390 2578 papa
402 2550 428 2571 et
443 2553 503 2571 cum
518 2545 643 2572 universo
662 2546 734 2572 clero
747 2544 826 2578 facta,
841 2554 900 2580 quae
916 2551 957 2572 est

182 2587 256 2616 num.
273 2580 307 2606 55
329 2579 679 2616 interejusdemrtlypriani
703 2581 782 2615 epist.
811 2579 871 2616 pag.
892 2581 955 2612 259,

181 2614 227 2647 qui
247 2615 312 2647 Ipsis
327 2614 475 2649 rescripsit,
488 2619 515 2640 et
536 2615 642 2641 illorum
657 2614 857 2650 regressionem,
873 2617 955 2643 eccle-

180 2650 314 2686 siasticam
330 2657 434 2683 pacem,
454 2655 477 2676 et
499 2650 643 2683 fraternam
658 2651 900 2686 rediutegratioltem
915 2655 957 2678 est

190 2684 338 2711 tratulatus.
759 2684 763 2686 ’
909 2686 915 2691 “

181 2693 338 2718 grututatus.

181 2752 186 2754 _
217 2718 273 2753 (24)
286 2719 324 2745 Eu
340 2719 418 2746 verba
436 2719 464 2747 S.
478 2720 594 2747 Cornelii
616 2721 686 2754 apud
705 2720 793 2754 ipsum
809 2720 954 2748 Eusebium

181 2752 230 2791 ioc.
258 2752 385 2791 eit.7pag.
409 2755 461 2791 515
484 2763 516 2779 ιι
540 2752 728 2787 Quem—ctiam
754 2755 954 2791 (Novatiauum)

179 2788 283 2822 Moyses
306 2788 477 2817 beatissimus
502 2795 612 2824 martyr,
637 2791 682 2824 qui
710 2788 794 2824 nuper
811 2793 880 2824 apud
905 2788 954 2818 nos

179 2824 284 2858 egit-git)
299 2831 325 2852 et
337 2826 496 2852 admirando
513 2825 640 2859 martyrio
654 2824 810 2859 perfunctus
823 2831 872 2859 est,
888 2826 952 2853 dum

1048 2233 1104 2269 (25)
1127 2234 1275 2262 Adcundus
1299 2234 1417 2262 Joannes
1442 2233 1605 2263 Pearsonius
1635 2235 1663 2262 iu
1694 2237 1798 2266 Annal.

1011 2267 1176 2306 Cypjriaaicis
1191 2270 1224 2306 atl
1240 2277 1304 2306 ann.
1317 2270 1380 2301 251,
1396 2279 1422 2305 p.
1436 2271 1481 2303 25,
1500 2271 1514 2306 §
1530 2271 1571 2298 14.

1045 2304 1101 2338 (26)
1118 2303 1145 2330 ln
1160 2305 1238 2339 epist.
1253 2305 1296 2336 Si,
1314 2313 1375 2339 pag.
1388 2303 1450 2331 256.

1045 2339 1100 2372 (27)
1115 2339 1337 2377 Legeudusidem
1352 2339 1517 2368 Pearsouius
1531 2341 1582 2368 loc.
1596 2341 1643 2367 cit.
1657 2341 1691 2368 ad
1705 2342 1798 2377 ipsum

1009 2380 1110 2409 annum
1130 2374 1193 2406 “liii,
1210 2374 1223 2409 §
1240 2375 1284 2401 15.

1044 2408 1100 2445 (28)
1119 2408 1227 2445 Scilicet
1239 2417 1314 2437 num.
1331 2409 1376 2442 54,
1388 2417 1448 2445 pag.
1460 2410 1524 2437 240.
1537 2409 1602 2438 Vide
1616 2411 1798 2440 Pcarsouiutu

1009 2442 1037 2469 in
1052 2444 1148 2480 (inurit.
1164 2444 1328 2478 Cyprianicis
1343 2446 1375 2472 ad
1388 2442 1489 2472 anitum
1507 2445 1567 2477 252,
1580 2454 1607 2480 p.
1624 2447 1670 2478 27,
1683 2456 1712 2474 n.
1729 2448 1758 2474 5.

1043 2478 1098 2513 (29)
1118 2478 1164 2506 Est
1176 2488 1250 2506 num.
1270 2480 1313 2511 55,
1327 2488 1355 2514 p.
1370 2480 1419 2507 2M
1433 2489 1439 2513 ;
1457 2478 1590 2508 videndus
1604 2482 1631 2508 in
1649 2482 1722 2509 hanc
1735 2490 1797 2510 rem

1007 2512 1171 2541 Pearsonius
1188 2514 1214 2541 in
1229 2515 1308 2542 dictis
1327 2512 1426 2542 Ἆηιιαι.
1443 2515 1607 2550 Cypriauicis
1632 2517 1665 2543 ad
1690 2525 1798 2544 annum

1006 2548 1070 2576 252.
1086 2556 1112 2576 D.
1129 2549 1174 2576 27.
1188 2558 1216 2576 ιι.
1234 2550 1276 2576 l4.

1044 2556 1059 2574 κ
1106 2567 1112 2575 .
1129 2556 1162 2575 ’ΖΙ
1188 2558 1216 2576 u.
1234 2556 1244 2575 ι
1268 2569 1276 2576 .

1043 2556 1103 2618 (5’01),
1114 2583 1154 2621 pe
1167 2570 1239 2621 ’hacr
1249 2556 1440 2618 gersecutione
1464 2585 1591 2619 illiusque
1606 2593 1691 2613 causa
1715 2587 1797 2621 plura

1007 2617 1092 2679 habt:
1112 2617 1275 2647 Pearsouius
1296 2621 1330 2646 ad
1351 2620 1452 2647 dictum
1477 2617 1580 2647 annum
1602 2621 1675 2654 252,
1702 2617 1725 2657 δ’
1742 2623 1797 2653 10.

1007 2660 1032 2679 n.
1046 2660 1062 2678 ι
1083 2673 1088 2679 .

1046 2656 1060 2670 vl

1005 2660 1032 2725 p:
1042 2660 1096 2723 (Eii)
1107 2687 1135 2714 In
1149 2687 1286 2725 dissertat:
1301 2689 1479 2724 Cypriauicis,
1492 2690 1599 2717 dissert.
1619 2691 1663 2724 ii,
1677 2690 1716 2717 De
1729 2699 1800 2725 pau-

1005 2723 1257 2761 citatemartyrunt,
1272 2723 1285 2758 §
1302 2723 1348 2761 58,
1362 2732 1387 2758 p.
1406 2724 1457 2751 86:
1477 2735 1486 2750 ε
1503 2725 1678 2761 Brevissimis
1700 2723 1799 2761 itaque

1006 2758 1136 2784 limitibus
1147 2763 1202 2784 tota
1220 2759 1264 2785 illa
1279 2760 1362 2786 Italia:
1376 2764 1418 2786 est
1432 2760 1560 2786 conclusa
1574 2758 1776 2794 persecutio.)

1040 2793 1100 2831 (.52)
1115 2793 1154 2819 Ad
1166 2801 1268 2831 atuuuu
1279 2794 1379 2831 Christi
1393 2794 1456 2826 255,
1470 2803 1545 2822 nunt.
1560 2793 1591 2822 Π
1604 2801 1631 2822 et
1644 2795 1687 2829 l8,
1701 2802 1729 2831 ι).
1745 2795 1798 2829 ΞΟ,

1005 2834 1024 2854 ι.
1041 2828 1071 2855 ιιι
1085 2828 1179 2855 Annal.
1193 2828 1335 2855 ecclesiast.
1353 2828 1471 2856 Baronti.
