1857 3051
57 135 99 163 433

419 134 461 161 DE
480 133 676 162 PORTUENSI
697 133 726 160 S.
747 132 924 161 HIPPOLYTI
946 131 1041 160 SEDE.
1066 147 1101 152 —-
1120 131 1209 160 PARS
1228 132 1249 159 I.

1598 133 1656 161 434-

53 195 124 222 Iloma
138 194 253 222 exsulem
268 195 458 222 Centumcellis
469 196 621 231 degentem.
640 195 666 221 in
681 202 734 230 qua
746 193 811 220 Cor-
825 199 846 224 Λ
861 193 1021 220 Lambertus
1035 193 1108 228 (58),
1129 199 1155 221 et
1176 197 1237 228 post
1249 201 1310 220 eutn
1327 192 1426 229 Pagius
1442 194 1513 228 (59),
1528 198 1555 221 et
1569 193 1648 222 Tille-

45 242 110 268 nelio
125 241 268 274 gratulatur
280 241 313 268 de
328 241 410 276 lapsis
425 241 541 276 gloriosa
556 240 726 268 confessione
740 239 815 267 resti-

52 286 103 313 tutis
117 286 170 321 (33)
183 307 190 317 .
211 294 243 314 ac
261 287 292 314 de
312 286 454 314 Novatiani
477 287 586 321 perlidia
610 286 665 314 haec
686 286 814 313 disserit:

53 342 60 357 ε
75 331 154 366 Neque
164 332 235 358 enim
259 332 354 366 quau-it
377 332 446 364 illos,
460 340 530 366 quos
548 332 603 367 jam
620 332 724 366 subegit
739 341 746 365 ;
767 337 814 360 aut

50 377 114 411 gestit
127 381 255 409 evertere,
276 385 344 411 quos
363 376 417 412 jam
440 385 504 404 suos
535 376 606 404 fecit.
640 376 767 405 Inimicus
786 381 814 404 et

50 423 120 449 hostis
130 421 262 455 Ecclesia,
284 430 353 458 quos
372 422 496 450 alienavit
516 423 550 450 ab
562 423 681 450 Ecclesia
694 428 722 451 et
737 423 811 451 foras

48 468 118 500 duxit,
131 472 158 494 ut
168 468 288 502 captivos
301 472 328 495 et
344 469 448 496 vinctos
461 469 610 496 contemnit
622 475 648 497 et
659 470 785 504 praeterit.
800 479 809 496 ι

48 512 78 539 Ex
100 513 191 547 quibus
212 513 302 540 verbis
330 514 396 541 satis
419 519 544 542 constare
569 519 693 550 putamus
716 514 810 542 Novati

47 562 175 586 sectatores
189 557 278 585 adhttc
298 559 324 585 in
340 559 425 594 ipsius
446 560 543 586 castris
561 560 708 593 militasse;
723 561 810 596 lapso-

47 612 94 631 rum
117 605 185 631 enim
212 606 322 633 nomine
346 605 374 633 S.
406 605 570 640 Cyprianum
601 606 808 641 haudquaquam

46 648 211 676 schismaticos
223 650 257 677 ad
268 650 416 678 Ecclesiam
432 658 565 680 reversos.
579 651 624 677 sed
641 651 808 678 thuriiicatos

45 695 188 729 designasse.
212 703 293 723 nemo
312 702 353 724 est
369 697 415 731 qui
436 697 547 724 nesciat.
568 696 629 723 Haec
640 705 704 724 vero
717 705 808 725 mense

45 741 146 776 Augusto
166 743 220 776 (54)
246 743 328 777 hujus
343 745 407 770 anni
428 743 566 778 scripserit
590 742 618 771 S.
639 743 807 778 Cyprianus;

44 793 185 822 quapropter
205 789 279 815 hunc
298 787 469 824 Hippolytum
484 788 590 821 eodem,
607 796 661 824 quo
679 789 735 816 lncc
751 788 805 824 Cy-

44 833 135 866 prianus
153 833 297 866 scribebat,
319 838 439 869 tempore
462 834 620 869 martyrium
644 834 759 861 subiisse
774 841 805 860 o-

867 239 985 267 montius
1008 239 1080 274 (ιο),
1102 247 1134 266 ex
1152 239 1204 271 his,
1219 244 1246 267 et
1256 247 1288 267 ex
1305 239 1375 272 illis,
1397 247 1458 274 quae
1477 239 1556 274 paulo
1567 247 1649 274 supra

864 286 896 312 de
912 285 962 312 hac
978 286 1164 320 persecutione
1178 285 1308 313 disseruit
1320 285 1348 313 S.
1362 285 1466 319 doctor,
1481 287 1603 314 eamdem
1620 287 1646 313 in

863 331 1019 358 Catholicos
1045 335 1149 358 tantum
1164 331 1198 358 ad
1214 331 1410 365 confundenda;
1432 332 1565 358 haereticos
1577 339 1646 367 prae—

862 377 942 411 cipuo
963 376 1010 403 Dei
1030 377 1145 404 consilio
1169 377 1296 404 indiciam
1326 377 1551 405 animadvertunt.
1578 377 1646 405 IIine

863 421 1036 458 Hippolytum
1065 421 1153 456 ipsum
1179 421 1328 453 Romanae,
1353 427 1382 450 ut
1402 423 1494 455 aiunt,
1519 423 1646 451 Ecclesiae

861 468 1045 503 presbyterum
1066 466 1160 494 Novati
1182 468 1304 502 partibus
1323 467 1469 501 addictum,
1493 470 1543 496 hac
1557 477 1646 504 perse-

860 514 969 541 cutione
989 514 1152 540 exstinctum
1176 513 1219 540 vix
1240 514 1349 540 credere
1363 521 1517 549 possumus.
1540 514 1644 544 Etenim

860 559 1021 587 Prudentius
1045 559 1132 594 ipsum
1162 566 1216 586 uno
1231 579 1238 591 ,
1263 559 1411 594 eodemque
1435 565 1587 591 momento,
1618 565 1645 587 et

859 606 977 633 schisma
1000 605 1132 641 ejurasse,
1151 610 1178 632 et
1202 605 1361 641 martyrium
1374 605 1489 633 subiisse
1508 606 1582 634 dicit.
1602 606 1643 633 Id-

858 651 931 678 circo
957 651 982 678 in
1007 651 1071 685 ipsis
1095 650 1292 685 persecutionis
1327 651 1445 678 exordiis
1471 650 1642 687 Hippolytum

857 696 998 724 Novatiani
1009 696 1135 731 dogmata
1144 697 1219 730 sequi
1228 696 1355 731 oportuit;
1371 697 1442 731 quod
1455 697 1476 724 si
1489 705 1578 724 verum
1591 702 1641 729 est.

857 741 1015 777 Hippolytus
1032 749 1096 769 sane
1119 741 1216 768 nonin
1239 742 1298 776 ipso
1311 741 1431 776 martyrii
1451 747 1587 770 momento
1608 743 1641 770 ad

857 785 1004 813 Ecclesiam
1026 786 1114 813 redire
1130 785 1226 820 potuit,
1249 785 1295 813 sed
1311 786 1390 821 longe
1407 790 1468 814 ante
1483 787 1639 823 martyrium

855 830 950 858 Novati
966 831 1082 858 schisma
1097 831 1219 866 ejurasse
1233 832 1362 858 dicendus
1379 836 1466 860 esset:
1492 834 1590 860 etenim
1607 834 1639 866 si,

44 883 154 913 poneret;
168 879 226 911 sed,
239 887 303 906 cum
325 887 417 906 mense
430 879 502 907 Iulio
515 879 543 907 S.
555 879 696 907 Cornelius
710 880 736 906 in
753 888 802 907 ex-
819 872 840 901 Β
853 876 917 903 dum
932 877 960 903 in
976 876 1048 904 Urbe
1069 877 1236 908 morabatur,
1252 876 1409 904 Novatianis
1425 877 1490 905 favit
1513 878 1640 914 Ilippoly-

43 923 114 950 silium
129 923 226 951 missus
248 923 330 951 fuerit
345 924 417 959 (55),
430 931 461 951 ac
475 932 527 951 non
548 924 583 950 ita
600 925 653 951 cito
668 924 700 951 ad
713 923 743 952 S.
758 924 806 960 (2y-

43 968 160 1002 prianum,
177 969 222 1003 qui
242 970 269 996 in
286 969 374 997 Africa
390 969 517 1003 degebat,
533 970 566 996 de
583 970 634 997 hac
650 978 678 996 re
693 970 805 998 nuntius

43 1014 184 1047 pervenerit;
210 1015 267 1042 imo
290 1023 351 1042 cum
366 1023 399 1042 ex
413 1016 471 1050 ipso
483 1015 602 1050 epistolae
614 1020 741 1044 contextu
757 1024 804 1051 pa-

42 1064 83 1086 teat
96 1059 120 1086 S.
134 1059 302 1092 Cornelium,
318 1061 382 1088 dum
398 1061 542 1094 scribebat,
560 1062 615 1096 jam
633 1062 724 1089 multis
744 1063 802 1090 die-

41 1104 80 1130 Lus
88 1105 164 1132 exsilii
181 1104 354 1133 incommoda
370 1106 525 1141 pertulisse;
547 1107 643 1134 merilo
662 1106 731 1134 hanc
744 1107 802 1141 cpi~

41 1149 116 1176 stolam
135 1150 237 1178 labente
258 1150 382 1184 Augusto
406 1159 420 1178 a
447 1151 475 1178 S.
501 1150 637 1186 Cypriano
663 1158 801 1178 exaratam

40 1193 164 1226 putandum
178 1199 229 1227 est,
246 1203 329 1230 quem
343 1195 435 1222 forsan
455 1196 535 1230 paulo
546 1200 607 1223 ante
620 1195 682 1223 ldus
700 1200 731 1222 de
751 1203 801 1223 suo

40 1239 116 1266 exsilio
125 1240 264 1268 certiorem
285 1240 437 1268 reddiderat
449 1240 477 1268 S.
497 1239 654 1273 Cornelius;
674 1241 799 1276 quorirca

41 1283 149 1320 Hippolyti
165 1286 243 1314 istius
263 1287 424 1321 martyrium
443 1286 470 1313 in
490 1287 563 1314 hisee
574 1287 702 1321 temporis
714 1294 799 1321 angu-

40 1330 84 1358 sdis
96 1331 230 1360 locandum
257 1331 346 1365 foret,
371 1340 432 1360 cum
457 1332 544 1368 ipsum
571 1332 663 1359 Idibus
687 1332 799 1367 Augusti

42 1383 129 1409 passum
143 1376 213 1404 dicat
228 1377 404 1406 Prudentius.
423 1378 521 1406 Verum
535 1378 605 1405 hanc
616 1378 798 1405 narrationem

40 1427 80 1446 non
96 1422 259 1449 mediocriter
274 1427 426 1456 suspectam
438 1422 555 1450 reddunt
571 1430 613 1455 ea,
623 1430 682 1457 quae
695 1422 727 1449 de
741 1421 797 1450 No-

40 1466 130 1494 ratianis
150 1468 218 1495 haud
233 1468 353 1495 obscure
377 1467 477 1495 iudicat
490 1467 518 1495 S.
534 1468 684 1503 Cyprianus
695 1469 752 1504 (36)
769 1469 795 1495 in

38 1512 127 1546 epistola
143 1521 220 1549 quam
244 1522 339 1542 mense
356 1513 494 1542 Decembri
510 1514 565 1549 (57)
580 1514 688 1548 scripsit
709 1515 741 1541 ad
764 1514 792 1541 S.

38 1557 125 1585 Lucium
137 1560 302 1594 pontiﬁcem,
316 1560 345 1587 S.
358 1560 475 1587 Cornelii
490 1567 685 1592 successorem,
699 1567 794 1594 nempe

37 1601 174 1633 Novatianos
188 1606 280 1640 quiete
300 1613 330 1633 ac
343 1606 486 1641 tranquille
507 1606 623 1640 degisse,
642 1613 690 1632 nec
706 1613 795 1640 persc-

36 1649 129 1677 cutionis
151 1650 341 1682 incommodis.
363 1652 443 1678 etiam
456 1655 513 1677 tum
527 1671 534 1683 ,
559 1651 623 1677 dum
649 1651 792 1683 scribebat,

37 1694 101 1723 luisse
113 1697 249 1725 obnoxios.
279 1706 288 1722 ι
311 1696 402 1732 Neque
416 1697 499 1730 enim,
512 1697 608 1732 inquit,
625 1698 794 1732 persequitur

37 1745 55 1766 et
68 1741 189 1777 impugnat
207 1743 313 1771 Christi
330 1743 510 1777 adversarius,
530 1738 585 1772 nisi
605 1749 692 1771 castra
707 1748 733 1771 et
747 1744 794 1770 mi-

37 1786 81 1814 lites
94 1788 200 1822 Christi,
226 1790 372 1818 hzereticos
396 1794 545 1825 prostratos
562 1790 645 1818 semel
670 1794 696 1817 et
716 1790 793 1824 ipsos

36 1840 85 1861 suos
107 1835 186 1863 factos
210 1836 363 1863 contemnit
383 1840 409 1863 et
434 1835 559 1871 praeterit.
589 1845 599 1862 ι
625 1835 792 1871 Quapropter

61 1900 106 1937 (ἒξ)
123 1902 204 1937 Epist.
220 1902 267 1935 60,
286 1910 347 1937 pag.
365 1902 426 1929 270.

61 1935 106 1969 (34)
123 1935 158 1963 Ita
180 1938 260 1965 etiam
280 1935 394 1964 allirmat
408 1937 572 1966 Pcarsonius
589 1938 614 1964 in
639 1938 717 1966 dictis
735 1939 790 1966 Αη-

36 1970 161 2007 nalibusad
176 1980 278 1999 annum
293 1972 357 2004 252,
375 1971 389 2007 §
404 1973 446 2001 ηε
463 1980 489 2007 P-
509 1973 553 2000 δυ-

61 2004 106 2044 (Ξξξ)
122 2005 261 2044 legendus
279 2008 348 2044 idem
366 2004 530 2044 Hearso-nius
542 2008 602 2035 eod.
619 2008 632 2044 ξ
651 2008 693 2040 4‘2,
705 2017 730 2043 p.
746 2009 789 2037 50.

61 2040 106 2077 (ἓξ)
122 2040 200 2077 Epist.
220 2042 265 2077 (il,
282 2041 367 2069 Lucio
381 2042 454 2075 data,
474 2050 533 2077 pag.
548 2043 610 2069 ‘27:).

62 2074 106 2109 (57)
123 2074 208 2104 Mense
223 2076 364 2104 Decembri
385 2074 553 2104 fuisse-hanc
570 2078 708 2112 epistolam
725 2079 791 2105 seri-

36 2113 90 2144 ptam
103 2111 242 2144 prudenter
255 2112 404 2138 arbitratur
417 2111 626 2139 Pearsonius’in
646 2114 789 2140 Annalibus

36 2142 137 2182 δειιζνξιὶιιᾖ
150 2146 237 2174 citatis
248 2147 282 2182 ad
294 2155 395 2182 annum
408 2147 471 2180 252,
485 2147 498 2182 ξ
517 2147 560 2180 19,
577 2155 638 2182 pag.
654 2149 699 2175 52.

60 2178 234 2241 (585)90uv2ag.
251 2181 285 2208 de
299 2181 329 2208 S.
342 2178 472 2218 Cyprien,
486 2178 561 2217 prmi.
574 2178 661 2217 ipart.
680 2183 700 2215 Ι,
718 2183 731 2218 §
745 2183 790 2214 6i,

60 2221 80 2241 ἐπ’·
124 2235 132 2241 .
148 2224 181 2241 n0
195 2236 202 2241 .
220 2225 247 2241 α.

36 2218 80 2245 lng-
93 2218 132 2246 59,
148 2221 202 2243 not.
220 2225 247 2242 α.

61 2247 106 2288 (5?)
122 2249 160 2288 Ad
175 2257 277 2288 annum
287 2250 352 2288 255Z
368 2259 443 2278 num.
458 2252 500 2285 49,
515 2260 575 2288 pag.
589 2252 633 2286 2|,
648 2253 693 2280 ubi
710 2253 790 2279 etiam

36 2278 146 2320 Lamberti
161 2285 295 2312 sententia
312 2278 436 2313 refertur.

37 2317 104 2376 Πρω
121 2318 152 2346 In
165 2320 240 2348 Saint
256 2320 399 2355 Corneille,
416 2322 492 2349 artic.
512 2323 556 2353 l6,
573 2331 635 2358 pag.
651 2322 711 2356 467,
724 2327 789 2349 tom.

61 2386 113 2427 (4l)_
122 2388 190 2417 Inter
202 2391 338 2418 variorum
357 2395 435 2418 notas
455 2391 488 2418 ad
503 2392 676 2419 Anastasium
691 2391 790 2418 Biblio-

37 2421 248 2461 ιρςωζῐῑιιηηςυειὶ
259 2431 366 2453 exstant
382 2427 408 2453 in
429 2427 525 2453 celebri
543 2428 661 2454 editione
677 2427 711 2454 ab
729 2435 790 2453 crn—

35 2454 145 2494 dilissimo
159 2454 216 2496 vir'o
231 2460 375 2488 Francisco
391 2461 542 2489 Blancltino
556 2462 698 2494 adornata,
715 2469 789 2496 repe-

36 2496 119 2518 riuntur
139 2495 216 2521 etiam
242 2501 312 2523 notae
331 2495 475 2523 clarissimi
499 2497 548 2523 viri
571 2497 698 2529 Bertciui;
721 2495 791 2523 etin

36 2531 197 2565 [Elltnostram
212 2529 322 2565 legenda
337 2535 410 2563 sunt,
422 2539 482 2565 qua:
496 2532 523 2558 in
536 2537 598 2558 nota
614 2532 630 2558 5
651 2532 683 2558 ad
702 2531 788 2557 Vitam

37 2557 170 2600 §;§ornclii
181 2557 259 2600 papae
275 2572 334 2600 pag.
348 2557 410 2598 197,
424 2557 478 2593 col.
495 2557 522 2595 l.
536 2557 599 2593 edit.
618 2557 710 2592 Roma:
724 2566 790 2592 anni

37 2592 169 2634 “atem.
181 2592 639 2634 i1,'ltabetliur.(i’dtrolsLdtinazt.
649 2600 786 2633 CXXVII).

37 2660 40 2670 τ
61 2629 106 2670 (42)
123 2629 148 2670 ln
160 2634 240 2670 fpist.
256 2634 288 2670 72
311 2635 344 2662 ad
373 2629 613 2670 Sympronianum,
631 2643 691 2670 qua).
703 2629 788 2662 exstat

37 2668 55 2704 μ’
67 2668 120 2704 19m:
137 2665 320 2704 lCollectionis
333 2665 455 2697 imminui:
470 2665 791 2704 conciliorum-Hispania:

36 2699 262 2742 fftd-‘dﬁﬁquirre
283 2704 408 2742 editionis
423 2705 544 2742 Iosephi
557 2706 677 2733 Catalani
696 2699 789 2742 Romae

36 2734 83 2775 illud
100 2734 168 2769 I753,
179 2734 213 2775 in
223 2746 279 2772 quo
295 2740 350 2767 ὴωε
363 2741 414 2767 ait:
429 2750 438 2765 ι
454 2734 617 2768 Novatianus
631 2741 787 2775 martyrium

37 2773 152 2811 ῨΫἮΉΠΕ
170 2773 237 2811 “illi.
260 2781 308 2811 "et:
331 2782 364 2802 ex
388 2776 477 2803 verbis
500 2775 646 2803 beatissimi
660 2773 787 2811 Cypriani

36 2802 289 2846 infligutttvistudtvaut
299 2810 461 2846 lectumkest,
478 2820 486 2836 ι
501 2818 559 2846 pag.
574 2802 636 2842 3725,
650 2802 724 2837 ιιυῖἶι.
741 2810 785 2837 55.

63 2836 111 2872 ttat
126 2838 166 2868 υιί
190 2836 319 2871 habemus
344 2836 479 2873 inritant
501 2836 786 2878 Έὶῗιίὸιιὶιιὶᾱζὸοιιῑςυ

855 925 915 956 tus,
937 922 1024 957 ipsum
1047 930 1183 957 nunquam
1209 922 1384 950 damnassent
1407 923 1527 956 ethnici,
1548 930 1640 959 utpote

854 966 900 1001 qui
912 967 1138 1001 persecutionem,
1150 970 1180 993 ut
1192 966 1322 999 diximus,
1335 966 1361 993 in
1370 967 1523 995 Catholicos
1535 972 1638 995 tantum

853 1013 1035 1046 eoneitarint;
1051 1013 1105 1039 imo
1119 1012 1190 1040 hanc
1206 1012 1291 1048 ipsam
1310 1013 1524 1047 persecutionem
1550 1013 1638 1041 Nova-

854 1058 920 1085 tiani
936 1057 1085 1089 molitione,
1097 1060 1125 1083 ut
1136 1061 1259 1084 sanctum
1274 1057 1429 1084 Cornelium
1443 1058 1493 1085 sibi
1509 1058 1636 1086 aemulum

852 1103 885 1130 de
900 1102 987 1130 medio
1011 1102 1130 1134 tolleret,
1155 1107 1319 1130 commotam
1337 1102 1420 1130 fuisse
1445 1111 1498 1130 non
1523 1104 1573 1131 levi
1594 1112 1638 1131 ra-

851 1149 934 1175 tionis
949 1152 1087 1175 momento
1102 1155 1134 1175 ex
1159 1147 1238 1175 Libro
1256 1149 1404 1184 pontiﬁcali
1426 1150 1579 1184 suspicatus
1595 1155 1637 1177 est

852 1194 985 1220 Bencinus
998 1194 1074 1229 (4i);
1101 1193 1174 1228 quod
1198 1202 1262 1221 sane
1281 1193 1352 1221 haud
1369 1195 1542 1223 inverisimile
1557 1197 1636 1224 nobis

851 1239 965 1270 videtur,
979 1246 1040 1266 cum
1056 1238 1222 1266 Novatianus
1243 1247 1382 1274 nunquam
1395 1260 1402 1271 ,
1421 1245 1449 1267 ut
1463 1241 1561 1268 diserte
1575 1250 1637 1269 mo-

850 1289 895 1312 net
915 1284 943 1313 S.
957 1284 1168 1319 Pacianus(42),
1183 1286 1340 1321 martyrium
1360 1287 1489 1320 subierit;
1509 1289 1634 1322 quamvis

850 1330 922 1358 illius
948 1330 1056 1358 assecla:
1081 1331 1203 1362 quaedam
1217 1331 1283 1358 Acta
1299 1331 1325 1358 in
1348 1332 1444 1366 vulgus
1469 1333 1631 1365 emiserint,

849 1383 909 1409 qua:
920 1374 1098 1402 Novatianum
1115 1380 1260 1411 martyrem
1272 1376 1372 1404 obiisse
1388 1376 1486 1404 ferunt.
1502 1377 1563 1404 ΙΙωο
1574 1386 1633 1405 me-

849 1421 900 1447 ritu
913 1420 1006 1455 rejecit
1020 1421 1049 1448 S.
1066 1417 1197 1456 Eulogius
1214 1421 1412 1449 Alexandrinus
1425 1423 1480 1458 (43)
1493 1443 1502 1456 ,
1526 1424 1571 1459 qui
1593 1433 1632 1451 se

848 1471 893 1493 κιο
909 1466 1010 1494 Christi
1032 1467 1131 1494 saeculo
1150 1467 1250 1494 ﬂoruit.
1268 1467 1314 1495 llis
1331 1468 1392 1495 addi
1414 1474 1500 1503 potest
1513 1469 1636 1498 luCulen-

849 1512 985 1539 tissimum
1001 1513 1178 1541 vetustissirui
1200 1513 1339 1548 scriptoris
1355 1514 1410 1549 (44)
1429 1515 1634 1553 testimonium,

845 1558 892 1593 qui
908 1558 958 1585 hoc
978 1558 1072 1585 eodem
1098 1563 1218 1593 tempore
1232 1558 1443 1587 Novatianorum
1466 1561 1630 1589 dementiam

845 1604 944 1631 acriter
968 1604 1115 1631 insectatus
1137 1609 1178 1631 est
1203 1605 1302 1640 insigni
1327 1605 1372 1632 illo
1387 1606 1536 1640 opusculo,
1558 1607 1630 1642 quod

844 1650 914 1677 inter
939 1650 967 1677 S.
991 1651 1118 1686 Cypriani
1132 1651 1214 1678 dubia
1231 1652 1366 1679 recensuit
1389 1660 1469 1688 opera
1491 1653 1631 1680 Bellarmi-

843 1705 895 1724 nus
909 1697 982 1732 (45),
996 1701 1020 1724 ct
1035 1696 1170 1724 Pamclius
1193 1697 1249 1732 (46)
1273 1705 1305 1725 ac
1329 1699 1442 1726 Gravius
1466 1699 1521 1734 (47)
1542 1700 1628 1727 eidem

845 1741 874 1769 S.
900 1742 1037 1778 Cypriauo
1061 1743 1178 1770 tribuere
1201 1751 1254 1770 non
1269 1744 1437 1778 dubitarunt,
1456 1745 1547 1781 inquo
1567 1754 1629 1773 cum

843 1788 994 1823 improbam
1008 1789 1080 1816 illam
1102 1789 1338 1817 scltismaticorum
1355 1792 1527 1818 severitatem
1544 1791 1630 1827 lapsis

842 1833 972 1862 fratribus
984 1835 1202 1863 communionem
1216 1837 1370 1872 negantium
1391 1838 1563 1872 perstringat,
1582 1845 1629 1864 eos

841 1908 961 1940 ctxxatl,
977 1909 1038 1940 pag.
1046 1901 1108 1940 Διί(
1122 1912 1129 1930 :
1153 1912 1162 1928 ‹
1174 1902 1215 1940 νΑι
1228 1904 1255 1930 in
1277 1908 1355 1940 sexto
1372 1903 1463 1938 (libro
1477 1905 1627 1940 Eulogius)

841 1938 951 1970 evertit,
973 1937 1019 1971 qui
1036 1937 1069 1964 de
1086 1937 1234 1965 Novatiana
1251 1943 1322 1965 secta
1345 1939 1468 1966 feruntur
1492 1937 1629 1967 eom'mcn?

842 1973 936 2004 turios,
958 1976 985 1998 et
1006 1971 1074 2010 falso
1096 1973 1256 2008 inscriptum
1280 1973 1375 2010 Novati
1401 1975 1520 2010 episcopi
1541 1982 1628 2002 certa-

842 2015 920 2039 tnen,
940 2017 948 2033 ι
966 2011 996 2042 et
1013 2008 1074 2034 cod.
1101 2016 1214 2041 ceLxxx,
1240 2016 1266 2042 p.
1292 2009 1377 2036 1622:
1404 2018 1412 2034 ε
1438 2008 1520 2036 Libro
1550 2017 1627 2037 sexto

841 2042 958 2082 ostendit
975 2041 1069 2069 Novati
1085 2042 1193 2076 falsum,
1210 2041 1281 2078 quod
1305 2043 1504 2077 circumfertur,
1525 2051 1626 2081 marty-

841 2084 923 2104 rium.
944 2087 954 2103 D
972 2082 1024 2104 CIC.

1056 2111 1126 2139 inter
1137 2112 1260 2149 operas.
1272 2113 1408 2149 Cypriauo
1419 2114 1498 2149 \‘ulgo
1510 2115 1625 2149 ascripta

841 2146 868 2173 in
883 2147 1004 2184 editione
1017 2146 1134 2184 Operum
1152 2147 1272 2184 ejusdem
1291 2146 1321 2176 SI
1339 2146 1478 2184 Cypriani'
1489 2146 1624 2183 rccogriita

841 2187 868 2218 et
882 2182 1015 2218 illustrata
1032 2180 1047 2218 a
1059 2180 1247 2218 JoanneFello
1258 2180 1403 2211 Oxonieir'si
1419 2185 1546 2218 episcopo
1554 2180 1623 2211 “edit.

809 2218 828 2244 Ι)
843 2217 889 2244 cit.
905 2217 1096 2244 Amstelodami
1111 2217 1238 2252 pag.ri5,
1261 2223 1288 2246 et
1313 2217 1467 2252 hujusmodi
1495 2217 1624 2251 tractatus

842 2252 879 2288 ita
899 2252 1072 2288 inscribitur:
1098 2252 1139 2278 Ad
1160 2251 1531 2287 Novatianum’Increticum,
1555 2255 1624 2288 quod

841 2286 922 2321 lapsis
938 2295 993 2323 spes
1007 2286 1088 2323 venia:
1101 2295 1152 2323 non
1167 2292 1205 2314 est
1218 2288 1378 2323 deneganda.

851 2339 859 2347 .
876 2322 932 2356 (45)
953 2322 990 2348 De
1004 2322 1174 2358 scriptoribus
1189 2322 1381 2355 ecclesiasticis,
1396 2323 1422 2349 in
1435 2323 1463 2350 S.
1480 2323 1623 2358 Cypriane,

841 2364 867 2392 p.
882 2358 912 2384 51
923 2355 993 2385 edit.
1008 2355 1112 2393 vetusta:
1127 2365 1198 2384 anno
1213 2358 1292 2391 I728,
1309 2361 1425 2393 Uperum
1443 2355 1582 2390 tomTVll,
1596 2359 1623 2386 in

841 2391 905 2426 quo,
925 2393 1007 2419 multa
1025 2391 1058 2418 de
1071 2392 1164 2419 eodetn
1180 2398 1233 2420 tam
1251 2394 1278 2420 in
1293 2391 1482 2421 dissertatione
1496 2394 1624 2421 historica

841 2435 921 2461 quam
937 2427 964 2454 iu
981 2427 1167 2462 supplemento
1181 2429 1286 2455 erudite
1301 2429 1459 2456 alIeruutur.

876 2462 931 2497 (46)
951 2462 1067 2489 Iacobus
1081 2462 1216 2490 Pamelius
1232 2463 1378 2498 Brugensis
1396 2465 1422 2491 iu
1440 2463 1564 2490 Flaudria
1579 2472 1624 2490 ea-

841 2498 955 2533 nonicus
975 2502 1002 2524 et
1026 2497 1233 2525 archidiaconus
1252 2497 1332 2533 opera
1359 2499 1387 2525 S.
1411 2499 1538 2533 Cypriani
1561 2507 1625 2525 euut

841 2532 992 2567 insignibus
1013 2532 1040 2558 in
1057 2540 1088 2558 ea
1106 2532 1308 2560 commentariis
1327 2532 1471 2566 evulgavri,
1491 2534 1621 2567 impressa

840 2566 866 2604 in
885 2566 931 2604 [0L
949 2567 1109 2604 dntwerpize
1122 2575 1194 2594 anno
1208 2569 1287 2595 1568.
1313 2569 1350 2596 De
1373 2566 1623 2604 hujusmodi’opere

840 2602 868 2627 δ.
885 2601 1021 2638 Cypri_ano
1036 2603 1163 2636 ascripto,
1181 2604 1240 2630 vide
1261 2612 1321 2638 quae
1337 2601 1469 2630 habentur
1483 2611 1543 2637 pag.
1559 2601 1622 2635 434,

839 2644 903 2673 cap.
914 2637 940 2663 2.
959 2636 1059 2664 Eadem
1071 2644 1153 2673 opera
1166 2638 1199 2665 ab
1213 2636 1362 2672 ipso'etiam
1377 2636 1539 2673 Anlwerpia:
1551 2646 1624 2665 anno

840 2672 908 2708 1589
929 2679 1024 2708 recusa
1040 2678 1119 2708 sunt:
1144 2672 1285 2708 legendum
1311 2672 1526 2708 supplementum
1551 2673 1624 2708 apud

840 2705 1033 2743 Bcllarminum
1055 2707 1107 2734 loc.
1126 2705 1182 2734 cit:
1194 2716 1255 2743 pag.
1270 2709 1321 2738 55.
1346 2705 1390 2735 ubi
1413 2709 1474 2736 aliae
1490 2705 1624 2735 editiones

840 2741 995 2776 hujusmodi
1009 2749 1121 2776 operum
1137 2741 1322 2770 recensentur.

874 2777 929 2812 (47)
949 2776 1081 2804 Henricus
1093 2776 1207 2804 Gravius
1221 2786 1253 2804 ex
1269 2777 1507 2805 Dominicanorum
1522 2777 1624 2804 familia.

838 2811 956 2846 ejusdem
980 2812 1008 2839 S.
1036 2812 1162 2847 Cypriani
1188 2820 1268 2846 opera
1288 2813 1369 2839 edidit
1393 2813 1510 2841 Colonia:
1531 2813 1621 2840 iri-fol.

839 2855 911 2875 anno
928 2847 1007 2881 4549,
1024 2848 1050 2875 in
1060 2846 1170 2875 ’ollicina
1183 2847 1379 2882 Quentrlliana.
