1857 3051
57 122 102 149 157

425 120 468 147 DE
488 120 682 148 PORTUENSI
703 121 731 147 S.
751 119 870 147 IIIPPOL
879 119 928 146 YTI
950 119 1045 146 SEDE.
1064 133 1097 139 -—
1117 117 1205 145 PARS
1225 117 1244 144 Ι.

1601 117 1655 143 438

53 185 144 208 tantum
161 179 192 206 ad
208 178 414 209 Centumcellas,
429 179 518 206 locum
534 180 741 214 periucundum,
753 179 816 205 dor-
831 182 854 208 Α
868 177 971 210 fuerat;
999 178 1113 212 ideoque
1139 185 1154 204 a
1175 181 1262 204 morte
1280 175 1353 203 Decii
1377 176 1409 203 ad
1427 174 1563 210 Hippolyti
1583 173 1666 201 [ηδτ-⁸

52 225 176 251 tuitionem
193 224 328 257 accepisse
345 223 424 250 dicat.
437 223 576 250 Pearsonii
592 223 753 252 sententiam
764 229 818 250 sta-

53 271 92 296 tim
108 269 244 303 amplexus
259 273 298 295 est
310 268 407 303 Pagius
418 269 483 304 (6|),
500 273 527 296 et
539 270 664 304 deinceps
678 269 818 297 Tillcmon-

51 315 96 341 tius
111 313 163 347 (62)
177 333 184 345 ,
210 316 237 339 et
252 312 348 347 Pagius
365 311 459 339 Junior
474 312 545 347 (65);
560 313 712 340 Ceillierius
730 317 817 340 tamen

52 358 76 387 S.
104 359 254 386 Cornelium
282 363 425 394 martyrem
446 358 548 385 obiisse
577 359 636 386 solo
664 359 818 394 Hieronymi

52 405 189 432 testimonio
208 404 322 432 credidit
335 404 400 439 (64).
418 404 597 438 Quapropter,
618 409 646 431 ut
660 405 694 431 ad
714 412 818 440 anony-

50 458 112 477 mum
125 454 247 477 nostrum
266 453 443 481 revertamur,
466 450 564 476 mirum
578 457 642 476 sane
655 450 738 476 videri
755 457 818 484 pos-

50 499 84 522 set
95 495 247 522 Africanum
275 495 434 530 scriptorem
457 501 511 522 tam
529 499 654 522 accurate
671 496 819 530 exquisite-

49 547 93 574 que
105 540 186 567 sancti
198 539 318 567 Cornelii
330 541 442 575 ejusque
453 541 590 568 sociorum
601 542 771 576 martyrium,
787 549 820 568 ac

49 586 177 620 ipsammet
196 585 265 612 Galli
283 586 497 620 persecutionem
515 586 652 617 laudasse,
672 594 742 621 qua),
767 586 818 614 Pa-

49 631 83 665 εἰσ
93 630 144 666 (65)
155 635 232 663 teste,
250 630 393 658 Africanos
404 631 495 658 tideles
508 632 577 658 haud
589 632 692 659 aﬂlixit.
705 631 758 660 Nec
769 635 816 660 mi-

49 684 98 703 rum
107 676 174 711 quod
198 677 339 704 Romanus
351 677 464 711 scriptor
477 676 635 704 Felicissimi
653 678 817 706 schismatici

49 721 186 749 meminisse
200 722 338 755 videatur;
353 730 414 749 nam
427 721 456 749 S.
467 722 618 757 Cyprianus
627 723 682 758 (66)
693 724 818 758 perditis-

49 767 99 793 simi
110 767 222 794 hominis
233 767 343 795 fraudes
355 775 401 802 per
414 768 541 802 epistolas
553 776 625 795 anno
640 770 773 804 superiori
787 771 815 797 S.

49 811 156 839 Cornelio
166 816 247 847 atque
265 813 350 847 ipsius
365 813 438 841 clero
451 814 507 848 jam
518 814 696 848 patefecerat;
712 816 815 850 ipsum-

49 865 91 891 que
105 858 181 885 etiam
196 858 228 885 dc
244 858 315 885 facie
330 859 398 886 idem
411 859 527 894 scriptor
541 867 652 888 noscere
664 862 761 895 potuit,
779 869 811 888 ex

49 909 74 929 eo
85 904 147 937 quod
163 911 257 931 mense
274 903 356 931 iunio
371 905 452 939 hujus
468 905 532 932 anni
549 905 576 931 S.
595 905 739 934 Cornelius
758 907 812 942 (67)

51 958 58 974 ι
73 955 125 976 cum
138 948 251 976 Romam
268 951 459 978 schismaticus
475 952 557 977 homo
570 952 689 978 venisset
699 953 813 987 stipatus

49 997 148 1027 caterva,
177 1000 202 1022 et
229 995 348 1022 factione
376 996 595 1031 desperatorum,
620 998 695 1025 illuxit
725 1000 814 1034 vigore

49 1039 113 1074 pleno
129 1039 160 1066 de
180 1040 305 1068 Ecclesia
326 1043 436 1076 pepulit.
464 1052 473 1068 ι
500 1043 534 1070 At
551 1051 612 1071 cum
629 1045 814 1079 superioribus

49 1086 320 1114 annis.doctissimus
354 1089 504 1116 monachus
535 1089 698 1118 Prudentius
727 1090 814 1118 Mara-

49 1137 90 1156 nus
104 1131 165 1166 (68),
179 1132 225 1166 qui
245 1131 275 1159 S.
294 1132 420 1167 Cypriani
431 1133 518 1161 Vitam
531 1135 685 1170 descripsit,
700 1145 813 1172 eamque

49 1175 118 1208 ipsius
131 1176 263 1210 Operibus
289 1177 391 1205 Baluzii
415 1180 488 1207 curis
517 1182 665 1216 recognitis
687 1183 811 1217 prostitit,

49 1220 105 1248 hanc
117 1222 180 1249 Galli
194 1225 414 1258 persecutionem
432 1225 458 1252 in
472 1226 613 1254 Africanas
624 1228 705 1255 etiam
723 1228 813 1256 Eccle-

49 1266 92 1292 sias
104 1273 247 1301 grassatant
263 1276 325 1296 esse
335 1269 537 1297 evidentissime
549 1272 707 1306 ostendi-rit,
719 1281 750 1300 ac
766 1274 814 1300 do-

48 1311 149 1338 ctissimo
168 1312 290 1340 Pamelio
313 1314 370 1342 lucc
388 1317 514 1350 anonymi
528 1316 619 1348 verba,
646 1326 655 1342 ‹
676 1322 702 1344 et
723 1326 814 1345 sacra-

48 1362 148 1384 mentum
160 1358 353 1394 Baptismatis,
370 1361 442 1395 quod
460 1362 487 1388 in
507 1362 620 1389 salutem
638 1364 743 1398 generis
763 1364 812 1391 hu-

48 1403 106 1429 mani
118 1406 263 1439 provisum,
278 1411 304 1434 et
320 1407 369 1433 soli
384 1407 510 1435 Ecclesiae
525 1409 628 1437 caelesti
648 1411 753 1438 ratione
769 1419 812 1438 ce-

48 1447 134 1476 lcbrare
152 1458 197 1485 per
213 1459 245 1478 os
263 1459 343 1478 suum
359 1454 530 1487 prmostendit
545 1454 610 1490 (69),
629 1465 638 1482 ι
659 1456 811 1484 Africanam

49 1492 73 1519 de
82 1493 205 1528 Baptismo
222 1497 375 1524 doctrinam
391 1507 486 1533 sapere
500 1500 557 1527 visa
569 1501 632 1534 sint,
649 1509 663 1527 a
677 1510 730 1536 qua
741 1510 809 1530 setn-
825 1514 847 1545 ο

49 1546 86 1572 per
99 1539 210 1569 Romana
224 1543 369 1571 abhorruit
383 1544 518 1579 Ecclesia;
529 1545 672 1575 Africanus
687 1547 747 1575 ideo
761 1549 811 1576 hu-

47 1583 109 1618 jusce
120 1589 237 1620 opusculi
253 1593 351 1616 auctor
367 1590 496 1618 dicendus
507 1592 568 1619 erit.
586 1592 638 1619 Sed
653 1593 694 1620 his
710 1594 810 1628 missis,

49 1630 74 1656 ad
88 1630 247 1668 Hippolytum
273 1639 395 1662 nostrum
412 1637 508 1663 iterum
522 1645 552 1664 se
561 1643 700 1665 convertat
714 1640 810 1671 oratio,

49 1682 113 1708 quem
127 1685 187 1708 sane
199 1685 231 1706 ex
247 1679 303 1710 his,
320 1688 380 1714 qua:
391 1680 532 1716 hucusque
543 1681 752 1716 disputavimus,
763 1692 812 1711 nec

50 1717 116 1752 Decii,
143 1731 190 1750 nec
220 1723 292 1751 Galli
320 1727 507 1760 persecutione
534 1728 692 1762 martyrium
721 1729 811 1756 subire

49 1766 158 1800 potuisse,
180 1773 208 1795 ut
232 1769 369 1797 hactenus
393 1771 464 1798 docti
482 1772 533 1798 viri
550 1773 732 1808 crediderunt,
756 1782 810 1801 non

49 1808 142 1838 obscure
166 1821 215 1840 nos
245 1815 378 1849 probasse
414 1817 588 1845 arbitramur.
621 1818 750 1847 Bailettus
784 1824 808 1848 et

49 1851 175 1884 Ceillierius
189 1857 278 1892 ipsum
304 1858 394 1886 Idibus
422 1859 535 1894 Augusti
553 1869 624 1888 anno
644 1862 744 1889 Christi
757 1862 810 1890 252

49 1907 139 1933 passum
161 1903 210 1930 sub
226 1903 310 1931 Decio
333 1905 442 1938 dicunt;
460 1907 507 1933 sed
527 1907 582 1941 jam
606 1907 704 1936 Decius
718 1916 811 1936 mense

49 1943 170 1975 Novembri
181 1949 246 1976 anni
266 1951 426 1984 superioris,
440 1957 469 1978 ut
485 1952 614 1985 diximus,
630 1953 810 1989 interemptus

49 2020 238 2064 l’apebroehijrm
254 2026 281 2052 in
288 2026 344 2054 Act.
359 2032 511 2064 sanctorum
525 2030 626 2057 mensis
642 2030 740 2064 Aprilis
755 2035 774 2058 t.
787 2031 806 2063 Ι,

124 2059 301 2099 edit_.__Venct:e
311 2069 359 2099 an.
378 2063 458 2090 i757:
471 2073 480 2088 ε
496 2057 673 2092 Cornelius":
683 2057 742 2099 post
757 2057 808 2094 hoc

49 2090 214 2134 Caulonia-llis
236 2097 386 2131 expulsus,
415 2099 451 2125 ibi
474 2107 535 2125 cum
559 2090 806 2134 gloria

49 2132 96 2163 ﬂetu
103 2132 214 2163 accepit.
232 2139 241 2155 ι

75 2161 179 2201 (61).-Αᾷ
197 2172 243 2191 an.
260 2165 364 2201 Christi
384 2166 447 2201 255,

48 2196 198 2234 tortillltcit.
214 2219 220 2231 ,
237 2208 263 2234 p.
282 2200 324 2226 t7.

75 2230 183 2273 _Cit.
192 2230 257 2273 torri.
265 2234 312 2273 Ill,»
322 2243 348 2270 p.
360 2235 421 2268 744,
430 2236 515 2273 Nptes
524 2246 571 2265 sur
582 2239 652 2266 saint
660 2239 803 2273 Corneillc,

461 2176 536 2195 num.
555 2168 588 2195 15
603 2168 701 2198 Annal.
713 2171 803 2198 eccles.
822 2183 843 2209 ο

869 224 968 259 tyriutn
993 231 1089 250 novem
1107 230 1214 250 menses
1232 223 1454 250 intercesserunt.
1477 221 1568 256 Neque
1584 228 1655 247 anno

870 267 1012 303 superiori,
1037 267 1118 294 Decio
1139 267 1227 294 adhuc
1248 267 1367 298 vivente,
1384 266 1514 301 martyrio
1530 266 1655 292 coronari

869 314 956 347 potuit
970 313 1128 348 Hippolytus
1145 313 1206 345 iste,
1224 319 1304 347 quem
1322 320 1406 339 unum
1422 319 1455 338 ex
1470 310 1588 346 quinque
1602 310 1656 337 illis

871 359 1046 395 presbyteris,
1068 358 1114 393 qui
1130 357 1280 385 Novatiano
1294 366 1322 385 se
1340 358 1490 389 sociarum,
1507 356 1591 384 fuisse
1606 365 1654 383 su-

869 406 1022 440 spicantur;
1046 404 1218 439 presbyteros
1235 403 1307 431 enim
1319 403 1388 438 ,‘illos
1401 411 1494 430 mense
1509 402 1654 429 Novembri

869 451 989 486 ejusdem
1009 450 1072 477 anni
1089 450 1115 476 in
1135 449 1281 477 schismate
1297 449 1385 476 adhuc
1405 449 1585 483 permansisse
1597 448 1655 482 epi-

869 496 936 523 stola
963 495 992 522 S.
1018 495 1135 522 Cornelii
1152 495 1185 521 ad
1212 494 1324 521 Fabium
1343 494 1543 521 Antiochcnum
1564 498 1655 528 aperte

869 550 919 568 nos
934 546 1042 573 monet;
1061 541 1207 575 quominus
1223 547 1287 567 vero
1307 540 1393 574 ipsum
1416 540 1586 575 llippolytutn
1603 540 1655 567 sub

868 587 943 614 Gallo
967 595 1075 621 passum
1097 586 1251 618 credamus,
1275 586 1453 613 disertissitna
1473 586 1501 612 ὃ.
1526 585 1654 620 Cypriani

867 637 895 659 et
918 631 1092 659 vetustissimi
1113 623 1240 666 anonymi
1258 630 1410 658 testimonia
1429 638 1479 658 nos
1498 627 1652 664 prohibent,

868 685 900 704 ex
916 677 1014 712 quibus
1035 677 1062 703 itt
1078 676 1231 703 Catholicos
1255 680 1359 703 tantum
1378 676 1592 710 persecutionem
1607 683 1654 701 ex-

868 722 977 748 citatam
998 721 1082 748 fuisse
1099 725 1224 756 apparet;
1252 719 1323 755 quod
1340 728 1401 747 cum
1420 719 1655 746 animadvertisset

868 767 1055 794 Tillemontius
1066 767 1137 802 (70),
1159 766 1330 801 Hippolytum
1343 786 1349 797 ,
1367 770 1397 792 ut
1411 765 1508 799 inquit,
1526 763 1655 791 Ratuaua:
1671 801 1674 803 γ

869 813 994 840 Ecrlesla:
1014 813 1200 847 presbyterum
1216 832 1224 844 ,
1253 811 1303 838 hac
1330 811 1439 845 quidem
1466 810 1654 844 persecutione

867 865 988 892 passum,
1004 858 1050 884 sed
1068 858 1188 884 sehisma
1206 857 1240 883 ab
1255 856 1314 891 ipso
1330 856 1463 890 superiori
1479 863 1552 882 anno
1562 856 1654 890 ejura-

865 908 920 930 tum
947 903 1077 934 credidit;
1105 902 1176 936 quod
1203 907 1293 929 tamen
1321 901 1421 936 dttplici
1453 901 1565 927 rationis
1592 909 1653 927 mo-

865 954 957 976 mento
981 949 1079 975 falsum
1105 956 1165 975 esse
1188 952 1277 982 patet;
1305 947 1393 982 primo
1409 947 1470 982 quia
1489 946 1653 974 Prudentius

865 1003 919 1022 uno
939 986 1089 1029 eodemque
1113 999 1233 1028 tempore
1251 993 1425 1028 Hippolytum
1451 993 1570 1020 sehisma
1592 993 1652 1028 eju—

865 1050 939 1067 rasse
958 1045 984 1067 et
1009 1041 1167 1075 martyrium
1197 1039 1314 1067 subiisse
1340 1040 1429 1071 dicit;
1457 1039 1587 1071 secundo,
1618 1046 1652 1066 ex

864 1087 976 1122 epistola
1007 1086 1035 1113 S.
1057 1086 1185 1116 Cornelii,
1210 1092 1271 1120 qua:
1291 1085 1342 1112 sub
1358 1085 1436 1111 finem
1452 1085 1571 1119 ejusdem
1588 1084 1652 1111 anni

864 1132 1017 1166 conscripta
1043 1130 1102 1163 fuit,
1133 1131 1304 1165 apertissime
1329 1135 1435 1157 constat
1456 1132 1575 1164 quinque
1592 1130 1651 1156 illos

865 1179 1045 1213 presbyteros,
1071 1178 1117 1212 qui
1136 1178 1279 1204 adversum
1303 1177 1390 1211 ipsutn
1414 1185 1475 1204 cum
1501 1177 1651 1203 Novatiano

864 1223 982 1251 schisma
1004 1222 1195 1256 conﬂaverant,
1219 1223 1338 1250 nondum
1355 1224 1510 1258 resipuisse.
1529 1224 1652 1258 Quapro-

864 1274 922 1303 pter
946 1268 1115 1304 llippolytus,
1135 1269 1157 1295 si
1175 1277 1245 1296 unus
1259 1277 1292 1296 ex
1310 1269 1363 1296 illis
1376 1269 1438 1302 fuit,
1460 1270 1486 1296 itt
1504 1270 1650 1297 schistnut:

863 1318 920 1341 toto
936 1314 987 1341 hoc
1002 1321 1074 1340 anno
1085 1313 1267 1348 permansisse
1279 1313 1410 1341 dicendus
1422 1319 1472 1341 cst.

916 1358 984 1385 XVI.
1008 1358 1150 1386 Frontonis
1175 1358 1266 1386 Ducwi
1290 1359 1419 1385 sententia
1436 1359 1595 1394 exploditur.

899 1403 1015 1439 Rejectis
1024 1403 1103 1438 igitur
1116 1404 1251 1431 Ruinartii
1263 1409 1289 1431 et
1301 1403 1464 1431 Tillemontii
1474 1405 1648 1438 conjecturis,

864 1449 902 1476 nil
917 1450 995 1477 nobis
1009 1454 1129 1484 superest
1147 1450 1293 1484 quominus
1305 1449 1477 1485 Hippolytum
1493 1450 1567 1476 illum
1581 1450 1649 1476 Pru-

864 1496 947 1523 dentii
969 1496 1137 1523 carminibus
1154 1492 1368 1528 celeberrimum,
1383 1496 1570 1522 vetustissimae
1581 1495 1648 1522 Por-

866 1542 970 1570 tuensis
992 1543 1063 1569 sedis
1088 1542 1235 1570 antistitem
1257 1541 1342 1568 fuisse
1367 1542 1513 1569 credimus.
1540 1542 1568 1568 Id
1583 1549 1648 1568 sane

863 1593 924 1622 post
935 1588 1080 1615 Baroniutn
1096 1593 1167 1615 recte
1185 1592 1277 1615 nostro
1294 1588 1402 1622 quidem
1418 1587 1521 1622 judicio
1532 1587 1648 1622 conjecit

862 1633 964 1660 Fronto
980 1633 1094 1661 Ducaeus
1108 1634 1174 1668 (Ἠ).
1192 1635 1221 1660 In
1237 1642 1269 1660 eo
1287 1638 1377 1660 tamen
1395 1639 1487 1668 peccat
1501 1633 1646 1661 clarissimi

862 1679 913 1705 viri
927 1679 1077 1709 sententia,
1102 1679 1173 1713 quod
1192 1686 1206 1705 a
1223 1678 1370 1706 Prudentia
1388 1679 1497 1706 unicum
1515 1678 1645 1714 llippoly-

862 1727 919 1750 ttttn
932 1723 1070 1750 laudatum
1080 1724 1226 1755 censuerit,
1242 1731 1368 1758 magnum
1381 1731 1477 1758 nempe
1488 1723 1645 1758 episcopum

861 1773 888 1795 et
902 1774 1058 1804 martyrem,
1073 1777 1191 1803 eumque
1211 1769 1312 1796 idcirco
1334 1769 1486 1796 Novatiano
1501 1770 1646 1797 schismate

861 1814 1045 1848 inquinatum,
1063 1818 1119 1841 tota
1137 1814 1199 1841 licet
1217 1815 1381 1842 reclamante
1402 1815 1574 1850 antiquitate,
1598 1823 1646 1842 au-

861 1858 982 1886 tumarit.
1000 1858 1130 1886 Frontoni
1150 1859 1176 1886 in
1190 1860 1240 1887 hac
1255 1867 1284 1887 re
1296 1860 1381 1887 facem
1395 1861 1512 1894 praetulit
1527 1860 1645 1888 Joannes

860 1903 970 1939 Langus
999 1904 1054 1939 (72)
1079 1904 1264 1938 Erfurdensis,
1293 1906 1398 1939 primus
1425 1906 1552 1933 Ilistoriw
1568 1906 1646 1934 Nice-

859 1951 937 1985 phori
949 1950 1046 1983 editor,
1063 1952 1120 1985 qui,
1138 1959 1200 1978 cum
1217 1952 1326 1979 notulas
1337 1952 1397 1979 illas
1414 1952 1446 1978 ad
1460 1961 1522 1979 mox
1537 1953 1644 1979 laudata

859 2031 917 2063 cit.,
945 2035 971 2057 ct
997 2038 1072 2057 num.
1096 2031 1128 2057 t9
1156 2039 1162 2057 :

858 2065 948 2094 Africa
967 2071 1098 2100 grassata.
1119 2075 1128 2091 ›

893 2100 950 2135 (66)
979 2101 1006 2127 Id
1035 2101 1123 2135 ipsum
1146 2104 1260 2127 testatur
1286 2100 1315 2128 S.
1342 2101 1494 2135 Cyprianus
1514 2101 1592 2135 epist.
1609 2102 1643 2128 45

858 2135 984 2162 Cornelio
996 2143 1070 2170 papae
1084 2137 1146 2162 data
1162 2144 1187 2170 p.
1206 2135 1258 2162 232
1276 2145 1282 2162 :
1299 2145 1307 2161 ι
1325 2135 1420 2163 Melius
1434 2142 1535 2167 autem,
1549 2136 1642 2169 frater,

858 2171 937 2201 scies.
956 2171 978 2197 si
998 2172 1079 2197 etiam
1101 2171 1223 2205 exempla
1245 2171 1405 2203 litteratum,
1427 2179 1495 2204 quas
1511 2171 1543 2197 ad
1563 2175 1587 2197 te
1603 2171 1642 2197 le-

857 2205 957 2240 gendas
971 2213 1020 2239 pro
1031 2206 1174 2232 dilectione
1194 2206 1332 2232 comtnuni
1353 2214 1400 2240 per
1416 2205 1595 2232 Chaldonium
1617 2211 1643 2232 et

855 2238 1034 2267 Fortunatum
1068 2241 1185 2275 collegas
1213 2246 1320 2267 nostros
1351 2238 1474 2275 proxime
1503 2242 1641 2273 miseram,

1192 2040 1201 2056 ι
1224 2030 1277 2058 Sed
1299 2039 1349 2058 nec
1370 2039 1401 2058 ea
1424 2030 1598 2066 (persecutio)
1617 2032 1643 2058 in

172 2276 218 2295 sur
236 2271 279 2311 tes
300 2267 379 2298 Actes
394 2267 427 2298 de
446 2271 473 2299 S.
488 2273 631 2307 Corneille,
649 2275 672 2301 le
690 2275 762 2310 jour,
781 2267 804 2302 1.;
852 2282 915 2311 qua:
930 2275 962 2302 de
973 2276 1067 2302 eodem
1084 2267 1253 2302 Felicissimo
1264 2275 1333 2302 etde
1349 2267 1505 2311 presbytero
1518 2267 1640 2309 ejusdeni

49 2297 120 2341 licungt
133 2302 153 2341 le
167 2311 246 2341 genre
258 2305 291 2331 de
305 2313 333 2341 s_a
351 2297 430 2333 mort.

74 2334 120 2378 (65)
135 2334 292 2378 Franciscus
310 2339 373 2378 Pagi
392 2342 417 2367 in
432 2341 568 2378 Ereviario
590 2343 804 2371 historico-altro-

48 2368 248 2414 Intgjogtfo-critico
263 2368 423 2414 ppgtiﬂcttnt
435 2368 666 2414 Romanm'untft.‘
676 2368 802 2414 71⁷9νῆ7,

48 2403 104 2448 endit:
120 2403 268 2448 hu‘cfean‘.‘
281 2403 365 2448 ﬁgi):
381 2419 390 2435 (
407 2411 526 2448 Sanctus
550 2403 801 2448 hicrpon-tifcxr‘sit‘l;

48 2435 108 2477 Gallo
118 2446 140 2467 et
153 2440 299 2470 Volusiano
313 2435 803 2477 coitutitEEuiéin'ERSuB'BBiu"iiii;

48 2473 382 2518 Etﬁeptembrisgusdem
398 2489 443 2508 an.
456 2482 519 2518 252,

48 2512 133 2549 metis-es
145 2515 195 2549 tres
204 2518 232 2549 ct
243 2513 300 2540 dies
312 2515 414 2549 aliquot
429 2512 554 2544 sedisset.
576 2527 585 2543 ι

74 2540 130 2586 (“tu
145 2545 245 2580 Saepius
274 2550 320 2576 cit.
352 2540 655 2586 Eanfrtj'135g5585,
679 2558 741 2581 nota
760 2554 773 2580 b
795 2565 800 2582 τ

51 2576 194 2620 t‘Quclqucs
202 2588 316 2620 auteurrs
330 2576 377 2611 ont
386 2576 803 2620 eiu’qlte'giiintUJnéiiiEn‘a1

48 2616 151 2662 ξξξξωβξξξ
162 2616 208 2662 [itii
224 2625 254 2644 sa
266 2619 308 2659 vie
325 2627 371 2662 par
385 2616 562 2662 Ιθριυριιιίεολ
582 2623 650 2662 tuais
665 2625 737 2651 saint
757 2624 801 2651 Jé-

48 2645 153 2690 tome'dit
161 2645 365 2690 expressémc'nt

50 2686 160 2724 {ftisang
174 2686 188 2712 ὲ
207 2687 300 2719 Rome,
316 2695 342 2715 et
360 2686 412 2717 non
431 2690 445 2717 a
467 2686 694 2724 Civita-Vecchia,
715 2695 749 2720 ou
766 2702 800 2720 on

49 2715 222 2762 Etftgtlflvque‘
237 2731 268 2750 ce
293 2715 800 2762 totum"Eii-tit'iaié"e.i€5§2é'“én”2xii;

50 2754 152 2813 mlglsgém'
166 2756 241 2790 aprés
266 2759 332 2793 qu’il
356 2765 399 2787 cut
421 2760 511 2788 refuse
540 2765 572 2788 de
603 2754 724 2790 sacrifier
740 2754 801 2791 Varus,

101 2798 126 2813 3S.
145 2798 152 2814 Ι

76 2820 121 2856 (65)
137 2824 173 2852 Ad
183 2826 282 2854 dictum
293 2828 406 2862 H.253,
420 2838 492 2858 num.
512 2831 552 2865 18,
568 2840 594 2867 p.
610 2832 645 2859 ΞΟ
656 2837 682 2861 et
692 2834 798 2868 2|,loc.

856 2309 889 2336 ad
909 2310 1012 2337 elerunt
1034 2311 1094 2337 istic
1111 2315 1234 2337 nostrum
1252 2315 1279 2337 et
1294 2311 1327 2336 ad
1341 2309 1445 2345 plebem
1465 2311 1639 2345 scripserant,

854 2345 906 2379 legi
924 2345 978 2371 illic
997 2345 1129 2372 fratribus
1143 2345 1240 2380 jubeas
1252 2366 1259 2378 ,
1282 2353 1342 2379 (ιιιῑε
1356 2349 1382 2372 et
1402 2346 1600 2372 ordinationem
1615 2350 1642 2372 et

855 2380 988 2406 rationem
1003 2380 1043 2407 rei
1063 2385 1145 2415 gesta:
1168 2381 1337 2415 loquantur,
1359 2385 1388 2407 ut
1405 2385 1459 2407 tam
1474 2382 1536 2407 istic
1558 2388 1639 2415 quam

855 2415 910 2441 illic
933 2415 1004 2442 circa
1029 2415 1121 2442 omnia
1141 2423 1187 2450 per
1210 2424 1257 2442 tios
1274 2415 1429 2442 fraternitas
1445 2416 1604 2442 instruatur.
1628 2425 1637 2440 ι

891 2450 946 2483 (67)
965 2450 1031 2477 Vide
1044 2451 1077 2478 de
1095 2451 1145 2478 hac
1161 2451 1275 2485 recpist.
1288 2450 1316 2478 S.
1332 2450 1459 2486 Cypriani
1474 2451 1519 2484 59,
1532 2459 1559 2485 p.
1576 2451 1639 2478 259.

891 2486 944 2521 (68)
963 2485 1027 2520 Pag.
1052 2485 1097 2512 66.
1448 2520 1451 2521 ν

888 2486 944 2555 E68)
963 2486 1027 2520 Pag.
1052 2486 1097 2512 66.

901 2521 945 2554 69)
965 2521 1034 2547 Sunt
1048 2521 1130 2548 verba
1146 2521 1229 2554 ipsius
1242 2520 1336 2548 incerti
1352 2520 1470 2547 auctoris
1481 2521 1508 2546 in
1522 2524 1638 2547 tractatu

854 2554 898 2581 Ad
922 2555 1102 2582 Novatianum
1125 2556 1273 2582 Itan-elicqu
1302 2557 1426 2589 superius
1455 2556 1547 2587 citato,
1579 2563 1639 2589 quae

854 2595 963 2617 exstant.
985 2599 1011 2624 p.
1030 2591 1062 2617 16
1081 2591 1126 2617 cit.
1145 2590 1208 2617 edit.
1232 2590 1352 2616 Videudn
1368 2599 1428 2622 qum
1448 2591 1480 2617 ad
1507 2590 1579 2616 hunc
1601 2590 1640 2616 lo-

854 2633 915 2652 cum
931 2624 1067 2665 Patuelius
1088 2626 1115 2651 in
1128 2632 1181 2652 ‘sua
1193 2625 1309 2659 Operum
1328 2625 1356 2652 S.
1375 2625 1501 2660 Cypriani
1519 2625 1639 2652 editione

854 2662 1002 2686 adnotavit.

889 2694 945 2729 (70)
959 2694 987 2720 In
1003 2695 1086 2722 citan
1100 2698 1164 2721 tom.
1182 2694 1225 2726 lll,
1240 2702 1300 2729 pag.
1317 2695 1379 2721 468.

890 2729 946 2789 (Ξὲ)
971 2729 1000 2755 in
1023 2730 1068 2756 cit.
1096 2730 1156 2757 libr.
1186 2738 1210 2756 τι
1242 2729 1314 2756 ΙΙὶδι.
1349 2729 1493 2764 Nicephori
1520 2729 1638 2761 Callisti,

896 2772 920 2789 Ο.
932 2775 958 2789 οἶ.

873 2784 880 2790 .
896 2772 958 2791 ουρ).

853 2772 870 2798 p
887 2799 943 2859 (72)
957 2799 983 2826 In
996 2799 1041 2826 lib.
1057 2807 1093 2831 tv,
1109 2807 1167 2833 cap.
1182 2799 1225 2830 51,
1241 2799 1312 2833 quod
1326 2799 1499 2826 inscribitur:
1520 2799 1556 2826 De
1571 2798 1638 2832 Ilip-

853 2842 884 2859 no
898 2839 939 2859 uto
964 2835 1059 2859 Portus
1080 2835 1192 2859 ciuitatis
1216 2834 1304 2859 liuma‘
1329 2839 1351 2859 et
1380 2837 1409 2859 de
1436 2835 1540 2859 scriptis
1569 2842 1635 2859 ama.

853 2834 939 2869 polyto
963 2835 1059 2861 Portus
1080 2835 1192 2861 civitatis
1216 2834 1304 2861 fioma‘
1329 2839 1351 2860 et
1380 2837 1409 2860 de
1436 2835 1540 2868 scriptis
1569 2842 1635 2867 qua.
