1857 3051
22 117 78 144 με

23 184 102 207 nam,
137 176 198 204 hac
212 179 336 213 epistola
354 181 387 208 ab
401 180 541 218 Hippolyto
554 183 741 218 compellatam
759 183 838 210 dicti-

23 222 107 253 tarit,
141 223 228 251 nullo
243 226 359 260 quidem
373 231 451 260 teste,
477 229 531 255 imo
545 233 637 256 contra
657 229 839 264 antiquissimi

23 266 162 295 laterculi
182 269 283 304 fidem,
307 279 387 306 quem
411 273 466 308 ipse
484 274 511 300 in
527 275 700 302 secernendis
713 276 839 310 genuinis

23 311 179 349 Hippolyti
198 317 344 350 operibus,
359 319 440 345 veluti
451 320 613 347 tutissimam
629 328 762 352 normam,
779 329 840 355 pcr-

23 362 115 392 petuo
147 361 239 396 sequi
262 363 331 390 velle
353 369 477 391 testatur.
499 365 662 401 Hippolytus
677 368 768 401 itaque
789 366 840 393 No-

24 403 224 432 vatianorum
242 409 411 442 temporibus
436 418 577 444 superesse
590 413 688 446 potuit.
716 412 841 440 Novatia—

24 449 69 476 nis
89 453 202 478 tamen
219 452 324 481 favisse
339 462 392 481 nou
407 456 521 484 obscure
546 457 676 485 indicaret
690 457 718 486 S.
735 458 838 486 Corne-

24 495 81 522 lius
101 496 171 532 (21)
185 517 194 529 ,
227 498 257 525 1η
271 500 384 534 epistola
397 502 429 528 ad
449 501 560 530 Fabium
579 503 788 536 Antiochenum,
812 505 840 532 in

25 548 83 575 qua
113 546 183 570 tres
208 543 355 578 episcopos
375 545 552 575 Novatianum
579 550 720 577 ordinasse
736 555 839 584 narrat,

24 593 162 619 quorum
195 595 286 615 unum
312 589 417 624 ejurato
441 593 613 626 postmodum
638 595 784 623 schismate
807 596 839 623 ad

25 632 280 661 communionem
308 635 469 663 catholicam
493 639 606 666 rediisse
627 641 732 673 scribit,
746 649 840 676 quem—

25 684 80 710 que
98 676 296 714 Hippolytum
314 686 438 709 nostrum
451 682 544 717 fuisse,
559 692 611 711 non
628 685 712 713 levem
724 686 840 715 fortasse

25 722 186 757 quispiam
216 726 401 760 suspicionem
424 728 523 757 habere
549 735 648 765 posset.
672 731 723 759 Sed
736 733 838 760 cumS.

25 766 193 796 Cornelius
219 771 363 806 episcopos
386 773 447 801 illos
462 775 556 809 exigua
570 780 596 802 et
608 777 736 804 vilissima
752 777 841 806 Italica

25 816 121 845 parte,
154 817 249 850 atque
273 823 305 843 ex
332 817 472 847 vilioribus
495 821 600 855 oppidis
628 822 839 853 Novatianorum

3 868 6 870 ·
27 861 190 889 molitione
210 864 315 891 accitos
330 866 411 899 dicat,
426 875 528 903 eosque
547 869 662 898 homines
676 872 752 906 plane
763 879 839 902 rudes

27 915 58 932 ac
72 908 229 943 simplices
247 911 382 944 nominat,
400 913 490 941 nullus
502 914 562 942 ideo
576 915 732 950 huiusmodi
749 920 840 954 conje-

28 959 122 980 cturae
141 955 230 981 locus
244 963 308 983 esse
323 957 411 989 debet,
433 967 494 986 cum
517 960 574 988 bam
587 961 730 998 Hippolyto
747 970 841 993 nostro

30 999 213 1033 neutiquam
241 1002 388 1029 convenire
409 1004 524 1038 possint.
549 1005 707 1042 Hippolytus
723 1011 795 1036 enim
813 1010 840 1038 in

29 1045 231 1072 nobilissima:
251 1045 336 1073 Italite
357 1049 494 1082 provincia
522 1051 717 1088 notissimaque
731 1055 758 1081 in
775 1056 840 1082 urbe

29 1092 241 1125 episcopatum
269 1093 396 1126 obtinuit,
420 1103 537 1131 eumque
560 1102 633 1126 tanta
655 1099 784 1128 doctrina:
808 1110 840 1130 ac

30 1136 188 1170 sapientia:
212 1137 297 1165 laude
321 1138 447 1168 floruisse
459 1143 566 1176 egregia
586 1144 671 1178 ipsius
684 1147 784 1181 scripta
800 1151 840 1175 te-

29 1187 160 1215 stantur,
180 1187 214 1209 ut
228 1183 419 1214 Tbeodoretus
437 1187 492 1222 (22)
513 1187 685 1226 Hippolytum
703 1193 772 1220 inter
787 1195 840 1229 spi-

31 1228 154 1254 rituales
186 1230 362 1258 recensuerit
387 1232 482 1266 fontes,
510 1242 543 1261 ex
565 1237 664 1270 quibus
680 1228 840 1274 evangelica:

30 1272 166 1299 veritatis
193 1274 244 1299 lux
272 1274 408 1303 uberrime
422 1280 549 1307 manavit.
577 1280 689 1309 Demum
708 1284 731 1310 si
752 1272 840 1312 Nova-

30 1318 122 1345 tianis
147 1327 280 1353 unquam
297 1319 408 1348 favisset
428 1322 599 1361 Hippolytus,
618 1335 648 1354 ac
661 1333 754 1362 postea
771 1331 841 1358 resi-

32 1363 161 1397 puisset,
176 1365 333 1400 episcopali
348 1368 438 1394 statim
450 1370 545 1397 ordine
555 1371 686 1407 dejectus,
701 1375 768 1402 laica
783 1381 840 1403 tan-

31 1414 92 1435 tum
109 1411 320 1437 communione
335 1418 463 1448 exceptus
481 1415 586 1450 fuisset,
613 1418 691 1452 juxta
705 1421 838 1455 rigidissi-

32 1463 111 1482 mam
133 1455 216 1483 illius
233 1457 285 1483 aevi
301 1457 484 1493 disciplinam,
508 1470 589 1496 quam
605 1465 683 1492 nobis
697 1466 732 1493 ob
745 1467 839 1495 oculos

32 1502 116 1535 ponit
135 1502 168 1530 S.
187 1503 337 1531 Cornelius
351 1504 417 1539 (25),
435 1508 481 1542 qui
497 1508 523 1534 in
539 1510 653 1544 epistola
667 1513 759 1539 eadem
783 1515 840 1548 epi-

31 1555 159 1582 scopum
182 1548 276 1582 illum,
292 1550 337 1584 qui
351 1549 529 1580 Novatianum
546 1555 662 1588 inunxit,
678 1558 767 1591 populi
780 1567 839 1594 pre-

31 1595 113 1621 cibus
132 1600 245 1627 motus,
262 1595 332 1623 laica
347 1600 450 1625 tantum
465 1602 645 1628 communione
657 1603 787 1631 donatum
801 1609 839 1632 te-

31 1646 143 1673 statur,
166 1641 215 1668 cui
229 1643 311 1669 etiam
333 1645 481 1673 assentitur
496 1645 525 1673 S.
542 1647 693 1682 Cyprianus
708 1650 775 1685 (24),
792 1652 838 1686 qui

31 1687 225 1721 presbyteros
263 1688 354 1723 lapsos
383 1698 415 1718 ac
437 1693 608 1726 postmodum
648 1695 838 1730 resipiscentes

32 1731 111 1759 laica
139 1737 252 1760 tantum
275 1737 466 1764 communione
492 1739 622 1774 suscepit.
660 1739 837 1770 Severissima

31 1784 137 1806 tamen
163 1779 252 1813 hujus
275 1781 324 1806 :evi
346 1781 487 1816 disciplina
512 1783 626 1811 nimium
649 1785 743 1813 forsan
764 1787 837 1822 rigo—

32 1833 97 1851 rem
132 1832 235 1859 sapere
264 1826 321 1852 visa
354 1832 395 1854 est
420 1826 538 1856 Niczenis
562 1829 708 1864 Patribus;
738 1833 837 1860 etenim

34 1871 133 1905 ipsam
147 1871 352 1906 aliquantisper
362 1873 486 1909 mitigare
498 1875 662 1904 studuerunt
674 1877 747 1905 edito
758 1886 838 1906 cano-

35 1924 72 1944 ne
90 1917 170 1952 (25),
189 1917 216 1944 in
231 1925 286 1952 quo
297 1919 431 1953 episcopis
444 1928 477 1947 ex
489 1920 638 1950 Novatiana
651 1929 723 1951 secta
739 1924 772 1951 ad
787 1924 837 1952 Ec—

33 1965 163 1992 clesiam
183 1963 373 1997 redeuntibus,
388 1966 548 2002 presbyterii
562 1968 604 1995 vel
628 1970 838 2006 Chor-episcopa-

180 2030 213 2070 ln_
238 2030 325 2070 Epist.
350 2032 468 2070 _Rotnan.
506 2036 606 2070 pontii.
650 2044 665 2063 a
693 2037 835 2066 Constant.

38 2066 162 2104 p._l.t7_,
180 2066 237 2104 fit.
263 2067 328 2104 edit:
350 2067 436 2096 Paris.
466 2066 553 2102 1721,
572 2066 632 2104 qua;
645 2072 727 2098 estin
742 2073 837 2101 ordine

36 2102 134 2142 epist._
143 2101 166 2142 9_
172 2100 298 2142 Cornelii
307 2101 390 2142 Rapa:
402 2112 412 2142 _:
431 2113 441 2130 ι
459 2104 532 2142 Duos
545 2100 597 2142 sibi
613 2106 702 2134 socios
714 2100 837 2142 deploraQ

36 2136 197 2177 Lesalutis
210 2137 292 2177 elegit
302 2136 491 2177 (Novatianus)
503 2147 571 2177 quos
583 2141 610 2167 in
620 2136 837 2177 exiguam-atque

36 2171 211 2208 vilissimam
234 2170 319 2198 Italiae
342 2177 445 2208 partem
463 2170 619 2208 destinaret,
642 2170 679 2203 υῖ
692 2177 753 2204 inde
766 2170 837 2205 acci-

37 2211 84 2233 tos
96 2206 248 2248 episcopos
266 2211 332 2248 tres,
345 2206 479 2248 homines
494 2210 575 2248 plane
593 2206 720 2248 rudesac
732 2212 836 2248 simpli—

38 2249 99 2281 ces,
117 2240 306 2281 fraudulenta
331 2242 454 2281 quadam
470 2240 609 2272 m‘olitione
629 2240 810 2281 deciperet
828 2268 834 2275 .

38 2276 90 2314 qui
100 2283 176 2314 _cu_m
195 2276 369 2314 advenissent
384 2278 555 2314 bomines,ut
566 2281 622 2314 jam
634 2276 760 2314 diximus,
771 2283 837 2309 sim-

41 2311 174 2350 plicioris
199 2310 301 2346 ingenii
320 2331 350 2350 ._.
367 2333 374 2339 .
390 2313 455 2350 hora
477 2310 584 2350 decima
608 2310 784 2350 temulentos,
810 2322 836 2345 et

40 2346 167 2384 crapula_
179 2353 326 2384 oppressos
341 2347 499 2384 imaginaria
512 2351 637 2384 quadam,
658 2356 684 2378 et
696 2360 763 2378 vana
777 2346 836 2379 ina—

42 2388 133 2419 unum
160 2380 355 2422 impositione‘,
376 2380 559 2422 episcopatum
584 2380 637 2413 sibi
660 2388 766 2414 tradere
789 2395 836 2422 per

40 2417 100 2441 \‘im
116 2415 228 2457 coegit;
241 2435 248 2442 .
266 2435 274 2457 _.
292 2436 312 2456 ._
323 2416 377 2444 Nec
393 2415 483 2457 multo
503 2424 563 2457 post
583 2429 654 2448 unus
667 2429 700 2447 ex
715 2423 766 2449 illis
780 2415 836 2457 epi—

42 2451 139 2484 scopis
156 2452 190 2476 ad
208 2450 358 2478 Ecclesiam
375 2454 463 2485 rediit,
476 2450 538 2481 etim
554 2455 679 2483 lamentis
691 2461 718 2485 et
729 2450 836 2485 fletibus

43 2491 191 2520 peccatum
208 2493 289 2512 suum
305 2487 445 2515 conlitens.
464 2498 473 2514 ›

84 2519 144 2559 (22)
167 2519 234 2559 Yide
244 2521 419 2559 dialogum},
439 2531 499 2558 pag.
517 2523 577 2554 116.
595 2531 660 2552 tom.
675 2526 724 2559 IV,
741 2527 788 2554 ubi
802 2535 834 2555 ex

46 2563 58 2579 ι
78 2553 267 2583 Ecclesiarum
284 2553 452 2590 doctoribus,
467 2553 493 2585 ει
509 2560 583 2586 orbis
608 2553 740 2589 terrarum
755 2553 836 2589 lumi:

45 2590 142 2626 nibus,
162 2591 264 2626 {quod
283 2591 341 2625 ipse
352 2592 417 2619 dicit
428 2600 454 2620 et
468 2594 579 2626 scribit,
604 2603 633 2622 se
649 2596 773 2624 hausisse
796 2598 835 2624 af-

46 2625 153 2665 ﬁrmat,
180 2625 251 2653 inter
274 2634 344 2665 quos
367 2632 439 2665 certe
456 2625 614 2665 Hippolytus
634 2638 726 2659 noster
743 2640 835 2659 recert-

45 2660 160 2696 sendurs"
171 2665 227 2696 est,
255 2661 335 2694 cujus
358 2662 459 2696 profert
481 2660 644 2692 testimonia.
675 2667 739 2694 Vide
754 2668 835 2695 etiam

47 2702 114 2729 pag.
129 2695 190 2727 155,
205 2695 258 2723 loc.
274 2698 320 2722 cit.

82 2729 145 2768 (25)
165 2730 250 2764 Epist.
265 2731 282 2758 9
295 2732 376 2768 citata
388 2740 448 2767 pag.
467 2734 517 2761 150
534 2744 540 2761 :
560 2745 567 2760 ι
584 2735 668 2768 Quem
689 2744 749 2768 nos.
774 2746 834 2765 cum

48 2763 196 2805 universus
218 2767 338 2806 populus
365 2763 482 2801 prtnsueus
503 2763 662 2804 deprecatus
683 2763 835 2806 esset?“

49 2802 272 2838 commuttionem
288 2802 384 2828 laicam
401 2802 578 2838 susCepimus.
596 2816 604 2830 ι

89 2833 142 2870 (24)
162 2834 290 2872 Legenda
308 2841 362 2865 tota
377 2833 489 2873 cpistola
506 2840 549 2874 55,
565 2841 591 2868 5.
609 2841 735 2877 Cypriani
749 2841 831 2873 Aulo-

461 122 503 149 DE
523 122 717 150 PORTUENSI
739 123 766 150 S.
788 122 967 150 HIPPOLYTI
989 122 1083 149 SEDE.
1105 139 1140 144 —
1159 122 1248 150 PARS
1264 123 1284 149 Ι.

1621 126 1671 153 “ﬂ

853 186 875 214 Α
890 186 933 209 tus
954 190 1053 209 munus
1067 181 1189 209 relictum
1203 181 1272 215 fuit;
1287 188 1452 218 quapropter
1465 183 1621 218 episcopum
1640 185 1673 211 il-

891 229 957 260 lum,
972 229 1053 262 quem
1073 228 1107 255 ad
1128 229 1258 256 unitatem
1279 227 1407 256 Ecclesia:
1428 229 1540 257 rediisse
1563 230 1626 257 dicit
1643 229 1673 258 S.

889 274 1042 305 Cornelius,
1060 274 1095 301 ab
1119 273 1262 309 Hippolyto
1284 278 1376 302 n‘ostro
1399 282 1511 309 prorsus
1537 276 1674 303 diversum

890 319 975 347 fuisse
987 320 1147 347 firmandum
1163 324 1212 347 est.
1226 320 1263 347 De
1277 328 1309 347 eo
1325 325 1425 353 tamen,
1441 321 1567 355 quisnam
1582 321 1673 354 fuerit,

891 373 944 393 non
969 373 1023 392 una
1045 370 1087 393 est
1111 366 1278 393 eruditorum
1295 368 1436 393 sententia.
1451 366 1583 395 Henricus
1597 368 1676 395 Vale-

891 410 947 438 sius
964 411 1018 446 (26)
1034 411 1210 446 Trophimum
1237 411 1321 438 fuisse
1346 412 1471 447 conjecit.
1490 412 1597 440 Valesio
1619 421 1674 440 non

891 458 1066 485 subscribunt
1090 457 1277 485 Tillemontius
1294 458 1351 492 (27)
1376 463 1402 485 et
1422 457 1519 485 Petrus
1539 458 1674 486 Constan-

891 505 945 532 tius
959 504 1025 540 (28),
1041 511 1073 531 eo
1088 504 1150 539 quia
1163 504 1326 539 Trophimus
1340 504 1373 531 ob
1387 504 1545 531 idololatria:
1559 505 1674 538 crimen,

891 558 944 577 non
953 550 1025 584 quod
1040 549 1200 577 Novatianis
1214 550 1369 582 adhaeserit,
1383 558 1414 576 ex
1427 551 1573 585 episcopali
1588 551 1675 585 gradu

890 596 1030 631 depulsus,
1045 596 1113 623 laica
1131 600 1235 622 tantum
1250 596 1441 622 communione
1457 602 1599 631 susceptus
1613 597 1673 624 fuit.

890 644 966 676 Acta,
980 651 1040 678 quze
1053 641 1234 669 confessionis
1248 641 1389 669 Novatiani
1408 642 1515 669 titulum
1530 643 1675 678 praeferunt

891 689 960 724 apud
975 688 1101 716 Pbotium
1119 688 1186 723 (29)⁷
1202 687 1358 715 Marcellum
1379 693 1406 715 et
1419 689 1601 715 Alexandrum
1617 690 1674 724 cpi-

891 743 988 769 scopos
1003 734 1201 769 Aquileienses,
1216 740 1243 761 et
1256 734 1485 769 Agamemnonem
1503 735 1674 762 Tiburtinum

890 781 1046 815 episcopum
1059 788 1120 808 cum
1135 779 1286 807 Novatiano
1302 780 1336 807 ab
1359 780 1424 815 ipsis
1438 781 1563 808 ordinato
1577 782 1605 807 in
1623 789 1675 808 una

891 826 1030 859 eademque
1046 825 1158 853 azdicula
1173 826 1204 853 ab
1218 827 1282 860 ipsis
1293 832 1444 854 constructa
1462 827 1624 853 cohabitasse
1637 827 1676 861 [e-

891 877 962 899 runt.
978 871 1169 899 Tillemontius
1197 877 1286 899 tamen
1311 873 1407 899 merito
1432 873 1528 899 horum
1544 873 1675 901 Actorum

891 917 969 944 fidem
995 922 1148 952 suspectam
1174 918 1254 945 habet
1269 918 1325 953 (50)
1343 928 1348 945 :
1367 919 1465 953 primo,
1489 919 1553 953 quia
1574 920 1600 946 in
1623 926 1676 946 una

889 964 1037 998 eademque
1060 965 1126 992 urbe
1151 965 1219 992 duos
1241 965 1382 1000 episcopos
1398 966 1534 993 exstitisse
1547 970 1678 1000 repugnet

890 1009 1006 1042 rationi;
1028 1010 1157 1040 secundo.
1170 1011 1233 1044 quia
1249 1010 1277 1038 S.
1294 1011 1437 1038 Cornelius
1454 1012 1598 1046 episcopos
1615 1012 1676 1038 illos

889 1062 922 1082 ex
938 1063 990 1082 una
1008 1056 1166 1090 eademque,
1184 1064 1269 1091 caque
1284 1057 1488 1089 obscurissima,
1503 1057 1586 1085 Italiae
1601 1063 1676 1092 parte

890 1102 991 1128 accitos
1013 1101 1089 1135 dicit,
1106 1109 1166 1136 qum
1189 1103 1222 1129 de
1241 1102 1405 1137 Aquileiensi
1420 1108 1447 1130 et
1461 1103 1603 1131 Tiburtino
1620 1105 1676 1138 epi-

890 1147 980 1181 scopis
996 1151 1072 1174 tanto
1095 1152 1227 1174 terrarum
1243 1148 1384 1176 intervallo
1400 1150 1469 1176 inter
1483 1158 1511 1177 se
1526 1150 1630 1177 dissitis
1644 1159 1676 1178 ac

891 1192 1048 1219 notissimas
1069 1191 1150 1219 Italiae
1172 1192 1248 1220 sedes
1265 1192 1457 1226 obtinentibus,
1476 1202 1554 1221 nemo
1570 1195 1674 1229 uspiam

891 1237 1029 1272 intelliget.
1042 1237 1078 1264 De
1095 1237 1145 1264 hac
1159 1245 1186 1265 re
1199 1238 1382 1266 consulendus
1396 1243 1437 1266 est
1451 1239 1533 1266 etiam
1548 1240 1587 1267 vir
1599 1248 1675 1268 sunt-

891 1290 951 1310 mus
958 1282 1076 1310 Joannes
1089 1283 1242 1311 Bernardus
1255 1284 1288 1311 de
1302 1284 1402 1312 Rubeis
1412 1285 1465 1320 (51)
1480 1286 1506 1312 in
1522 1286 1675 1313 Monumen-

891 1329 924 1355 tis
943 1329 1066 1356 Ecclesia:
1082 1330 1265 1364 Aquileiensis,
1275 1330 1300 1356 in
1317 1331 1416 1365 quibus
1431 1332 1539 1359 lictitios
1554 1333 1603 1360 hos
1618 1333 1676 1367 epi-

891 1383 988 1410 scopos
1001 1383 1016 1402 e
1030 1376 1115 1403 sacris
1136 1377 1324 1404 vetustissima:
1348 1377 1421 1405 illius
1435 1377 1563 1405 Ecclesia:
1585 1381 1674 1414 dipty-

890 1421 950 1447 chis
967 1421 1064 1448 merito
1078 1421 1184 1449 delevit.
1202 1422 1255 1449 Nec
1269 1423 1416 1458 quidquam
1431 1423 1576 1452 Frontonis
1596 1426 1674 1459 prod-

890 1474 949 1493 esse
969 1471 1084 1501 possunt
1107 1468 1246 1495 sententia:
1271 1469 1328 1495 haec
1353 1467 1496 1503 Nicephori
1512 1469 1566 1504 (52)
1581 1470 1673 1502 verba,

853 1524 874 1552 ο
890 1513 990 1548 quibus
1015 1514 1161 1541 secundam
1187 1515 1244 1549 ipse
1265 1515 1362 1549 adjecit
1390 1520 1503 1542 notam:
1523 1525 1532 1541 ι
1545 1515 1673 1548 Quaedam

890 1566 970 1592 porro
982 1560 1081 1594 scripta
1094 1559 1153 1594 ejus
1169 1562 1275 1594 (nempe
1289 1560 1433 1596 Hippolyti)
1449 1569 1510 1588 cum
1525 1562 1673 1596 reprehen-

889 1605 966 1632 sione
979 1613 1034 1632 non
1050 1610 1171 1638 careant,
1187 1606 1316 1641 martyrio
1333 1611 1425 1640 postea
1439 1615 1487 1641 pro
1502 1607 1607 1634 Christi
1624 1615 1675 1634 no-

889 1651 962 1678 mine
976 1651 1099 1679 absoluto
1115 1651 1273 1686 ignorantia
1284 1652 1344 1686 ejus
1358 1653 1491 1680 maculam
1508 1653 1616 1680 detrivit
1630 1658 1673 1680 at—

889 1704 942 1731 que
963 1697 1105 1724 detersit.»
1120 1697 1225 1725 Etenim
1252 1705 1367 1730 errores,
1388 1706 1459 1733 quos
1485 1699 1512 1726 in
1537 1699 1673 1735 Hippolyti

889 1743 997 1778 scriptis
1026 1748 1103 1771 notat
1127 1743 1252 1777 Photius,
1281 1745 1349 1772 nihil
1376 1753 1437 1773 cum
1461 1745 1672 1773 Novatianorum

889 1790 1001 1816 somniis
1022 1789 1121 1816 habent
1144 1798 1299 1823 commune,
1323 1791 1371 1818 sed
1395 1796 1516 1818 veterum
1543 1799 1674 1826 quorum-

887 1836 949 1864 dam
972 1836 1082 1864 Patrum
1101 1837 1209 1872 genium
1227 1839 1339 1865 omnino
1354 1839 1472 1874 sapiunt,
1487 1846 1557 1874 quos
1573 1838 1673 1866 similia

887 1882 1049 1917 quandoque
1061 1883 1210 1913 dictitasse.
1226 1884 1342 1912 eruditis
1357 1885 1484 1913 omnibus
1500 1887 1671 1913 notissimum

886 1931 927 1954 est
941 1927 1006 1961 (55).
1021 1926 1182 1962 Hujusmodi
1197 1936 1303 1956 errores
1315 1929 1341 1956 in
1357 1929 1427 1957 libro
1443 1929 1543 1958 Contra
1563 1931 1672 1959 haereses

886 1973 1024 2001 exstitisse
1037 1974 1132 2001 scribit
1151 1974 1220 2001 idem
1240 1974 1353 2002 Photius
1366 1976 1433 2012 (54),
1448 1985 1527 2012 quem
1550 1978 1582 2005 ad
1600 1977 1671 2006 Noe-

888 2041 1055 2081 nianoldata,
1069 2041 1186 2081 Operum
1201 2050 1261 2078 pag.
1277 2043 1326 2070 211
1346 2049 1373 2072 et
1390 2052 1466 2080 seqq.
1492 2047 1590 2080 saepius
1603 2047 1671 2074 cita-

888 2080 921 2103 ιω
935 2077 1073 2104 editionis.

923 2111 980 2146 (25)
1000 2111 1092 2139 Cauon
1113 2112 1266 2147 hujusmodi
1283 2118 1325 2140 est
1342 2113 1358 2140 8
1375 2115 1400 2141 in
1418 2119 1482 2141 tom.
1498 2114 1519 2141 ll
1537 2115 1670 2142 Concilio-

888 2154 947 2173 rum
964 2155 1025 2181 pag.
1041 2147 1075 2174 55
1089 2148 1153 2175 edit.
1165 2147 1271 2175 Venetae
1283 2149 1346 2175 anni
1361 2149 1439 2177 1728.

922 2182 979 2215 (26)
1000 2182 1027 2217 In
1044 2183 1114 2209 notis
1128 2183 1160 2210 ad
1177 2187 1258 2217 caput
1271 2183 1306 2210 45
1319 2184 1364 2211 lib.
1382 2192 1408 2211 vr
1423 2185 1494 2212 Hist.
1507 2186 1569 2212 eccl.
1587 2185 1670 2213 Euse-

888 2216 1044 2255 bii,p.512:
1059 2226 1067 2242 ι
1079 2218 1153 2255 Illum
1164 2216 1354 2255 ipsunt,_cujus
1371 2221 1472 2255 mentio
1489 2226 1530 2247 est
1545 2222 1571 2247 in
1590 2229 1670 2255 supc-

888 2252 945 2278 rius
967 2252 1048 2288 citata
1072 2253 1150 2287 epist.
1165 2253 1200 2280 55
1217 2252 1246 2280 S.
1261 2252 1389 2288 Cypriani
1407 2254 1448 2282 his
1467 2256 1556 2283 verbis
1571 2265 1576 2282 :
1595 2265 1603 2281 ι
1623 2252 1669 2283 Sic

889 2295 899 2312 ‹
914 2291 1002 2313 tamen
1017 2287 1152 2314 admissus
1164 2293 1204 2314 est
1220 2287 1394 2322 Trophimus,
1405 2294 1434 2316 ut
1449 2290 1534 2318 laicus
1542 2299 1668 2318 commu-

890 2331 899 2347 ι
915 2322 1067 2360 nicet,_non
1084 2323 1271 2360 quasidocum
1289 2324 1438 2360 sacerdotis
1451 2331 1571 2360 usurpet.
1585 2336 1594 2351 ι

923 2357 980 2394 (‘27)
999 2357 1082 2394 Tome
1099 2357 1141 2389 lll,
1154 2357 1236 2394 Notes
1253 2366 1300 2385 sur
1314 2359 1385 2394 saint
1400 2357 1543 2394 Corneille,
1562 2366 1624 2389 note
1640 2362 1667 2394 6,

887 2391 945 2428 Que
954 2392 1105 2428 :l'rophime
1121 2393 1192 2419 avait
1207 2392 1330 2425 idolﬁtré,
1345 2402 1371 2428 ιι.
1390 2394 1450 2421 740.

923 2427 1026 2465 (‘28)___ln
1050 2428 1123 2465 notis
1136 2428 1169 2465 _ad
1185 2429 1311 2465 superius
1322 2427 1435 2465 rcitatam
1454 2432 1532 2465 epist.
1550 2432 1566 2458 9
1581 2433 1665 2459 sancti

886 2462 1003 2489 Cornelii
1024 2463 1056 2489 ad
1079 2462 1202 2495 Fabium,
1218 2471 1278 2498 pag.
1298 2464 1359 2497 H9,
1378 2469 1432 2492 not.
1449 2462 1515 2499 πίει
1528 2475 1587 2502 pag.
1609 2468 1666 2500 ltiti,

887 2503 944 2524 1101..
960 2505 983 2524 s.

933 2532 977 2570 29)
998 2533 1026 2570 l_n
1045 2532 1217 2570 Bibliotheca,
1234 2534 1293 2560 cod.
1311 2542 1430 2568 cuxxu,
1448 2543 1476 2570 p.
1489 2536 1550 2563 414.

933 2567 977 2605 51))
999 2566 1082 2605 Tome
1096 2567 1139 2599 lll,
1149 2567 1230 2605 Notes-
1240 2577 1294 2605 sur
1310 2571 1381 2596 saint
1395 2566 1540 2605 Corneille,
1553 2576 1609 2599 not.
1622 2572 1664 2604 10,

887 2603 986 2639 surdus
1002 2602 1173 2639 ordinateurs
1188 2603 1220 2630 de
1238 2603 1378 2637 Novatien,
1395 2614 1420 2639 p.
1438 2606 1498 2633 742.

921 2637 1062 2698 (51ἒ-(ἐῧρ.
1082 2638 1108 2671 4,
1128 2638 1141 2673 §
1158 2639 1182 2670 7,
1207 2647 1232 2673 p.
1253 2639 1287 2666 44
1304 2644 1330 2666 et
1343 2637 1417 2675 seqq.
1434 2641 1496 2668 edit.
1511 2642 1665 2677 Argenlinaa

923 2680 948 2697 ιιι
991 2680 1008 2698 4-
1040 2692 1047 2698 .

886 2679 948 2697 anni
970 2679 1047 2698 ll-I-U.

922 2706 976 2741 (52)
998 2706 1123 2746 l_l_is_lor_i(e
1147 2707 1328 2736 ecclesiastica:
1343 2711 1388 2738 lib.
1407 2719 1442 2741 ιν,
1466 2719 1490 2738 c.
1506 2711 1550 2743 51,
1569 2719 1594 2746 p.
1613 2713 1664 2739 550

886 2741 973 2768 citattr.
985 2741 1120 2768 editionis.

921 2776 982 2837 ξῆδέ
996 2775 1061 2837 Iide
1076 2776 1190 2809 Bullum,
1210 2777 1311 2812 Dcfms.
1334 2780 1395 2813 ﬁdei
1409 2780 1534 2813 Νεειιυιατ,
1546 2787 1611 2809 sect.
1621 2791 1660 2813 Ill.

886 2819 909 2838 c.
925 2813 951 2840 ὅ,
969 2813 982 2840 ᾗ
996 2813 1022 2838 4.

1043 2847 1214 2881 Bilrliolltera,
1240 2849 1299 2876 cod.
1317 2856 1389 2882 cui,
1415 2858 1440 2884 p.
1458 2850 1529 2878 50:1:
1547 2860 1555 2877 ι
1572 2851 1661 2881 Refert
