1857 3051
222 121 272 148 M7

618 118 662 144 DE
683 116 878 145 PORTUENSI
899 117 928 144 S.
949 115 1129 144 HIPPOLYTI
1147 115 1243 143 SEDE.
1263 131 1295 135 —
1317 115 1405 143 PARS
1425 116 1445 142 Ι.

1784 116 1830 142 bis

222 182 312 208 tianos
337 181 441 206 tantum
466 178 631 213 productum
652 182 775 205 testatur.
793 177 852 205 Alia
876 178 957 206 etiam
973 178 1007 205 ab
1023 182 1044 208 Α
1060 177 1148 204 tuensi
1164 176 1283 203 Ecclesia
1309 176 1398 204 locum
1426 177 1525 204 habere
1549 177 1670 211 potuisse
1692 182 1777 210 aperte
1789 177 1831 203 de-

222 227 280 260 ipso
303 225 446 260 Hippolyto
460 224 550 251 minus
576 228 649 251 recte
670 224 793 258 exposita
816 225 1006 251 animadvertit

220 272 318 306 εεειιίιιε
344 271 442 298 citatus
468 275 563 297 auctor
582 269 704 303 Photius,
729 271 756 297 in
783 271 1005 305 interpretatione

220 317 348 350 Danielis,
366 320 393 344 et
415 315 550 351 praacipue
574 316 733 343 Antichristi
750 316 905 349 adventum,
923 324 1004 351 quem

220 362 248 390 S.
267 363 410 397 episcopus
434 362 653 397 quingentesimo
678 366 739 396 post
764 361 903 389 Christum
931 369 1004 389 anno

217 415 373 442 venturum,
390 415 417 437 et
433 410 648 445 quamplurimos
663 418 739 445 reges
759 410 1003 438 exterminaturum

216 456 365 489 dictitarit;
387 457 459 483 hunc
472 457 560 491 ipsum
576 456 658 483 etiam
676 456 816 491 scopulum
833 456 1003 484 oll‘enderunt

217 500 246 527 S.
262 501 388 533 lrenzeus,
404 500 572 532 Victorinus,
588 500 755 534 Lactantius,
771 502 871 536 aliique
884 509 916 529 ex
933 503 1003 530 anti-

215 546 356 581 quissimis
382 545 527 580 Patribus,
548 555 617 582 quos
645 547 736 574 laudat
761 547 907 576 Anselmus
934 548 1001 576 Tut-

214 599 274 621 teus
289 593 356 628 (55),
377 593 599 621 accuratissimus
613 593 730 628 Operum
746 594 774 621 S.
794 593 887 629 Cyrilli
903 594 1000 622 Hiero-

213 638 476 674 solymitanicditor.
490 638 558 665 Cum
571 639 653 673 igitur
666 639 746 671 hanc,
765 647 847 674 quam
870 640 904 667 de
927 640 1001 667 illius

214 686 321 720 scriptis
333 684 493 712 sententiam
506 683 556 711 fert
568 683 746 719 Nicephorus,
759 693 811 712 non
824 686 931 713 aliunde
945 687 998 719 ille,

213 737 242 758 ut
271 731 452 766 suspicamur,
480 739 561 766 quant
588 739 619 758 ex
642 730 731 758 Photii
758 731 931 765 Bibliotheca,
950 732 998 760 dc—

212 777 389 812 prompserit;
401 782 492 812 aperte
507 777 660 812 colligimus
676 777 776 804 nullam
793 777 872 804 ltobis
886 787 900 805 a
918 777 997 806 Nice-

211 823 297 857 phoro
311 823 471 858 conjiciendi
492 823 624 850 rationem
642 823 816 858 suppeditari,
829 831 882 859 qua
897 824 997 860 Hippo-

211 868 296 903 lytum
320 867 531 895 Novatianorum
549 873 701 895 commenta
725 877 844 903 unquam
867 870 997 904 probaSse

209 914 363 943 credamus.
380 914 499 942 Tandem
524 915 547 942 si
570 914 704 950 Hippolyti
732 919 758 941 et
782 914 995 944 Novatianorum

210 965 330 995 tempora
357 965 483 988 accurate
508 968 653 995 parumper
674 961 880 995 expendantur,
904 963 995 990 nullus

209 1012 303 1034 nostro
325 1006 434 1041 quidem
458 1006 561 1042 judicio
587 1006 727 1034 dubitandi
750 1007 826 1035 locus
849 1009 992 1042 supererit.

207 1053 274 1087 quin
290 1052 490 1080 sanctissimum
506 1051 633 1080 Ecclesiae
650 1052 754 1080 Patrem
768 1053 803 1080 ab
816 1054 890 1081 omni
904 1053 994 1082 Nova-

208 1104 289 1126 tlanze
312 1098 424 1126 haeresis
451 1098 607 1133 suspicione
628 1102 687 1125 tuto
707 1107 769 1126 cum
786 1099 922 1127 Ceillierio
937 1100 991 1136 (36)

208 1144 344 1171 vindicare
361 1144 507 1178 possimus,
523 1144 568 1178 qui
585 1148 712 1178 prieterea
731 1144 765 1171 ab
779 1145 851 1171 omni
864 1144 992 1173 Novatia—

207 1189 287 1217 nismi
305 1190 458 1224 suspicione
476 1189 648 1224 Hippolytum
666 1194 788 1217 nostrum
803 1191 884 1217 etiam
900 1199 933 1218 eo
944 1199 992 1226 po-

205 1234 341 1262 tissimum
354 1235 472 1263 vindicat
483 1240 651 1270 argumento,
665 1236 747 1270 quod,
762 1235 783 1263 si
799 1237 856 1271 ipse
870 1245 990 1272 unquam

205 1280 364 1309 Novatianis
381 1281 547 1315 adhaesisset,
565 1282 590 1309 id
612 1281 733 1316 profecto
748 1289 800 1309 non
819 1283 991 1313 reticuissent

206 1327 388 1360 schismatici;
405 1328 529 1362 quinimo
550 1333 654 1356 tantum
672 1328 761 1356 virum
779 1334 858 1358 secta:
872 1338 928 1358 suae
943 1340 990 1366 pa-

206 1377 313 1400 tronum
331 1373 478 1402 Catholicis
496 1379 688 1402 ostentassent.

205 1427 284 1456 XVII.
307 1429 481 1457 Prudentium
497 1435 548 1457 tres
559 1432 678 1492 iustarum
694 1431 850 1468 Hippolytus
862 1434 990 1468 con/lassa

517 1471 587 1492 oslen
609 1473 673 1492 ttur.

517 1471 673 1494 ostenditur.

238 1509 374 1539 Hactenus
393 1512 542 1547 praecipuas
566 1505 726 1549 magnorum
742 1515 860 1542 virorum
878 1521 987 1543 senten-
1002 1532 1023 1560 ε

203 1556 265 1589 tias,
281 1557 379 1591 quibus
405 1556 577 1592 Hippolytum
604 1566 618 1586 a
647 1558 794 1586 Prudentio
826 1560 985 1595 laudatum,

202 1601 360 1630 Portuensis
380 1603 422 1630 vel
439 1602 567 1630 Romana:
583 1603 710 1631 Ecclesiae
720 1606 887 1641 presbyterio
903 1607 988 1634 ascri-

202 1649 276 1680 bere,
293 1654 374 1683 atque
387 1655 402 1676 e
417 1656 495 1676 sacro
510 1648 700 1677 Portuensium
717 1651 906 1686 episcoporum
926 1653 988 1681 albo

201 1695 290 1721 delere
303 1695 392 1722 conati
405 1699 477 1727 sunt,
494 1695 521 1722 ni
538 1700 630 1723 nostra
649 1704 699 1724 nos
713 1697 781 1724 fallit
793 1698 895 1732 opinio,
910 1700 987 1734 peni-

201 1745 246 1768 tus
262 1740 415 1768 concidisse
428 1741 555 1774 vidimus,
570 1750 631 1769 cum
649 1747 676 1770 et
697 1748 848 1778 temporum
867 1745 946 1777 ratio,
961 1750 988 1772 et

201 1787 372 1814 sanctissima
387 1787 519 1822 majorum
533 1795 687 1816 nostrorum
702 1789 845 1823 diSt-iplina
860 1790 987 1826 Hippoly-

201 1838 258 1860 tum
271 1833 342 1860 hunc
356 1834 554 1870 presbyterum,
568 1842 615 1862 nec
628 1834 654 1861 in
669 1834 791 1862 Romana
817 1843 866 1863 nec
879 1836 905 1862 in
919 1836 986 1864 Por-

201 1926 299 1958 autem
308 1929 369 1948 cum
388 1921 439 1948 alia
464 1929 517 1949 non
532 1923 642 1958 o_mnlno
656 1923 750 1956 proba.
763 1927 820 1950 tum
837 1923 986 1958 Epistolam

201 1957 234 1984 ad
253 1956 379 1984 Hebraeos
395 1965 448 1984 non
466 1965 526 1984 esse
540 1956 616 1983 Pauli
632 1958 756 1991 apostoli,
774 1969 782 1983 ι
801 1963 854 1986 etc.

235 1991 292 2025 (55)
314 1992 341 2027 lin
357 1992 430 2027 notis
446 1992 477 2018 ad
490 1992 630 2019 Cateches.
646 1993 690 2025 15,
709 2001 734 2027 p.
750 1993 812 2025 231,
828 1999 883 2022 not.
899 1996 931 2022 Α.

235 2026 296 2064 (ὂίξ)
313 2026 554 2064 Saintllippolyte,
570 2028 665 2064 evéque
687 2026 715 2054 et?
739 2033 850 2064 martyr,
874 2031 918 2058 ch.
937 2031 982 2062 27,

200 2068 265 2090 tom.
277 2062 308 2094 ll,
324 2070 349 2096 p.
365 2062 426 2098 57H).
442 2062 455 2098 §
471 2061 523 2089 δίε
533 2061 708 2095 Νοιτθεθίηι,
720 2071 753 2090 au
764 2061 909 2097 contraire,
919 2061 985 2093 était

200 2098 233 2125 né
247 2098 315 2134 dans
332 2097 355 2134 la
371 2097 466 2134 Grece,
483 2098 502 2134 il
515 2097 581 2124 était
598 2097 710 2132 évéque,
727 2103 753 2125 et
768 2107 800 2126 ne
816 2101 870 2134 prit
883 2101 983 2134 jamais

200 2134 223 2160 le
243 2133 310 2167 parti
326 2133 373 2159 des
394 2132 559 2165 Novatiens;
586 2137 739 2160 autremcnt
761 2132 984 2163 ces'scltisniati~

199 2176 266 2203 ques
280 2167 431 2194 n‘auraient
455 2176 502 2201 pas
522 2167 639 2202 manqué
653 2168 686 2196 de
703 2169 758 2195 s’en
775 2169 842 2197 faire
857 2171 983 2198 honneur

198 2202 271 2230 etde
295 2210 324 2230 se
340 2202 472 2237 prévaloir
488 2203 521 2229 de
544 2210 574 2229 ce
590 2204 673 2237 qu‘un
701 2203 808 2231 homme
831 2206 854 2232 si
877 2205 983 2233 celebre
998 2203 1022 2232 D

199 2247 247 2273 par
263 2246 293 2265 sa
312 2239 418 2265 science
429 2243 456 2265 et
468 2245 516 2272 par
533 2245 562 2265 sa
578 2242 653 2265 vertu
669 2239 757 2266 aurait
769 2240 908 2269 embrassé
924 2242 982 2268 leur

217 2279 278 2301 arlt.
295 2283 303 2298 ι

428 2308 456 2341 4,
475 2316 502 2335 v.
521 2307 564 2341 l7,
580 2316 641 2344 pag.
659 2308 721 2342 121,
738 2309 802 2337 edit.
820 2310 983 2347 Antwerpiae

199 2351 263 2370 ιιηιιι
280 2351 290 2369 ‘I
297 2351 330 2369 Ol)
338 2351 348 2368 Ι-
367 2363 373 2369 .

302 2378 370 2413 ripa
386 2377 517 2413 Carthago
535 2382 579 2404 tua
594 2383 692 2412 promet
708 2387 778 2413 ossa,

304 2411 355 2438 Ore
370 2411 629 2447 fucundo'Cypria'ne
644 2414 754 2444 doctor;

303 2446 425 2474 Corduba
442 2446 574 2474 Acisclum
589 2448 673 2481 dabit,
686 2455 709 2476 et
722 2450 842 2477 Zoellum

339 2482 450 2517 Tresque
468 2491 587 2510 coronas.

198 2517 295 2556 Utrum
321 2517 362 2556 his
384 2518 473 2556 verbis
497 2517 658 2556 Prudentius
672 2519 740 2547 duos
757 2520 816 2547 illos
831 2520 982 2556 Cypriauos

196 2552 359 2590 contuderit.
376 2552 439 2590 aliis
461 2553 644 2590 iudicandum
661 2552 980 2590 relinquimusfllypria-

197 2595 260 2613 num
279 2587 477 2614 Antiochennm
501 2596 608 2623 magum
633 2588 716 2616 fuisse
732 2587 917 2617 certissimum
940 2596 981 2618 est

196 2627 222 2660 et
247 2623 387 2660 docto-rem
415 2629 611 2660 nuncupatum,
628 2625 673 2658 qui
691 2624 826 2652 Justinam
845 2625 978 2660 virginem

197 2657 223 2682 in
239 2657 344 2694 Agladii
359 2665 477 2694 amorem
493 2657 604 2694 magicis
619 2657 722 2686 artibus
747 2661 865 2687 excitare
889 2657 980 2688 tenta-

196 2691 342 2730 verat.__De
362 2693 447 2730 ipsius
467 2691 645 2730 conversione
660 2699 686 2720 et
704 2695 833 2730 martyrio
849 2695 981 2723 videndus

196 2726 256 2766 Atio
274 2727 317 2753 die
332 2735 394 2766 xx_VI
414 2727 589 2766 Septembtjs,
607 2733 638 2766 et.
652 2734 723 2766 nota:
740 2726 871 2766 deinici
889 2730 980 2766 Giorgi

197 2763 229 2799 ad
246 2761 416 2799 ipsa_m_oiem
434 2761 495 2798 pag.
509 2763 571 2796 497,
595 2764 640 2798 qui
663 2764 790 2799 observat
812 2765 845 2791 ab
866 2761 980 2799 ipsorum

197 2796 326 2832 Gregorio
334 2796 503 2825 Nazianicno
512 2796 685 2826 cotnmistum
697 2798 791 2831 luisse,
803 2796 925 2827 oratione
935 2801 978 2832 18,

198 2831 360 2868 Cyprianum
383 2833 625 2870 Carthaginenscm
652 2841 713 2862 cum
736 2835 871 2870 Cypriane
884 2836 979 2864 Antio-

1057 227 1218 250 monstrent.
1246 221 1348 250 Eodem
1373 222 1456 250 etiam
1479 226 1558 257 pacto
1581 223 1752 257 rejiciendam
1777 231 1831 250 esse

1055 272 1174 299 diximus
1189 271 1352 306 peculiarem
1367 271 1438 297 illam
1454 269 1566 298 Joannis
1581 269 1666 305 Langi
1677 279 1710 298 ac
1724 269 1829 297 Fronto-

1054 317 1098 344 nis
1124 317 1213 344 Ducaai
1238 318 1272 344 de
1299 316 1442 351 Hippolyto
1458 316 1655 351 conjecturam,
1673 324 1725 351 qua
1752 317 1830 344 diser.

1054 363 1190 390 tissimum
1208 363 1467 397 sanctissimumque
1483 361 1608 389 Ecclesiae
1620 361 1724 390 Patrem
1739 363 1764 389 in
1780 361 1830 388 No-

1053 411 1224 436 vatianorum
1247 410 1346 437 castris
1370 409 1501 436 militasse
1517 409 1628 441 dicunt;
1654 413 1749 443 praeter
1763 411 1829 436 enim

1053 461 1173 482 veterum
1187 455 1307 482 omnium
1331 455 1494 489 scriptorum
1511 455 1544 482 de
1561 454 1694 490 Hippolyti
1712 454 1830 482 Novati:-

1052 502 1142 529 nismo
1169 501 1323 534 silentium,
1347 501 1432 536 ipsius
1457 505 1522 528 aetas
1543 509 1604 528 cum
1628 500 1830 528 Noratianorum

1053 547 1220 581 temporibus
1232 546 1303 574 haud
1318 547 1446 582 conjungi
1460 551 1558 581 potest.
1578 545 1671 581 Neque
1685 547 1769 581 ipsius
1782 547 1829 573 dos

1051 593 1137 620 ctrina
1154 593 1303 628 quidquam
1325 600 1387 620 cum
1404 593 1639 620 schismaticornm
1657 593 1768 620 somniis
1783 593 1829 619 ha-

1051 638 1109 666 buit
1123 646 1278 667 commune.
1293 638 1462 674 Quapropter
1482 646 1541 666 cum
1558 638 1721 666 Prudentius
1736 639 1830 673 hymno

1050 692 1101 712 suo
1119 684 1292 720 Hippolytum
1317 686 1502 721 presbyterum
1530 684 1707 712 Novatianum
1733 685 1826 717 laudet,

1049 737 1130 766 atque
1145 732 1183 759 illi
1198 732 1318 767 episcopi
1331 737 1357 759 et
1371 732 1521 768 presbyteri
1542 736 1632 767 partes
1648 739 1702 759 uno
1724 732 1829 759 eodem-

1048 787 1100 813 que
1121 783 1240 813 tempore
1266 779 1408 813 perspicue
1434 778 1549 810 tribuat;
1575 785 1656 804 nemo
1681 785 1733 805 non
1761 778 1829 804 videt

1049 832 1176 858 magnum
1200 823 1346 852 Baronium
1370 824 1441 851 haud
1464 823 1584 858 iniquam
1600 824 1633 851 de
1647 824 1705 859 ipso
1725 829 1829 851 senten-

1013 861 1111 897 Btiam
1140 871 1243 904 tulisse,
1262 871 1326 898 dum
1354 875 1409 898 tres
1436 870 1594 907 Hippolytos
1622 871 1648 897 in
1674 878 1758 897 unum
1780 871 1828 897 hcc

1046 916 1166 943 carmine
1182 916 1216 943 ab
1232 916 1326 943 eodem
1345 915 1474 943 confusos
1489 915 1687 943 animadvertit.
1703 915 1829 949 Quamvis

1045 962 1117 989 enim
1143 962 1307 997 exquisitam
1322 961 1485 997 pientissimi
1512 966 1597 997 poetae
1609 961 1774 997 diligentiam
1791 971 1828 989 re

1045 1012 1115 1035 101⁷08
1134 1016 1166 1035 ac
1190 1008 1355 1035 recentiores
1378 1009 1525 1042 SCI‘lplOI'CS
1548 1016 1602 1035 uno
1623 1016 1670 1035 ore
1695 1016 1829 1035 commen-

1044 1054 1118 1087 dent,
1133 1057 1222 1081 tamen
1237 1061 1299 1080 cum
1313 1053 1469 1088 hujusmodi
1485 1054 1569 1081 naevis
1585 1055 1637 1081 alia
1649 1054 1729 1080 etiam
1747 1054 1829 1088 ipsius

1043 1099 1164 1126 carmina
1195 1107 1320 1134 respersa
1347 1108 1408 1127 esse
1428 1105 1563 1132 ~constet,
1593 1100 1719 1134 colligere
1744 1100 1828 1134 juvat,

1043 1143 1144 1177 ipsum,
1165 1144 1229 1171 dum
1254 1143 1390 1180 Hippolyti
1414 1145 1455 1171 sui
1481 1144 1574 1172 laudes
1595 1145 1705 1177 cecinit,
1728 1145 1828 1179 aliquid

1043 1189 1154 1216 humani
1166 1197 1276 1224 passum
1292 1189 1377 1217 fuisse
1391 1197 1423 1217 ac
1437 1190 1542 1223 eodem,
1562 1198 1616 1225 quo
1631 1190 1658 1217 in
1676 1190 1730 1217 alio
1747 1191 1829 1225 ipsius

1042 1235 1154 1270 hymno,
1171 1235 1341 1263 confusionis
1366 1235 1431 1263 vitio
1457 1236 1606 1269 laborasse,
1624 1236 1651 1263 in
1665 1244 1719 1271 quo
1734 1236 1762 1263 S.
1780 1236 1828 1271 Cy-

1040 1281 1177 1316 prianum,
1193 1281 1399 1309 celeberrimum
1411 1282 1486 1309 illum
1501 1290 1533 1309 ac
1551 1282 1724 1309 notissimum
1740 1281 1828 1308 Eccle-

1041 1327 1088 1354 siae
1102 1326 1210 1354 Patrem
1224 1326 1292 1361 (57),
1313 1335 1375 1354 cum
1397 1326 1532 1362 Cypriane
1549 1326 1718 1353 Antiocheno
1734 1326 1830 1353 confu-

1040 1373 1089 1404 dit,
1107 1380 1187 1408 quem
1203 1380 1312 1408 magum
1330 1372 1415 1400 luisse
1430 1373 1573 1407 perhibent
1586 1372 1656 1404 Ado,
1677 1371 1828 1404 Usuatdus,

1039 1418 1183 1452 Notkerus,
1206 1419 1358 1453 caeterique,
1373 1423 1400 1446 et
1422 1419 1501 1452 cujus
1519 1418 1579 1446 lidei
1596 1418 1735 1446 confessio
1759 1420 1829 1446 edita

1038 1464 1199 1499 plerumque
1224 1464 1322 1498 legitur
1345 1464 1379 1491 ad
1405 1464 1505 1491 calcem
1531 1462 1649 1498 Operum
1675 1463 1704 1490 S.
1721 1463 1830 1499 Cypria-

1040 1509 1068 1536 ni
1084 1510 1153 1545 (58),
1172 1513 1254 1545 atque
1271 1510 1356 1545 ipsius
1372 1510 1438 1537 Acta
1462 1510 1598 1545 aliquibus
1623 1511 1723 1538 abhinc
1749 1512 1828 1537 annis

1039 1555 1160 1590 vulgavit
1185 1555 1361 1583 doctissimus
1387 1556 1537 1583 monachus
1552 1555 1713 1583 Edmundus
1730 1556 1829 1583 Marte-

1038 1609 1072 1628 ne
1089 1601 1156 1636 (39).
1172 1600 1201 1628 S.
1218 1601 1324 1628 Sixtum
1339 1600 1492 1628 Romanum
1517 1601 1672 1635 pontilicem
1699 1602 1774 1629 cruci
1790 1602 1831 1628 at.

1039 1648 1120 1673 lixum
1140 1647 1211 1673 idem
1224 1646 1388 1673 Prudentius
1404 1646 1474 1673 dixit
1489 1646 1557 1682 (40),
1573 1654 1655 1682 quem
1670 1647 1829 1675 luculentis-

1038 1691 1108 1719 εἰ(ηο
1129 1691 1157 1718 S.
1173 1692 1301 1727 Cypriani
1317 1692 1372 1727 (41)
1399 1692 1565 1725 testimonio,
1591 1692 1681 1727 gladio
1704 1694 1829 1720 animad~

1038 1745 1139 1764 versum
1154 1738 1267 1765 scimus.
1281 1737 1328 1764 His
1341 1737 1421 1772 igitur
1434 1737 1592 1772 praemissis,
1605 1737 1642 1764 nil
1657 1737 1758 1764 mirum
1774 1739 1831 1765 cui.

1038 1784 1108 1818 piam
1123 1791 1183 1811 esse
1195 1784 1283 1816 debet,
1297 1786 1368 1819 quod
1387 1784 1523 1811 maximus
1537 1783 1734 1811 Ecclesiastica'
1750 1786 1830 1811 histo-

1038 1831 1084 1857 τίω
1099 1838 1196 1865 parcns
1212 1831 1399 1858 vetustissimo
1422 1830 1485 1857 licet
1506 1837 1538 1857 ac
1563 1830 1747 1857 disertissimo
1763 1840 1829 1857 scn-

1036 1929 1134 1960 eheno,
1147 1929 1224 1963 juxta
1240 1928 1349 1956 Baronii
1367 1931 1541 1958 sententiam.
1557 1931 1707 1960 Adeundus
1722 1932 1828 1961 Usuar-

1035 1965 1087 1991 dus
1106 1965 1201 1991 eadem
1225 1964 1279 1995 die.
1294 1970 1320 1991 et
1336 1964 1456 1993 Solerius
1471 1967 1497 1993 in
1514 1967 1585 1993 notis
1604 1971 1671 1994 tom.
1691 1968 1736 1994 VII
1753 1977 1830 1996 men-

1036 1999 1074 2037 sis
1088 1998 1173 2037 Junii,
1198 2007 1224 2034 p.
1239 2000 1302 2032 558,
1317 1999 1451 2028 Nolkerus
1471 2001 1563 2037 eadem
1589 2002 1633 2029 die
1654 2004 1725 2037 apud
1745 2004 1827 2031 Cani-

1035 2035 1105 2061 sium
1119 2034 1252 2061 Thesauro
1264 2041 1490 2072 mortumentorum
1503 2034 1756 2069 ecclesiasticarum,
1768 2045 1788 2066 ι.
1798 2040 1828 2072 ll,

1034 2073 1103 2107 part.
1126 2078 1176 2107 qm,
1199 2077 1260 2105 pag.
1287 2070 1354 2103 £76;
1375 2070 1592 2105 Wandclbertus,
1609 2073 1656 2107 qui
1673 2073 1733 2101 haec
1749 2075 1784 2102 de
1799 2070 1832 2102 ui

1035 2105 1145 2139 scripsit
1161 2113 1168 2131 :

1104 2139 1185 2177 S_exto
1199 2145 1300 2177 martyr
1311 2145 1370 2177 orat
1383 2140 1543 2177 Cyprianus,
1555 2142 1628 2176 virgo
1643 2143 1723 2177 beata

1105 2175 1188 2211 Quem
1201 2175 1309 2202 Justina
1328 2176 1374 2202 Dei
1387 2176 1447 2210 fecit
1458 2175 1610 2211 cognoscere
1621 2175 1744 2211 regnum,

1104 2210 1214 2236 Artibus
1226 2211 1327 2238 insanis
1342 2213 1447 2238 tandem
1463 2210 1591 2246 furiisque
1605 2210 1719 2240 relictis.

1031 2255 1108 2293 apud
1138 2255 1409 2293 Dacheljiispieileg.
1436 2261 1501 2285 tom.
1522 2257 1554 2290 ll,
1579 2266 1607 2293 p.
1625 2259 1671 2292 55,
1687 2260 1736 2287 cit.
1757 2260 1825 2287 edit-

1032 2291 1120 2318 Paris.
1138 2291 1202 2318 anni
1219 2291 1297 2318 1725.

1069 2326 1125 2358 (58)
1145 2325 1210 2361 Pag.
1230 2327 1264 2354 54
1278 2327 1344 2354 edit.
1360 2326 1470 2355 Oxonii.

1067 2360 1134 2422 (59L
1145 2360 1276 2388 Thesauro
1291 2371 1354 2389 novo
1365 2362 1561 2395 anecdotorum,
1574 2368 1639 2390 tom.
1649 2364 1695 2397 lll,
1709 2373 1737 2400 p.
1749 2365 1829 2396 {623,

1067 2397 1096 2422 it.
1137 2396 1226 2422 utalia!
1250 2396 1418 2422 Parisiorum
1440 2398 1502 2422 anni
1522 2398 1600 2422 ΗΠ.
1619 2399 1735 2422 lem-iui:
1764 2407 1827 2422 ςιιιιι

1031 2396 1096 2423 edit.
1113 2396 1226 2434 Lutetia:
1250 2396 1418 2434 Parisiorum
1432 2398 1502 2434 anni
1522 2398 1600 2429 1717.
1618 2396 1736 2434 legenda
1764 2407 1829 2427 sunt

1031 2439 1062 2468 ea
1074 2439 1135 2468 qum
1147 2431 1226 2458 docte
1234 2432 1349 2468 quidem
1363 2433 1389 2459 in
1406 2433 1592 2460 admonitione
1607 2431 1712 2468 prima
1728 2437 1764 2462 all
1782 2444 1829 2462 ea-

1030 2466 1091 2504 dem
1103 2466 1166 2504 Acta
1176 2467 1376 2504 eruditissimus
1385 2469 1535 2495 monachus
1544 2466 1699 2504 adnotavit,
1709 2479 1737 2504 p.
1747 2471 1826 2499 1618.

1189 2502 1222 2529 de
1239 2501 1267 2529 S.
1283 2502 1420 2538 Cypriano
1434 2503 1561 2539 illiusque
1575 2503 1636 2531 lidci
1649 2501 1828 2533 confessione

1042 2545 1048 2563 ι
1095 2557 1101 2562 ,
1171 2556 1178 2562 .

1042 2542 1178 2563 labentur.

1066 2571 1121 2607 (40)
1142 2571 1221 2607 Hym.
1237 2572 1265 2604 Ξ,
1280 2572 1313 2600 de
1329 2572 1357 2600 S.
1377 2572 1534 2607 Laurentio,
1548 2582 1575 2601 v.
1590 2574 1636 2607 2i,
1655 2582 1684 2610 ρ.
1700 2575 1737 2603 99
1751 2584 1759 2603 :

1155 2615 1222 2643 Fore
1236 2617 1290 2644 [nec
1306 2618 1427 2645 sacerdos
1442 2619 1548 2646 dixerat

1151 2650 1214 2687 {am
1231 2651 1325 2679 Xistus
1341 2653 1434 2687 afﬁxus
1449 2655 1532 2686 cruci,

1152 2685 1326 2714 Laurentium
1339 2685 1447 2721 lléntem
1458 2685 1548 2716 videns

1153 2721 1246 2748 Crucis
1264 2722 1310 2749 sub
1324 2723 1380 2757 ipso
1394 2724 1492 2758 stipite.

1067 2765 1122 2805 (μ)
1136 2765 1221 2801 Epist.
1238 2767 1283 2799 80,
1296 2768 1431 2805 Successo
1445 2768 1533 2801 fratri,
1544 2778 1604 2805 pag.
1617 2771 1670 2798 533
1683 2773 1732 2799 cit.
1744 2772 1828 2799 edim

1034 2811 1043 2826 ι
1064 2801 1170 2828 Xistum
1187 2806 1276 2829 autem
1295 2803 1321 2830 in
1337 2805 1493 2832 caemeterio
1509 2801 1733 2834 animadversum
1750 2807 1834 2836 scine-

1033 2837 1067 2864 tis
1084 2843 1179 2864 octavo
1195 2836 1291 2865 Iduum
1308 2839 1490 2874 Augustarum
1504 2840 1559 2867 die.
1573 2851 1584 2866 ι
