1857 3051
43 111 80 138 sit)

405 108 449 135 DE
465 109 659 137 PORTUENSI
679 110 708 137 S.
729 109 908 137 HlPPOLYTI
930 108 1025 136 SEDE.
1047 123 1080 129 —
1099 109 1188 136 PARS
1207 109 1227 136 1.

1561 111 1613 139 ‘50

43 168 93 204 ptori
106 164 258 194 confusionis
272 169 361 192 notam
375 165 512 198 inusserit,
526 174 558 194 ac
578 167 663 201 ipsius
681 167 714 194 de
727 167 778 194 hac
785 170 815 198 *Α
829 175 887 194 rum
904 166 1046 194 consilium
1075 167 1228 201 improbare
1243 166 1285 194 his
1300 167 1388 195 verbis
1412 167 1612 202 quodaminodo

43 222 62 240 re
72 211 209 240 sententiam
226 210 308 237 secuti
330 211 383 238 sint
404 219 455 238 non
473 212 580 239 obscuri
597 212 715 239 nominis
729 213 781 238 viri

42 257 172 284 Laurentius
184 255 214 282 de
229 255 253 282 la
268 255 349 283 Barre
359 255 533 291 (42),Caspar
544 256 780 292 Sagittariusﬂl’a),

41 302 132 328 Joannes
146 300 283 327 Bollandus
298 300 364 335 (44),
388 301 542 336 Stephanus
557 303 582 329 le
599 302 694 338 Moyne
713 303 780 338 (45),

41 347 165 380 Stephanus
181 345 402 373 Cammulhardus
420 346 485 381 (46),
501 347 714 382 Cliristophorus
722 348 782 375 Cel-

41 393 103 420 larius
129 392 189 427 (17),
212 397 238 418 et
258 392 367 419 demum
396 391 512 421 Jacobus
542 393 692 428 Basuagius
713 394 780 429 (48),

40 447 127 474 quorum
141 438 231 473 singuli
249 443 302 466 tres
319 438 474 474 Hippolytus
490 440 517 466 in
532 448 614 469 unum
628 448 643 467 a
657 440 782 467 Pruden-

39 486 65 511 tio
79 485 189 513 confusos
206 485 273 512 miro
296 485 391 513 docent
405 494 548 514 consensu.
565 486 597 513 Et
612 495 703 514 revera
719 495 780 514 cum

39 536 108 558 sancta
130 531 171 558 Dei
195 531 314 559 Ecclesia
338 539 367 558 ex
384 533 478 565 variis,
495 540 564 568 quos
577 533 641 560 colit
654 533 782 569 Hippoly-

37 578 69 609 tis,
83 577 227 606 celebriores
242 583 295 606 tres
319 578 395 606 fastis
420 579 477 607 suis
501 579 651 615 descriptos
673 581 780 614 habent,

38 624 123 650 militem
143 632 232 658 nempe
256 623 284 652 S.
300 625 437 653 Laurentii
460 627 575 659 socium,
597 627 780 663 presbyterum

38 668 209 701 Autioelicuum,
231 674 257 697 et
279 671 433 705 episcopum
459 677 594 706 nostrum,
610 677 691 707 atque
713 673 781 700 istos

36 715 112 742 eximio
131 717 205 743 etiam
227 717 301 744 cultu
328 718 398 752 apud
419 726 513 746 omnes
536 719 668 754 pleneque
690 725 783 755 gentes

37 760 123 788 donatos
135 766 243 794 constet,
255 762 327 789 haud
337 762 443 789 dillicile
453 762 504 790 fuit
519 762 664 790 Prudentio
678 763 781 791 homini

35 809 104 831 extero
126 809 175 833 tres
197 806 264 834 istos
280 806 448 842 Hippolytus,
463 816 495 835 ex
512 808 668 843 vulgaribus
683 808 781 837 Roma-

36 858 109 877 norum
123 851 328 883 narrationibus,
345 852 371 879 in
388 861 472 880 unum
489 853 615 881 conﬂare.

59 895 206 932 Hippolytum
224 897 336 924 militem
350 896 377 924 S.
400 897 538 926 Laurentii
552 899 655 926 socium
671 899 697 926 in
722 907 782 926 san-

35 946 64 968 cta
77 941 114 968 Dei
125 942 237 970 Ecclesia
253 944 457 971 celeberrimum
472 944 557 972 fuisse
571 953 604 972 ex
617 953 649 972 eo
657 946 782 980 colligere

33 988 97 1020 juvat,
111 989 173 1023 quod
187 990 271 1023 ipsius
285 998 338 1017 non
358 990 437 1017 modo
456 990 632 1018 vetustissimi
651 992 783 1018 memine-

35 1033 73 1058 rint
83 1033 208 1067 scriptores
220 1039 303 1068 atque
319 1041 424 1066 omnes,
441 1038 574 1069 quotquot
592 1038 696 1061 exstent
711 1042 783 1061 mar-

36 1079 130 1113 lyrtlugi,
139 1087 227 1106 verum
240 1080 322 1106 etiam
335 1080 396 1114 quia
410 1081 437 1106 in
453 1080 642 1107 vetustissimis
656 1079 783 1107 Ecclesia:

35 1123 131 1159 liturgiis,
153 1125 277 1159 precibus
288 1147 295 1157 ,
309 1126 419 1160 aliisque
436 1127 635 1159 monumentis,
655 1127 782 1162 martyris

35 1169 121 1204 hujusce
137 1171 230 1205 szepius
260 1177 386 1198 occurrat
416 1172 557 1198 memoria.
584 1171 623 1198 Ex
646 1172 782 1199 veteribus

34 1215 66 1248 qui
80 1215 235 1252 Hippolytum
250 1217 364 1244 militem
383 1217 538 1248 laudarunt,
557 1218 636 1252 primi
654 1218 781 1245 censendi

34 1266 79 1287 sunt
89 1263 251 1290 vetustissimi
275 1263 331 1290 duo
355 1263 481 1298 anonymi
494 1283 501 1294 ,
516 1270 632 1298 quorum
655 1264 735 1290 ambo
752 1263 780 1290 S.

34 1304 140 1333 Laurentii
155 1308 245 1336 laudes
253 1309 402 1342 prosecuti,
416 1308 587 1345 Hippolytum
600 1309 684 1344 ipsius
696 1309 782 1344 primo

33 1352 151 1385 custodem,
166 1362 227 1381 mox
253 1359 280 1381 et
307 1354 427 1389 martyrii
445 1355 547 1381 socium
570 1355 726 1382 illaudatnm
742 1355 783 1381 di-

34 1397 113 1424 mittere
126 1399 277 1426 noluerunt.
296 1398 396 1426 Horum
413 1400 549 1434 antiquior
571 1400 723 1427 censendus
742 1403 783 1426 est

33 1442 71 1473 ille,
84 1444 150 1478 cujus
160 1453 248 1472 sermo
263 1446 292 1472 in
309 1445 363 1480 (49)
378 1445 511 1480 prioribus
527 1445 555 1472 S.
574 1446 716 1481 Augustini
726 1446 778 1473 edi-

32 1488 124 1517 tionibus
135 1491 196 1518 tanti
213 1490 305 1518 Patris
322 1499 419 1518 nomen
441 1499 495 1525 pra:
511 1499 539 1518 se
559 1491 678 1524 ferebat,
701 1500 781 1526 quem

31 1537 170 1568 postmodum
194 1537 351 1565 Bernardus
380 1537 537 1572 Vindiugius
551 1538 620 1573 (50),
642 1538 782 1573 theologus

31 1581 223 1615 Augustiuianus,
249 1583 287 1610 ob
302 1583 362 1618 styli
372 1584 553 1611 diversitatem
570 1584 715 1618 Augustini
728 1593 782 1612 non

30 1634 73 1653 esse
83 1629 185 1656 censuit.
201 1629 341 1665 Vindingii
355 1638 497 1658 censuram
510 1631 594 1657 secuti
609 1636 673 1658 sunt
683 1631 784 1658 doetis-

31 1673 76 1700 simi
95 1677 208 1703 mouachi
225 1676 443 1711 congregationis
463 1676 491 1703 S.
508 1675 612 1708 Mauri,
629 1677 676 1712 qui
699 1685 782 1704 acea--

31 1719 138 1748 tutissime
152 1721 178 1749 S.
191 1721 339 1757 Augustini
350 1722 437 1756 Opera
453 1722 604 1754 ediderunt,
627 1723 690 1750 dum
712 1723 784 1750 hunc

31 1771 152 1794 sermonem
169 1768 195 1795 in
209 1767 361 1803 appendiee
373 1768 407 1795 ad
426 1773 529 1795 tomum
542 1768 563 1794 V
574 1769 699 1796 locarunt
714 1769 782 1804 (51).

29 1809 54 1836 At
66 1819 136 1847 nuper
146 1813 264 1842 Joannes
279 1813 374 1841 Pinius
385 1813 451 1848 (5‘2),
468 1814 624 1842 eorumdem
636 1815 782 1842 monacho-

797 854 817 880 Β

796 1525 816 1551 C

56 1890 100 1925 (42)
115 1890 180 1919 Hist.
194 1893 257 1919 crit.
276 1896 328 1919 uel.
348 1890 406 1918 PP.
424 1891 451 1917 ili
469 1891 541 1918 notis
555 1890 589 1917 ad
607 1890 782 1925 Μᾶκερ-0109.

30 1925 118 1962 Adonis.
131 1935 189 1962 pag.
206 1928 270 1954 551.

55 1961 100 1996 (15)
115 1960 148 1988 De
165 1960 280 1989 cruciat.
292 1965 415 1995 martyr.,
426 1968 486 1995 cap.
499 1960 556 1996 7172,
567 1967 627 1996 pag.
644 1960 705 1987 141.

55 1995 99 2030 (Η)
112 1996 155 2025 Die
177 2005 231 2024 xxx
254 1996 398 2027 Januarii,
416 2001 469 2023 tom
499 1995 603 2030 liiAct.
627 2001 783 2030 sanctorum

334 2031 412 2062 1027,
427 2031 491 2057 edit.
513 2029 618 2057 Venetae
640 2038 686 2056 an.
703 2029 782 2057 1754.

33 2063 138 2093 IRecitat
158 2063 253 2094 eadem
273 2063 386 2101 (nempe
408 2065 548 2101 Prudentii
567 2065 653 2101 dicta)
668 2065 785 2101 cerru-V

33 2074 138 2093 Iuecuat
158 2074 253 2094 eadem
273 2074 351 2099 (nem
408 2074 548 2093 rruucnui
567 2074 653 2101 uteta)
668 2074 700 2092 ex
717 2074 783 2091 rru-

30 2100 99 2127 demio
110 2101 246 2134 Baronius,
268 2107 336 2128 tom.
349 2074 467 2133 marino
486 2100 538 2126 255
551 2120 558 2131 ,
581 2108 656 2126 num.
676 2100 720 2132 54,
738 2100 783 2126 ubi

31 2140 84 2161 recte
96 2137 281 2164 animadvertit
294 2143 308 2162 a
318 2135 466 2162 Prudentio
480 2140 533 2162 tres
545 2135 702 2170 Hippolytus
714 2143 782 2161 mar-

31 2171 119 2202 lyresiu
135 2177 215 2198 unum
232 2171 359 2201 conﬂari,
380 2171 451 2197 hunc
476 2170 660 2205 presbyterum
686 2170 784 2196 Aulio-

30 2205 131 2236 ebenum.
144 2207 257 2233 militem
276 2205 428 2233 Romanum
456 2205 501 2238 qui
522 2204 570 2231 xui
586 2204 700 2239 Augusti
721 2205 783 2231 coli-

32 2242 70 2277 ιιι),
84 2244 157 2275 atque
171 2242 331 2276 episcopum
359 2241 533 2268 l'ortueusem
554 2240 599 2273 qui
620 2248 676 2266 mi
692 2239 786 2274 Augu-

30 2277 62 2299 Sll.
75 2283 82 2299 ι

56 2310 100 2346 (15)
116 2309 268 2346 Prolegom.
283 2311 316 2346 ad
333 2309 394 2337 Var.
413 2319 495 2343 scen,
508 2310 555 2338 fol.
572 2310 616 2346 51.

56 2344 102 2380 μδ)
116 2345 141 2372 ln
154 2343 225 2374 not'is
240 2347 276 2373 ad
292 2345 478 2377 Prudentium,
497 2353 556 2380 pag.
572 2345 635 2374 279,
648 2351 724 2371 num.
743 2343 767 2370 7.

57 2379 101 2415 (ii)
116 2382 140 2407 ln
155 2382 226 2408 notis
237 2381 271 2408 ad
294 2381 421 2415 hymnum
432 2379 576 2415 rPrItdeutii
594 2381 633 2406 11.

42 2414 101 2453 ,(18)
113 2412 348 2453 Animadversiou.
370 2416 403 2442 de
427 2414 456 2441 S.
482 2415 634 2453 Hippolyto,
649 2413 662 2448 §
675 2413 701 2445 5,
717 2412 787 2453 apud

32 2446 146 2476 Cauisium
163 2451 293 2478 Thesaur.
309 2455 499 2476 monumentor.
515 2446 684 2476 ὲέειιιζςίαειῐε.
708 2453 731 2474 et
748 2447 789 2473 Iti-

32 2487 91 2521 ξιον..
104 2489 164 2521 toni.
178 2486 199 2518 1,
217 2494 281 2521 pag.
294 2485 310 2521 4
321 2485 367 2521 cit.
383 2485 462 2521 edit.:
491 2494 500 2510 ι
518 2484 586 2512 Cum
601 2484 683 2521 enim_
698 2483 789 2517 plures

32 2515 112 2556 iuerint
129 2515 276 2556 Hippoiyti,
298 2520 375 2556 facile
390 2519 445 2556 Heri
470 2520 599 2556 potuitrut
611 2515 713 2556 omnia,
729 2525 790 2551 qua:

33 2553 100 2592 tribus
114 2553 306 2590 aut—quatuor
325 2555 445 2592 ejusdem
469 2554 586 2592 nominis
610 2553 675 2592 viris
690 2560 790 2592 conve—

33 2588 129 2622 niebant,
143 2592 167 2616 in
184 2588 272 2618 unum
287 2590 465 2623 eamdemque
489 2588 653 2623 conjecerint
673 2588 788 2621 scripto-

33 2628 65 2648 res
76 2625 254 2652 ecclesiastici.
276 2634 285 2650 ι

58 2658 104 2697 (19)
121 2659 147 2687 In
167 2665 234 2687 tom.
259 2659 283 2687 X
302 2659 431 2687 editionis
446 2658 514 2693 Opp.
536 2657 564 2684 S.
580 2656 722 2692 Augustini
738 2657 791 2684 Lo-

33 2698 96 2719 Vllin-

59 2728 106 2761 (50)
123 2729 214 2757 Critic.
227 2730 497 2764 Augustinian.,pag.
512 2728 576 2754 228.
593 2727 658 2764 Vide
672 2726 789 2764 Operam

33 2759 55 2786 8.
74 2759 206 2798 Augustini
232 2759 297 2792 ιοιῖι.
317 2764 348 2797 ν,
374 2759 445 2799 ρας]
461 2759 522 2796 576,
543 2764 607 2790 edit.
631 2759 791 2796 Atitn'erpize

34 2798 82 2822 auiti
97 2799 167 2826 1700.

60 2831 106 2868 (δι)
122 2834 220 2862 Eodem
234 2839 299 2862 tom.
311 2834 344 2867 Υ,
358 2842 418 2870 pag.
428 2834 478 2861 576
492 2834 554 2861 edit.
569 2833 658 2861 citattc
668 2832 790 2859 Antwcr-

30 2029 125 2066 ejusdem
141 2033 251 2064 mensis,
277 2039 305 2066 p.

803 2192 825 2218 D

831 213 906 240 visus
918 218 975 240 est:
995 222 1004 238 ι
1025 211 1076 245 Qui
1093 216 1236 247 postquam
1254 217 1294 239 tot
1309 213 1430 239 virorum
1443 213 1610 240 eruditorum

831 259 921 293 palato
936 266 990 285 non
1011 258 1167 292 desipuerat.
1186 265 1218 286 ac
1241 258 1358 285 intactus
1372 263 1412 285 tot
1427 259 1531 286 saeculis
1552 267 1612 293 per-

832 308 977 334 manserat,
994 303 1056 337 quia
1073 308 1162 330 tamen
1185 311 1239 330 non
1253 304 1343 338 sapuit
1363 304 1453 338 gustui
1473 305 1554 332 unius
1569 313 1613 332 so-

831 349 884 376 lius
901 349 1023 376 censoris
1036 349 1133 382 critici,
1149 350 1175 376 in
1193 357 1263 376 nova
1279 349 1397 377 editione
1407 348 1523 384 Operum
1534 351 1613 378 istius

832 392 860 420 S.
878 393 967 421 Patris
986 402 1001 421 a
1018 395 1158 422 monachis
1171 394 1351 423 Benedictinis
1363 395 1470 430 vulgata
1494 400 1560 423 tom.
1579 395 1612 428 ν,

832 438 858 464 ἰιι
872 438 923 464 ﬁne
935 438 961 464 in
972 439 1120 473 appendice
1133 447 1205 466 nunc
1213 440 1329 474 primum
1345 439 1504 467 collocatur.
1518 441 1613 474 iQuis-

831 484 891 517 quis
908 491 972 510 vero
983 484 1019 511 sit
1030 484 1111 519 hujus
1129 485 1263 512 sermonis
1277 490 1381 518 auctor,
1395 486 1526 513 incertum
1539 495 1547 519 ;
1564 494 1614 513 an-

832 530 1002 564 tiquissimus
1019 538 1085 558 sane
1101 535 1152 562 est,
1169 539 1201 558 ae
1212 531 1432 566 antiquissimum
1458 533 1491 559 de
1511 532 1613 567 Hippo-

832 574 886 610 lyto
903 575 932 602 S.
950 576 1089 604 Laurentii
1107 577 1181 604 socio
1194 584 1227 604 ev
1252 577 1346 604 eodem
1364 578 1548 605 testimonium
1565 579 1615 606 eli-

832 623 929 650 cimus.
943 621 972 649 ln
995 629 1028 649 eo
1042 624 1114 649 enim
1135 630 1289 658 auonymus
1309 623 1338 650 S.
1361 623 1534 652 Laurentium
1562 626 1614 653 sub

831 667 954 694 custodia
970 665 1105 702 Hippolyti
1123 667 1208 695 fuisse
1221 667 1296 700 dicit,
1313 672 1339 695 et
1351 667 1523 705 Hippolytum
1538 670 1570 696 ad
1583 671 1615 697 li-

831 712 891 739 dcm
906 711 1007 739 Christi
1019 712 1178 739 mirabiliter
1193 714 1371 746 convertisse,
1387 721 1419 740 ac
1433 722 1528 742 rursus
1544 715 1615 743 Lau-

832 757 948 785 rentium
971 757 1156 785 Christianum
1182 757 1354 794 Hippolytum
1369 760 1508 787 custodem
1533 768 1614 788 suum

833 803 929 830 fecisse
945 803 1051 830 asserit.
1067 803 1172 830 Similia
1189 804 1222 830 de
1238 803 1380 839 Hippolyto
1398 813 1447 832 nos
1458 805 1536 833 docet
1547 814 1615 833 auo-

832 857 928 884 nymus
942 849 1021 882 alter,
1035 849 1114 883 cujus
1126 849 1263 877 homiliam
1276 850 1302 877 in
1324 851 1430 878 laudem
1448 851 1476 878 S.
1494 851 1614 878 Lauren-

832 895 873 925 tii,
889 895 918 922 S.
933 894 1067 930 Fulgentii
1084 895 1234 931 Ruspensis
1247 897 1358 923 nomine
1373 897 1541 932 insignitam,
1556 898 1613 932 pri-

833 949 893 968 mus
906 941 989 968 edidit
1015 941 1182 976 Theophilus
1209 941 1458 978 Raynaudus(55),
1484 944 1530 978 qui
1553 952 1613 971 eam

831 988 994 1022 deprompsit
1009 995 1024 1015 ε
1040 996 1091 1016 ms.
1107 989 1200 1015 codice
1210 987 1312 1016 Nicolai
1329 988 1419 1016 Fabri.
1438 989 1512 1017 Hanc
1524 995 1614 1016 tamen

833 1033 861 1059 ὃ.
878 1033 1019 1068 Fulgentio
1039 1034 1177 1069 indignam
1196 1042 1326 1062 censuere
1344 1035 1539 1062 accuratissimi
1557 1036 1613 1062 edi-

832 1084 904 1106 tores
919 1079 1058 1114 auonyini,
1070 1081 1115 1114 qui
1132 1079 1245 1107 Parisiis
1262 1087 1333 1107 anno
1350 1080 1417 1107 1684
1430 1080 1514 1115 ipsius
1528 1080 1614 1115 Opera

833 1126 986 1160 vulgarunt,
1000 1134 1115 1160 eamque
1131 1134 1192 1153 cum
1208 1126 1319 1160 reliquis
1335 1126 1368 1152 79
1379 1134 1394 1152 a
1413 1125 1562 1160 Theophila
1581 1134 1614 1153 ex

832 1172 925 1199 eodem
934 1172 1026 1199 codice
1037 1172 1189 1206 descriptis,
1202 1172 1228 1199 in
1243 1172 1390 1206 appendiee
1405 1174 1522 1208 primum
1541 1179 1615 1200 retu-

832 1218 921 1245 lerunt.
932 1217 1000 1253 (51),
1019 1225 1170 1252 eorumque
1186 1218 1219 1245 de
1237 1219 1288 1246 hac
1310 1227 1338 1245 re
1352 1219 1496 1246 consilium
1514 1219 1613 1254 proba-

832 1268 895 1290 runt
906 1263 1066 1291 Guilielmus
1079 1264 1134 1299 (55)
1147 1263 1228 1296 Cave,
1242 1264 1374 1298 Dupiuius
1384 1265 1451 1299 (56),
1467 1265 1615 1292 Tillemou-

832 1308 886 1336 tius
903 1308 956 1344 (57)
974 1313 1000 1335 et
1016 1308 1165 1336 Casimirus
1182 1308 1304 1337 Oudinus
1322 1309 1388 1344 (58).
1407 1309 1536 1343 Quamvis
1549 1318 1615 1337 vero

832 1355 987 1389 hujusmodi
1015 1355 1125 1381 homilia
1153 1354 1298 1390 Fulgentio
1325 1355 1407 1387 tribui
1437 1365 1491 1383 non
1516 1357 1613 1391 possit,

833 1401 918 1435 ipsam
933 1405 1022 1427 tamen
1038 1401 1141 1435 antiqui
1155 1401 1295 1435 scriptoris
1316 1400 1399 1428 fetum
1413 1409 1483 1434 esse,
1500 1410 1552 1429 non
1570 1409 1615 1430 so-

832 1446 888 1472 lum
904 1454 936 1472 ex
954 1446 1023 1481 stylo
1046 1446 1168 1480 dignosci
1189 1450 1299 1480 potest,
1311 1447 1357 1481 qui
1379 1455 1433 1474 non
1451 1447 1612 1474 mediocrem

834 1492 936 1520 redolet
959 1492 1164 1526 antiquitatem;
1185 1499 1279 1519 verum
1305 1493 1385 1519 etiam
1409 1500 1442 1520 cx
1470 1493 1614 1528 praecipuis

834 1546 917 1566 sacrm
935 1537 1081 1572 Scriptura:
1095 1538 1184 1565 citatis
1206 1538 1274 1565 locis
1285 1544 1406 1573 apparet,
1419 1547 1479 1573 quae
1501 1547 1555 1566 non
1580 1547 1614 1566 ex

833 1585 941 1619 vulgata
953 1583 981 1610 S.
999 1583 1166 1619 Hieronymi,
1184 1583 1230 1611 sed
1245 1591 1277 1611 ex
1289 1585 1372 1611 veteri
1387 1584 1439 1611 alia
1457 1585 1552 1619 quavis
1571 1585 1615 1612 ιιι-

834 1630 949 1657 bliorum
964 1629 1097 1662 versione,
1114 1633 1238 1663 excerpta
1252 1634 1326 1663 sunt,
1338 1631 1567 1664 quemadmodum
1581 1638 1616 1658 ex

834 1675 955 1710 diligenti
980 1674 1099 1709 ipsorum
1115 1674 1184 1701 facta
1210 1675 1352 1702 collatione
1378 1675 1477 1710 cuique
1503 1676 1613 1711 patebit.

820 1719 886 1747 'Sed
903 1719 944 1747 his
955 1720 1058 1750 missis,
1069 1720 1101 1746 ad
1120 1718 1293 1755 Hippolytum
1310 1720 1421 1747 militem
1437 1725 1614 1754 revertamur,

835 1766 868 1793 de
879 1774 932 1801 quo
953 1767 1009 1794 haec
1026 1767 1106 1793 habet
1130 1773 1282 1801 auonymus
1305 1772 1417 1793 uoster:
1440 1776 1448 1792 ι
1468 1766 1616 1801 imponitur

834 1818 861 1841 et
884 1815 940 1850 ipse
956 1814 1070 1848 (nempe
1087 1813 1116 1840 S.
1138 1813 1335 1847 Laurentius),
1359 1813 1388 1839 in
1415 1812 1614 1848 rel‘rigeriusnni

836 1890 896 1924 piae,
913 1897 1038 1918 sermone
1052 1890 1112 1923 3l6,
1125 1890 1158 1918 de
1175 1890 1205 1918 S.
1220 1889 1375 1921 Laurentio,
1390 1889 1435 1916 ubi
1451 1890 1508 1917 hac
1520 1890 1615 1925 legun-

836 1931 895 1952 tur:
909 1934 918 1951 ι
933 1925 993 1958 Quo
1011 1931 1036 1952 te
1052 1926 1061 1959 (
1074 1925 1220 1960 Laurenti)
1235 1926 1340 1952 laudem
1359 1925 1513 1960 praeconio?
1527 1926 1572 1960 qui
1588 1926 1614 1952 in

836 1961 895 1994 ipso
910 1960 1003 1994 praelio
1019 1960 1200 1988 confessionis
1221 1960 1343 1995 positus,
1368 1968 1430 1986 cum
1448 1961 1537 1987 adhuc
1563 1961 1615 1988 sub

836 1995 958 2022 custodia
972 1995 1106 2030 Hippolyti
1121 1994 1227 2030 ageres,
1240 1996 1366 2022 virtutem
1383 1994 1490 2022 Domini
1510 2003 1616 2030 semper

836 2030 992 2062 ostendens,
1019 2038 1125 2057 crucem
1142 2031 1241 2057 Christi
1265 2037 1346 2063 super
1367 2037 1500 2056 carcerum
1522 2032 1616 2057 oculos

838 2065 963 2096 faciebas,
979 2072 1064 2092 caecos
1081 2065 1263 2096 illuminabas,
1273 2071 1298 2092 et
1309 2064 1479 2100 Hippolytum
1491 2066 1523 2091 ad
1535 2065 1614 2091 tidem

837 2100 937 2126 Ubristi
949 2100 1105 2126 mirabiliter
1119 2100 1304 2126 convertebas.
1321 2109 1330 2125 ι

873 2134 930 2168 (52)
946 2134 974 2160 1ιι
987 2139 1052 2160 tom.
1062 2134 1152 2161 lllAct
1162 2142 1193 2160 II‘.
1211 2140 1365 2161 sanctorum
1380 2133 1480 2161 mensis
1489 2133 1614 2168 Augusti,

840 2169 884 2196 die
896 2177 943 2204 ιιιι
957 2169 1078 2203 ejusdem
1092 2170 1202 2198 mensis.
1212 2171 1244 2196 de
1256 2169 1304 2204 SS.
1316 2169 1458 2204 Hippolyto
1466 2168 1616 2204 etCVoucor-

839 2205 882 2232 dia
894 2203 968 2234 MllL,
984 2212 1043 2239 pag.
1058 2203 1085 2237 6,
1099 2204 1112 2239 §
1125 2205 1165 2234 10,
1180 2204 1244 2230 edit.
1263 2203 1368 2231 Venetae
1380 2203 1444 2239 anui
1459 2203 1537 2230 1752.

873 2239 928 2273 (53)
945 2237 1150 2273 Cuinoperibus
1169 2238 1197 2265 S.
1221 2239 1320 2265 Leonis
1334 2243 1360 2265 et
1381 2238 1488 2264 Maximi
1511 2243 1537 2264 et
1550 2237 1616 2264 Ful-

838 2274 931 2308 gentii,
947 2273 1069 2308 Lugduni
1084 2282 1128 2300 an.
1143 2274 1211 2301 1655
1219 2278 1245 2300 et
1261 2274 1407 2308 1652,pag.
1424 2273 1486 2299 577.

872 2309 928 2343 (54)
943 2309 1065 2335 Sermon.
1078 2309 1121 2340 60,
1135 2317 1194 2343 pag.
1208 2309 1252 2335 85.

873 2341 928 2378 (55)
943 2343 1071 2378 Scriptor.
1088 2341 1287 2370 ecclesiasticam
1303 2342 1374 2369 Hist.
1397 2341 1522 2373 Iiuerar.,
1547 2347 1614 2369 tom.

839 2378 860 2410 l,
877 2386 938 2412 pag.
951 2378 1003 2405 494
1014 2378 1079 2405 edit.
1091 2379 1180 2405 citata:
1193 2378 1300 2405 Oxonii.
1488 2381 1491 2384 ’

874 2411 929 2447 (56)
951 2412 1077 2448 Νοιιυεζζε
1099 2413 1274 2448 Bibliothéque
1293 2413 1336 2448 de;
1361 2417 1467 2439 uuteurs
1491 2411 1616 2448 ecclesia-

839 2449 947 2482 stiques,
957 2453 1022 2475 tom.
1040 2447 1072 2479 V,
1089 2456 1148 2482 pag.
1171 2448 1206 2474 ‘20
1220 2447 1284 2474 edit.
1308 2447 1426 2475 Monten.
1454 2449 1516 2473 anni
1536 2447 1615 2480 1691,

839 2481 886 2509 ubi
897 2484 930 2510 de
941 2483 969 2510 S.
982 2481 1247 2518 Fulgentio’ejusquc
1261 2484 1386 2517 operibus
1403 2489 1555 2510 sermonem
1576 2483 1618 2508 iii--

839 2519 936 2545 stituit.

875 2553 932 2587 (57)
955 2552 1034 2580 Tom.
1052 2551 1098 2584 IV,
1114 2560 1174 2586 pag.
1196 2552 1240 2587 59,
1253 2551 1298 2579 ubi
1310 2552 1344 2579 de
1365 2551 1393 2579 S.
1415 2551 1559 2580 Laurentio
1573 2560 1618 2579 ar-

840 2587 1000 2614 clndiacouo
1012 2588 1146 2621 loquitur:
1162 2597 1171 2612 ι
1188 2586 1262 2613 Nous
1276 2595 1308 2614 en
1328 2595 1412 2614 avons
1429 2588 1499 2614 aussi
1520 2596 1554 2614 un
1570 2588 1617 2621 qui

841 2627 916 2656 porte
929 2623 953 2649 le
964 2630 1025 2649 nom
1039 2624 1072 2649 de
1091 2623 1119 2649 S.
1134 2622 1283 2656 Fulgcnce;
1298 2623 1367 2649 mais
1382 2630 1417 2648 on
1435 2623 1466 2649 l'a
1482 2623 1533 2649 mis
1549 2623 1617 2648 dans

841 2657 1005 2691 l‘appendice
1023 2665 1055 2684 en
1074 2657 1098 2684 la
1115 2656 1238 2684 derniére
1257 2656 1357 2683 édition
1379 2657 1413 2684 de
1438 2665 1481 2684 ses
1496 2657 1618 2685 (Euvrcs

841 2700 946 2719 contine
961 2691 1062 2718 n’étaut
1076 2699 1124 2726 pas
1138 2692 1171 2718 de
1189 2691 1235 2718 lui.

877 2727 933 2760 (58)
950 2726 1126 2754 Cammentar.
1152 2726 1183 2753 de
1214 2726 1383 2760 scriptoribus
1421 2726 1616 2758 ecclesiasticis,

842 2767 908 2788 toni.
923 2761 943 2792 l,
960 2769 1018 2796 pag.
1036 2761 1104 2788 1574
1122 2766 1148 2787 et
1162 2769 1236 2795 seqq.
1251 2761 1314 2787 edit.
1331 2761 1426 2794 Lipsiae
1439 2770 1484 2788 an.
1498 2761 1576 2796 1722,
1590 2762 1616 2787 iii

841 2795 1031 2823 dissertatione
1045 2797 1078 2822 de
1098 2796 1190 2823 ultima
1202 2796 1320 2822 editione
1330 2796 1446 2828 Operum
1458 2797 1544 2823 sancti
1557 2795 1618 2823 Ful-

842 2831 923 2866 gentii
941 2830 1088 2865 Ruspensis
1101 2831 1127 2858 in
1147 2831 1236 2857 Africa
1250 2830 1376 2865 episcopi.
