1857 3051
234 91 283 120 451

639 90 681 117 DE
696 88 888 117 PORTUENSI
910 87 938 114 S.
960 84 1138 113 HlPPOLYTl
1159 83 1254 112 SEDE.
1274 99 1308 104 —
1327 83 1417 110 PARS
1439 82 1457 108 Ι.

1804 80 1849 109 ιεε

235 153 334 179 lectum
348 151 525 181 cratirnlremt
541 150 710 185 Hippolytum
720 150 832 176 dimittit
846 149 988 175 hatredan
1002 157 1010 172 ι
1030 151 1049 178 Α
1065 145 1206 172 testatibus
1232 144 1362 171 veraciter
1390 142 1550 173 conﬁtetur,
1580 141 1671 176 poenis
1696 139 1848 175 subjicitur,

236 197 269 224 Et
280 205 392 224 rursus:
413 206 421 221 ί
442 196 550 231 Regula:
564 196 615 223 illa:
637 195 774 223 craticula:
787 193 950 221 ﬂammantis
969 201 1015 219 ca-

236 243 298 270 lami
316 247 391 269 erant
407 242 504 276 linguae
520 240 647 275 martyris
657 244 848 267 testamentum
861 238 1014 267 scribentis,

235 287 335 322 quibus
357 287 468 314 calamis
492 290 519 313 et
539 287 622 321 impio
633 286 767 321 judicanti
793 285 946 312 minabatur
970 291 1016 318 ge-

235 334 334 365 henna,
350 338 375 359 et
386 332 529 368 Hippolyto
547 333 670 366 sequenti
685 331 856 359 scribebatur
871 338 983 358 corona.
1003 339 1012 354 ι

234 376 344 404 Duobus
357 377 415 404 istis
429 376 572 412 anonymis
582 376 737 411 jungendus
752 380 794 402 est
805 375 950 409 Gregorius
962 374 1016 401 Tu-

233 422 358 449 ronensis
380 422 447 455 (59),
471 423 518 456 qui
533 427 664 457 martyres
680 421 795 448 Deciana
809 440 816 452 ,
842 425 871 447 ut
892 420 1014 451 credidit,

234 468 420 502 persecutione
447 475 541 502 passos
559 468 672 494 laudans
686 487 694 499 ,
726 476 735 492 ‹
757 467 863 494 Sixtum
888 467 1017 494 Romanae

233 513 360 541 Ecclesia:
372 515 539 548 episcopum,
551 518 577 541 et
590 513 764 540 Laurentium
780 513 1015 544 archidiaconum,

232 563 259 586 et
275 558 445 594 Hippolytum
461 560 496 586 ob
515 559 648 586 Dominici
670 560 790 588 nominis
813 558 1015 587 confessionem

233 611 280 638 per
295 605 453 639 martyrium
473 609 678 632 consummatos
693 603 776 632 fuisse
791 613 800 629 ι
826 603 931 631 scribit.
950 602 1016 629 Gre-

233 650 339 684 gorium
357 650 444 677 secuti
453 655 516 677 sunt
533 650 614 677 medii
626 654 652 676 et
663 650 746 676 infimi
764 649 813 676 tevi
827 649 1016 676 ecelesiasticze

235 695 519 730 historiaz'scriptores
540 695 685 723 ()rdericus
701 695 797 723 Vitalis
812 695 880 730 ((50),
896 695 1013 722 chrono-

235 741 351 775 graphus
360 740 431 768 Saxo
439 741 505 775 (61),
513 749 664 776 anonyinus
672 741 938 776 Heichcrspergensis
948 741 1013 775 (62),

234 790 329 812 auctor
339 785 475 813 Chronich
492 785 521 813 S.
537 785 641 821 Egidii
658 786 725 821 (65),
738 787 839 820 alitque
857 793 909 812 non
924 785 1012 820 pauci,

234 838 351 865 quorum
369 831 523 858 testimonia
548 831 592 859 hic
616 838 755 858 recensere
787 838 1015 865 supervacaneum
1033 823 1053 851 Β

234 885 294 904 csse
306 878 470 912 judicamus.

269 923 309 950 Ex
320 923 439 958 antiquis
457 923 694 950 Sacramenlorum
714 923 791 951 libris
815 923 861 958 qui
882 922 1015 958 Hippolyti

235 970 329 997 militis
344 969 536 1002 meminerunt,
558 969 647 1004 primo
669 969 788 996 occurrit
804 969 1016 996 vetustissimum

235 1015 342 1042 Hissale
357 1015 499 1042 Gothicum
517 1023 532 1041 a
551 1014 654 1049 magnis
671 1015 736 1041 viris
750 1014 868 1049 Josepho
886 1015 1015 1042 cardinali

234 1061 381 1089 Thomasio
402 1061 457 1096 (64)
485 1065 512 1088 et
527 1060 631 1088 Joanne
650 1060 806 1088 Habillonio
821 1060 877 1096 (65)
902 1061 1015 1094 editum,

235 1109 262 1134 in
280 1115 334 1142 quo
348 1107 482 1142 Hippolyti
494 1106 591 1133 festum
604 1106 693 1133 Idibus
701 1106 815 1141 Augusti
827 1107 1015 1142 consignatur,

235 1158 314 1186 atquc
326 1152 353 1178 in
369 1153 460 1178 missae
475 1151 660 1178 immolatione
675 1151 725 1178 hoc
740 1151 826 1186 ipsius
839 1151 953 1178 habetur
963 1153 1015 1179 clo-

235 1199 331 1234 giutn:
353 1207 362 1223 ‹
384 1197 453 1224 Vere
475 1197 585 1231 dignum
602 1201 629 1223 et
642 1197 744 1231 justum
767 1201 819 1226 est.
845 1197 1017 1232 omnipotens

234 1249 333 1272 :ctcrne
350 1243 432 1273 Deus,
459 1243 506 1277 qui
533 1242 641 1269 beatum
668 1241 839 1278 Hippolytum
866 1245 1016 1278 tyranuicis

235 1290 322 1316 adhuc
340 1288 478 1323 obsequiis
496 1292 669 1322 occupatum,
689 1288 779 1315 subito
799 1288 885 1315 fecisti
898 1289 1016 1316 Lauren-

236 1335 264 1362 tii
281 1335 397 1362 socium.
411 1333 461 1367 Qui
476 1333 590 1368 spiritali
605 1334 701 1361 ardore
715 1336 948 1368 succensus,dum
960 1337 1017 1362 uni-

236 1381 358 1416 genitum
369 1380 466 1407 Filium
480 1385 555 1407 tuum
570 1379 713 1407 Dominum
725 1385 848 1408 nostrum
861 1389 951 1409 coram
967 1390 1016 1417 po-

1065 191 1180 217 vinculis
1196 190 1330 224 illigatur,
1349 189 1437 215 cardis
1461 187 1615 221 configitur,
1632 194 1775 221 equorum
1788 185 1849 213 fero-

1065 237 1146 264 citate
1161 235 1342 270 disjungitur;
1369 238 1395 260 et
1416 234 1510 268 adepta
1527 233 1613 268 palma
1631 233 1777 268 martyrii,
1804 234 1849 258 vita

1064 287 1192 317 perpetua
1209 289 1270 308 cum
1286 280 1422 307 lucratore
1449 284 1476 306 et
1493 278 1624 313 magistro
1637 277 1796 305 Laurentio
1810 286 1849 303 co-

1065 331 1177 355 ronatur
1191 326 1266 362 (66),
1289 330 1340 353 etc.
1363 335 1373 350 »
1390 324 1492 352 Missali
1506 323 1620 351 Gothico
1644 322 1794 358 jungenda
1817 328 1849 347 t‘st

1065 374 1249 402 vetustissima
1267 371 1438 399 Mozarabum
1455 371 1643 405 liturgia,quaa
1655 369 1789 404 quamvis
1798 376 1849 403 pro-

1065 420 1151 455 priam
1165 418 1299 454 Hippolyti
1318 418 1429 444 missam
1447 425 1501 443 non
1516 417 1621 447 habeat,
1638 420 1736 442 tamen
1753 415 1781 442 in
1806 415 1849 441 itu-

1065 465 1210 493 molatione
1228 464 1317 491 missa:
1336 462 1364 490 S.
1376 462 1525 494 Laurentii,
1545 461 1734 496 «Hippolytus
1749 459 1849 487 S.Lau-

1065 511 1180 538 rcntium
1205 510 1313 537 militari
1337 508 1460 535 custodia
1483 515 1641 535 asscrvasse
1657 507 1810 538 asseritur,
1824 514 1849 533 ac

1065 564 1125 584 mox
1142 555 1224 582 animi
1239 555 1378 582 ferocitate
1393 554 1517 588 deposita
1538 554 1571 580 ad
1587 553 1767 587 sequendum
1781 552 1849 578 Chri-

1065 606 1135 629 stum
1155 602 1245 628 mitior
1258 600 1356 631 factus,
1373 600 1479 635 tyranni
1495 600 1584 634 jussu,
1601 599 1735 633 primitus
1757 598 1849 624 distun<

1065 653 1119 680 tus,
1132 647 1222 675 cardis
1244 646 1339 674 ferreis
1359 647 1494 678 laniatus,
1518 653 1550 672 ac
1563 645 1660 672 deinde
1684 643 1849 672 ferociorum

1062 693 1246 728 jumentorum
1263 693 1376 727 pedibus
1392 692 1518 727 alligatus
1531 698 1579 726 per
1592 691 1670 717 devia
1689 695 1803 717 tractus
1816 690 1849 716 di-

1064 739 1143 765 citur.
1165 747 1174 763 ι
1198 737 1297 765 Eadem
1319 738 1353 764 de
1370 736 1511 772 Hippolyto
1530 736 1664 763 habentur
1679 735 1706 762 in
1724 735 1849 762 vetustis-

1065 785 1135 812 simo
1149 791 1288 811 sacrarum
1301 791 1410 818 precum
1428 782 1528 813 libello.
1542 781 1587 816 qui
1602 781 1637 808 ad
1648 780 1850 808 Mozarabicun

1068 830 1149 857 ritum
1165 837 1337 863 summopere
1360 829 1482 860 accedit,
1510 835 1590 862 quem
1611 827 1694 862 praelo
1713 827 1850 854 commisil

1068 876 1166 903 citatus
1180 875 1382 903 eruditissimus
1393 874 1434 901 vir
1451 873 1585 908 Josephus
1603 873 1793 900 Blanchinus.
1808 874 1850 898 Anl

1067 921 1160 956 tiquus
1175 921 1266 948 itidem
1279 921 1370 948 missa:
1385 919 1472 952 Ordo,
1492 927 1573 954 quem
1588 919 1731 947 Ambrosii
1749 919 1850 946 nomint

1067 968 1178 995 donavit
1191 966 1401 1002 Pamelius(67),
1415 976 1424 992 ‹
1439 965 1609 1001 Hippolytum
1621 965 1721 992 ducem
1741 966 1850 992 militun

1067 1015 1199 1048 celebrat,
1225 1022 1305 1050 quem
1327 1015 1435 1041 beatum
1455 1013 1629 1041 Laurentium
1643 1021 1701 1041 suae
1725 1013 1850 1040 custodia

1067 1061 1249 1095 mancipatum
1263 1081 1270 1094 ,
1284 1067 1337 1087 non
1353 1065 1525 1095 persecutum
1536 1080 1544 1092 ,
1561 1059 1609 1086 sed
1625 1063 1758 1086 secutum
1777 1066 1838 1086 esse

1067 1107 1215 1142 przedicat,
1242 1113 1377 1141 quemque
1397 1105 1479 1132 etiam
1503 1105 1638 1139 genuinus
1664 1104 1850 1132 Ambrosiam!

1067 1153 1157 1180 missae
1169 1160 1268 1183 canon,
1288 1156 1317 1179 ut
1336 1151 1474 1178 Laurentii
1487 1151 1592 1179 socium
1608 1151 1754 1186 agnoscit,
1767 1152 1795 1177 in
1809 1158 1850 1185 qui

1067 1198 1237 1234 Hippolytus,
1253 1197 1332 1225 Petro
1341 1198 1366 1224 1e
1376 1197 1478 1224 Brunio
1491 1197 1547 1232 (68)
1563 1201 1641 1229 teste,
1655 1203 1722 1231 post
1737 1196 1850 1224 Laut-an

1066 1245 1132 1271 tium
1145 1244 1244 1271 ibidem
1261 1243 1350 1271 statim
1363 1246 1602 1269 commemoratur.
1616 1241 1734 1269 Veteres
1749 1250 1850 1277 quoqut

1066 1289 1241 1317 Praafationes
1257 1296 1304 1324 per
1325 1288 1389 1315 anni
1410 1288 1556 1321 circulum,
1572 1295 1640 1322 quas
1655 1287 1748 1315 edidit
1760 1287 1850 1314 Paule

1067 1336 1119 1362 lius
1133 1335 1200 1370 (69),
1212 1334 1384 1370 Hippolytum
1399 1339 1480 1369 atque
1496 1334 1581 1368 ipsius
1598 1333 1690 1361 socios
1703 1334 1850 1361 celebrant

1067 1384 1149 1415 atque
1165 1380 1238 1407 hunc
1252 1388 1267 1406 a
1283 1384 1377 1408 nostro
1390 1379 1526 1407 diversum
1537 1379 1608 1406 haud
1616 1387 1678 1407 esse
1690 1385 1808 1408 veteres
1824 1386 1848 1406 te

269 1499 324 1542 (ἕρ)
343 1499 445 1542 Hister.
462 1499 626 1542 Francorum
640 1519 647 1531 ,
666 1500 712 1542 lib.
726 1507 757 1542 '1‘,
772 1500 898 1542 rium.“‘§§
909 1522 916 1532 ,
935 1509 962 1535 p.
980 1502 1014 1529 22
1029 1491 1048 1519 C'
1068 1501 1198 1542 )‘ppolyto
1214 1507 1380 1542 quaesumus,
1395 1505 1424 1527 ut
1434 1508 1486 1540 pro
1503 1501 1581 1542 nobis
1597 1501 1848 1542 supplicantem...

233 1535 305 1562 et25
317 1536 381 1561 edit.
400 1534 561 1562 Theodorici
577 1535 708 1562 Huinartii
726 1534 813 1561 Paris.
830 1536 908 1562 1699.

270 1570 326 1602 (60)
344 1569 465 1596 0rderiri
495 1569 589 1597 Vitalis
607 1569 742 1597 Uticensis
771 1571 897 1597 monachi
922 1571 968 1598 lib.
996 1580 1014 1598 ll

235 1604 427 1631 Ecclesiuslicw
447 1604 561 1637 liistor.,
584 1605 653 1639 apud
675 1605 810 1631 Andream
832 1605 1014 1633 Duchesnium

237 1640 363 1676 Histurio:
377 1638 590 1676 Norrltmrnorunt
601 1641 739 1676 scriptores
752 1640 866 1676 antiqui,
882 1648 943 1675 pag.
963 1642 1015 1668 1.39

233 1675 297 1701 edit.
318 1673 607 1709 Ltttctia3_Parisi0rutn
622 1682 693 1701 anno
711 1675 796 1702 1619:
811 1673 822 1701 ι’
837 1673 937 1709 Tunc]
949 1681 1015 1702 tem-

235 1717 300 1743 pore
319 1717 393 1743 papa:
422 1707 491 1734 Sixti
513 1708 552 1743 li)
581 1708 743 1736 Laurentius
770 1707 977 1738 archidiaconus
989 1716 1016 1738 ct

236 1744 394 1778 Hippolytus
405 1751 466 1770 cum
488 1743 588 1770 familia
606 1752 655 1771 sua
675 1744 781 1776 Abdon,
795 1751 821 1772 et
834 1746 947 1776 Senties,
966 1746 1016 1772 sub

236 1778 508 1819 regulisPersarutn,
529 1779 629 1814 aliique
650 1780 728 1806 multi
742 1780 856 1807 diversis
871 1781 1016 1815 suppliciis

235 1818 401 1848 martyrtzatl
416 1818 488 1840 sunt.
510 1822 519 1838 ›

271 1847 326 1883 (tit)
351 1848 428 1882 Apud
451 1847 625 1875 Godcfridum
649 1848 822 1876 Guilielmum
851 1850 1014 1877 Leibnitium

237 1884 401 1910 Accessiones
417 1884 548 1919 historicis
570 1883 603 1910 ad
623 1891 667 1910 an.
685 1884 748 1917 256,
767 1892 827 1919 pag.
842 1885 872 1912 41
887 1886 950 1911 edit.
968 1884 1013 1910 Li-

236 1919 301 1952 psiae
317 1919 381 1944 anni
404 1918 486 1944 £698:
513 1927 521 1943 ι
541 1918 653 1949 Decius.
670 1924 700 1945 ut
713 1919 738 1945 in
761 1918 921 1947 Paésionum
947 1920 1016 1946 libro

237 1954 380 1987 reperitur,
395 1953 534 1980 interfecto
549 1953 636 1985 Sixto,
649 1959 676 1980 et
689 1955 880 1981 archidiarouo
894 1955 1016 1981 Laurenv

236 1989 286 2027 tio,
301 1993 327 2014 et
340 1987 452 2027 lpolyto,
470 1989 604 2023 sacrisque
617 1989 676 2023 ejus
698 2009 703 2015 .
722 2008 729 2015 .
744 2009 750 2016 .
770 1990 879 2027 rediens
895 1991 930 2027 ad
942 1990 1017 2027 pala-

237 2023 409 2060 liumrtritluo
425 2028 536 2060 vexatus
551 2028 601 2056 est,
614 2029 641 2050 et
654 2026 679 2051 in
694 2030 838 2059 conspectu
859 2023 1014 2060 Tripboniae

238 2059 332 2085 uxoris
346 2066 401 2085 suae
412 2058 557 2085 exhalavit.
577 2068 586 2083 ι

271 2092 325 2128 (0'2)
343 2094 419 2128 Apud
447 2092 575 2128 Ludewig
595 2094 720 2128 Scriptor.
744 2102 794 2121 rer.
822 2095 1014 2126 Germanicum,

237 2132 302 2155 tom.
315 2128 347 2161 ll,
361 2137 421 2163 pag.
437 2129 497 2163 143.

1067 1535 1116 1571 (eo
1131 1535 1161 1563 in
1176 1537 1234 1563 loco
1258 1535 1359 1569 aliquid
1387 1537 1513 1562 omisisse
1541 1540 1660 1562 veterem
1689 1537 1851 1571 scriptorem

1065 1576 1156 1600 censet
1171 1571 1357 1604 Mabillonius)
1379 1571 1469 1597 omnia
1487 1571 1564 1597 nobis
1588 1578 1723 1605 prospera
1738 1575 1851 1599 conecdl

1064 1615 1112 1641 per
1123 1606 1278 1637 Dominum,
1293 1611 1345 1632 etc.
1366 1615 1375 1630 ι
1393 1605 1521 1632 Collectio
1534 1605 1694 1641 adipacem:
1726 1616 1737 1632 ‹
1760 1606 1799 1634 Ut
1817 1616 1851 1633 no

1063 1640 1107 1668 bis
1122 1646 1179 1674 tua,
1195 1641 1316 1672 Domine,
1328 1641 1446 1667 remedia
1459 1641 1522 1666 dent
1536 1640 1663 1673 salutem,
1685 1641 1791 1669 beatus
1812 1641 1851 1676 ἶμ

1066 1677 1173 1711 polytus
1190 1681 1291 1711 martyr
1303 1694 1310 1707 ,
1333 1683 1500 1711 quaesumus.
1518 1682 1566 1709 pro
1591 1676 1670 1703 nobis
1691 1679 1851 1711 supplicau

1067 1709 1193 1744 copiosus
1213 1709 1348 1737 audiatur.
1365 1710 1416 1736 Per
1430 1709 1585 1741 Dominum,
1599 1715 1653 1738 etc.
1675 1720 1685 1736 ι

1101 1745 1158 1780 (65)
1172 1745 1293 1780 Liturgia
1317 1744 1472 1777 Gallicana,
1496 1753 1557 1780 pag.
1575 1745 1632 1779 278
1653 1746 1722 1773 edit.
1743 1746 1851 1775 Luteti:

1065 1779 1233 1807 Parisiorum
1252 1779 1318 1806 anni
1332 1781 1410 1807 1685.

1066 1815 1233 1877 1οἑ66)ιγίά.
1265 1814 1438 1842 Thomasium
1466 1814 1519 1842 loc.
1543 1815 1590 1842 cit.
1618 1814 1851 1845 ctMabilloniur

1113 1870 1119 1877 .
1133 1858 1156 1877 CI
1174 1869 1180 1875 .

1077 1857 1119 1877 oc.
1133 1851 1180 1877 cit.

1101 1885 1158 1920 (67)
1175 1884 1297 1919 Lilurgia
1315 1883 1481 1916 Latinorum,
1497 1889 1564 1912 tom.
1592 1884 1613 1916 l,
1633 1893 1695 1920 pag.
1719 1886 1776 1913 415
1791 1888 1851 1914 edit

1066 1919 1187 1947 Colonia:
1202 1920 1354 1954 Agrippina:
1366 1921 1431 1946 anni
1445 1920 1522 1956 1571,
1537 1921 1563 1946 in
1575 1919 1649 1956 festo
1669 1921 1698 1946 5.
1715 1921 1851 1956 Hippan

1067 1960 1122 1982 tres
1145 1955 1283 1982 orationes
1301 1960 1483 1982 recensentur.
1511 1954 1638 1982 Praafatio
1657 1954 1851 1984 etiam’éxsia

1066 1990 1178 2022 tenoris,
1191 1996 1218 2016 ut
1230 1990 1368 2024 sequitur:
1393 1999 1401 2015 ι
1420 1989 1531 2017 Aiterne
1543 1990 1624 2022 Deus,
1638 1999 1747 2024 nosque
1761 1992 1790 2018 in
1811 1994 1848 2018 ha

1067 2025 1245 2051 solemnitatls
1256 2026 1300 2051 die
1312 2025 1381 2052 beati
1399 2025 1525 2060 martyris
1540 2025 1577 2051 tui
1592 2025 1732 2060 Hippolyti
1759 2028 1794 2053 ad
1825 2034 1851 2053 tu

1067 2060 1186 2086 nominis
1210 2061 1322 2094 gloriam
1350 2059 1495 2087 exsultare.
1520 2059 1589 2092 Quia
1601 2059 1740 2087 te'verum
1755 2063 1851 2089 duceni

1067 2095 1253 2126 considerans,
1268 2095 1344 2122 miles
1362 2100 1424 2122 tuus
1441 2103 1499 2121 esse
1513 2095 1607 2121 maluit
1622 2103 1705 2129 quam
1723 2097 1781 2123 dux
1805 2099 1851 2123 mi

1067 2130 1144 2156 litum
1160 2130 1340 2164 comprobari.
1355 2130 1519 2164 Beatumque
1531 2129 1709 2157 Laurentium
1733 2139 1792 2158 sua:
1811 2141 1851 2159 cu

271 2163 325 2198 (65)
349 2162 426 2198 Apud
434 2162 621 2199 iGodefridum
647 2163 818 2191 Guilielmum
852 2164 1014 2192 Leibnitium
1031 2163 1054 2190 Ι)
1069 2165 1163 2192 stodize
1173 2162 1354 2199 mancipatum
1371 2173 1423 2191 non
1438 2162 1594 2199 persecutus
1606 2170 1657 2199 est,
1667 2166 1715 2192 sed
1729 2172 1851 2193 secutus

237 2197 401 2233 Scriptorum
429 2198 631 2224 Brunsvicensia
658 2199 849 2225 illustranu’um
879 2204 945 2228 tom.
970 2199 1014 2232 Ill,

236 2241 296 2267 pag.
318 2233 369 2259 5.65
381 2233 448 2262 edit.
463 2233 583 2259 Hatmov.
599 2241 670 2260 anno
684 2234 767 2260 17H:
785 2244 794 2259 ι
812 2235 889 2262 Anno
907 2234 1014 2261 Domini

235 2269 296 2294 26:).
312 2268 405 2295 Sixtus
417 2275 484 2303 papa
499 2276 543 2294 xxx
557 2270 697 2295 Ordinatus
710 2270 778 2296 sedit
791 2277 898 2297 menses
909 2271 1013 2297 decem.

236 2303 336 2340 l’assus
362 2308 403 2330 est
430 2304 480 2329 sub
498 2303 584 2340 Decio
605 2308 630 2330 ct
655 2305 748 2332 beatus
765 2304 934 2340 Hippolytus,
947 2309 973 2331 et
985 2305 1013 2332 S.

236 2337 409 2374 Laurentius.
421 2342 446 2364 ct
459 2338 535 2374 multi
551 2339 595 2364 alii
613 2345 754 2374 martyres.
775 2349 784 2365 ι

271 2372 327 2412 (tii)
343 2373 370 2398 ln
386 2378 451 2412 tom.
466 2372 496 2399 Vl
509 2372 710 2412 Operum,qu}e
727 2376 759 2401 ad
781 2383 846 2412 mss.
863 2375 950 2412 codic.
970 2383 1014 2412 re—

236 2409 351 2442 censuit,
377 2409 501 2442 notisque
528 2409 602 2435 auxit
620 2409 660 2436 vir
685 2411 852 2437 clarissimus
881 2411 1015 2437 Antonius

236 2440 398 2480 Franciscus
416 2440 527 2480 Vcizosi
610 2443 641 2469 lt.
660 2453 721 2480 pag.
745 2445 808 2478 517,
832 2446 895 2472 edit.
923 2445 1015 2472 Ronne

235 2476 387 2517 meum
405 2479 487 2505 miSsa
513 2479 542 2505 ὃ.
561 2476 837 2517 ΙΙίβνοΙῇ-ιίἰῃδτιγῆε
861 2485 967 2517 exstat.
982 2481 1014 2517 Vin

235 2519 288 2545 qua
297 2516 378 2539 etiam
389 2518 530 2547 sequentes
542 2519 677 2542 orationes
687 2516 834 2542 habentur:
849 2525 858 2540 ‹
875 2516 911 2541 Da
926 2516 1013 2545 nobis,

235 2548 457 2585 omnipotcnset
482 2550 636 2576 misericors
660 2550 746 2582 Deus,
766 2550 1015 2585 utbeattipolyti

236 2583 361 2617 martyris
386 2583 424 2609 tui
445 2585 597 2611 veneranda
623 2585 779 2612 solemnitas
795 2590 822 2612 et
844 2583 1015 2613 devotionem

236 2616 315 2653 nobis
327 2623 423 2652 augeat
438 2623 464 2645 et
479 2619 591 2645 salutem
602 2639 609 2651 ,
626 2627 671 2653 per
684 2620 839 2652 Dominum,
856 2626 908 2648 etc.
928 2630 937 2645 ι
952 2621 1016 2646 Col-

235 2651 313 2690 lectio
328 2651 465 2690 sequitur:
485 2663 493 2678 ε
515 2654 614 2690 l’raésta
627 2651 721 2686 nobis,
736 2656 908 2690 omnipotens
921 2660 948 2682 et
961 2656 1014 2681 mi-

235 2687 351 2725 sericors
364 2687 446 2725 Deus,
465 2693 494 2714 ut
507 2689 575 2715 beati
590 2688 712 2724 Yppolytt
737 2687 864 2725 martyris
884 2692 923 2716 tui
940 2698 1016 2724 rvpe-

235 2724 284 2760 tita
297 2724 453 2760 solemnitas
469 2727 495 2750 et
508 2725 693 2760 liberationem
709 2726 786 2752 nobis
802 2724 946 2760 perfectam
965 2726 1014 2752 tri-

234 2755 300 2783 buat
314 2761 340 2784 et
354 2759 479 2791 salutem,
491 2765 556 2790 etc.,
569 2767 616 2793 per
626 2759 779 2792 Dominum,
791 2755 842 2787 (τις.
861 2771 870 2786 ι
885 2761 1014 2787 Collectis

235 2797 294 2824 pust
321 2795 446 2820 nomina:
465 2803 474 2819 ι
492 2794 560 2821 Deus
579 2799 687 2822 tuorum
707 2796 803 2830 gloria,
833 2797 942 2830 martyri
967 2801 1013 2822 tuo

1066 2200 1195 2232 Quicum
1214 2201 1357 2227 thesauros
1377 2200 1503 2226 Ecclesia:
1525 2201 1645 2231 discutit,
1665 2201 1772 2227 invenit
1797 2203 1851 2229 the

1066 2243 1187 2267 saurum,
1215 2243 1269 2261 non
1283 2243 1363 2271 quem
1392 2241 1521 2270 tyrannus
1547 2236 1673 2269 eriperet,
1691 2238 1740 2262 sed
1771 2245 1851 2271 ques

1066 2271 1151 2304 pictas
1165 2270 1325 2304 possideret.
1341 2270 1443 2296 luvcnit
1455 2271 1623 2302 thesaurum,
1637 2271 1711 2297 unde
1726 2270 1801 2298 verae
1817 2275 1851 2298 dt

1065 2305 1136 2340 vitim
1149 2309 1313 2340 peterentur.
1331 2305 1438 2339 Sprevit
1459 2304 1577 2331 favorem
1600 2306 1720 2340 tyranni,
1740 2311 1773 2332 ut
1789 2315 1849 2334 cur

1066 2339 1154 2375 Regis
1169 2341 1289 2374 perpetui
1315 2341 1400 2376 gratia
1422 2341 1592 2374 probaretur.
1613 2339 1752 2367 Membris
1767 2342 1851 2368 divu

1065 2383 1118 2401 non
1139 2376 1247 2410 refugit,
1265 2383 1307 2411 ine
1333 2376 1447 2402 nexibus
1467 2375 1640 2411 divelleretur
1653 2376 1779 2407 aeternis.
1810 2386 1850 2411 (μ

1065 2411 1153 2436 solum
1164 2411 1224 2437 vita:
1236 2410 1328 2437 dilexit
1341 2415 1488 2437 auctorem.
1500 2409 1584 2443 Quem
1599 2418 1651 2437 una
1667 2416 1770 2443 tecum,
1780 2409 1834 2437 eti:
1843 2434 1850 2437 _

1107 2446 1162 2480 (68)
1180 2445 1302 2480 Liturgia
1317 2446 1345 2471 di
1366 2446 1464 2472 tuuele
1488 2446 1585 2476 Clncse,
1600 2450 1666 2472 tom.
1686 2445 1720 2474 Il.
1735 2453 1802 2480 pag.
1827 2448 1851 2473 9

1064 2481 1129 2507 edit.
1142 2480 1254 2507 Verona:
1267 2481 1349 2507 1759:
1367 2490 1376 2505 ‹
1396 2481 1635 2507 (Ζοιιηιιυιιὶεωιιεδ
1647 2485 1673 2506 et
1686 2482 1850 2508 utentior-iui

1065 2521 1225 2542 venerantes
1245 2535 1251 2541 .
1270 2536 1276 2542 .
1293 2535 1298 2542 .
1319 2535 1326 2541 .
1341 2520 1367 2542 ct
1379 2515 1497 2546 Thada’i,
1515 2515 1594 2547 Sixti,
1618 2515 1773 2547 Laurentii,
1789 2515 1851 2551 Ηιι

1065 2551 1160 2585 polyt.,
1175 2550 1317 2583 Vincentii,
1337 2551 1467 2582 Cornelii,
1483 2550 1622 2585 Cypriani,
1639 2556 1690 2577 etc.
1712 2560 1722 2575 ι

1101 2587 1156 2620 (ϋ9)
1170 2585 1324 2620 Liturgicon
1338 2585 1463 2612 Ecclesia:
1479 2585 1593 2617 Latina,
1608 2591 1674 2611 tom.
1696 2585 1729 2617 ll,
1745 2593 1778 2619 ρ.
1804 2586 1851 2613 59

1065 2621 1154 2649 citatae
1184 2621 1311 2648 editionis
1334 2621 1453 2648 Colonia).
1482 2621 1636 2654 Agrippinae
1667 2623 1730 2646 anni
1763 2620 1851 2648 1571

1067 2666 1076 2682 ε
1093 2656 1276 2683 ....../Eterne
1290 2655 1371 2689 Deus,
1386 2661 1413 2691 et
1426 2661 1498 2691 tuam
1514 2656 1682 2691 clementiam
1697 2655 1771 2681 votis
1786 2664 1851 2691 sul;

1065 2692 1181 2726 plicibus
1196 2692 1352 2726 implorare,
1366 2696 1394 2717 ut
1403 2690 1781 2724 B.Hippolytisociorumque
1798 2690 1846 2723 ομ

1065 2727 1221 2753 intercessio
1236 2732 1410 2760 peccatormn
1426 2731 1580 2752 nostrorum
1593 2726 1713 2752 obtineat
1728 2726 1851 2751 venia--

1064 2762 1109 2795 qui
1128 2769 1175 2796 per
1200 2766 1332 2788 toittlcttla
1357 2761 1492 2795 passionis
1513 2765 1641 2788 aeternam
1665 2760 1797 2795 pervenit
1830 2771 1851 2787 υ

1066 2797 1188 2831 gloriam.
1207 2796 1258 2823 Per
1272 2797 1421 2828 Christum,
1433 2800 1486 2822 etc.
1503 2805 1511 2821 ι
