1857 3051
189 85 241 112 £59

569 83 610 111 DE
629 83 824 112 I‘ORTUENSI
845 82 873 110 S.
895 82 1079 110 IIIPPOLY'I‘I
1101 83 1196 111 SEDE.
1218 99 1250 104 —
1269 81 1360 111 PARS
1381 82 1402 111 I.
1755 83 1803 111 Mt.

188 152 296 180 quoque
320 148 465 180 martyrem
493 151 564 170 anno
589 143 658 171 1650
681 144 822 171 Cameraci
846 153 879 171 cx
904 145 971 172 urbe
986 146 1166 181 Asupercilio
1185 145 1263 172 nobis
1289 144 1410 178 objiciat.
1432 142 1560 170 Fatemm
1583 142 1711 178 equidem
1740 144 1804 171 cele-

188 191 349 218 translatum
367 194 481 218 testatur
492 189 534 217 Jo.
549 189 697 218 Bollandus
712 191 767 225 (21)
777 213 784 224 ,
800 191 972 226 aliorumque

188 235 392 271 Hippolytorum
422 235 532 262 nomina
559 240 665 263 vetusta
693 236 772 264 nobis
800 237 974 272 suppeditant

188 286 365 309 monumenta
390 281 481 308 Romae
495 289 556 309 cum
571 289 667 309 eorum
683 282 822 310 cineribus
845 283 952 310 inventa
964 304 972 315 ,

189 334 269 361 atque
281 327 314 354 ab
321 326 450 361 Aringhio
459 326 526 362 (‘32),
539 326 661 354 Boldctto
672 327 728 362 (25)
742 332 769 354 et
779 327 904 363 Vignolio
916 328 973 362 (24)

188 376 275 407 edita,
291 383 403 409 tuncque
417 375 462 402 hic
477 375 567 402 denuo
581 375 712 402 lectorum
731 375 819 404 oculis
840 376 974 411 subjicere

189 429 276 456 opera:
291 421 405 455 pretium
424 429 483 448 esse
497 421 627 449 duximus
650 430 657 447 :

358 466 553 494 REFRIGERI.
575 467 641 495 TIBI
662 467 804 495 DOMNUS

460 513 619 540 IPOLITUS
639 512 702 540 Sll).

277 558 449 586 YPOLITUS
468 558 576 586 ANIMA
596 557 721 587 DULCIS
740 558 773 585 IN
793 556 882 585 PACE

532 605 564 632 D.
585 605 621 632 M.

396 650 563 678 YPOLI'I‘US
581 650 613 684 Q.
636 649 668 678 ν.
688 649 768 677 ANN.

470 696 540 723 XIII.
562 696 596 722 M.
622 695 688 723 VIII.

416 739 446 766 [ν.
466 739 496 767 Ρ.
518 731 550 767 v’.
571 740 649 767 KAL.
672 740 746 768 5Εο.

188 786 339 821 Hippolytae
362 785 443 813 etiam
472 785 635 813 Christianae
659 786 783 814 mulieris
808 787 975 822 epitaphium

189 833 309 867 vulgavit
324 831 483 866 Aringhius.

308 875 513 904 IIIPPOLYTE.
534 876 600 904 HIC.
621 876 755 904 POSITA.
776 877 853 904 EST.

357 922 390 956 Q.
412 922 445 950 V.
464 923 496 950 Α.
518 923 585 950 LIII.
606 923 650 950 ET
673 923 750 951 DIES
770 924 802 950 γ.

187 969 312 997 Veterem
323 976 432 1004 quoque
445 967 494 997 SS.
510 969 645 1005 Hippolyti
659 975 686 998 et
700 969 799 997 Justini
819 970 971 1006 inscriptio-

187 1023 262 1048 nem,
279 1022 333 1042 una
347 1022 409 1041 cum
427 1015 514 1042 sacris
540 1023 634 1043 eorum
657 1016 763 1044 exuviis
792 1016 977 1051 Septcmpeda‘.

189 1062 216 1089 in
233 1062 345 1095 Piceno,
354 1062 381 1089 in
393 1062 509 1089 ecclesia
525 1070 580 1089 non
596 1063 723 1098 ignobilis
737 1063 802 1090 olim
816 1064 976 1091 monasterii

188 1109 217 1136 ὃ.
240 1109 380 1136 Laurentii
399 1108 433 1136 de
449 1108 555 1136 Doliolo
569 1109 706 1136 inventam
717 1129 725 1141 ,
740 1109 819 1137 nobis
834 1109 977 1136 humanis-

187 1155 257 1183 sime
276 1149 490 1182 communicavit
516 1155 641 1182 eruditus
657 1154 823 1183 Octavianus
842 1155 976 1183 Gentilius

187 1201 322 1230 Patricius
350 1200 601 1236 Septempedanus,
629 1201 677 1236 qui
696 1208 757 1228 eam
781 1209 815 1228 ex
848 1201 976 1236 plumbeo

187 1247 357 1283 autographo
383 1247 591 1283 diligentissime
620 1247 824 1282 exprimendam
855 1248 975 1280 curavit,

187 1301 302 1329 eamque
316 1293 359 1321 hic
371 1293 504 1321 lectorum
523 1293 611 1320 oculis
626 1293 796 1328 subjicimus.

509 1338 566 1366 mc
585 1338 656 1372 REQ

535 1384 633 1412 VIESC

518 1430 587 1458 VNT
605 1430 650 1459 C0

506 1477 622 1504 RPOIlA
637 1477 656 1504 S

507 1515 627 1550 CUnVM
647 1521 658 1549 ι

497 1567 623 1595 POLYTI
642 1567 659 1594 Ε

503 1613 525 1640 Τ
545 1612 659 1641 IVSTIN

507 1659 535 1687 Ι.

191 1707 231 1734 Ex
246 1706 289 1734 his
303 1710 341 1733 tot
353 1705 491 1740 tantisque
505 1710 626 1732 veterum
641 1704 804 1740 scriptorum
816 1703 980 1732 testimoniis

192 1761 224 1782 ac
246 1752 437 1780 remotissima:
460 1751 632 1786 antiquitatis
652 1751 855 1785 monumentis,
875 1751 979 1786 Hippo-

191 1797 277 1833 lytum
289 1796 401 1823 militem
413 1795 554 1823 Laurentii
571 1796 675 1823 socium
689 1795 837 1829 exstitisse,
848 1803 981 1831 sacraque

192 1844 279 1878 ipsius
294 1843 406 1878 pignora
425 1843 453 1869 in
473 1841 547 1869 Urbe
561 1842 694 1869 asservari
711 1842 790 1877 plane
810 1850 843 1870 ac
855 1842 982 1869 distincte

193 1897 244 1917 nos
270 1890 402 1924 probasse
424 1888 599 1916 conﬁdimus.
626 1887 724 1916 Verum
743 1896 831 1923 pauca
857 1888 982 1924 quaedam

193 1936 284 1964 adhuc
298 1935 468 1963 discutienda
489 1940 654 1970 supersunt,
681 1940 711 1962 ut
726 1942 821 1962 omnes
837 1935 982 1962 dubitandi

192 1983 313 2010 rationes
330 1982 461 2008 radicitus
478 1981 662 2008 convellamus
673 2002 680 2013 ,
707 1988 741 2007 nc
763 1981 833 2008 forte
849 1988 977 2009 morosus

194 2029 329 2064 quispiam
345 2032 474 2063 exsurgat
499 2027 622 2060 criticus;
635 2028 682 2062 qui
699 2027 828 2063 neglectis
844 2032 883 2055 tot
899 2036 982 2063 argu-

194 2075 303 2108 mentis,
312 2075 411 2109 quibus
424 2074 550 2101 lectorem
563 2073 648 2101 ferme
660 2073 844 2107 oneravimus,
859 2077 981 2100 veterum

1023 190 1157 218 berrimos
1171 189 1297 217 Ecclesia:
1311 189 1416 220 Patres,
1433 188 1608 215 Ambrosium
1625 188 1683 223 (25)
1699 196 1801 224 nempe,

1023 236 1206 272 Augustinum
1222 235 1279 270 (26)
1291 255 1298 268 ,
1312 233 1490 261 Prudentium
1508 234 1563 269 (27)
1574 254 1581 266 ,
1599 233 1711 261 Petrum
1724 234 1805 271 Chry-

1024 284 1146 318 sologum
1164 283 1238 318 (28),
1261 281 1380 309 Leonem
1398 282 1472 317 (29),
1490 281 1637 309 Maximum
1660 282 1805 310 Taurinen—

1024 338 1080 358 sem
1099 329 1166 365 (50),
1181 330 1228 364 qui
1244 328 1420 356 Laurentium
1440 334 1585 364 martyrem
1608 328 1719 355 eximiis
1731 336 1805 355 orna-

1024 379 1088 402 runt
1103 375 1252 406 encomiis.
1276 382 1308 402 ac
1325 374 1474 409 gloriosum
1497 373 1570 401 illius
1591 378 1729 401 certamen
1752 382 1805 409 grac

1024 422 1103 457 phice
1122 421 1342 456 descripserunt,
1372 420 1474 447 nullam
1499 420 1532 447 de
1561 420 1706 455 Hippolyto
1728 420 1807 447 milite

1025 469 1098 496 illius
1121 468 1198 496 socio
1220 468 1385 495 mentionem
1402 466 1509 494 fecisse.
1534 465 1698 501 Hujusmodi
1723 470 1806 493 tamen

1025 514 1173 546 silentium,
1188 521 1250 541 cum
1267 513 1353 541 solam
1368 519 1441 540 mere
1452 513 1576 547 negantis
1593 512 1746 547 argumenti
1758 513 1806 539 vim

1025 560 1164 592 obtineat,
1188 559 1350 586 venerandis
1373 559 1427 586 illis
1446 566 1531 586 sacra:
1552 558 1694 585 vetustatis
1716 566 1806 584 monu-

1026 606 1136 638 mentis,
1156 613 1217 640 quae
1233 605 1364 632 hactenus
1381 604 1581 635 recensuimus,
1597 611 1679 631 nemo
1695 604 1807 638 prudens

1027 652 1247 686 anteponendum
1262 651 1394 678 censebit.
1411 650 1444 677 Et
1465 657 1531 678 sane
1553 650 1576 677 si
1598 654 1674 676 tanta
1690 650 1754 676 huic
1770 657 1808 676 ar-

1026 701 1154 732 gumento
1167 697 1270 725 inesset
1284 697 1446 729 auctoritas,
1459 700 1490 723 ut
1503 695 1667 730 pOsthabitis
1684 700 1723 722 tot
1739 703 1810 730 egre-

1027 744 1078 779 giis
1095 749 1215 773 veterum
1229 743 1405 777 testimoniis,
1420 742 1477 770 sola
1495 742 1581 777 ipsius
1594 742 1696 769 virtute
1712 741 1807 776 Hippo-

1027 790 1099 826 lytus
1127 789 1266 817 Laurentii
1291 789 1383 817 socius
1415 796 1431 816 e
1470 796 1550 816 sacro
1575 793 1730 823 martyrum
1754 787 1811 814 albo

991 835 1013 862 It
1028 835 1159 863 delendus
1180 839 1270 868 esset,
1298 833 1420 869 profecto
1447 839 1474 861 et
1489 834 1517 861 S.
1541 833 1723 861 Laurentium
1745 833 1812 861 illius

1029 883 1189 917 magistrum
1210 882 1237 908 in
1260 881 1332 908 idem
1357 880 1414 908 fere
1437 880 1584 908 discrimen
1605 880 1809 907 adduceremus.

1027 927 1134 955 Etenim
1150 927 1179 955 S.
1194 927 1347 963 Cyprianus
1364 926 1436 962 (51),
1452 926 1515 961 qui,
1534 930 1564 953 ut
1585 933 1681 953 omnes
1697 930 1810 956 norunt.

1027 975 1179 1002 beatissimi
1203 973 1339 1008 pontiﬁcis
1362 972 1433 1000 Xisti
1462 972 1624 1008 martyrium
1651 972 1810 1006 descripsit,

1027 1021 1118 1056 ipsum
1132 1027 1195 1047 cum
1211 1019 1269 1046 solo
1282 1018 1384 1051 Quarto
1398 1018 1425 1045 in
1437 1018 1584 1045 cmmeterio
1600 1017 1810 1044 animaduersum

1027 1065 1140 1097 scribit,
1168 1071 1218 1091 nec
1245 1063 1441 1096 Laurentium,
1467 1063 1661 1098 Hippolytum,
1696 1062 1812 1097 aliosque

1026 1116 1160 1146 martyres
1183 1109 1321 1141 nominat,
1336 1116 1407 1144 quos
1435 1108 1638 1135 sanctissimum
1660 1107 1811 1142 pontiﬁcem

1027 1157 1054 1184 in
1068 1156 1193 1192 martyrii
1206 1155 1355 1183 certamine
1372 1155 1535 1182 subsecutos
1552 1154 1693 1181 novimus.
1715 1153 1809 1181 Verum

1026 1203 1054 1230 in
1072 1207 1149 1230 tanta
1165 1202 1321 1230 criticorum
1349 1200 1427 1228 turba
1440 1221 1447 1234 ,
1468 1208 1538 1235 quos
1562 1205 1655 1227 nostra
1678 1207 1713 1227 ac
1740 1208 1812 1235 supe-

1026 1249 1084 1276 rior
1100 1248 1161 1276 tulit
1182 1253 1264 1279 aetas,
1286 1246 1422 1273 neminem
1442 1245 1592 1280 reperimus
1611 1244 1660 1279 qui
1679 1244 1812 1272 levissimo

1026 1293 1079 1321 hoc
1111 1292 1265 1328 argumenti
1299 1298 1398 1327 genere
1437 1291 1471 1318 de
1503 1289 1687 1317 celeberrimo
1720 1289 1812 1317 Christi

1025 1345 1146 1375 martyre
1162 1339 1288 1366 dubitare
1302 1345 1386 1365 ausus
1398 1337 1444 1371 sit,
1459 1341 1557 1372 prmter
1570 1335 1612 1364 Jo.
1625 1336 1737 1363 Tellum
1752 1335 1813 1372 (52),

1025 1387 1072 1422 qui
1098 1393 1170 1413 caeco
1197 1385 1316 1420 quodam
1343 1383 1435 1410 furore
1466 1383 1596 1418 abreptus
1616 1390 1669 1416 ea,
1702 1390 1763 1417 quae
1785 1383 1814 1409 de

1025 1431 1056 1459 S.
1085 1431 1225 1458 Laurentii
1255 1438 1288 1457 ac
1316 1429 1452 1465 IIippolyti
1483 1429 1614 1464 martyrio
1651 1434 1816 1467 narrantur,

1028 1479 1057 1505 in
1085 1477 1198 1506 dubium
1219 1484 1316 1504 vocare
1345 1476 1417 1503 haud
1445 1480 1487 1503 est
1518 1476 1631 1507 veritus,
1660 1476 1743 1511 quasi
1763 1476 1815 1511 ipsa

1031 1529 1167 1563 auctorem
1193 1524 1307 1558 aliquem
1333 1522 1531 1557 Murtyrologiis
1561 1522 1677 1557 vulgatis
1711 1523 1764 1557 [ide
1779 1523 1818 1550 di-

1029 1568 1145 1602 gniorem
1156 1569 1314 1598 desiderent.
1349 1568 1449 1595 Eadem
1465 1569 1546 1595 etiam
1558 1587 1565 1599 ,
1583 1576 1614 1595 ac
1626 1567 1736 1595 Tcllum
1748 1587 1756 1600 ,
1779 1568 1816 1594 in-

1032 1617 1108 1643 sania
1135 1615 1281 1644 Ilenricum
1308 1615 1474 1642 Dodwellum
1499 1615 1554 1649 (55)
1575 1614 1709 1649 ﬂagrasse
1733 1614 1818 1648 suspi-

1032 1668 1142 1694 camur;
1155 1660 1218 1688 dum
1234 1660 1307 1688 enim
1322 1664 1456 1695 martyres
1475 1659 1527 1686 sub
1556 1658 1707 1686 Valeriano
1725 1666 1818 1693 passos

1032 1712 1169 1739 numerat,
1186 1705 1296 1733 Xistum
1310 1706 1442 1737 nominat.
1461 1713 1493 1732 ac
1511 1705 1693 1732 Laurentium
1710 1705 1817 1732 omnino

1034 1753 1140 1781 reticet.
1154 1752 1189 1779 At
1210 1752 1315 1779 Tellum
1342 1760 1432 1779 meras
1456 1759 1542 1786 nugas
1564 1751 1653 1786 egisse
1669 1759 1753 1778 nemo
1776 1751 1819 1777 ibit

1034 1799 1151 1826 inﬁcias.
1174 1798 1242 1832 Quis
1261 1799 1332 1825 enim
1356 1797 1523 1825 celeberrimi
1535 1796 1663 1832 martyris
1676 1804 1723 1825 res
1737 1802 1819 1833 gestas

1035 1846 1094 1873 solo
1108 1845 1211 1872 Adonis
1222 1844 1392 1878 aliorumque
1404 1843 1646 1878 martyrologorum
1667 1843 1818 1871 testimonio

1036 1891 1085 1919 niti
1097 1889 1270 1918 autumabit?
1294 1889 1389 1917 Nonne
1412 1889 1518 1924 egregia
1539 1889 1583 1916 illa
1611 1888 1739 1922 Patrum,
1765 1897 1818 1924 qua:

1037 1937 1163 1973 superius
1179 1937 1362 1969 laudavimus,
1382 1935 1548 1968 testimonia,
1573 1934 1710 1962 illustrem
1725 1934 1819 1962 Christi

1035 1983 1144 2010 heroem
1159 1982 1193 2009 ab
1208 1981 1313 2009 insanis
1335 1980 1403 2008 Telli
1434 1979 1598 2008 commentis
1621 1979 1818 2008 vindicabunt?

1039 2028 1227 2056 Vetustissima
1242 2034 1350 2062 quoque
1375 2027 1497 2053 omnium
1522 2025 1643 2061 gentium
1665 2025 1819 2061 Martyrolo-

1035 2075 1089 2110 gia,
1109 2083 1169 2110 qua
1180 2074 1304 2102 Adonem
1318 2073 1398 2109 longo
1410 2073 1571 2101 saeculorum
1599 2073 1747 2100 intervallo
1758 2081 1819 2108 pra:-

194 2123 374 2156 quorumdam
401 2120 512 2148 Patrum
527 2120 561 2148 de
581 2119 726 2155 Hippolyto
742 2119 880 2146 silentium
907 2119 981 2154 gravi
999 2119 1022 2149 D
1035 2125 1188 2154 cesserunt,
1206 2127 1298 2147 nonne
1319 2118 1502 2146 Oxoniensem
1528 2118 1654 2146 criticum
1676 2119 1818 2155 praecipitis

232 2211 287 2246 (2|)
299 2211 358 2238 Act.
372 2211 481 2246 SS.rdie
495 2218 533 2237 χιι
548 2210 714 2246 Febr.,toin.
731 2207 751 2235 Il
769 2208 872 2236 mensis
885 2208 978 2240 Febr.,

194 2245 256 2282 pag.
274 2245 326 2273 582
342 2247 408 2274 edit.
425 2245 535 2282 Venetae
550 2253 595 2272 an.
613 2245 692 2282 “755.

229 2277 285 2344 (£282)
300 2282 378 2343 Apgg
392 2282 504 2316 Aringh.
519 2281 594 2307 Rom.
608 2281 769 2313 saburram,
780 2283 847 2306 tom.
860 2277 892 2310 ll,
909 2279 927 2305 Ι.
943 2286 980 2310 ιν,

273 2337 281 2344 .
299 2326 324 2344 υ.
379 2337 387 2344 .

195 2324 222 2344 (τ.
237 2317 281 2348 IS.
299 2326 324 2348 p.
342 2317 387 2344 60.

233 2326 288 2387 (1265')
298 2326 387 2386 ΡᾹρῖιἪ
410 2351 524 2378 Boldetti
542 2350 727 2387 Osseruatigni
746 2358 823 2387 sopra
867 2349 980 2375 cimitert

195 2386 227 2414 de
243 2385 404 2417 Bﬁmartiri,
417 2387 463 2413 lib.
484 2394 512 2417 ll,
531 2395 556 2413 c.
574 2387 617 2417 18,
633 2394 659 2420 p.
678 2385 731 2412 554
747 2386 811 2412 edit.
827 2385 874 2411 cit.

231 2422 289 2457 (24)
307 2421 385 2456 Apud
399 2421 517 2456 Vignol..
537 2419 661 2455 Inscript.
678 2421 778 2449 δείξει..
796 2427 858 2457 pag.
873 2419 934 2457 529.

232 2455 289 2492 (‘25)
311 2455 371 2484 Lib.
387 2465 395 2484 ι
411 2455 456 2492 με
470 2457 558 2491 υῙΙΞεᾱίε
575 2457 768 2492 ministrorum,
785 2463 808 2482 c.
823 2455 878 2492 ΗΕ
887 2455 980 2492 μη,

196 2489 295 2527 ι).’54’,
318 2497 385 2519 tom.
408 2491 431 2518 ll
452 2489 532 2519 o’er.
559 2492 624 2519 edit.
655 2490 750 2518 Paris.
775 2499 822 2518 an.
846 2489 934 2522 1690,
954 2495 981 2516 et

197 2528 244 2555 lib.
262 2535 291 2555 ιι.
305 2535 332 2555 o.
351 2527 413 2555 105.
429 2535 454 2554 c.

209 2535 244 2555 ID.
262 2535 291 2560 ιι,
305 2535 332 2560 p.
351 2535 413 2559 ’lUJ,
429 2535 454 2554 c.
470 2535 515 2554 "au.

233 2542 244 2554 ι.
262 2535 291 2560 n,
305 2535 332 2562 p.
351 2535 413 2559 ’lUJ,
429 2535 454 2554 c.
470 2535 515 2554 ea.

233 2562 289 2598 (26)
310 2562 399 2590 Serm.
417 2562 470 2589 502
483 2567 509 2589 et
522 2570 612 2597 seqq.,
627 2569 690 2597 pag.
704 2561 766 2594 855,
782 2565 849 2588 tum.
865 2560 884 2586 V
899 2559 979 2595 Oper.

197 2597 263 2625 edit.
279 2598 326 2625 cit.
344 2597 542 2632 Antwerpiens.

234 2633 290 2667 (Ἦ)
309 2633 379 2666 Περὶ
397 2631 564 2667 στεφάνων,
589 2633 661 2668 Itym.
684 2632 717 2665 2,
735 2639 762 2667 p.
785 2631 820 2659 99
834 2631 899 2658 edit.
925 2632 981 2659 Au-

198 2672 294 2702 lWerp.
302 2670 349 2695 cit.

235 2700 290 2738 (28)
314 2703 401 2730 Serm.
416 2703 477 2733 155,
493 2711 520 2737 p.
534 2703 585 2730 198
597 2703 660 2729 edit.
677 2702 768 2738 Venet.
783 2710 827 2729 an.
838 2702 857 2738 VI

237 2735 293 2774 (29)
313 2739 400 2765 Serm.
420 2739 464 2770 85,
480 2735 505 2773 p'.
521 2739 584 2770 .357,
599 2743 664 2774 tom.
679 2738 688 2764 I
706 2736 869 2774 Oper._edit._
882 2735 978 2774 Venet.

200 2771 269 2800 1755
277 2771 287 2806 ,ν
296 2774 454 2801 curantibus
470 2771 550 2801 Petro
563 2779 590 2800 ct
606 2773 770 2807 Hieronymo
786 2772 913 2800 fratribus
926 2771 978 2798 Ba-

200 2810 302 2842 lcrinis,
313 2809 389 2844 juxta
404 2810 540 2843 Qucsneili
556 2809 621 2838 edit.
638 2816 721 2836 serui.
738 2808 782 2834 85.

1068 2209 1125 2245 (50)
1146 2208 1247 2249 IIomil:
1261 2208 1295 2236 de
1309 2208 1420 2249 sanctis,
1442 2213 1509 2235 tom.
1522 2207 1564 2249 II,
1582 2207 1614 2234 III
1624 2229 1631 2240 ,
1646 2215 1715 2249 pag.
1730 2208 1778 2248 23_l
1792 2212 1817 2249 et

1033 2243 1120 2280 seqq!
1138 2245 1203 2272 edit.
1229 2243 1369 2279 Raynaudi
1382 2263 1389 2275 ,
1411 2252 1472 2278 quae
1484 2245 1584 2278 pariter
1599 2249 1665 2270 sunt
1681 2244 1818 2276 descripta

1032 2281 1059 2306 in
1075 2280 1144 2307 libro
1159 2279 1204 2307 cui
1218 2280 1312 2306 titulus
1329 2288 1335 2305 :
1353 2278 1478 2306 Memoria
1492 2278 1563 2305 della
1585 2279 1649 2310 vita,
1668 2279 1714 2305 del
1730 2278 1818 2304 murti-

1033 2316 1082 2347 rio,
1099 2314 1277 2347 de'mirucoli,
1289 2314 1331 2340 del
1347 2314 1426 2347 collo,
1440 2319 1504 2346 etc.,
1523 2315 1551 2340 di
1566 2313 1594 2340 S.
1609 2313 1734 2341 Lorenzo
1751 2321 1817 2339 mar-

1033 2351 1082 2378 tire
1097 2350 1238 2391 _r_i_ttnadino
1257 2350 1391 2383 Romana,
1416 2357 1442 2384 p.
1467 2349 1500 2376 70
1515 2354 1542 2376 et
1563 2357 1639 2384 seqq.
1655 2350 1726 2376 edit.
1743 2348 1816 2375 Rom.

1033 2385 1192 2456 “(53533.
1210 2420 1245 2447 so
1261 2420 1394 2447 Successo
1413 2418 1500 2452 fratri,
1519 2427 1546 2454 p.
1561 2419 1614 2446 555
1630 2418 1701 2446 edit.
1715 2421 1817 2446 Amste-

1033 2456 1132 2524 Ιοιέἐὲ)
1149 2462 1262 2518 ἥκοι,
1289 2490 1322 2517 ad
1338 2489 1459 2516 eamdem
1484 2488 1532 2524 Ep.
1550 2496 1578 2523 p.
1600 2488 1663 2521 535,
1692 2489 1739 2516 ubi
1766 2489 1817 2515 haec

1033 2527 1128 2553 scribit
1148 2534 1224 2552 num.
1250 2526 1284 2552 5:
1301 2535 1310 2550 α
1327 2525 1392 2557 Quae
1418 2525 1451 2551 de
1467 2525 1548 2552 Felici
1563 2525 1700 2558 Agasseto
1711 2545 1718 2555 ,
1737 2524 1827 2550 Dona-‘

1033 2563 1123 2595 tiano,
1151 2560 1298 2592 Faustino,
1321 2560 1467 2592 Quatrato,
1494 2559 1660 2592 Laurentio,
1693 2558 1814 2595 Epolito,

1033 2597 1097 2623 Afra
1111 2593 1120 2628 ,
1133 2601 1159 2623 et
1184 2596 1314 2622 militibus
1330 2595 1381 2621 165
1400 2595 1461 2622 addi
1487 2595 1592 2625 solent.
1612 2593 1757 2621 auctorem
1773 2593 1817 2620 ali-

1032 2639 1113 2666 quem
1137 2630 1336 2666 Martyrologiis
1361 2630 1474 2665 vulgatis
1497 2630 1549 2658 ﬁde
1576 2629 1733 2663 digniorem
1751 2629 1818 2655 desi-

1034 2671 1264 2738 Jblggl-Dlssert.
1276 2701 1454 2738 Cyprianicie,
1472 2699 1538 2738 diss.
1561 2699 1605 2738 1⁸1,
1624 2698 1664 2738 ρε
1688 2703 1817 2738 paucitate

1033 2733 1219 2799 gnprty'rtgg,‘§
1235 2736 1279 2769 60,
1299 2733 1331 2764 ad
1346 2737 1447 2764 calcem
1468 2734 1548 2770 Oper.
1568 2733 1598 2761 S.
1624 2734 1770 2769 Cypriani,
1792 2740 1816 2768 p.

1080 2780 1103 2799 CI
1120 2792 1126 2800 .
1178 2780 1185 2798 I
1201 2791 1206 2797 .
