1857 3051
67 103 108 131 185

425 105 468 132 DE
488 106 685 134 PORTUENSI
707 107 735 135 S.
757 106 935 134 lllPPOLYTl
956 107 1052 134 SEDE.
1074 122 1107 127 —-
1127 106 1216 134 PARS
1235 106 1255 134 l.

1595 108 1645 137 ιῡϐ

67 163 108 189 lius
119 161 286 188 cmmeterium
300 162 381 189 sitam
396 161 491 194 fuisse,
512 166 642 198 tantaque
656 163 815 191 muni'ticen-
830 165 853 192 Α
903 163 1027 200 Metando
1038 163 1146 200 eligitur
1159 163 1259 190 tumulo
1272 163 1361 195 locus;
1375 163 1448 191 Ostia
1462 165 1592 200 linquunt,

65 209 92 235 tia
102 207 161 234 haud
173 207 296 242 polluisse
311 207 423 235 scimus.
449 207 477 235 S.
491 208 630 236 Laurentii
646 217 709 236 vero
724 209 812 236 basili-

63 260 109 279 cam
120 260 132 279 a
145 252 313 279 Constantino
326 252 360 279 M.
374 253 592 287 splendidissime
603 253 811 288 excitatam,ju-

62 303 95 325 xta
108 297 132 325 S.
145 297 270 333 Hippolyti
286 299 474 325 cremeterium
495 299 611 333 positam
639 307 711 333 esse,
723 300 811 335 dupli-

62 344 309 378 ciquecolumnarum
330 344 425 371 ordine
451 343 547 371 fultam
575 345 712 378 novimus,
742 346 810 373 adeo

60 395 82 416 ut
93 389 167 417 eidem
192 397 252 417 mox
278 390 358 417 allata
394 389 533 418 Prudentii
564 392 685 418 carmina
709 392 810 426 optime

59 436 202 463 conveniant.
214 436 358 471 Antiquam
372 436 561 464 Laurentianus
580 437 699 465 basilica
716 439 809 465 ichno~

57 482 170 517 graphium
182 483 246 510 mire
263 483 409 510 illustravit
432 482 550 510 Joannes
564 483 724 518 Ciampinus
738 484 807 517 (67),

56 528 157 562 quem,si
172 528 250 560 lubet,
267 529 390 556 consulat
403 529 496 556 lector.
518 528 565 556 His
582 529 690 556 demum
705 530 809 557 accedit

55 573 271 600 luculentissimum
304 574 439 602 Anastasii
462 574 660 602 Bibliothecarii
685 576 807 603 testimo-

55 620 112 645 nium
134 620 164 646 ab
181 619 309 655 Aringbio
337 620 392 655 (68)
420 621 569 654 laudatum,
603 622 649 655 qui
672 621 806 657 Hippolyti

54 664 210 692 rmmetetium
226 665 260 691 ab
287 665 406 692 Adriano
430 667 439 692 l
466 666 561 700 poutil‘.
588 665 622 692 M.
651 666 804 694 restitutum

54 718 155 743 narrans,
168 711 220 738 haec
246 712 347 739 habet:
379 721 387 736 ι
405 711 491 738 Simul
508 716 535 738 et
565 713 749 740 cmmcterium
772 712 802 739 Β.

53 754 161 791 Hippolyti
175 757 301 792 martyris
326 758 404 792 juxta
433 757 461 784 S.
488 757 676 791 Laurentium,
701 758 772 792 quod
788 767 804 785 a

52 801 130 832 priscis
142 808 290 830 marcucrat
317 803 495 837 temporibus,
525 811 539 830 a
566 811 636 830 novo
652 803 800 830 renovavit.

51 845 98 873 Pari
109 848 180 875 modo
189 852 214 875 et
225 849 369 876 ecclesiam
381 849 409 875 Β.
423 849 526 876 Christi
537 850 662 884 martyris
673 850 803 885 Stephani

51 893 112 920 sitam
128 894 199 928 juxta
224 895 383 930 prmdictum
409 896 595 924 cmmeterium
619 897 647 923 S.
669 896 803 932 Hippolyti

51 937 150 965 similiter
178 940 373 967 restauravit.»
406 940 482 968 Patet
509 941 589 975 igitur
615 941 643 968 S.
668 941 802 977 Hippolyti

51 985 204 1012 cmmelerium
223 994 239 1013 a
264 985 413 1013 Prudentio
445 987 622 1022 descriptum,
642 996 696 1015 non
713 989 738 1015 in
761 989 802 1015 via

50 1028 154 1061 Ostiensi,
179 1035 207 1058 ut
232 1031 321 1058 voluit
346 1031 451 1065 Pinius,
476 1033 523 1060 sed
552 1033 579 1059 in
609 1032 760 1066 Tiburtina,
777 1037 804 1060 et

47 1074 106 1107 juxta
117 1075 142 1102 S.
157 1076 294 1104 Laurentii
314 1077 453 1105 basilicam
469 1079 495 1105 in
516 1085 581 1113 agro
599 1078 705 1106 Verane
720 1079 800 1106 situm

49 1119 121 1147 fuisse.
134 1121 302 1157 Quapropter
330 1122 415 1157 ipsius
440 1123 623 1157 conjecturam
644 1125 677 1151 de
694 1124 801 1151 diverso

49 1164 157 1202 Hippolyti
167 1168 272 1201 militis,
284 1173 311 1196 et
328 1167 476 1204 Hippolyti.
501 1173 531 1196 ut
549 1170 606 1204 ipsa
629 1171 727 1204 inquit,
742 1178 802 1204 prc-

48 1211 126 1246 shyteri
137 1214 270 1248 sepulcro,
287 1215 365 1249 cujus
377 1223 426 1249 ope
442 1216 610 1243 confusionis
627 1222 717 1243 notam
733 1216 800 1243 Prn-

46 1256 117 1285 dentio
130 1258 240 1286 inustam
261 1260 352 1287 delere
380 1265 492 1288 conatus
520 1266 570 1293 est,
602 1270 713 1294 prorsus
739 1269 801 1288 cva-

47 1302 118 1330 uuisse
131 1309 265 1338 putamus.

820 834 841 861 Β

44 1367 97 1396 XIX.
124 1370 278 1405 Hippolytus
308 1372 442 1433 episcopus
472 1373 498 1399 in
534 1381 597 1410 agro
632 1369 732 1400 Verane
758 1381 798 1400 u-

355 1415 387 1433 nu
402 1413 453 1433 tus.

354 1413 453 1440 puttus.

69 1480 164 1510 Summo
175 1484 266 1519 itaque
279 1483 342 1518 jure
353 1483 477 1511 Historia:
488 1485 678 1513 ecclesiastica:
693 1493 794 1520 parens

42 1523 150 1555 Batonius
160 1527 339 1556 Prudentium
355 1534 409 1556 tres
423 1530 448 1556 in
461 1538 543 1557 unum
558 1530 715 1565 Hippolytos
729 1538 794 1558 con-

42 1570 102 1598 tlasse
113 1575 313 1608 pronuntiavit;
330 1583 380 1602 nec
395 1577 530 1603 contraria
550 1584 710 1612 magnorum
725 1577 796 1604 viro-

41 1625 84 1644 rum
98 1619 185 1653 placita
207 1621 283 1648 illius
304 1622 464 1649 sententiam
482 1623 524 1650 vel
540 1623 681 1650 minimqu
698 1624 795 1651 infrin—

40 1671 87 1696 gere
99 1673 208 1700 unquam
227 1667 367 1694 valebunt.
390 1667 550 1703 Hujusmodi
570 1677 635 1696 vero
652 1669 794 1697 conlusio-

39 1714 94 1740 nem,
105 1711 169 1744 quod
181 1711 213 1738 ad
225 1711 401 1747 Hippolytum
416 1713 571 1748 episcopum
585 1718 612 1741 et
624 1714 795 1749 Hippolytum

39 1753 128 1782 militem
143 1757 248 1790 attinet,
260 1765 297 1784 ex
313 1765 346 1784 eo
364 1758 537 1792 potissimum
558 1767 684 1787 manasse
705 1760 796 1794 suspi-

37 1805 120 1833 camur,
133 1803 203 1836 quod
219 1803 304 1830 ambo
324 1807 350 1831 et
369 1805 492 1839 martyrii
511 1812 595 1839 genus
615 1810 641 1832 et
661 1806 794 1832 tumulum

36 1852 183 1876 communem
208 1849 374 1882 habuerint,
404 1851 529 1884 quamvis
554 1851 660 1878 diverse
675 1851 796 1878 sentiant

35 1893 138 1926 superius
152 1895 262 1923 laudata
289 1895 317 1923 S.
340 1895 435 1923 Aureae
450 1897 527 1929 Acta,
548 1904 597 1924 nec
613 1904 667 1923 non
686 1897 795 1924 Grzeco-

35 1939 135 1975 rum(69)
149 1945 175 1967 et
188 1941 341 1976 Coptorum
351 1940 500 1976 Menoiogia
513 1949 544 1968 ac
556 1941 666 1974 Memea,
677 1949 794 1976 quorum

35 1987 146 2016 postrema
159 1987 307 2014 nobiscum
320 1987 515 2014 humanissime
530 1987 738 2015 communicavit
751 1995 795 2015 sa-

34 2027 194 2059 pientissitnus
219 2032 325 2059 citatus
356 2031 482 2060 Nicolaus
511 2033 687 2065 Antonellus,
713 2041 793 2068 quem

34 2072 110 2102 iterum
130 2076 242 2105 honoris
271 2085 354 2105 causa
379 2078 561 2105 nominamus.
579 2077 741 2106 Prudentius
756 2079 793 2105 si—

33 2119 118 2151 quidem
139 2121 317 2158 Hippolytum
342 2123 498 2158 episcopum
518 2124 595 2158 equis
615 2124 790 2158 discerptum,

32 2171 154 2202 sacrasque
179 2169 270 2203 ipsius
301 2169 429 2200 reliquias
452 2178 467 2196 e
503 2169 585 2196 Portu
616 2169 738 2197 llotnano
764 2171 791 2197 in
810 2173 830 2200 ι)

33 2208 109 2238 [rbem
123 2221 137 2240 a
154 2214 283 2241 ﬁdelibus
296 2215 452 2248 translatas,
464 2215 648 2250 patentissimo
660 2216 702 2242 his
714 2221 793 2244 testa-

32 2257 64 2281 tur
73 2259 231 2288 carminibus
244 2259 320 2295 (70):

33 2353 109 2396 «idem
122 2357 291 2396 Prudentius
318 2360 348 2396 in
375 2360 505 2387 Passione
533 2359 666 2396 Hippolyti
680 2361 713 2387 de
727 2364 794 2388 tem~

31 2390 63 2420 1‘10
87 2391 112 2419 S.
142 2393 286 2430 Hippolyti
316 2395 353 2422 ita
389 2396 485 2423 scribit
515 2405 521 2422 :
555 2390 639 2422 ordo"
659 2397 794 2422 columna-

32 2432 84 2455 W'".
94 2431 142 2455 etc.
149 2438 159 2454 ι

57 2460 103 2501 (6η
114 2462 152 2501 _D_e
180 2464 325 2501 adiﬁciis,
343 2464 557 2501 a_Constantino
571 2466 720 2499 exstructis,
733 2473 792 2501 cap.

34 2494 139 2531 tritu
157 2503 184 2525 et
201 2494 267 2531 ΗΞ,
284 2499 349 2526 edit.
365 2499 444 2526 nom.
458 2508 502 2527 an.
518 2500 595 2528 1695.

118 2532 193 2568 Rom.
206 2530 373 2567 διώκῃ-ηιμ,
390 2535 407 2562 l.
426 2543 463 2566 tv.
476 2544 500 2562 c.
519 2536 562 2568 Μ,
582 2540 601 2562 t.
622 2535 652 2561 Il.

56 2564 102 2605 (P9)
120 2567 222 2605 Jlgnol;
236 2564 409 2602 Craterum,
425 2564 468 2598 die
486 2564 643 2603 xxtx'Jan.,
666 2575 736 2605 part.
754 2579 790 2604 ll,

31 2604 48 2629 ι).
119 2603 185 2640 edit.
200 2603 300 2631 Urbini
318 2605 365 2631 cit.

120 2637 226 2674 Sepias
239 2639 286 2666 cit.
299 2639 374 2674 hym.
388 2639 431 2671 ll,
446 2647 472 2666 v.
486 2639 530 2667 52.

55 2669 102 2706 (ῘΙ)
120 2669 186 2700 Cod.
205 2669 342 2701 Vatican'o
354 2682 381 2700 η.
398 2669 478 2706 5⁸254,
495 2675 541 2701 fol.
557 2675 601 2702 58.

56 2704 103 2740 (ῖὲ)
121 2706 219 2744 ιηᾴῃοι.
236 2709 271 2735 ad
283 2704 503 2744 Martyrologium
519 2709 667 2736 ltolnanum
683 2711 725 2737 die
738 2719 791 2737 χχιι

31 2735 132 2779 ἐξιεῖ-ξι).
143 2742 195 2770 555
209 2744 276 2770 edit.
290 2735 446 2779 aestivum?
458 2754 466 2769 ι
482 2736 557 2779 Viget
568 2735 791 2772 αδιιίιᾶείῖριῖιῖὶὶὶ

32 2769 132 2814 illam.
155 2769 289 2814 "tam...
318 2769 346 2806 s1
370 2769 792 2814 Ηίρροιι-ιίίσέρίέδδιςίι’έιῑάάιλξ

33 2810 178 2845 Conspicitur
195 2813 251 2840 alta
277 2813 353 2841 fovea
374 2810 452 2848 aquis
468 2810 563 2849 ’plena,
586 2810 711 2850 in'quani
727 2810 791 2851 pro-

937 198 1019 226 Roma
1030 199 1125 234 placet,
1140 206 1244 225 sanctos
1259 207 1316 233 qua
1328 203 1411 225 teneat
1428 198 1535 227 cineres.

864 251 918 280 Nec
937 252 1113 280 Prudentium
1136 253 1163 280 in
1189 253 1241 280 hac
1264 261 1293 281 re
1318 253 1378 280 falsi
1401 262 1476 281 reum
1504 257 1644 284 traducere

863 297 997 331 quispiam
1028 297 1143 332 poterit;
1173 305 1236 324 nam
1262 298 1288 324 in
1315 298 1366 326 hoc
1386 299 1480 326 eodem
1508 300 1643 337 Hippolyti

862 342 976 374 tutnule,
994 350 1076 377 quem
1090 342 1116 369 in
1141 343 1183 369 via
1200 342 1352 376 Tiburtina,
1366 349 1392 370 et
1414 344 1440 370 in
1456 353 1521 380 agro
1536 345 1644 374 Verane

861 386 943 412 silum
955 386 1093 414 exstitisse
1106 386 1238 418 diximus,
1254 387 1390 421 egregium
1407 388 1470 415 illud
1488 389 1554 416 tanti
1570 397 1643 417 mar~

861 431 927 464 tyris
950 436 1155 458 monumentum
1182 439 1253 458 anno
1268 431 1331 458 l55]
1357 432 1440 460 fuisse
1454 439 1588 468 repertum
1603 440 1642 463 te-

859 480 965 502 stantur
989 475 1089 504 Paulus
1117 477 1334 512 Mauutiusﬂl).
1356 478 1415 505 Aldi
1441 479 1526 511 ﬁlius,
1555 479 1640 507 Baro-

859 519 921 547 nius
939 520 1006 555 (72),
1030 521 1129 556 aliique
1153 522 1293 556 permulti,
1317 524 1389 557 quod
1418 525 1589 558 postmodum
1611 526 1639 553 in

858 565 1050 593 bibliothecam
1071 566 1230 594 Vaticanum
1247 568 1363 600 illatum,
1382 576 1495 597 curante
1513 571 1640 598 Marcello

857 610 971 636 Corvino
988 609 1016 637 S.
1036 610 1067 637 Il.
1086 610 1116 637 E.
1137 611 1274 638 cardinalc
1293 612 1508 644 bibliothecario,
1528 614 1639 641 immor-

858 656 918 683 talis
933 656 1072 683 memoriac
1090 657 1158 689 viro,
1177 657 1342 684 uberrimam
1367 658 1454 685 doctis
1470 658 1534 685 viris
1550 658 1636 685 disse-

856 701 930 728 rendi
949 706 1066 736 segetem
1084 702 1215 736 prabuit,
1237 701 1372 737 Scaligero
1392 710 1504 738 nempe,
1522 703 1638 738 Egydio

855 745 998 779 Bucherio,
1013 746 1132 780 Norisio,
1152 747 1298 774 Francisco
1313 748 1461 776 Blancliino
1471 769 1480 781 ,
1503 750 1637 785 Vignolio,

857 791 981 825 aliisque.
1002 799 1119 826 quorum
1138 793 1239 827 scripta
1253 793 1309 828 jam
1330 793 1375 820 diu
1397 794 1567 821 eruditorum
1580 803 1637 822 ma-

856 837 935 864 nibus
958 841 1092 865 teruntur.
1106 837 1171 870 Qua:
1197 847 1259 865 cum
1281 839 1316 866 ita
1342 839 1414 871 sint,
1434 847 1483 867 nos
1509 840 1559 867 hoc
1581 849 1636 868 uno

854 887 1015 916 argumento
1033 883 1183 911 maximum
1210 885 1300 919 operis
1325 885 1514 919 compendium
1539 885 1636 914 fecisse

854 931 991 962 putamus.
1017 927 1180 957 Prudentius
1215 938 1309 957 sacros
1343 930 1478 966 Hippolyti
1508 933 1635 967 martyris

854 974 958 1001 cineres
981 983 995 1002 e
1011 974 1093 1002 Portu
1118 975 1143 1002 in
1167 975 1266 1004 Urbem
1289 977 1392 1009 illatus,
1415 983 1497 1013 atque
1514 978 1540 1005 in
1563 978 1636 1007 illius

853 1019 1008 1046 cmmeterio
1020 1019 1047 1046 in
1066 1027 1130 1055 agro
1143 1020 1249 1047 Verane
1265 1022 1388 1050 conditos
1405 1028 1545 1050 memorat.
1566 1023 1636 1051 Inter

854 1063 968 1098 hujusce
983 1065 1131 1092 cmmeterii
1147 1066 1246 1094 rudera
1263 1068 1483 1102 antiquissimum
1498 1068 1634 1105 Hippolyti

853 1109 924 1137 illius
946 1115 1152 1138 monumentum
1175 1111 1302 1139 ell‘ossum
1329 1118 1386 1144 est,
1405 1121 1485 1148 quem
1511 1113 1634 1142 Romana

852 1154 971 1183 Ecclesia
993 1158 1214 1185 constantissima
1239 1162 1277 1185 tot
1307 1159 1468 1186 sazculorutn
1490 1160 1634 1188 traditione

852 1200 1028 1228 [’ortuensem
1047 1202 1203 1237 episcopum
1223 1205 1342 1239 agnovit.
1358 1204 1425 1237 Quis
1445 1205 1525 1239 igitur
1547 1207 1634 1242 impo-

851 1250 953 1272 stcrum
970 1247 1070 1280 credet,
1091 1247 1267 1276 Prudentium
1285 1257 1338 1276 non
1354 1249 1487 1286 Hippolyti
1511 1252 1632 1287 episcopi

851 1295 876 1327 et
893 1291 1032 1326 martyris,
1049 1292 1095 1319 sed
1114 1293 1261 1329 presbyteri
1283 1294 1440 1323 Portucnsis
1459 1297 1498 1322 vel
1517 1296 1632 1325 Romani

851 1335 943 1363 laudes
961 1337 1109 1365 coemisse?
1130 1338 1161 1364 Et
1184 1346 1248 1366 sane
1265 1344 1318 1366 tam
1338 1348 1434 1375 magna
1449 1341 1500 1368 fuit
1519 1342 1633 1376 hujusce

851 1383 1018 1409 monutnenti
1043 1384 1112 1420 apud
1127 1383 1185 1411 Jac.
1207 1383 1369 1419 Basnagium
1392 1385 1448 1420 (75)
1472 1387 1631 1420 auctoritas,

852 1429 880 1451 ut
892 1426 988 1454 merito
1006 1426 1178 1463 Hippolytum
1196 1433 1318 1455 nostrum
1339 1431 1408 1464 apud
1425 1431 1506 1458 italos
1520 1431 1631 1465 obiisse,

852 1475 878 1497 et
895 1471 921 1498 in
937 1479 1003 1506 agro
1020 1472 1125 1500 Vcrano
1149 1474 1286 1501 conditum
1306 1482 1428 1502 asserere
1449 1483 1501 1502 non
1522 1476 1631 1504 dubita-

850 1521 928 1553 verit,
944 1520 1102 1548 clarissimis
1128 1520 1202 1547 hisce
1227 1521 1336 1548 verbis:
1356 1530 1364 1546 ε
1386 1520 1507 1553 interea,
1526 1522 1630 1556 inquit,

849 1567 906 1593 haec
935 1566 1030 1593 suadet
1062 1566 1214 1600 inscriptio,
1235 1566 1306 1600 apud
1341 1566 1421 1594 Italos
1458 1567 1630 1603 Hippolytum

848 1613 960 1643 obiisse,
982 1616 1009 1639 et
1034 1611 1125 1638 forsan
1148 1612 1174 1638 in
1193 1620 1257 1646 agro
1281 1611 1387 1639 Verane
1413 1614 1557 1647 sepultum.
1572 1624 1581 1639 ι
1602 1615 1631 1641 Si

848 1659 930 1693 igitur
944 1659 1014 1693 apud
1034 1666 1084 1685 nos
1107 1663 1257 1685 extremum
1281 1658 1351 1685 diem
1372 1659 1439 1686 obiit
1460 1659 1618 1696 Hippolytus

848 1704 870 1731 si
895 1704 921 1730 in
947 1711 1014 1739 agro
1044 1703 1151 1730 Verane
1169 1711 1247 1731 sacra
1265 1704 1351 1738 ipsius
1371 1704 1482 1739 pignora
1507 1706 1628 1740 deposita

847 1750 968 1781 fuerunt,
986 1757 1034 1777 cur
1055 1749 1215 1785 Hippolytus
1238 1749 1291 1782 ille,
1309 1757 1390 1783 quem
1408 1751 1433 1776 in
1459 1751 1553 1778 eodem
1570 1752 1629 1778 loco

847 1796 1024 1826 tumulatum,
1050 1800 1077 1822 et
1101 1796 1318 1822 Christianorum
1337 1800 1417 1830 caput
1438 1797 1463 1822 in
1487 1796 1627 1824 Portucnsi

846 1841 967 1869 Ecclesia
982 1841 1119 1868 exstitisse
1140 1841 1236 1868 scribit
1256 1840 1435 1873 Prudentius,
1454 1850 1507 1868 non
1521 1842 1628 1876 episco-

846 1896 908 1922 pus,
923 1888 968 1915 scd
982 1888 1123 1923 presbyter
1136 1887 1265 1914 dicendus
1283 1887 1351 1914 erit?

846 1941 903 1970 XX.
920 1942 1018 1969 Auctor
1032 1941 1094 1968 libri
1109 1941 1144 1968 De
1160 1941 1262 1968 duabus
1276 1942 1302 1968 in
1317 1941 1422 1968 Christo
1441 1943 1544 1968 naturis
1561 1942 1628 1976 Hip-

925 1977 1042 2011 polylttm
1056 1977 1162 2003 Arabiw
1178 1977 1409 2010 metropolitanum
1423 1977 1548 2012 appellat.

881 2023 967 2050 Aliam
979 2022 1101 2057 proiecto
1117 2023 1151 2050 de
1160 2022 1293 2058 Hippolyti
1311 2024 1397 2050 nostri
1413 2024 1475 2050 sede
1486 2024 1627 2058 professus

846 2073 887 2096 cst
904 2069 1066 2096 sententiam
1092 2073 1188 2095 auctor
1205 2068 1267 2095 libri
1292 2068 1331 2096 De
1352 2069 1453 2095 duabus
1477 2070 1578 2096 naturis
1600 2070 1627 2096 in

845 2114 959 2147 Christo,
977 2123 1056 2149 quem
1073 2114 1101 2141 S.
1117 2114 1225 2142 Gelasio
1242 2122 1317 2149 papae
1332 2115 1453 2142 tribuunt
1464 2116 1627 2142 recentiores

845 2159 1098 2194 quidam,tnaxime
1125 2160 1293 2187 bctcrodoxi.
1319 2160 1367 2188 Hic
1399 2161 1479 2195 igitur
1509 2162 1626 2196 scriptor

846 2206 971 2240 quisquis
996 2206 1041 2237 sit,
1057 2213 1088 2232 ex
1105 2206 1208 2237 vitiata,
1228 2210 1257 2232 ut
1281 2211 1371 2233 monet
1393 2207 1491 2233 citatus
1507 2205 1626 2233 Joannes

848 2251 923 2286 Bapt.
935 2252 1094 2284 Cotelerius,
1112 2251 1220 2279 Eusebii
1232 2252 1354 2279 versione
1367 2253 1504 2287 deceptus,
1518 2252 1546 2279 S.
1561 2252 1626 2287 Hip-

843 2361 932 2396 jcctus
947 2361 1106 2396 martyrium
1125 2362 1334 2388 consummavit.
1355 2360 1402 2388 His
1422 2362 1576 2396 adjicimus,
1592 2370 1625 2389 ex

845 2403 911 2430 agro
926 2395 1032 2422 Verane
1056 2403 1071 2422 e
1093 2397 1230 2423 memoria:
1253 2395 1386 2431 Hippolyti
1410 2395 1528 2431 antiquae
1546 2398 1625 2424 rude-

844 2432 919 2458 ribus
944 2430 1072 2457 el‘l‘ossum
1096 2439 1157 2457 esse
1182 2431 1301 2464 ejusdem
1326 2430 1460 2466 Hippolyti
1478 2430 1625 2466 antiquum

845 2473 1028 2492 marmoreum
1055 2466 1232 2500 simulacrum
1257 2466 1326 2492 solio
1352 2466 1490 2498 insidens,
1518 2467 1544 2493 in
1570 2475 1624 2500 quo

844 2500 1022 2527 circumcirca
1054 2499 1154 2527 Grmcis
1188 2501 1285 2527 litteris
1319 2500 1441 2535 inscripti
1469 2506 1532 2536 sunt
1557 2499 1624 2536 cycli

844 2536 987 2570 paschales
1007 2543 1139 2562 annorum
1159 2536 1312 2567 sexdecim;
1335 2536 1406 2569 quod
1430 2537 1490 2562 inde
1511 2535 1625 2563 Romam

844 2570 1101 2604 delatum,positum
1116 2575 1158 2597 est
1172 2570 1198 2597 in
1216 2570 1343 2597 Vaticana
1356 2570 1529 2601 bibliotheca,
1541 2578 1624 2604 opera

844 2605 1021 2632 illustrissimi
1037 2613 1068 2632 ac
1080 2605 1297 2632 reverendissimi
1313 2605 1415 2631 domini
1426 2605 1543 2632 Marcelli
1559 2605 1624 2632 Cer-

844 2640 900 2666 vini
913 2645 968 2667 tum
979 2640 1136 2671 cardinalis,
1151 2641 1213 2668 inde
1224 2645 1311 2667 autent
1322 2639 1436 2666 Romani
1452 2640 1597 2674 pontilicis.
1612 2651 1622 2665 ι

845 2674 904 2701 Vid.
927 2675 993 2701 diss.
1013 2674 1031 2700 2
1055 2674 1150 2702 Franc.
1166 2675 1304 2702 Blancliini
1323 2676 1353 2701 de
1378 2675 1481 2701 (Iunone
1505 2676 1624 2709 paschali

844 2710 873 2737 S.
889 2709 1023 2745 Hippolyti
1038 2710 1135 2745 cpisc.,
1149 2718 1208 2745 cap.
1224 2711 1249 2741 1.
1268 2718 1293 2744 p.
1311 2711 1345 2737 9'2
1357 2710 1420 2737 edit.
1437 2710 1528 2737 Romae
1544 2710 1622 2737 1705.

879 2745 936 2779 (73)
957 2744 983 2770 In
999 2744 1181 2780 animadvers.
1197 2746 1229 2772 de
1244 2745 1273 2780 ὃ.
1291 2745 1434 2780 Hippolyto
1450 2747 1475 2772 in
1490 2745 1621 2772 Thesauro

843 2783 1004 2806 monument.
1027 2778 1089 2804 πεί.
1110 2785 1133 2814 et
1157 2780 1219 2807 hist.
1243 2778 1350 2808 llenrici
1373 2778 1491 2814 Canisii,
1521 2785 1585 2808 tom.
1601 2780 1622 2814 ι,

845 2823 904 2852 pag.
921 2815 946 2846 4,
964 2814 1074 2840 Atnslcl.
1095 2813 1169 2842 [725.
