1857 3051
189 98 239 126 887

586 97 630 125 DE
651 87 848 124 POCRTUENSI
867 97 896 124 S.
917 95 1100 124 HIPPOLYTI
1120 95 1216 123 SEDE.
1237 111 1272 116 —
1290 95 1380 122 PARS
1396 94 1416 120 I.

1754 90 1804 119 468

189 156 309 192 polytum
322 164 377 184 non
388 157 545 192 episcopum
556 156 747 188 Portueusem,
758 160 788 184 ut
797 156 973 189 Prudentius,
987 159 1012 187 Α
1026 154 1144 183 Jacubus
1159 154 1322 182 Sirmoudus
1334 153 1402 188 (76),
1420 153 1560 187 perspicue
1581 150 1678 178 scribit
1700 149 1728 177 S.
1744 148 1806 183 Ilip-

190 203 237 232 sed
261 203 367 230 Arabiae
392 202 628 237 metropolitanum
645 202 778 233 credidit.
806 202 921 237 ideoque
944 202 972 229 in

190 248 356 275 testimoniis
368 247 495 280 Patrum,
510 255 571 282 qua:
586 247 716 275 adversus
735 247 919 283 Eutychianos
937 248 972 275 ad

191 294 293 321 calcem
315 293 404 328 operis
425 293 467 320 sui
490 293 637 328 congessit,
656 293 837 328 fragmentum
855 294 971 322 recitat:

192 348 203 365 ε
219 338 354 373 Hippolyti
368 338 488 373 episcopi
504 343 531 365 et
543 338 669 374 martyris
682 338 801 366 Arabum
817 339 973 374 metropolis

189 383 218 410 in
236 383 366 410 Memoria
376 383 504 410 hteresum
516 384 582 419 (71).
595 393 603 409 ι
620 383 658 411 De
669 384 721 411 hoc
736 384 838 411 incerto
852 384 973 412 auctoris

188 429 345 457 testimonio
372 429 459 457 fusius
482 437 593 464 agemus
606 430 633 456 in
658 430 743 457 altera
765 430 846 464 hujus
870 430 972 458 disser-

189 475 298 503 tationis
311 481 403 511 parte;
428 476 520 511 ibique
545 476 690 503 ostendere
714 477 874 504 conabimur
889 485 972 511 quam

188 520 267 557 longe
281 522 408 549 aberrent
421 522 450 553 ii.
475 521 521 556 qui
538 522 619 548 unico
639 522 721 556 hujus
742 523 835 558 scripti
849 524 973 551 testimo-

187 567 250 598 nio.
276 567 350 602 quod
374 567 482 595 Gelasio
504 568 628 596 Romano
652 569 772 604 pontitici
799 577 895 603 parum
916 574 973 596 tute

188 612 339 646 ascribunt,
355 612 502 640 Arabicum
516 614 544 641 S.
564 613 709 649 Hyppolito
725 615 909 650 episcopatum
924 615 973 643 tri-

187 657 272 685 buere
284 659 463 686 contendunt.

224 703 330 731 Incerto
341 712 424 739 supra
437 704 540 732 laudati
558 706 640 733 libelli
656 706 761 734 auctori
781 713 836 733 non
852 706 972 734 subscri-

188 750 227 777 bit
240 749 370 777 Leontius
385 751 768 788 Constantinopolitanus,qui
783 758 859 780 sexto
874 753 972 780 sacculo

188 794 329 822 desinente
354 795 452 823 librum
470 797 615 831 quemdam
638 797 676 824 De
698 799 775 825 sectis
797 799 880 825 edidit
904 799 971 834 (75),

188 839 215 867 in
231 847 286 875 quo
307 840 336 868 S.
356 840 530 877 Hippolytum
555 842 720 877 Romanum,
734 844 759 871 id
776 850 827 878 est,
842 844 972 872 Romanae

187 886 334 921 provinciae
350 888 508 923 episcopum
552 889 672 918 disertim
701 891 829 926 appellat.
864 891 971 920 Etenim

187 933 252 960 dum
271 933 298 960 in
315 934 424 961 laudato
440 943 521 970 opcre
538 937 738 964 ecclesiasticos
760 937 906 972 scriptorcs
926 946 967 965 re-

188 984 290 1012 censet,
303 981 349 1015 qui
364 989 378 1007 a
393 980 496 1009 Christi
512 982 651 1010 nativitate
667 991 753 1018 usque
765 984 798 1011 ad
818 985 883 1018 imp.
899 984 972 1012 Con-

187 1026 300 1053 stantini
324 1026 359 1054 M.
389 1027 549 1060 ﬂoruerunt,
565 1029 732 1057 Clementem
748 1036 775 1057 ct
797 1030 971 1067 Hippolytum

188 1070 326 1100 Romanos
334 1073 477 1108 episcopos
491 1075 624 1102 nominat.
639 1085 648 1100 r
659 1075 792 1103 Ca‘terum
805 1079 972 1111 temporibus

187 1117 252 1149 illis,
270 1118 317 1152 qui
345 1125 360 1145 a
381 1118 483 1146 Christi
497 1119 639 1147 nativitate
663 1128 750 1155 usque
771 1122 805 1149 ad
827 1122 971 1158 imperium

186 1165 358 1192 Constantini
388 1173 583 1200 numerantur,
608 1168 635 1194 hi
667 1169 794 1197 doctores
824 1175 851 1197 et
877 1170 971 1199 Patres

187 1211 366 1243 exstiterunt,
398 1211 517 1247 Ignatius
544 1213 589 1240 ille
618 1214 816 1249 Theophorus,
842 1215 970 1251 Irenaaus,

186 1256 312 1285 Justinus
326 1257 505 1293 philosophus
519 1263 546 1286 et
561 1264 673 1296 martyr,
689 1259 815 1289 Clemens
828 1266 854 1289 et
869 1261 970 1298 Hippo-

186 1303 259 1339 lytus
272 1304 390 1340 episcopi
405 1304 508 1332 Romae.
520 1314 530 1331 ›

221 1351 384 1379 Anastasius
412 1351 516 1378 Sinaita
543 1350 664 1379 Leontiis
688 1359 795 1380 coaevus
815 1353 842 1381 in
865 1354 970 1390 Odego,

186 1401 268 1433 quem
290 1397 375 1425 edidit
397 1397 515 1425 Jacobus
541 1397 700 1429 Gretserus,
722 1399 827 1427 Leontii
851 1401 972 1436 vestigiis

187 1443 311 1477 inhmret,
327 1445 390 1471 dum
405 1445 434 1471 S.
447 1443 621 1480 Hippolytum
640 1436 758 1480 episcopi
778 1445 892 1474 Romani
908 1447 972 1476 titu-

187 1491 214 1518 lo
230 1491 378 1527 insignivit.
396 1491 445 1519 Hic
466 1497 571 1524 auctor,
592 1500 618 1528 p.
638 1493 700 1526 356,
718 1493 898 1529 fragmentum
912 1503 971 1523 ser-
984 1511 1006 1539 ο

187 1537 278 1564 monis
294 1537 379 1572 ipsius
392 1537 528 1572 Hippolyti
546 1538 675 1565 cxscribit
690 1539 743 1567 hoc
757 1540 854 1567 modo:
875 1542 972 1568 ΙΠΠΟ-

185 1582 303 1609 ΛΥΤΟΥ
323 1583 521 1609 ΕΠΙΣΚΟΠΟΥ
536 1583 652 1610 ΡΩΜῐΙΣ
667 1585 699 1610 ἐκ
715 1584 762 1611 τοῦ
781 1585 844 1621 περὶ
855 1586 972 1615 dvas-1&-

188 1636 257 1660 σεως
284 1628 330 1655 καὶ
352 1629 505 1664 ἀφθαρσίας
531 1630 627 1663 λόγουθ’
657 1640 666 1655 ι
690 1629 826 1667 Hippolyti
851 1633 970 1667 episcopi

187 1673 282 1702 Romae
304 1675 331 1702 in
358 1683 484 1703 sermone
507 1676 541 1704 de
563 1677 762 1705 resurrectione
791 1682 819 1705 et
845 1678 971 1707 incorru-

186 1721 288 1756 ptione.
304 1731 313 1748 ι

221 1768 384 1796 Anastasius
407 1768 536 1798 Romanae
551 1770 680 1799 Ecclesiae
703 1772 902 1807 apocrisarius,
924 1772 971 1807 qui

186 1823 227 1843 vn
244 1816 344 1843 saeculo
362 1815 463 1850 ﬂoruit,
477 1817 503 1843 in
519 1818 632 1852 epistola
650 1818 684 1845 ad
702 1817 886 1846 Theodosium
910 1826 972 1853 pre-

187 1862 326 1898 sbyterum
353 1862 554 1899 Gangrensem,
593 1872 674 1900 quam
703 1865 822 1899 primum
852 1864 972 1900 vulgavit

235 1943 280 1978 74)
303 1942 361 1969 Vid.
376 1941 516 1978 tomLVlll
532 1941 601 1969 Bibl.
626 1942 687 1978 Pat.
707 1942 845 1977 Lugdun.,
859 1951 885 1978 p.
901 1943 969 1977 τοις

185 1982 212 2005 et
225 1976 422 2013 Jo.Albertum
437 1976 604 2010 Fabricium,
623 1978 652 2004 S.
666 1977 801 2013 Hippolyti
816 1976 898 2013 Oper.
913 1983 933 2006 t.
949 1979 970 2011 l,

184 2021 214 2049 p’.
225 2013 288 2045 225.
299 2012 545 2049 γΗθῐΠῧΠΓδίγίἹίδ.

211 2046 278 2083 ’(75)
299 2048 395 2076 Exstat
408 2046 442 2074 in’
453 2048 523 2075 Bibl.
544 2047 656 2074 Patrum
674 2053 742 2076 tom.
763 2048 810 2081 XI,
831 2049 897 2076 edit.
914 2048 972 2076 Μο-

185 2082 306 2111 relliame
322 2084 411 2110 Paris.
427 2082 653 2114 Graeco-Latinae.
672 2091 699 2118 p.
715 2084 768 2111 495
784 2084 817 2111 ad
832 2084 894 2111 5M.
909 2083 969 2112 Vid.

184 2118 340 2154 Fabricium
355 2119 382 2154 in
397 2119 535 2154 testimon.
547 2119 581 2145 de
592 2118 622 2145 S.
634 2118 795 2154 liyppolylo,
810 2127 835 2154 p.
851 2120 867 2146 9
888 2119 970 2153 Oper.

183 2153 306 2187 ejusdem
325 2159 344 2181 t.
365 2153 384 2180 Ι.
405 2153 455 2181 Hic
470 2153 609 2184 Leontius,
624 2161 672 2181 seu
697 2153 770 2187 ortu,
788 2153 835 2181 seu
858 2157 971 2182 munere

1025 202 1146 237 polytum
1169 201 1326 235 episcopum
1352 199 1530 226 Portuensem
1559 197 1661 230 fuisse;
1688 197 1753 223 dum
1779 196 1806 222 in

1024 247 1076 274 hac
1096 246 1210 282 epistola
1231 245 1382 280 fragmenta
1406 244 1529 279 quaedam
1544 243 1654 271 exhibet
1673 241 1808 270 sermonis

1025 292 1054 320 S.
1069 292 1205 328 Hippolyti
1215 291 1329 327 episcopi
1337 290 1436 317 Portus
1452 288 1563 316 Romani
1575 292 1668 314 contra
1682 286 1807 313 Heronem

1024 344 1048 366 et
1074 338 1207 371 Helicem,
1236 345 1297 372 qua:
1322 344 1356 364 ex
1386 335 1479 363 codice
1507 331 1808 367 Constantinopolitano

1024 384 1197 419 ascripserat.
1210 392 1220 409 ι
1229 382 1373 413 Praeterea,
1389 380 1487 416 inquit,
1499 380 1552 407 nisi
1567 379 1600 406 ad
1613 385 1734 413 praesens
1746 383 1808 403 cum

1024 431 1075 458 hac
1100 430 1216 465 epistola
1235 436 1295 456 mea
1312 428 1367 455 Deo
1386 426 1591 454 honorabilibus
1611 424 1699 457 vobis,
1717 428 1744 450 et
1763 429 1810 456 per

1023 485 1072 504 vos
1088 475 1268 504 sanctissimae
1284 483 1316 502 ac
1327 474 1495 505 orthodoxae,
1510 479 1570 507 qua:
1583 471 1638 498 illic
1654 474 1695 497 est
1712 468 1806 495 Eccle-

1023 524 1071 550 site
1085 523 1203 549 rotulam
1218 521 1361 549 habentem
1381 519 1535 548 testimonia
1550 526 1584 546 ex
1600 517 1679 544 dictis
1696 515 1726 542 S.
1740 513 1808 548 Hip-

1023 569 1107 604 polyti
1123 567 1244 602 episcopi
1257 567 1356 594 Portus
1372 565 1499 599 Romani,
1517 572 1548 591 ac
1568 562 1695 596 martyris
1707 560 1812 588 Christi

1023 615 1071 642 Dei
1096 614 1201 647 nostri;
1226 620 1282 648 quo
1302 616 1330 639 et
1354 620 1402 647 per
1417 619 1449 639 ca
1466 618 1547 638 nosse
1569 609 1708 639 habeatis,
1726 614 1812 641 quam

1023 660 1197 688 concorditer
1211 667 1274 688 cum
1291 659 1352 686 aliis
1371 658 1498 686 omnibus
1510 656 1612 684 sanctis
1625 654 1767 686 Patribus,
1784 657 1813 679 ct

1023 708 1107 735 ardue
1119 707 1188 735 duas
1204 706 1356 734 Salvatoris
1376 705 1463 732 nostri
1483 703 1547 731 Jesu
1560 702 1661 730 Christi
1681 701 1814 736 praedicet

1024 758 1134 781 naturas
1147 757 1175 780 et
1184 753 1366 788 operationcs.
1381 761 1390 777 ι
1405 750 1512 778 Titulus
1527 748 1664 776 sermonis
1676 748 1703 774 in
1716 747 1815 774 codice

1023 800 1325 835 Constantinopolitano
1351 798 1397 826 hic
1418 801 1498 825 erat:
1528 795 1581 823 Τοῦ
1605 795 1683 829 ἁγίου
1712 794 1816 820 ΙΠΠΟ-

1024 847 1141 874 ΑΥΤΟΥ
1160 845 1359 873 ΕΠΙΣΚΟΠΟΥ
1382 843 1522 871 Horror
1537 842 1616 878 ἡμῶν
1633 841 1680 868 τοῦ
1701 840 1817 876 λιμένες

1029 891 1154 927 Ῥώμης,
1181 892 1229 919 καὶ
1258 891 1395 926 μάρτυρος
1427 890 1478 924 τῆς
1505 887 1644 924 ἀληθείας.
1668 887 1723 914 hoc
1744 891 1792 913 est
1808 895 1818 912 ζ

1025 947 1034 963 ι
1050 937 1079 964 S.
1089 937 1224 972 Hippolyti
1236 937 1355 971 episcopi
1370 935 1478 967 Portus,
1502 934 1527 960 id
1540 938 1582 960 cst
1594 933 1692 960 Portus
1703 931 1818 961 Romae.

1022 987 1049 1010 et
1061 981 1188 1017 martyris
1203 980 1416 1015 veritatis(77).i
1429 979 1490 1006 llzcc
1506 978 1641 1013 Hippolyti
1658 976 1821 1012 fragmenta

1022 1036 1055 1056 ex
1067 1027 1289 1063 interpretatione
1300 1026 1439 1054 Francisci
1453 1024 1579 1052 Turriani
1591 1023 1686 1050 Latine
1702 1027 1818 1049 tantum

1022 1072 1106 1100 edidit
1116 1072 1243 1100 Canisius
1255 1071 1310 1106 (78)
1339 1071 1368 1098 in
1390 1070 1512 1105 Antiquis
1529 1068 1695 1100 lectionibus,
1710 1067 1819 1103 quibus

1022 1119 1195 1153 postmodum
1211 1125 1244 1145 ex
1267 1116 1414 1144 Sirmondo
1431 1116 1542 1143 Graecus
1558 1114 1667 1142 additus
1682 1118 1727 1141 est
1743 1121 1819 1141 con—

1023 1168 1114 1191 textus
1130 1163 1157 1190 in
1178 1169 1248 1189 nova
1264 1161 1403 1189 Canisiani
1423 1161 1513 1195 operis
1524 1160 1581 1195 ('9)
1605 1159 1738 1191 editione,
1753 1167 1822 1194 quae

1022 1217 1086 1237 cura
1117 1207 1210 1236 Jacobi
1239 1207 1366 1243 Basnagii
1389 1207 1490 1242 prodiit
1514 1205 1713 1234 Amstelodami
1740 1213 1822 1233 anno

1023 1255 1103 1282 {725.

1022 1310 1093 1338 XXI.
1112 1310 1245 1338 Eustratii
1261 1309 1547 1344 Constantinopolitani
1562 1309 1594 1336 de
1612 1309 1700 1336 sancti
1712 1309 1825 1343 Hippo-

1250 1345 1300 1380 lyti
1317 1345 1376 1371 sede
1390 1345 1579 1372 testimonium.

1058 1391 1213 1420 Eustratius
1222 1390 1363 1426 presbyter
1371 1388 1704 1424 Constantinopolitanus,
1714 1390 1825 1416 horum

1021 1443 1174 1472 temporum
1193 1437 1320 1470 scriptor,
1338 1435 1366 1462 in
1382 1435 1472 1463 libello
1491 1433 1824 1471 contra_Psychopanni—

1022 1484 1136 1519 chytas,
1160 1490 1241 1517 quem
1267 1483 1294 1509 in
1323 1482 1413 1509 lucem
1436 1482 1528 1509 emisit
1551 1483 1593 1508 vir
1608 1489 1730 1516 magnus
1764 1481 1825 1508 Leo

1022 1530 1138 1558 Allatius
1148 1530 1216 1566 (80),
1233 1530 1261 1557 S.
1272 1530 1456 1566 Hippolytum,
1468 1533 1498 1555 ut
1508 1529 1657 1562 scripserat
1669 1527 1826 1559 Leontius,

1022 1577 1093 1604 inter
1119 1577 1261 1611 episcopos
1290 1576 1430 1603 Romanos
1455 1578 1597 1602 enumerat
1625 1573 1669 1600 bis
1699 1573 1825 1600 verbis:

1025 1632 1034 1649 ι
1057 1622 1219 1658 Hippolytus
1244 1630 1310 1650 vero
1332 1627 1435 1657 martyr
1450 1626 1477 1648 ct
1499 1621 1644 1656 episcopus
1666 1619 1771 1647 Romae
1797 1620 1827 1646 in

1022 1669 1142 1696 secundo
1156 1676 1282 1696 sermone
1295 1668 1322 1695 in
1336 1667 1474 1695 Daniclem
1492 1667 1549 1694 haec
1563 1667 1611 1694 ait.
1625 1676 1634 1692 ›

1021 1723 1106 1751 XXII.
1124 1723 1248 1751 Germani
1268 1723 1566 1758 Constantinopolitani,
1578 1727 1602 1750 et
1619 1722 1733 1758 Georgii
1750 1722 1828 1758 Syn—

1158 1759 1219 1786 celli
1235 1760 1267 1786 de
1282 1759 1421 1794 Hippolyti
1434 1759 1494 1786 sede
1510 1759 1673 1785 testimonio.

1058 1815 1155 1843 Saeculi
1176 1816 1264 1843 octavi
1288 1816 1365 1842 initio
1384 1814 1412 1842 S.
1435 1814 1587 1842 Germanus
1612 1814 1827 1842 Constantino-

1021 1863 1158 1898 politanus
1186 1863 1254 1898 (81),
1281 1863 1309 1890 in
1337 1870 1387 1890 sua
1421 1862 1609 1889 Ecclesiastica
1632 1861 1777 1894 historia,
1801 1867 1829 1888 et

1058 1942 1202 1978 (77)7Vide
1215 1942 1396 1978 Sirmoridum
1410 1942 1463 1970 loc.
1477 1942 1536 1975 cit.,
1550 1950 1578 1978 p5
1589 1941 1657 1978 r385,
1675 1947 1706 1970 et
1721 1942 1831 1970 Fabri-

1023 1979 1095 2006 cium
1106 1976 1194 2012 VOper.
1212 1976 1392 2013 S._llippolyti
1405 1983 1471 2004 tom.
1486 1978 1505 2011 1,
1524 1976 1628 2012 p.225.

1056 2014 1113 2048 (78)
1134 2011 1214 2040 Tom.
1227 2011 1265 2048 κν,
1283 2021 1344 2047 pag.
1356 2011 1422 2040 149.

1057 2047 1113 2084 (79)
1134 2048 1212 2075 Tom.
1227 2047 1246 2078 l.
1264 2055 1325 2082 pag.
1342 2048 1388 2084 ibi.

1056 2081 1113 2117 (κο)
1135 2084 1171 2110 De
1198 2081 1338 2120 utriusque
1357 2083 1499 2120 Ecclesia},
1525 2081 1714 2120 Occidentalis
1738 2090 1830 2120 atque

1024 2119 1178 2150 Orientalis,
1191 2123 1318 2152 perpetua
1329 2118 1357 2144 in
1375 2119 1496 2153 dogmate
1513 2118 1544 2144 de
1567 2119 1729 2152 purgatoria
1755 2118 1830 2146 cou-

1022 2156 1151 2186 sensione,
1176 2161 1236 2188 pag.
1252 2153 1324 2185 492,
1346 2153 1360 2188 §
1381 2154 1425 2181 19.
1457 2153 1551 2180 Exstat
1579 2154 1653 2188 enim
1677 2153 1829 2182 Eustratii

183 2188 332 2225 Byzantius
355 2189 474 2225 primum
498 2189 663 2225 advocatus,
685 2189 748 2216 dein
766 2190 866 2225 relictis
883 2198 969 2217 saecu-
984 2193 1005 2220 Ι)
1021 2190 1206 2217 testimonium
1221 2188 1291 2223 apud
1309 2187 1463 2216 Fabricium
1481 2193 1546 2216 toni.
1568 2188 1590 2215 ll
1607 2187 1690 2222 Oper.
1709 2189 1831 2225 Hippu-

183 2223 288 2251 laribus
316 2225 431 2258 negotiis
457 2224 484 2250 in
507 2224 634 2251 cmnobio
650 2224 746 2251 Laurze
772 2225 800 2251 in
824 2224 968 2252 Palrcstina

182 2259 336 2286 monachus
366 2259 428 2286 fuit.
451 2259 556 2285 Claruit
574 2259 636 2286 590.
658 2259 748 2286 Edidit
775 2260 846 2287 inter
872 2265 968 2287 caetera

181 2293 283 2320 librum
308 2294 347 2321 De
368 2295 444 2320 sectis
462 2293 489 2320 in
515 2294 608 2321 decem
632 2295 754 2321 actiones
780 2295 968 2323 distributum.

181 2328 282 2365 Exstat
313 2328 531 2365 Graeco-Latine
545 2337 598 2365 una
614 2337 675 2356 cum
691 2329 751 2357 aliis
783 2331 923 2365 opusculis
952 2339 968 2358 a

181 2362 348 2391 Leunclavio
360 2364 448 2391 editus
461 2364 573 2391 Basilem
586 2364 666 2397 1588,
679 2364 705 2391 ἰιι
717 2364 733 2391 8
745 2374 752 2398 ;
766 2362 832 2392 etin
849 2366 968 2391 Auctno-

181 2399 222 2424 rio
235 2399 304 2426 Bibl.
318 2399 432 2425 Patrum
453 2398 542 2425 Paris.
556 2399 635 2432 1624,
648 2404 667 2427 t.
683 2399 703 2433 Ι,
725 2408 757 2433 p.
770 2401 833 2427 455.
857 2400 918 2428 Vid.
934 2401 968 2428 de

181 2434 279 2470 eodem
286 2434 403 2470 Leontio
419 2434 495 2469 plura
511 2436 581 2470 apud
593 2434 701 2462 Gnilcll.
716 2434 786 2462 Cave
797 2436 888 2470 script.
902 2438 965 2462 eccl.

181 2468 255 2505 ῌίει.
271 2469 323 2496 litt.
341 2470 381 2505 in?
397 2470 513 2505 saeculo;
522 2468 701 2505 Eutychiano,
725 2475 789 2497 tom.
806 2472 826 2503 Ι,
902 2471 966 2502 545,

180 2503 279 2531 Oxonii
294 2512 339 2531 an.
356 2504 436 2537 1740,
453 2509 480 2531 et
494 2503 659 2532 Casiniirum
674 2505 773 2533 Oudini
786 2503 965 2533 Comincntor.

179 2538 212 2565 de
230 2539 541 2575 scriﬁptoribztercclesite
560 2541 689 2575 antiquis,
705 2545 771 2567 tom.
787 2541 807 2572 1,
821 2542 911 2568 sarcul.
929 2549 966 2574 Vl,

180 2581 208 2608 p.
223 2574 292 2609 “(52
311 2575 375 2601 edit.
398 2574 497 2609 Lipsiae
524 2574 678 2609 1722ς⁷ῡυ
692 2575 761 2608 Pin,
784 2576 858 2603 Hist.
889 2577 965 2609 eccl.,

178 2609 234 2636 vol.
251 2608 327 2646 ω).
344 2609 397 2643 60;
422 2608 560 2638 Canisium
575 2612 697 2646 Antiquis
721 2611 887 2644 lectionibus,
907 2616 926 2638 t.
944 2612 966 2643 Ι,

179 2651 242 2704 pag.
255 2644 307 2685 5‘27
321 2649 348 2672 et
362 2653 437 2680 seqq.
446 2646 514 2686 edit.
525 2644 722 2686 Amstelo'dami
737 2646 821 2687 £7255
836 2646 966 2674 Jacobum

189 2679 344 2704 iasnatnum
357 2682 426 2704 amid
446 2688 533 2704 msum
551 2681 692 2704 Callistum
726 2681 778 2704 lno.
794 2687 839 2704 ι-ιι.
853 2689 878 2704 n,
894 2682 941 2704 53.
957 2691 963 2697 -

189 2679 344 2720 iaspagium
356 2679 434 2720 apud
446 2681 534 2720 ipsum
542 2681 704 2720 “Gauisium.
726 2681 778 2720 loc.
794 2683 840 2709 cit.
853 2689 879 2716 p.
894 2682 964 2720 55_t_;

178 2718 206 2740 et
222 2714 339 2752 denique
354 2714 522 2752 Fabricium,
538 2716 608 2743 Bibl.
626 2716 713 2744 Graec.
740 2718 787 2744 lib.
804 2725 830 2750 ν,
845 2714 905 2752 cap.
921 2717 965 2750 M,

180 2749 317 2787 toin._)’ll,
330 2759 356 2785 p.
373 2751 422 2778 451
438 2751 504 2778 edit.
522 2751 669 2787 Hamburgi
682 2760 755 2780 anno
769 2753 848 2780 1727.

214 2784 270 2818 (76)
290 2784 393 2813 Exstat.
408 2787 434 2813 in
454 2792 520 2814 tom.
533 2787 564 2814 lll
577 2784 696 2821 Operinn
707 2787 800 2815 Jacobi
815 2787 963 2820 Sn'mondi.

179 2827 239 2855 pag.
253 2820 304 2848 576
319 2822 382 2850 edit.
403 2821 510 2850 Vcnt‘tat
528 2820 688 2850 anni'1728.

1020 2225 1078 2255 lvti.
1095 2233 1121 2255 ιι.
1140 2225 1185 2252 52.

1031 2233 1285 2295 μξὲιι;’(ῗέιῖῐηθηυε
1302 2258 1449 2295 Iustiniani
1467 2259 1572 2293 patricii
1587 2266 1601 2285 a
1625 2258 1832 2287 Constantino

1018 2295 1160 2330 Pogonato
1173 2296 1307 2323 interfecti
1325 2294 1514 2330 tilius,_Cyzici
1539 2294 1687 2330 episcopus
1707 2295 1827 2328 primo,

1018 2328 1116 2358 deinde
1131 2339 1203 2358 anno
1219 2331 1269 2358 715
1281 2330 1405 2364 deposito
1416 2328 1530 2359 Joanne.
1547 2330 1578 2355 ad
1592 2329 1830 2364 patriarchatum

1018 2365 1351 2401 Constantinopolitanum
1366 2400 1377 2401 γ
1389 2369 1500 2401 evectus
1531 2369 1582 2401 est.
1608 2364 1691 2401 rInIcr
1707 2365 1833 2401 _ipsius

1019 2401 1118 2435 Opera,
1136 2398 1348 2435 quae'habentur
1359 2400 1459 2435 Graeca
1470 2398 1531 2426 Lat.
1547 2400 1582 2435 ini
1596 2398 1746 2435 Auctario‘
1759 2401 1831 2429 Du—

1018 2433 1113 2468 ccano,
1137 2433 1164 2462 et
1188 2438 1258 2471 apud
1279 2435 1403 2471 Comhef.
1442 2434 1517 2471 Orig.
1542 2434 1611 2466 CP.,
1630 2441 1662 2461 ac
1683 2433 1755 2462 Lat.
1794 2438 1831 2464 in

1018 2470 1184 2498 Bibliotheca
1201 2469 1276 2498 Patr.
1291 2472 1343 2498 sub
1356 2469 1483 2497 Germani
1501 2471 1621 2501 nomine,
1645 2475 1831 2499 recensetur

1018 2507 1100 2532 etiam
1127 2505 1225 2533 Rerum
1249 2506 1488 2533 ecclesiasticarum
1514 2505 1624 2531 theoria.
1653 2503 1718 2532 Vid.
1739 2505 1832 2535 Cave

1018 2541 1070 2568 loc.
1083 2541 1129 2568 cit.
1147 2549 1176 2568 tu
1196 2542 1295 2569 saeculo
1315 2540 1521 2571 lconoclastico,
1538 2548 1564 2574 p.
1583 2539 1646 2571 621,
1661 2544 1691 2566 et
1709 2540 1829 2570 Oudini

1018 2576 1070 2603 loc.
1084 2577 1130 2603 cit.
1148 2581 1213 2604 tom.
1230 2576 1250 2607 Ι,
1263 2585 1288 2611 p.
1303 2576 1382 2611 1674,
1399 2575 1694 2611 ψιίᾉιἙειελδιειρίιτξιιιιι*
1711 2575 1830 2611 hujus-

1018 2613 1090 2638 modi
1109 2619 1177 2646 opus
1190 2609 1327 2639 Germano
1344 2610 1366 2638 ll
1379 2618 1426 2638 sou
1439 2609 1545 2646 Juniori
1569 2609 1829 2646 Constaiitindpo-

1018 2645 1184 2682 litanofqui
1211 2655 1283 2674 anno
1311 2645 1381 2673 1222
1402 2645 1503 2682 ﬂoruit,
1528 2645 1830 2682 essetribuendum,

1017 2679 1246 2713 quemadmodum
1280 2682 1357 2708 alteri
1394 2680 1538 2708 recentiori
1567 2679 1650 2707 etiam
1679 2679 1830 2710 attribuii

1016 2716 1135 2744 Jacobus
1155 2717 1311 2748 Gretserus,
1328 2725 1353 2750 p.
1370 2716 1433 2747 126,
1449 2716 1475 2742 in
1496 2715 1567 2742 notis
1590 2715 1625 2742 ad
1650 2716 1832 2747 orationenl

1017 2752 1143 2779 Germani
1161 2753 1323 2786 patriarchae
1338 2750 1636 2785 Constantinopolitani
1655 2751 1684 2777 in
1699 2752 1827 2780 exalta—

1017 2787 1119 2813 tionem
1149 2788 1309 2814 venerandae
1333 2787 1440 2818 crucis.
1465 2791 1493 2812 ct
1513 2790 1608 2812 contra
1635 2786 1831 2821 Bogomilos,

1017 2830 1099 2857 quam
1113 2821 1196 2850 refert
1213 2827 1278 2849 tom.
1296 2821 1315 2848 ll
1333 2821 1412 2856 Oper.
1428 2823 1460 2848 de
1482 2827 1574 2848 sancta
1591 2820 1693 2854 Crucc,
1712 2829 1739 2856 p.
1763 2823 1835 2853 115
