1857 3051
55 113 95 142 169

53 174 144 210 mystica
158 174 263 208 rheoria,
274 175 375 202 docens
398 176 574 204 novissimum
592 176 693 205 Christi
710 177 809 205 adven-
823 181 846 209 Α

51 227 96 248 tum
109 221 219 248 futurum
235 229 305 248 anno
318 222 406 249 sexies
417 223 561 250 millesimo
576 224 806 258 quingentesimo,

51 267 150 302 ejusdem
163 267 296 301 opinionis
320 273 447 296 auctores
467 269 560 296 laudat
582 268 611 296 S.
632 269 808 305 Hippolytum

52 313 126 340 Romae
141 317 164 339 et
176 313 303 348 Cyrillum
320 313 375 348 (ὃὲ)
389 323 395 341 τ
412 313 497 341 Τοῦτο
514 315 571 346 καὶ,
592 315 690 349 inquit,
710 315 808 342 ΙΠΠΟ-

51 358 142 386 A‘I‘TOC
156 359 269 386 PQMHC
290 360 336 387 καὶ
356 362 370 386 ὁ
388 361 464 395 ἅγιος
485 361 617 396 Κύριλλος
639 361 764 394 λέγουσιν
780 363 808 388 ὲν

50 406 93 436 τοῖς
107 405 162 440 περὶ
180 405 224 431 τοῦ
251 405 433 442 Ἀντιχρίστου
451 406 540 440 λόγοις
558 406 654 433 αὐτῶν.
673 405 729 433 Hoc
746 412 806 434 est:

53 449 117 476 «Hoc
131 449 284 485 Hippolytus
312 449 405 477 Romre
429 456 455 478 et
479 450 508 478 S.
530 451 646 486 Cyrillus
662 451 756 478 dicunt
780 451 807 478 in

49 496 196 523 sermonibus
210 495 265 522 suis
284 497 316 523 de
332 497 510 523 Antichristo.
526 506 535 522 ι

75 541 123 569 Hoc
145 542 234 569 eodem
252 543 352 570 saeculo
372 542 505 578 Georgius
526 542 667 578 Syncellus
689 542 758 579 (85),
780 542 808 570 in

49 596 86 614 sua
110 587 330 624 Chronographia,
346 589 380 616 ad
405 597 508 616 annum
532 589 634 617 Christi
660 589 714 616 215
740 589 806 625 (8.5),

49 630 196 667 Hippolytum
213 638 293 660 vocat
306 633 465 668 episcopum
477 633 574 661 Portus
589 634 659 669 apud
674 634 806 662 Romam:

48 677 218 705 ΙΠΠΟΛΥΤΟΟ
243 679 316 713 ἱερὸς
335 679 478 713 φιλόσοφος
500 679 697 707 EHICKUHOC
725 681 807 707 ΠΟΡ-

48 721 101 749 ΤΟΥ
111 723 151 749 τοῦ
163 725 229 751 κατὰ
244 724 294 760 τὴν
308 725 438 753 ΡΩΜΗΝ.
456 735 464 751 ι
477 725 636 761 Hippolytus
655 734 733 754 sacer
749 727 809 761 phi-

47 766 155 802 losophus
169 769 314 804 episcopus
329 769 428 798 Portus
442 771 513 805 apud
530 770 661 804 Romam;
677 781 686 797 ι
704 776 729 799 et
743 772 807 799 alibi

47 822 141 842 narrans
160 816 224 851 (85),
241 815 381 844 Christum
401 816 545 844 Dominum
567 822 690 845 nostrum
712 823 805 846 natum

46 868 93 888 esse
113 862 152 890 die
175 870 228 889 xxv
256 862 411 896 Decembr.,
432 872 477 891 an.
501 864 535 891 45
564 864 671 899 imperii
692 864 807 900 Augusti
824 875 844 902 Β

46 905 151 939 Caesaris,
163 907 285 943 Sulpicio
294 908 440 936 Camerino
447 914 472 937 et
480 909 596 945 Poppaeo
603 910 705 938 Sabino
716 918 806 944 cons.,

45 952 89 980 hac
102 960 127 981 se
143 961 194 982 non
215 962 249 982 ex
266 955 376 990 propria
399 955 518 983 Minerva
541 957 661 984 scribere
681 956 805 989 aﬂirmat,

46 998 80 1025 sed
103 1000 256 1028 auctoritate
286 1001 316 1028 Β.
353 1002 469 1037 apostoli
507 1001 643 1038 Hippolyti
671 1003 807 1038 archiepi-

45 1044 145 1079 scopi....
159 1044 271 1073 Romae:
296 1056 305 1072 ε
322 1046 395 1079 Haec,
410 1047 509 1083 inquit,
529 1055 582 1075 non
600 1056 634 1076 ex
659 1049 807 1077 nobismet-

45 1089 96 1124 ipsis
108 1091 273 1127 collegimus,
287 1093 334 1121 sed
348 1101 381 1120 ex
398 1094 590 1122 traditionibus
606 1095 677 1122 beati
692 1096 807 1130 apostoli

44 1137 305 1174 etarcbiepiscopi....
331 1139 424 1167 Romae
443 1139 578 1176 Hippolyti
598 1145 625 1168 et
642 1141 711 1169 sacri
734 1149 808 1168 mar-

43 1182 104 1216 tyris,
112 1187 136 1210 et
149 1183 267 1212 Anniani
279 1185 478 1220 religiosissimi
491 1186 628 1219 monachi,
639 1186 685 1221 qui
701 1187 806 1222 cyclum

43 1228 173 1262 paschalem
208 1231 336 1258 undecim
372 1240 506 1259 annorum
527 1233 578 1260 552
609 1233 720 1261 scholiis
746 1233 807 1261 illu-

43 1277 136 1302 stratum
151 1276 353 1304 studiosissime
367 1278 506 1312 digessit,»
518 1283 569 1306 etc.
581 1278 609 1305 ln
625 1280 677 1307 hoc
689 1279 807 1315 Syncelli

42 1324 148 1348 contextu
165 1323 293 1350 lacunam
309 1324 378 1351 hanc
397 1325 502 1351 notavit
518 1324 636 1352 Iacobus
650 1325 721 1353 Goar
738 1325 805 1360 (86),

42 1373 156 1402 quamque
170 1377 201 1396 ex
222 1368 379 1404 Nicephoro
398 1370 613 1404 interpolandam
632 1379 692 1398 esse
711 1371 806 1399 scribit

41 1411 62 1438 in
76 1415 147 1442 notis.
160 1414 211 1442 Sed
223 1416 292 1450 quid
305 1423 374 1450 opus
386 1420 427 1443 est
442 1415 604 1451 Nicephoro,
618 1425 679 1444 cum
693 1418 806 1452 ipsemet

42 1457 160 1493 Syncellus
176 1460 204 1488 S.
221 1460 399 1496 Hippolytum
416 1461 491 1495 alibi,
508 1466 537 1489 ut
555 1462 683 1494 vidimus.
700 1464 807 1498 episco-

40 1511 91 1538 pum
105 1505 197 1534 Portus
223 1507 298 1542 apud
323 1506 437 1534 Romam
454 1507 576 1535 disertim
607 1509 805 1543 appellet?Ar—

41 1550 173 1587 chiepiscopi
188 1561 248 1580 vero
263 1553 378 1580 Romani
391 1554 502 1581 nomine
520 1554 644 1581 eumdem
658 1554 686 1582 S.
704 1554 805 1590 Hippo-
818 1549 838 1577 Ο

40 1594 125 1630 lytum,
153 1597 316 1634 insignitum
346 1606 361 1626 a
388 1598 500 1626 'Grazcis
534 1598 681 1634 aliquando
719 1600 805 1628 fuisse

39 1646 127 1669 constat
135 1651 165 1670 ea
180 1644 241 1671 cod.
253 1643 308 1670 274
319 1643 487 1671 bibliotheca:
496 1643 694 1679 Ottoboniame,
712 1646 738 1673 in
751 1653 806 1681 quo

39 1688 140 1723 ejusdem
170 1691 288 1719 habetur
316 1699 407 1719 sermo
434 1692 535 1720 Contra
560 1692 694 1727 Nectum,
724 1701 805 1729 quem

42 1755 95 1783 edit.
111 1756 267 1786 Ratisbonae
291 1758 369 1786 1754.
384 1758 464 1787 Plura
489 1760 523 1788 de
548 1760 642 1788 eodem
668 1760 805 1788 Germano

40 1790 154 1831 habentur
167 1794 239 1831 apud
255 1793 500 1831 ipsum_0udinum
519 1795 572 1822 loc.
587 1796 646 1827 σὴ..
666 1795 804 1822 Labbcum

39 1827 60 1859 in
70 1827 194 1855 dissertat.
210 1827 278 1856 hist.
299 1829 332 1856 ad
355 1829 454 1857 librum
471 1830 509 1857 De
525 1831 697 1859 scriptoribus
713 1832 804 1858 eccles.

39 1858 182 1900 pellat-mini,
199 1864 339 1900 p.725luct
357 1871 447 1899 seqq.,
466 1870 531 1892 tom.
548 1858 593 1892 VH
614 1865 732 1900 Operum
747 1865 806 1893 Bel-

38 1896 128 1933 larmini
144 1899 189 1925 cit.
200 1896 277 1926 'edit.
296 1896 404 1926 Venet-ie
417 1896 489 1926 1728
500 1920 508 1932 ,
527 1904 554 1927 et
577 1896 645 1927 alios
667 1905 804 1933 auctores,

38 1932 77 1971 qui.
92 1932 152 1971 inihi
175 1940 440 1971 commemorantur.
461 1934 545 1963 Nobis
570 1940 675 1963 tantum
709 1936 806 1963 sullicit

39 1967 108 2007 ipsius
130 1967 278 2007 Germani,
299 1969 457 2005 quicunque
477 1971 588 1998 demum
605 1970 706 2003 fuerit,
733 1972 804 1998 anti-

38 2005 112 2035 quitas
125 2008 151 2030 et
168 2005 331 2032 auctoritas.

75 2037 112 2076 βξ)
129 2038 256 2076 ljiblioth.
275 2037 389 2066 Patrum
406 2043 471 2066 tom.
484 2040 541 2076 ΧΠ,
557 2049 585 2076 p.
602 2041 665 2068 592.

74 2072 112 2107 85)
130 2073 264 2111 Georgius
294 2076 463 2111 rpopachus,
491 2072 616 2103 Thar'asii
645 2076 808 2111 patriarclue

38 2106 316 2150 Constantinopolitani
331 2106 471 2150 Syncellus
481 2106 747 2150 ;_qualis_dieebatur
758 2112 805 2146 qui

38 2147 84 2169 erat
101 2145 261 2181 patriarchae
283 2145 435 2181 proximus,
451 2155 460 2171 ι
478 2145 559 2181 eique
586 2146 715 2174 defuncto
740 2145 803 2174 suc-

38 2184 114 2205 cessor
126 2179 406 2216 destinabatur,rvixit
422 2179 590 2212 temporibus
600 2181 689 2209 Caroli
704 2181 803 2216 Magni,

427 114 468 142 DE
487 114 683 143 PORTUENSI
705 116 733 143 S.
755 115 934 144 HIPPOLYTI
955 117 1050 145 SEDE.
1072 131 1107 137 —
1126 116 1214 144 PARS
1233 116 1252 143 Ῑ.

1591 115 1641 142 ΠΟ

860 177 955 205 Latine
971 178 1051 204 vertit
1065 177 1228 205 Franciscus
1242 176 1405 208 'l'urrianus,
1423 175 1560 209 ediditque
1575 174 1644 201 Ger-

860 224 961 252 hardus
971 224 1084 252 Vossius
1095 223 1263 258 Tungrensis
1277 223 1483 249 archidiaconus
1494 222 1527 248 ad
1540 221 1642 248 calcem

861 270 978 302 Operum
994 269 1023 297 S.
1041 269 1164 304 Gregorii
1179 268 1386 303 Thaumaturgi,
1410 267 1554 302 Moguntina
1571 274 1643 294 anno

861 316 941 349 i604,
965 319 991 343 et
1015 315 1112 342 deinde
1137 315 1163 341 in
1193 314 1279 341 lucem
1305 313 1397 341 Grzece
1412 313 1529 348 primum
1552 313 1643 340 emisit

860 362 987 389 Albertus
1001 361 1143 389 Fabricius
1165 359 1378 395 Hamburgensis
1395 364 1462 386 tom.
1479 358 1500 385 ll
1523 358 1642 394 Operum

860 408 948 435 sancti
963 407 1117 443 Hippolyti,
1139 415 1199 442 qua:
1224 407 1303 433 annis
1321 406 1389 432 1716
1406 411 1432 433 et
1449 405 1518 432 1717
1535 405 1643 433 duobus

860 455 941 481 tomis
964 454 992 481 in
1016 454 1104 481 forma
1127 453 1183 480 folii
1208 452 1328 486 vulgavit
1347 452 1414 488 (87).
1431 451 1539 480 Titulus
1561 451 1643 487 igitur

861 500 942 534 hujus
958 501 1094 527 sermonis
1108 501 1133 527 in
1147 501 1238 528 codice
1249 499 1430 527 Ottoboniano
1452 500 1489 526 ita
1502 506 1530 527 se
1544 499 1640 526 habet:

865 545 972 581 Ὁμιλξσ.
988 546 1188 572 ῙΠΠΟΛΥΤΟΥ
1205 545 1488 573 ΑΡΧΙΕΠΙΕΚΟΠΟΥ
1505 544 1641 576 ΡΩΜΗΟ.

859 593 906 620 καὶ
924 593 1060 628 μάρτυρος
1075 593 1114 624 εἰς
1130 592 1179 628 τὴν
1196 593 1300 628 αἵρεσιν
1313 593 1417 628 Νοήτου
1433 591 1513 623 τινός.
1524 601 1533 617 ι
1550 591 1642 618 Homi-

859 638 894 665 lia
921 637 1057 673 Hippolyti
1080 638 1278 672 archiepiscopi
1301 637 1395 665 Romae
1411 642 1437 664 et
1454 637 1596 672 martyris.
1614 638 1640 663 in

861 683 985 710 hau-esito
1006 682 1083 710 Nocti
1101 684 1252 718 cujusdam.
1269 694 1278 710 ι

859 750 953 778 ΧΧΙΙῙ.
969 751 1067 778 Auctor
1082 750 1205 778 Chronici
1224 751 1356 786 paschalis
1379 750 1550 786 Hippolytum
1572 750 1642 777 Por-

1038 791 1079 814 tus
1094 786 1206 814 Romani
1219 787 1367 821 episcopatu
1383 786 1459 813 dicit.

895 842 1049 878 Syncellum
1065 848 1175 871 secutus
1191 848 1233 871 est
1253 847 1349 871 auctor
1362 843 1486 871 Chronici
1499 844 1642 878 paschalis,

859 895 907 915 seu
922 888 1109 920 Alexandrini,
1132 890 1178 924 qui
1200 889 1373 924 Hippolytum
1392 889 1568 916 Portuensem
1585 889 1644 923 epi-

859 941 972 968 scopum
998 934 1122 962 credidit.
1154 935 1362 968 ΙΙΠΙΟΛΥΤΟΟ,
1382 935 1479 970 inquit,
1503 936 1517 962 ὁ
1532 934 1581 969 τῆς
1598 934 1644 961 εὐ-

859 979 950 1011 σεϐίας
973 980 1081 1015 μάρτυρ
1104 979 1302 1006 EﬂlCKOHOC
1332 980 1450 1014 γεγονὼς
1475 979 1521 1006 τοῦ
1543 980 1641 1006 καλου-

859 1026 940 1062 μένου
954 1026 1091 1053 ΠΟΡΤΟΥ
1111 1026 1223 1062 πλησίην
1243 1027 1292 1062 τῆς
1309 1026 1436 1054 PQMHC.
1457 1036 1465 1054 ι
1485 1026 1643 1062 Hippolytus

858 1072 940 1107 igitur
965 1072 1073 1107 pietatis
1108 1077 1227 1108 martyr‘,
1259 1073 1405 1108 episcopus
1433 1073 1521 1100 factus
1553 1074 1645 1101 vocati

857 1118 956 1146 Portus
975 1126 1057 1154 prope
1069 1118 1183 1146 Romam
1197 1118 1266 1154 (88).
1286 1128 1295 1144 ι

857 1183 952 1212 XXIV.
969 1183 998 1212 S.
1012 1183 1128 1212 Joannes
1151 1184 1330 1221 Damascenis;
1351 1184 1521 1221 Hippolytum
1541 1186 1642 1220 episco-

1082 1228 1144 1254 pum
1166 1220 1313 1247 Romanum
1327 1225 1411 1248 vocat.

892 1275 992 1304 Eodem
1005 1282 1101 1305 octavo
1115 1278 1215 1306 smculo
1232 1278 1260 1305 S.
1273 1277 1392 1305 Joannes
1406 1278 1599 1312 Damascenus,
1612 1278 1641 1306 in

859 1321 964 1358 Eclogis
981 1323 1039 1351 suis
1051 1344 1058 1356 ,
1080 1331 1148 1358 quas
1171 1331 1238 1351 mss.
1255 1324 1320 1351 vidit
1337 1324 1490 1358 Stephanus
1506 1325 1529 1351 le
1543 1324 1641 1360 Moyne

857 1368 968 1397 Parisiis
992 1370 1019 1396 in
1036 1370 1202 1398 bibliotheca
1220 1370 1325 1406 collegii
1338 1370 1641 1399 Claromontanisocie-

856 1415 919 1442 tatis
931 1415 1006 1447 Jesu,
1020 1420 1046 1443 et
1059 1416 1156 1443 deinde
1169 1424 1231 1444 cum
1249 1417 1360 1450 reliquis
1374 1416 1533 1444 Damasceni
1550 1416 1640 1451 operi-

856 1461 908 1489 bus
931 1461 1016 1489 edidit
1042 1462 1196 1497 linguarum
1220 1462 1396 1490 Orientalium
1421 1463 1647 1491 consultissimus-

857 1507 970 1535 Michael
985 1507 1104 1542 Lequien
1128 1507 1232 1536 ordinis
1256 1507 1466 1535 Prmdicatorum
1486 1508 1638 1544 theologus,

857 1553 1030 1589 Hippolytum
1053 1558 1176 1581 nostrum
1194 1554 1314 1588 episcopi
1339 1554 1451 1582 Romani
1467 1555 1576 1582 nomine
1590 1555 1640 1582 do-

856 1600 940 1627 navit.
954 1599 1013 1627 Duo
1030 1599 1163 1635 siquidem
1176 1600 1248 1627 illius
1266 1599 1414 1635 fragmenta
1428 1601 1524 1627 ibidem
1540 1601 1638 1628 inscri-

855 1646 919 1681 psit,
944 1646 995 1673 hoc
1018 1646 1096 1673 titulo
1115 1646 1260 1681 insignita,
1278 1646 1478 1672 ΙΠΠΟΛΥΤΟΥ
1498 1646 1641 1674 ΕΠΙΟΚΟ-

856 1692 926 1719 ΠΟΥ
940 1692 1070 1726 ΡΩΜΗΟ,
1089 1701 1098 1718 i
1116 1691 1252 1728 Hippolyti
1267 1692 1387 1727 episcopi
1399 1691 1492 1719 Romae
1503 1691 1570 1727 (89).
1591 1701 1601 1717 ι

856 1760 972 1795 Georgio
984 1760 1098 1795 aliisque
1110 1760 1288 1795 seriptoribus
1304 1760 1398 1787 eodem
1411 1760 1520 1787 nomine
1532 1761 1640 1788 donatis

856 1796 940 1822 multa
961 1796 1099 1822 disseruit.
1125 1795 1272 1822 Adeundus
1295 1795 1367 1822 Cave
1392 1795 1442 1822 loc.
1459 1796 1505 1822 cit.
1521 1803 1546 1829 p.
1565 1796 1613 1822 641
1630 1805 1637 1828 ;

857 1830 996 1858 Fabricius
1006 1830 1133 1857 Bibliolli.
1151 1830 1248 1857 (ii-(rcta
1263 1831 1309 1857 lib.
1323 1839 1349 1862 v,
1371 1838 1430 1864 cap.
1446 1831 1477 1861 4,
1498 1835 1562 1857 tom.
1587 1830 1637 1863 Vl,

856 1873 883 1900 p.
900 1866 966 1897 M9;
982 1866 1036 1892 Leo
1048 1866 1174 1896 Allatius,
1189 1866 1304 1892 diatriba
1323 1866 1357 1892 De
1374 1865 1491 1900 Georgiis
1506 1870 1530 1891 ct
1548 1873 1640 1892 eorum.

856 1901 960 1936 scriptis
973 1901 1043 1936 apud
1058 1900 1182 1928 Bibliotli.
1197 1900 1280 1928 Grmc.
1295 1900 1422 1933 Fabricii,
1434 1901 1487 1927 vol.
1498 1900 1531 1932 Χ,
1548 1908 1574 1935 p.
1587 1901 1640 1928 555

856 1941 883 1962 et
896 1935 1047 1970 seqq.,'ubi
1065 1935 1078 1971 ᾗ
1093 1936 1138 1971 25,
1161 1943 1188 1970 p.
1203 1935 1265 1968 650,
1281 1936 1367 1963 multa
1380 1937 1413 1963 de
1436 1936 1495 1970 ipso
1514 1936 1639 1971 Syncello

856 1971 1039 1998 eruditiSsime
1057 1970 1242 2005 proteruntur.

892 2006 948 2041 (84)
969 2006 1008 2032 En
1027 2005 1135 2041 Georgii
1153 2005 1269 2041 Synceili
1281 2006 1364 2033 verba
1384 2014 1412 2041 p.
1430 2006 1484 2033 285
1504 2005 1570 2033 edit.
1586 2006 1640 2034 Vcs

856 2045 936 2072 neue,
954 2041 1017 2067 anni
1033 2040 1119 2076 1729⁷,
1134 2040 1215 2076 opera
1237 2045 1264 2068 et
1282 2042 1372 2068 studio
1385 2040 1484 2068 Jacobi
1509 2041 1594 2074 Goar,
1613 2047 1640 2069 et

856 2083 884 2111 p.
898 2075 950 2102 558
970 2076 1035 2111 edit.
1053 2075 1232 2103 Parisiensis:
1253 2085 1262 2101 (
1275 2075 1434 2111 Hippolytus
1457 2084 1532 2104 sacer
1549 2078 1638 2111 philo-

857 2111 969 2145 sophus,
986 2110 1083 2138 Portus
1105 2111 1220 2138 Romani
1237 2110 1391 2146 episcopus,
1406 2110 1560 2139 Christiana
1579 2113 1639 2146 phi-

857 2146 978 2180 losophia
993 2147 1265 2180 praestans,pluribus
1288 2146 1415 2181 juvandie
1432 2147 1570 2172 hominum
1592 2156 1637 2173 sa-

857 2181 905 2208 luti
922 2181 1083 2215 conscriptis
1094 2181 1171 2211 libris
1191 2182 1351 2208 celebratur.
1369 2191 1379 2207 ι
1398 2181 1524 2208 Videatur
1543 2181 1638 2208 Fabri-

38 2217 58 2238 et
76 2220 140 2241 anno
234 2214 385 2252 Chronicon
411 2216 540 2252 instruxit
564 2224 579 2243 a
605 2216 699 2243 mundi
728 2214 806 2243 initio
822 2219 847 2246 Ι)
859 2216 917 2243 cius
930 2222 995 2252 tom.
1012 2214 1168 2252 I'Operxs.
1186 2216 1331 2252 Hippolyti,
1345 2225 1372 2252 p.
1388 2217 1432 2243 ιίίὶ.

40 2254 108 2286 usque
132 2250 164 2276 ad
190 2249 390 2286 Maximianum
418 2255 445 2278 et
468 2250 647 2279 Maximinum
676 2256 806 2286 tyrannos

38 2284 188 2318 perductum,
205 2285 282 2320 quod
297 2290 385 2321 morte
401 2291 556 2320 praeventus
576 2284 696 2314 ulterius
708 2287 808 2321 pcrdit-

38 2324 96 2355 _cer_e_
111 2327 161 2346 non
185 2321 287 2355 potuit.
318 2320 385 2347 lllud
403 2321 497 2349 Graece
526 2327 552 2348 et
575 2322 672 2349 Latine
695 2320 807 2349 Parisiis

38 2352 195 2392 lniol.‘ann6
210 2355 294 2392 1652,
309 2356 504 2392 cumihistoria
518 2356 694 2392 Theophanis
704 2357 806 2384 editum

37 2389 136 2427 {sttypis
147 2390 294 2425 Lupareis,
308 2399 356 2427 seu
370 2390 471 2426 Regiis,
489 2393 559 2419 inter
570 2389 689 2419 hiStoi'iae
700 2392 806 2427 Byzan-

38 2426 88 2450 tina:
102 2426 151 2452 seri
173 2431 265 2457 tores,
293 2426 342 2455 cui,
360 2427 437 2460 operi
461 2432 541 2455 notas
561 2428 660 2462 adjecit
682 2426 806 2454 eruditus

38 2455 136 2487 Jacobus
148 2433 223 2488 ἔστιν
239 2460 300 2487 0rd.
315 2460 368 2488 FF.
384 2461 607 2488 Praidicatorum.
626 2463 672 2488 oui
684 2462 805 2488 laborem

37 2455 136 2487 lacubus
148 2455 223 2497 Goar
239 2455 300 2497 ord.
315 2460 368 2497 FF.
378 2455 607 2495 'Praadicatorum',
626 2463 672 2497 qui
684 2462 805 2489 laborem

38 2499 103 2530 suum
126 2496 159 2523 ad
182 2496 361 2530 corrigendos
383 2497 527 2525 historicos
551 2496 660 2525 Graecos
680 2499 804 2525 contulit.

40 2526 116 2566 lnhoc
138 2538 222 2566 opere
249 2526 391 2566 Syncellus
407 2533 565 2560 universum
588 2532 696 2559 Eusebii
715 2533 806 2560 Caesa-

41 2565 127 2601 riensis
136 2565 288 2593 Chronico):
304 2567 467 2595 verbotenus
486 2568 634 2600 transtulit;
650 2568 687 2594 ita
704 2572 804 2601 tamen,

41 2603 61 2636 ut
74 2599 96 2624 in
105 2600 227 2636 _Eusebio
241 2602 428 2636 redarguendo
439 2607 513 2630 totus
527 2603 612 2630 l'erme
627 2599 673 2630 Sit.
693 2603 728 2629 At
741 2599 805 2630 vero

40 2632 91 2672 licet
102 2634 234 2663 fateamur
253 2632 343 2670 ipsum
358 2644 429 2672 saepe
447 2638 545 2665 merito
556 2638 589 2664 ab
610 2637 728 2664 Eusebio
749 2638 806 2665 dis-

38 2670 131 2702 sentire,
153 2680 221 2699 suos
239 2677 331 2708 tamen
357 2670 496 2708 Synieellus
521 2681 611 2700 naevos
636 2673 731 2704 habet,
757 2681 806 2700 ncc

38 2709 133 2742 Paucos,
148 2714 198 2733 nec
213 2707 339 2741 exiguos,
355 2713 384 2734 ut
405 2707 524 2742 Scaliger
537 2709 564 2735 in
590 2708 805 2735 Animadversio-

38 2740 98 2766 libus
113 2740 273 2768 Eusebium:
288 2743 390 2769 docuit.
406 2752 415 2768 ι
429 2740 491 2769 Ha-c
508 2743 603 2770 scribit
616 2743 739 2770 Oudinus
751 2743 804 2771 loc.

38 2779 121 2813 ut.,_p.
141 2777 220 2807 1955,
237 2777 297 2813 rubi,
323 2782 468 2813 postquam
494 2779 611 2805 asseruit
633 2779 761 2805 nonnulla
778 2780 805 2806 in

38 2809 138 2848 editione
159 2809 408 2848 sopplcnien‘tirad
434 2812 582 2848 Scriptores
616 2813 804 2840 ecclesiasticos

38 2844 130 2874 ttoberu
157 2844 314 2875 Btl’lirmini
334 2847 478 2876 adduxisse
488 2844 502 2884 ,⁷
521 2849 625 2877 erudite
654 2849 686 2877 de
709 2849 802 2877 eodem

893 2251 949 2285 (85)
969 2250 996 2277 In
1013 2254 1106 2278 eadem
1121 2250 1402 2286 Clironograp'liia,‘ubi
1417 2252 1472 2311 agit
1482 2251 1514 2278 de
1527 2252 1638 2290 reliquis

893 2286 972 2311 arodis
989 2286 1081 2311 gestis.
1097 2294 1122 2311 n.
1138 2287 1201 2311 251.
1215 2287 1289 2311 iuxta
1305 2288 1414 2311 citatam
1447 2285 1561 2311 ’enctam
1579 2290 1637 2311 eili-

857 2285 972 2313 Herodis
989 2286 1081 2321 gestis,
1096 2294 1122 2321 p.
1138 2287 1201 2318 251,
1213 2285 1289 2320 juxta
1305 2288 1414 2314 citatam
1434 2285 1561 2313 Venetam
1579 2285 1637 2313 edi—

857 2323 980 2352 tionem,
1007 2326 1034 2348 et
1052 2321 1131 2356 juxta
1152 2321 1333 2349 Parisiensem
1362 2329 1388 2356 p.
1410 2321 1473 2348 515.
1498 2321 1638 2356 Legendus

856 2357 937 2384 etiam
954 2356 1095 2384 Fabricius
1107 2362 1172 2384 tom.
1199 2356 1209 2383 l
1222 2356 1302 2391 Oper.
1317 2356 1345 2384 S.
1355 2356 1502 2391 Hippolyti.
1520 2364 1547 2390 p.
1557 2357 1601 2384 45.

892 2392 948 2427 (86)
982 2392 1010 2418 In
1039 2392 1277 2419 emendationibus
1296 2397 1324 2419 ct
1358 2391 1580 2427 adnotationibus
1610 2393 1638 2419 in

857 2427 977 2462 ejusdem
1011 2426 1118 2459 Georgii
1149 2427 1315 2454 Colleclanea
1352 2426 1574 2462 chronogaphica
1605 2428 1638 2454 ad

856 2464 956 2489 dictam
979 2470 1005 2498 p.
1024 2463 1087 2494 25!,
1101 2462 1146 2488 tibi
1158 2470 1186 2498 p.
1208 2462 1238 2489 71
1259 2463 1348 2498 citata:
1368 2462 1434 2498 edit:
1460 2461 1566 2489 Venetae
1582 2463 1638 2489 haec

856 2498 951 2532 scribit
966 2496 1000 2524 :1
1013 2497 1272 2532 ’Δρχιεπισκύπου...
1294 2497 1410 2532 Ῥώμης,
1424 2496 1532 2524 Lacuna
1549 2498 1638 2524 verbis

856 2531 1000 2567 Nicephori
1026 2531 1212 2568 interpolaiida
1230 2542 1236 2559 :
1255 2531 1358 2568 Πόρτού
1380 2531 1434 2566 ⁷τῆς
1451 2532 1639 2568 πρεσϐυτέρας

861 2567 978 2603 Ῥώμης.
991 2568 1086 2595 Portus
1095 2568 1166 2595 enim
1180 2567 1299 2595 Romani
1306 2568 1448 2602 episcopus
1458 2567 1618 2603 celebratur.
1626 2577 1636 2593 ι

891 2601 952 2638 (8⁷7)
968 2603 1061 2630 Exstat
1085 2603 1242 2637 hujusniodi
1261 2601 1329 2638 opus
1352 2603 1380 2629 in
1400 2607 1467 2630 tom.
1480 2602 1502 2629 ll
1519 2601 1639 2637 Operum

857 2638 886 2666 S.
900 2638 1034 2674 Hippolyti
1055 2646 1069 2665 a
1087 2638 1316 2674 Fabricioredit"
1333 2646 1359 2672 p.
1381 2638 1475 2674 5,7qui
1495 2639 1586 2667 studio
1611 2642 1639 2665 et

856 2673 1142 2709 diligentia'Bernardi
1158 2674 1191 2700 de
1205 2673 1379 2701 Monti‘aucon
1404 2673 1470 2701 illud
1488 2681 1522 2700 ex
1544 2673 1638 2701 codice

856 2709 989 2744 Vaticano
1001 2709 1166 2743 descriptum
1179 2710 1293 2744 accepit.

891 2742 1033 2779 (88)VSuprt
1051 2742 1130 2770 verba
1143 2744 1232 2779 ipsius
1246 2742 1368 2771 Clironici
1385 2743 1527 2779 paschalis,
1540 2750 1604 2779 pag.
1621 2745 1638 2770 ὕ

855 2777 902 2807 cit.
918 2777 982 2806 edit.
1002 2778 1118 2814 Venetae.
1142 2778 1199 2806 Vid.
1221 2777 1476 2814 Fabricium‘Oper.
1493 2778 1522 2806 S.
1537 2777 1638 2813 Hippo—

857 2815 984 2849 lytitomﬁ.
1001 2813 1021 2846 l,
1039 2821 1099 2848 pag.
1114 2814 1148 2849 45
1159 2819 1186 2841 et
1201 2815 1263 2842 2‘24.

892 2848 947 2884 (89)
967 2847 1082 2877 Scilicet
1092 2850 1117 2876 in
1132 2848 1218 2877 Sacris
1236 2850 1377 2878 Pura/(clis
1393 2849 1438 2878 lib.
1455 2849 1540 2884 ti,lit.
1559 2849 1584 2882 .i,
1602 2847 1648 2875 Dr
