1857 3051
208 77 263 107 Δτθ

598 80 642 107 DE
663 80 858 109 PORTUENSI
879 82 909 109 S.
931 79 1111 108 HIPI‘OLYTI
1130 79 1225 107 SEDE.
1245 96 1280 101 —-
1299 79 1389 107 PARS
1409 78 1444 107 ΙΙ.

1780 76 1827 104 λδο

208 139 261 168 est,
274 135 416 170 epistolam
437 135 470 162 Tal
486 134 664 169 ejusdemmet
692 135 720 161 S.
746 135 838 163 Basilii
865 137 994 171 scriptam
1011 139 1030 167 Α
1048 135 1175 168 Eusebio,
1190 136 1219 163 S.
1235 136 1411 180 Hieronymo,
1427 136 1542 171 aliisque
1557 135 1678 171 antiquis
1694 135 1828 170 scriptori-

211 181 410 214 tautummodo,
429 188 481 207 non
499 188 562 207 vero
587 181 697 208 missam
723 180 807 208 fuisse
830 182 896 215 (51).
921 182 996 209 Peni-

211 228 344 256 tissimam
362 228 432 254 hanc
460 227 583 254 notitiam
609 227 727 254 Iacobus
743 227 924 256 Comhelisius
940 229 995 263 (ὖὲ)

208 282 243 302 ex
261 273 416 309 hujusmodi
439 273 513 300 notis
528 273 651 306 deduxit,
669 281 738 308 quas
754 273 780 300 in
797 274 918 309 antiquis
936 275 995 308 qui-

209 319 324 346 busdam
339 318 479 347 codicibus
503 323 598 346 nactus
619 325 670 351 est,
693 327 794 354 easque
817 319 844 346 in
871 321 995 355 publicos

207 365 376 393 eruditorum
393 373 460 393 usus
474 365 605 400 vulgavit.

209 421 253 448 ΙΙΙ.
273 421 360 448 Variis
373 430 460 449 rerum
476 423 601 457 exemplis
617 422 770 457 Imjusmodi
781 424 908 450 sententia
923 424 995 451 robo-

561 462 646 484 ratur.

240 502 372 535 Quisnam
387 511 419 530 ex
437 503 575 531 veteribus
590 504 683 531 docuit
701 505 927 539 praestantissima
946 504 994 533 Se-

204 548 270 575 dulii
293 554 429 584 poemata,
447 558 508 584 quae
521 550 625 577 diutius
641 550 710 577 inter
724 551 840 578 schedas
858 552 994 586 incompo—

203 595 255 622 sita
265 595 422 630 jacuerunt,
432 604 446 622 a
459 595 558 623 Turcio
572 596 643 623 Rufo
657 597 764 624 Asteria
779 597 884 624 meliori
898 598 994 625 ordine

202 640 289 669 fuisse
305 642 411 677 digesta
436 647 463 670 et
488 643 514 669 in
539 643 625 670 lucem
645 643 766 669 emissa?
787 643 911 671 Profecto
936 645 993 671 lucc

201 688 270 716 viris
283 688 452 716 doctissimis
476 689 635 716 abscondita
661 689 786 721 fuissent,
805 691 856 717 nisi
881 691 992 725 antiqua

202 739 278 767 nota,
294 742 354 769 qua
370 736 397 762 in
414 736 502 763 tribus
517 736 718 771 antiquissimis
733 737 836 764 Sedulii
852 737 993 765 codicibus

202 785 308 815 reperta
324 786 376 810 est.
395 782 559 816 peculiarem
575 787 602 809 et
627 783 796 810 reconditam
825 783 895 810 hanc
918 784 991 810 noli-

201 828 267 854 tiam
289 827 473 861 patefecisset.
493 828 567 856 illam
593 830 718 856 omnium
736 829 842 864 primus
854 830 992 864 evolgavit
1007 817 1028 844 Β

200 872 318 900 Jacobns
339 873 501 901 Sirmondus
517 882 549 901 cx
566 875 661 902 codice
688 875 845 908 Rhemensi,
863 876 991 910 deinceps

199 918 319 946 Jacobus
335 919 462 947 Usscrius
478 928 511 947 (X
526 921 620 948 codice
633 921 783 957 Anglicano
799 921 866 957 (55).
881 922 989 950 demum

200 963 360 997 nosmetipsi
385 964 596 991 emendatiorem
632 966 756 992 eamdem
783 967 935 1001 reperimus
962 968 989 995 iu

197 1008 391 1043 antiquissimo
424 1009 527 1036 Sedulii
553 1010 647 1038 codice
676 1011 845 1039 bibliotheca:
874 1011 989 1039 Ottobo-

198 1055 288 1082 nianaa
305 1063 378 1083 nono
402 1055 511 1083 circiter
528 1057 630 1084 smculo
649 1062 772 1090 exarata,
791 1058 816 1084 in
839 1066 904 1093 quo,
929 1064 991 1094 post

198 1101 342 1135 epistolam
360 1101 394 1128 ad
412 1101 614 1136 Macedoninm,
633 1112 714 1138 quatit
740 1104 871 1138 integram
898 1113 991 1132 eriteri-

197 1147 344 1183 datamque
358 1149 480 1183 vulgavit
495 1151 590 1184 paucis
604 1151 704 1178 abhinc
719 1153 799 1179 annis
810 1153 990 1189 Christophm

197 1201 247 1221 tus
269 1193 402 1222 Cellarins
417 1195 442 1222 lll
459 1196 525 1223 edit.
543 1197 694 1228 Pruzlcntii,
720 1198 776 1225 luce
800 1199 965 1227 adnotantur
981 1210 987 1228 :

201 1249 211 1266 ‹
244 1239 300 1268 Hoc
321 1249 391 1276 opus
416 1242 542 1270 Sedulius
566 1244 636 1270 inter
668 1244 808 1272 chartulas
831 1246 983 1280 dispersum

196 1288 317 1323 reliquit,
343 1289 414 1323 quod
444 1289 629 1320 recollectam,
657 1291 818 1323 adnnatum,
844 1297 926 1326 atque
953 1292 987 1319 ad

198 1342 306 1362 omnem
321 1335 483 1370 elegantiam
500 1335 667 1370 divulgatum
685 1345 699 1363 a
711 1337 809 1365 Turcio
823 1337 893 1365 Rufo
911 1338 989 1365 Aste-

197 1381 240 1407 rio
261 1381 358 1414 quinto
373 1381 476 1408 vicario
498 1382 612 1409 consule
637 1382 788 1415 ordinario,
803 1388 884 1417 atque
902 1385 988 1417 patri-

196 1426 241 1454 cio
255 1427 331 1461 (54);
352 1437 361 1453 ›
376 1435 438 1455 mox
452 1428 576 1462 sequitur
588 1428 772 1463 epigramma:

233 1483 340 1512 Summe
354 1493 427 1511 sacer
443 1486 555 1517 meritis,
575 1486 675 1512 veracis
691 1486 761 1512 dictu
778 1493 860 1520 poch

269 1519 334 1552 Qua:
347 1521 403 1546 sine
423 1521 541 1555 ﬁgmenti
554 1521 660 1547 conditu
677 1527 736 1548 sunt
753 1524 826 1550 uitio.

232 1555 291 1591 Quo
304 1561 374 1581 caret
396 1556 468 1581 alma
487 1556 562 1589 ﬁdes,
576 1564 627 1590 quo
643 1557 729 1583 sancti
747 1559 835 1591 gratia
851 1558 951 1585 Christi

269 1590 320 1616 [λεν
335 1599 414 1624 quant
427 1591 519 1623 justus
534 1592 572 1616 ait
585 1592 651 1617 talia
665 1591 798 1624 Sedulius,

231 1625 382 1662 Ast/ei'iique
397 1626 435 1651 tui
448 1634 548 1659 scutper
562 1628 710 1653 meminisse
723 1627 826 1662 jubeto,

269 1660 353 1693 Cujus
376 1669 422 1694 ope
436 1667 460 1687 et
475 1669 538 1687 cura
553 1662 623 1688 alita
639 1667 698 1688 sunt
713 1660 828 1696 populis.

232 1694 308 1733 Qui},
322 1696 439 1729 quamvis
457 1697 552 1722 sittnini
571 1694 756 1732 cclcbrcnrper
772 1698 869 1725 swcula
889 1699 986 1733 fastus,

270 1730 337 1757 Plus
355 1736 441 1756 tamen
460 1733 493 1757 ιιιί
512 1732 634 1758 meritum
653 1730 742 1765 est,'si
754 1734 821 1768 viget
833 1742 877 1760 ore
889 1730 949 1760 tuo.

195 1786 238 1813 Ad
257 1786 358 1813 calcem
375 1787 508 1820 poematis
524 1788 580 1815 luec
597 1788 743 1820 habentur.
761 1798 822 1824 qua:
837 1791 917 1817 etiam
931 1791 986 1817 Ma-

196 1832 327 1859 billonius
340 1832 461 1867 vulgavit
477 1833 533 1867 (55)
551 1843 558 1860 :
574 1843 582 1859 ι
599 1834 697 1869 Incipit
712 1844 758 1862 ars
771 1836 873 1863 Sedulii
890 1843 984 1871 poetic,

196 1879 244 1912 qui
274 1878 364 1913 pritno
380 1879 466 1906 laicus
490 1879 517 1906 in
545 1879 620 1907 Italia
653 1881 853 1916 philosophiam
881 1883 985 1916 didicit,

195 1928 293 1959 postea
304 1932 366 1951 cum
380 1925 440 1952 aliis
455 1930 604 1952 metrorum
620 1927 765 1960 generibus
777 1928 915 1954 heroicum
928 1937 985 1955 ine-

195 1973 269 1996 trum
283 1968 442 1996 Macedonio
456 1971 616 1998 consulente
630 1971 733 2002 docuit,
748 1971 774 1998 in
789 1971 890 1999 Achaia
902 1972 986 2000 libros

194 2023 262 2042 suos
273 2015 383 2050 scripsit
392 2019 513 2049 tempore
529 2016 721 2051 imperatorum
734 2017 849 2044 tninoris
862 2017 986 2045 Theodo-

195 2062 231 2090 sii
247 2062 294 2089 lilii
311 2062 466 2095 Arcadii,et
475 2061 653 2089 Valentiniani
666 2063 712 2089 lilii
724 2063 888 2091 Constantii.
900 2064 982 2091 Pax.»

195 2117 242 2145 IV.
269 2118 431 2146 Tillemontii
456 2125 639 2153 argumentum
664 2129 696 2147 ea;
720 2121 827 2148 Eusebii
846 2126 870 2148 et
899 2123 986 2148 sancti

1047 182 1098 210 bus
1124 183 1232 217 penitus
1256 183 1431 217 incompertze
1458 183 1585 215 fuerunt;
1612 183 1727 218 ideoque
1752 190 1827 211 nemo

1047 235 1101 254 non
1117 228 1189 255 videt
1200 236 1281 263 quam
1297 228 1480 263 periculosum
1495 229 1660 264 quandoque
1673 229 1709 255 sit
1725 229 1777 256 hoc
1787 237 1826 255 ar-

1046 273 1166 308 gumenti
1181 281 1284 308 genus:
1299 272 1433 300 Eusebius
1447 278 1474 301 et
1485 273 1515 300 S.
1533 273 1713 309 Hieronymus
1728 274 1825 301 nescie-

1046 322 1111 345 runt
1125 319 1235 345 ubinam
1251 319 1372 354 gentium
1388 318 1417 346 S.
1438 318 1597 354 Hippolytus
1607 321 1756 354 episcopus
1771 319 1824 346 lui.~

1045 365 1096 397 rit;
1112 373 1176 400 ergo
1197 365 1338 399 Leontius,
1358 366 1532 399 Anastasius,
1550 365 1651 400 aliique
1666 366 1824 400 posteriores

1046 411 1119 438 illius
1133 411 1313 446 episcopalem
1329 411 1419 439 sedem
1434 411 1504 439 scire
1517 419 1571 438 non
1583 415 1742 446 potuerunt.
1753 411 1825 444 Quod

1045 457 1154 490 quidem
1179 458 1332 492 argumenti
1360 465 1455 493 genus,
1476 457 1499 485 si
1525 457 1690 484 rectioribus
1714 457 1826 484 sanioris

1045 502 1143 530 critica:
1168 500 1269 538 regulis
1293 503 1495 531 aecenscndum
1517 507 1601 536 esset,
1618 502 1740 530 Henrico
1760 503 1826 529 Dod-

1044 549 1122 577 wello
1140 549 1196 584 (56)
1221 549 1408 576 infensissimo
1425 553 1584 576 sanctorum
1604 549 1708 576 Christi
1731 553 1826 583 marty-

1044 603 1104 622 rum
1122 595 1193 622 hosti
1211 603 1310 623 manus
1324 595 1408 622 victas
1425 594 1546 629 profecto
1569 602 1619 621 nos
1632 595 1699 621 dare
1725 599 1826 628 oporte-

1045 645 1096 672 ret,
1110 641 1153 668 cui
1166 640 1336 672 Tertulliani,
1350 640 1471 672 Eusebii,
1486 639 1640 675 Epiphanii,
1656 639 1825 671 Theodoreti,

1044 687 1214 721 aliorumque
1237 692 1359 713 veterum
1385 686 1548 720 scriptorum
1577 685 1717 713 silentium
1744 685 1824 711 maxi-

1046 741 1133 764 tnum,
1156 737 1186 759 ut
1203 733 1261 767 ipse
1286 732 1411 765 credidit,
1437 732 1550 759 rationis
1569 730 1754 766 suppeditavit
1770 737 1824 756 mo-

1045 784 1178 812 mentum,
1195 784 1224 806 ut
1243 778 1273 806 S.
1295 778 1426 806 Irenaeum
1444 778 1650 806 celeberrimum
1666 777 1825 812 Lugdunen-

1042 825 1113 852 sium
1138 826 1299 858 antistitem,
1324 824 1461 860 llippolyti
1485 824 1572 852 nostri
1599 824 1775 858 magistrum,
1795 831 1825 849 ex

1043 872 1142 900 illustri
1157 877 1307 907 martyrum
1329 872 1392 898 albo
1410 871 1520 906 impune
1539 871 1650 898 deleret.
1667 869 1703 896 At
1720 869 1824 896 nimiam

1042 919 1112 946 hanc
1132 918 1262 946 Dodwelli
1284 918 1488 950 conﬁdentiam,
1504 925 1538 944 ne
1551 917 1676 944 dicamus
1694 915 1826 942 temerita-

1043 968 1106 997 tem,
1119 964 1283 992 ﬁrmissimis
1297 963 1514 998 certissimisque
1525 962 1698 998 argumentis
1712 960 1826 988 coercuit

1041 1011 1217 1038 doctissimus
1248 1010 1401 1037 monachus
1429 1008 1549 1036 licnatus
1578 1007 1737 1035 Massuetus
1764 1007 1824 1041 (57),

1041 1058 1120 1092 cujus
1134 1058 1225 1088 verba,
1239 1061 1332 1091 utpote
1347 1065 1403 1084 rem
1423 1060 1545 1083 nostram
1564 1055 1680 1081 mirilice
1693 1055 1825 1080 illustrau-

1041 1103 1088 1135 tia,
1106 1103 1148 1130 hic
1170 1099 1324 1130 exscribere
1348 1110 1400 1129 non
1419 1101 1603 1137 gravabimur.
1623 1110 1632 1126 ι
1658 1099 1772 1132 Verum,
1788 1100 1825 1125 in-

1041 1149 1110 1183 quit,
1129 1153 1159 1176 ut
1173 1150 1206 1175 ad
1225 1148 1434 1180 Tertullianum,
1454 1147 1612 1179 Eusebium,
1636 1145 1823 1181 Epiphanium,

1041 1193 1252 1224 Tlieinlorctum,
1270 1197 1297 1220 et
1313 1193 1392 1224 alios,
1411 1200 1480 1228 quos
1497 1193 1524 1219 in
1545 1199 1635 1220 causae
1659 1199 1719 1219 sua:
1740 1190 1824 1218 defen-

1041 1240 1145 1266 sionem
1162 1239 1228 1266 citat
1242 1238 1408 1270 Dodwellus,
1421 1239 1515 1273 pedem
1531 1238 1702 1270 referamus;
1718 1237 1755 1264 illi
1770 1237 1824 1271 qui-

1040 1287 1100 1312 dem
1129 1286 1259 1313 Irenaeum
1285 1293 1421 1320 nusquam
1445 1285 1583 1320 appellant
1606 1289 1769 1319 martyrem,
1785 1282 1824 1309 sed

1040 1332 1107 1358 nihil
1125 1332 1198 1358 aliud
1219 1332 1252 1358 ad
1277 1339 1414 1359 sunnnum
1431 1339 1463 1358 ex
1485 1338 1580 1358 eorum
1604 1329 1718 1356 silentio
1741 1327 1823 1362 colligi

1041 1383 1138 1411 potest,
1155 1378 1206 1404 nisi
1223 1377 1296 1412 quod
1313 1377 1347 1404 ad
1370 1385 1464 1404 eorum
1481 1377 1604 1404 notitiam
1619 1376 1689 1403 Acta
1708 1374 1822 1409 martyrii

1040 1429 1094 1449 nou
1120 1423 1301 1456 pervenerint,
1317 1427 1364 1450 aut
1386 1427 1532 1458 martyrem
1558 1422 1644 1449 fuisse
1669 1421 1822 1448 nescierint.

1042 1467 1079 1494 Ex
1092 1475 1124 1495 eo
1141 1476 1205 1494 vero
1219 1468 1292 1503 quod
1304 1469 1337 1496 ad
1352 1468 1523 1499 Tertulliani,
1538 1467 1658 1500 Eusebii,
1670 1466 1823 1502 Epiphanii,

1038 1519 1064 1541 ct
1082 1515 1199 1542 aliorum
1211 1516 1392 1549 quorumdam
1405 1515 1586 1541 Orientalium
1603 1514 1772 1548 scriptorum
1784 1520 1824 1539 n0-

1039 1561 1127 1587 tiliam
1148 1560 1276 1596 martyris
1289 1560 1405 1595 alicujus
1421 1560 1603 1588 Occidentalis
1615 1561 1683 1586 Acta
1704 1567 1758 1586 non
1772 1566 1825 1592 per-

1038 1607 1172 1640 venerint,
1201 1612 1346 1642 martyrcm
1378 1607 1461 1634 fuisse
1484 1606 1651 1634 conﬁdenter
1678 1614 1780 1641 negare
1809 1612 1823 1631 a

1038 1653 1143 1680 ratione
1161 1660 1273 1687 prorsus
1288 1653 1408 1680 alienum
1425 1653 1541 1680 videtur.
1560 1661 1569 1677 ›
1586 1652 1618 1679 Et
1633 1652 1732 1686 paucis
1746 1652 1822 1679 inter-

1036 1699 1140 1733 jectis:
1169 1708 1178 1724 ι
1203 1698 1256 1725 Sed
1282 1703 1312 1726 ut
1334 1707 1424 1726 causae
1450 1699 1576 1734 jugulum
1602 1698 1720 1732 propius
1743 1697 1824 1724 adhuc

1038 1748 1139 1778 petam,
1161 1743 1306 1776 Eusebius,
1319 1744 1398 1778 cujus
1415 1744 1554 1771 silentium
1570 1743 1637 1770 adeo
1654 1746 1737 1776 urget
1759 1740 1823 1768 Dod-

1038 1789 1141 1821 Wellus,
1169 1788 1303 1824 Hippolyti
1328 1797 1382 1816 non
1406 1790 1489 1816 semel
1515 1789 1652 1820 meminit,
1674 1788 1821 1822 cataloguni

1037 1835 1096 1868 ejus
1109 1842 1221 1869 operum
1236 1835 1311 1864 texit,
1322 1836 1479 1869 episcopum
1494 1834 1579 1862 fuisse
1591 1834 1668 1866 dicit,
1680 1838 1821 1869 martyrem

1038 1880 1174 1915 nuspiam.
1192 1880 1322 1916 lilartyrio
1344 1881 1428 1908 vitam
1450 1881 1544 1908 ﬁnisse
1564 1880 1754 1907 certissimum
1771 1887 1822 1906 esse

1037 1925 1116 1952 debet
1142 1925 1184 1951 vel
1210 1925 1260 1959 ipsi
1286 1924 1442 1958 Dodwello;
1470 1933 1533 1952 nam
1558 1925 1585 1951 in
1611 1925 1645 1951 iis
1668 1925 1739 1959 ipsis
1770 1932 1822 1959 qua:

1037 1970 1142 2005 profert
1172 1970 1336 1997 Theodoreti
1362 1971 1508 1997 adversum
1541 1970 1635 1997 lrenazi
1664 1971 1821 2006 martyrium

1037 2015 1105 2043 locis
1125 2020 1229 2051 martyr
1248 2015 1411 2050 appellatur.
1432 2026 1441 2041 ι
1463 2016 1491 2042 Si
1507 2016 1590 2050 igitur
1612 2014 1727 2042 Eusebii
1749 2015 1822 2042 silen-

1038 2063 1115 2093 tium,
1134 2063 1206 2097 quod
1226 2063 1305 2089 nobis
1320 2062 1453 2096 objiciunt
1470 2062 1661 2089 'l‘illemontius
1677 2067 1707 2088 et
1723 2061 1821 2088 Ccillie-

1037 2109 1104 2141 rius,
1128 2108 1299 2144 Hippolytum
1326 2114 1448 2135 nostrum
1475 2109 1630 2136 venerando
1649 2108 1779 2144 martyris
1793 2108 1820 2134 ti<

233 2153 389 2188 Hieronymi
403 2154 506 2180 silentio
521 2155 687 2188 desumpta!"
705 2163 797 2183 contra
812 2156 982 2184 I’ot‘tnensent
1000 2158 1020 2184 D
1037 2157 1092 2183 tulo
1112 2164 1210 2183 exuere
1228 2155 1340 2182 minime
1360 2156 1441 2186 valet,
1467 2162 1516 2182 nec
1534 2154 1694 2183 Portuensis
1719 2155 1819 2190 quidem

231 2190 316 2216 sancti
335 2189 474 2224 Hippolyti
489 2190 574 2216 sedem
594 2191 769 2226 nequidquam
786 2192 930 2219 concludit.

234 2245 272 2273 En
289 2246 371 2282 igitur
390 2255 445 2282 quo
456 2252 535 2282 pacto
551 2248 687 2282 sequioris
707 2249 755 2275 :evi
773 2248 921 2282 scriptores
937 2256 984 2283 pe-

196 2293 313 2322 culiares
335 2294 467 2329 quasdam
490 2302 581 2320 rerum
598 2295 710 2322 notitias
735 2295 807 2322 nacti
832 2300 905 2327 sunt,
925 2304 985 2330 qua:

233 2373 288 2406 (5|)
304 2373 453 2401 Adeundns
464 2373 581 2401 Lironns
595 2374 647 2401 loc.
663 2374 721 2406 cit.,
735 2381 796 2408 pag.
817 2374 878 2400 135.

233 2409 290 2443 (52)
304 2408 400 2435 Editus
422 2409 456 2436 ab
477 2417 510 2436 eo
524 2414 564 2436 est
581 2409 698 2436 Basilius
722 2414 868 2441 restitutus,
885 2409 912 2435 in
930 2417 985 2443 quo

197 2444 320 2477 ejusdem
333 2443 362 2470 S.
376 2443 464 2471 Patris
479 2444 597 2478 Operum
620 2452 652 2471 ex
667 2445 777 2479 optimis
795 2452 862 2471 mss.
878 2449 982 2471 textum

196 2479 350 2511 castigavit,
366 2479 451 2508 auxit.
468 2480 622 2512 illustravit,
639 2484 664 2506 et
677 2480 816 2506 versiones
832 2480 980 2507 recensuit.

199 2515 288 2542 Edidit
300 2515 351 2540 hoc
363 2523 431 2548 opus
445 2514 556 2542 Parisiis
570 2523 615 2541 an.
632 2514 710 2546 “379,
727 2514 744 2540 ‘2
757 2515 810 2541 vol.
830 2514 912 2540 iit-8".

234 2550 290 2583 (35)
311 2548 368 2575 Hac
390 2550 422 2576 de
438 2558 465 2575 re
482 2551 609 2584 legendus
622 2555 663 2577 est
678 2549 849 2576 Foutaninus
863 2550 889 2575 iu
904 2549 984 2576 Anti-

197 2584 342 2619 quitatibus
356 2583 458 2615 llorta',
473 2583 518 2612 lib;
536 2593 565 2618 ll,
582 2593 642 2619 cap.
657 2585 683 2617 5,
699 2585 751 2619 §5.
769 2593 829 2619 pag.
843 2584 896 2610 225
906 2593 983 2618 seqq.

198 2618 264 2646 (dit.
283 2618 375 2645 Retine
389 2628 460 2646 anno
480 2621 554 2653 ITUS,
573 2618 623 2647 ubi?
632 2620 664 2646 ad
683 2618 983 2647 nostramsententiam

198 2655 350 2715 instit‘ugtlur
361 2662 460 2682 sermo.
469 2655 616 2683 Adeundus
628 2655 710 2682 etiam
728 2655 845 2681 Lll'OllUS
858 2655 908 2681 loc.
923 2655 982 2688 cit.,

199 2697 259 2715 nam
327 2709 333 2715 .

209 2697 259 2721 pag.
273 2697 333 2715 τοι.

199 2697 374 2760 Ιωῗέἰῖξξῇιιο
391 2723 573 2752 Fontaniuum
594 2725 647 2753 loe‘.
665 2725 723 2756 cit.,
739 2731 799 2759 pag.
815 2724 868 2750 226
881 2729 909 2760 et
919 2724 981 2751 227.

235 2758 291 2792 (55)
321 2758 410 2785 Vetera
436 2760 568 2791 Λυκία-ι..
586 2768 646 2793 pag.
667 2759 719 2786 587
740 2758 790 2785 l-it.
812 2759 878 2786 edit.
895 2759 981 2786 Paris.

201 2793 280 2821 £725.
301 2793 442 2830 Legendus
461 2796 542 2822 etiam
561 2795 730 2822 l-‘ontauiuus
749 2795 800 2822 loc.
816 2795 860 2821 cit.
879 2802 904 2828 p.
919 2795 983 2827 230,

1039 2202 1125 2237 ipsius
1141 2201 1231 2233 sedes,
1249 2205 1288 2227 tot
1302 2202 1418 2236 egregiis
1433 2206 1556 2228 veterum
1569 2201 1738 2236 scriptorutn
1750 2200 1820 2228 testi-

1039 2248 1139 2275 moniis
1155 2248 1293 2280 roborata,
1308 2249 1402 2275 eodem
1419 2247 1482 2275 licet
1497 2248 1594 2274 silente
1612 2247 1744 2278 Eusebio.
1764 2254 1820 2273 nus-

1039 2294 1110 2328 piam
1126 2294 1249 2328 profecto
1265 2297 1418 2320 evanescct.
1434 2293 1486 2320 Sed
1503 2293 1569 2328 quid
1590 2292 1761 2320 Massuetum
1776 2300 1818 2326 ξιιμ

1039 2373 1083 2400 ubi
1097 2373 1154 2400 lucc
1169 2372 1228 2400 fuse
1247 2377 1404 2400 narrantur.

1074 2408 1130 2443 (56)
1145 2407 1258 2435 Dissert.
1272 2408 1288 2434 3
1306 2408 1332 2434 in
1349 2409 1493 2436 Irenaeum.
1508 2407 1645 2434 Videndus
1656 2407 1741 2434 etiam
1754 2407 1818 2434 Cave

1039 2444 1065 2470 in
1093 2443 1252 2477 scriptorum
1271 2444 1506 2470 ecclesiasticarum
1532 2443 1653 2469 Historia
1679 2443 1816 2471 litterario,

1039 2483 1104 2505 tom.
1124 2478 1144 2511 Ι,
1166 2486 1192 2513 p.
1211 2479 1254 2509 67,
1276 2478 1376 2506 εωοιιιυ
1400 2478 1540 2510 Gnostico,
1558 2478 1604 2512 qui
1626 2478 1723 2504 eodem
1745 2485 1817 2511 argu-

1039 2514 1120 2540 menti
1150 2521 1270 2548 genere,
1300 2514 1462 2540 stcculorum
1493 2513 1650 2548 sequiorum
1687 2520 1816 2548 commen-

1039 2553 1094 2574 tum
1121 2547 1260 2575 SIlrenaei
1274 2549 1437 2584 martyrium
1453 2549 1520 2575 dicit
1533 2547 1547 2575 'z
1564 2557 1576 2584 rc
1592 2547 1672 2581 Quod
1691 2556 1755 2575 vero
1769 2547 1816 2573 ire-

1039 2591 1112 2610 nzeus
1126 2588 1227 2618 martyr
1241 2583 1326 2610 fuisse
1342 2584 1421 2618 \ulgo
1432 2583 1549 2613 dicatur,
1562 2583 1587 2609 id
1600 2584 1759 2618 aequiorum
1772 2590 1810 2616 po-

1039 2620 1093 2646 lius
1105 2619 1265 2645 saeculorum
1281 2623 1466 2645 commentmn
1483 2618 1649 2646 ceusendutn
1666 2621 1735 2651 erit;
1751 2622 1814 2644 certe

1038 2654 1178 2687 ignorasse
1196 2654 1322 2680 videntur
1337 2654 1499 2681 vetustiores
1522 2653 1720 2686 Tertullianus,
1738 2652 1813 2679 Eusa-

1038 2688 1302 2729 biusLAugustinus,
1324 2688 1523 2729 'l‘hcodoretus:
1541 2698 1553 2729 ρ

1073 2723 1129 2757 (57)
1146 2719 1257 2751 Dissert.
1276 2719 1359 2758 praev.
1379 2724 1406 2751 in
1430 2724 1524 2751 lreutci
1541 2722 1601 2756 lib.,
1617 2722 1664 2756 90,
1680 2723 1725 2755 91,
1743 2720 1758 2758 §
1774 2719 1814 2755 51,

1117 2769 1142 2785 δ.

1099 2758 1130 2768 ww

1037 2758 1080 2791 ω,
1098 2758 1113 2784 5
