1857 3051
192 108 245 135 435

578 104 621 133 DE
641 103 837 134 POHTUENSI
857 103 886 133 S.
907 103 1090 133 HIPPOLYTI
1112 105 1209 132 SEDE:
1229 119 1264 125 —
1277 104 1369 132 PARS
1389 105 1422 133 Il.

1779 104 1844 131 43s

191 167 345 202 Basnagius
362 167 428 203 (16),
443 166 576 202 Dupinius
589 167 656 202 (47),
671 167 772 202 aliique
791 178 798 194 :
815 167 941 202 quamvis
951 175 983 195 ea
997 171 1020 199 Α
1034 167 1175 195 doctomm
1202 167 1323 194 virorum
1348 167 1545 195 haesitationem
1570 167 1603 194 de
1623 166 1779 194 Portuensi
1808 166 1846 194 S.

194 218 323 241 tueantur
345 214 470 242 Canisius
486 213 553 248 (48),
567 218 594 240 et
609 213 802 249 quamplurimi
826 214 978 241 doctissimi

192 259 245 286 viri
266 259 336 286 inter
353 267 421 294 quos
442 259 573 294 Georgius
589 259 683 287 Bullus
703 259 770 295 (49),
789 259 835 295 qui
850 259 980 294 peculiari

194 305 310 340 quadam
335 305 524 340 disquisitione
549 305 699 340 fragmenta
716 306 749 332 ab
767 306 911 334 Anastasio
924 306 981 333 col-

196 351 276 384 lecta,
291 356 418 385 tanquam
432 351 548 386 genuina
561 349 699 386 Hippolyti
715 351 802 378 nostri
820 358 981 378 monumen-

191 399 230 426 ta,
247 396 379 430 probavit.
397 395 513 428 Etenim,
530 396 777 431 quomodocunque
799 403 858 423 sese
870 403 914 424 res
929 396 980 423 ha-

192 441 265 473 beat,
284 441 366 468 varia:
381 441 522 468 doctorum
538 441 661 468 virorum
678 441 711 468 de
734 441 777 469 bis
792 441 900 476 scriptis
920 449 981 468 sen-

192 486 284 513 tentiae
311 493 451 520 nunquam
477 485 621 513 Portuensi
641 484 778 521 Hippolyti
801 486 857 514 sedi
874 486 981 514 ofﬁcere

191 536 314 567 possunt.
330 530 410 563 Nam,
428 532 478 559 etsi
497 531 554 559 lucc
571 531 720 566 fragmenta
735 531 824 559 dubiae
840 532 913 565 ﬁdei,
927 532 982 560 imo

191 580 218 603 et
233 576 300 603 falsa
313 581 404 603 essent
420 575 503 611 (quod
518 581 608 603 tamen
625 576 768 610 peritiores
789 577 875 604 critici
891 582 982 611 aperte

192 627 219 650 et
231 623 319 657 palam
334 622 442 649 ﬁrmare
451 621 522 649 haud
534 622 686 657 suntausl),
697 627 787 650 tamen
799 631 860 650 cum
876 623 981 656 eadem,

192 667 426 695 consentientibus
452 667 508 694 fere
531 667 669 699 omnibus,
694 668 878 696 vetustissima
904 669 958 695 sint
973 688 981 700 ,

193 713 407 740 vetustissimum
431 720 540 748 quoque
566 714 599 740 de
625 713 770 740 Portuensi
794 713 822 741 S.
847 713 981 749 Hippolyti

192 758 256 785 sede
270 757 456 785 testimonium
476 757 555 784 nobis
567 758 750 792 suppeditant.
768 758 929 793 Fragmenta
949 759 983 786 ab

191 804 338 832 Anastasio
355 804 434 831 allata
449 808 550 831 tantam
570 803 693 831 redolent
721 805 925 839 antiquitatem,
954 809 984 833 ut

192 850 272 886 longe
284 856 346 878 ante
356 850 492 878 Anastasii
505 854 613 878 atatem
626 855 737 877 exarata
751 851 853 878 nemini
869 851 982 878 dubium
998 851 1019 878 Β

192 905 254 925 esse
271 897 376 925 debeat.
390 897 476 924 Heron
494 903 521 924 ct
534 897 621 929 Helix,
642 905 759 932 quorum
786 897 898 925 hmrcsis
914 898 983 925 scri-

192 945 247 981 ptis
269 945 344 973 hisce
367 949 422 972 tam
448 945 545 972 acriter
559 945 701 976 refellitur,
719 945 800 972 tertio
815 945 861 971 vix
883 945 983 973 saeculo

193 991 381 1024 innatuerunt,
406 996 572 1026 quapropter
592 998 687 1018 eorum
712 991 841 1018 sectarios
867 991 982 1025 septimo

193 1036 283 1064 adhuc
307 1037 416 1067 saeculo,
432 1044 486 1071 quo
506 1036 668 1064 Anastasius
687 1036 788 1068 floruit,
807 1038 981 1071 perdurasse,

193 1090 295 1117 eosque
309 1082 409 1109 eximio
423 1083 474 1110 hoc
489 1090 615 1111 sermone
630 1083 786 1111 confutatos
801 1082 886 1111 fuisse
902 1091 982 1111 nemo

154 1148 179 1162 κ,
192 1136 314 1164 unquam
327 1128 479 1156 autumabit
493 1129 560 1164 (50).

195 1185 237 1214 VI.
258 1186 478 1222 Antiquissimum
493 1187 524 1213 de
540 1185 679 1213 Parmensi
689 1185 717 1213 S.
732 1186 867 1221 Hippolyti
878 1187 937 1213 sede
950 1194 982 1213 ea;

228 1222 311 1256 ipsius
331 1230 438 1257 operum
457 1221 542 1249 titulis
562 1222 680 1257 notisque
693 1221 832 1248 deducitur
843 1229 983 1257 argumen-

231 1263 297 1283 tum.

228 1313 419 1342 Vctustissima
435 1315 516 1350 igitur
533 1313 694 1349 fragmenta,
712 1313 824 1349 integris
846 1313 982 1349 Hippolyti

193 1361 281 1389 nOstri
295 1361 379 1388 titulis
391 1361 529 1396 insignita,
545 1369 599 1388 non
614 1361 695 1388 modo
707 1360 885 1388 Portuensem
897 1360 982 1395 ipsius

194 1407 284 1434 sedem
303 1406 420 1434 Eusebio
443 1411 470 1434 et
487 1406 516 1434 S.
532 1406 696 1442 Hieronymo
717 1406 880 1441 incognitam
905 1405 982 1433 nobis

194 1459 252 1480 tuto
266 1453 442 1488 patefaciunt,
458 1460 550 1480 rerum
576 1453 658 1480 ctiam
683 1459 855 1479 communem
873 1451 982 1479 Graeco-

194 1508 255 1527 rum
273 1500 305 1527 de
327 1500 420 1527 eadem
446 1500 631 1531 traditionem,
650 1508 702 1526 non
726 1499 834 1534 quidem
860 1503 982 1526 recenter

194 1545 346 1575 subortam,
363 1544 409 1572 sed
422 1544 500 1579 longe
515 1547 578 1571 ante
589 1543 694 1570 Leontii
705 1549 732 1571 et
745 1543 882 1571 Anastasii
896 1552 982 1571 aevum
998 1536 1019 1564 (ἶ

193 1591 296 1625 passim
312 1595 338 1617 ct
358 1590 458 1624 ubique
478 1597 525 1624 per
541 1590 616 1624 ipsos
631 1594 818 1624 propagatam,
836 1589 983 1617 evidentis-

195 1637 264 1663 sime
281 1636 478 1664 demonstrant.
497 1635 544 1663 His
557 1635 678 1671 profecto
692 1636 860 1672 argumentis
874 1644 982 1664 omnem

232 1748 286 1782 (16)
307 1747 336 1774 In
351 1748 632 1776 animatlversionihus
650 1749 683 1776 de
698 1749 763 1779 vita.
779 1754 866 1777 morte
879 1754 906 1777 et
919 1751 984 1778 scri-

195 1783 248 1818 ptis
273 1784 302 1820 ξ.
328 1782 463 1820 Hippolyti
495 1784 564 1820 apud
593 1784 732 1811 Canisium
750 1784 867 1811 Lection.
887 1786 982 1820 antiq.,

193 1823 261 1845 tom.
280 1819 301 1849 l,
322 1826 349 1852 p.
369 1819 402 1845 10
417 1819 482 1846 edit.
496 1819 689 1846 Amstelodami
706 1819 786 1852 i725,
802 1827 829 1846 η.
846 1820 861 1845 7
878 1829 884 1846 :
902 1830 911 1845 ι
929 1820 983 1847 Du-

195 1853 240 1880 bia
257 1859 321 1881 sunt
336 1854 486 1889 fragmenta
507 1855 637 1882 adversus
651 1854 782 1882 Beronem
798 1859 825 1881 et
836 1854 981 1882 Helicem.»

196 1888 358 1923 Quanquam
374 1897 400 1924 p.
418 1890 451 1916 12
465 1890 582 1916 fateatur
600 1899 608 1915 ι
622 1889 694 1924 Opus
709 1890 774 1916 illud
791 1897 806 1916 a
819 1890 912 1917 multis
923 1899 984 1917 am-

195 1924 282 1959 babus
302 1925 373 1951 ulnis
390 1925 484 1959 recipi,
501 1929 528 1952 et
554 1925 651 1951 validis
675 1925 810 1952 rationum
838 1926 984 1953 momentis

195 1958 340 1994 Hippolyto
356 1958 503 1992 vindicari;
517 1964 545 1987 et
559 1960 635 1994 rejici
655 1960 769 1987 minime
786 1967 876 1994 posse,
893 1965 923 1987 ut
937 1969 985 1988 nn-

196 1994 314 2028 perrime
332 1996 483 2029 supposita,
500 1995 565 2022 dum
580 1995 705 2030 legantur
719 1995 745 2022 in
758 1995 893 2029 excerptis
909 1997 983 2023 Ana-

197 2030 287 2062 stasii,
302 2029 349 2064 qui
363 2030 419 2064 jam
438 2035 501 2057 ante
516 2030 686 2065 octingentos
698 2038 786 2057 annos
798 2030 874 2063 vixit,
886 2036 913 2058 et
926 2030 985 2058 lau-

195 2064 294 2091 dentur
308 2065 380 2098 apud
393 2064 603 2092 Theodoretum}
620 2075 629 2090 ι

231 2099 286 2135 (47)
306 2099 433 2127 Nouvelle
447 2100 619 2134 bibliotliéque
641 2100 686 2127 des
703 2105 810 2128 auteurs
825 2100 985 2128 ecclesiasti-

195 2142 268 2169 ques,
287 2135 313 2161 in
335 2135 366 2162 S.
381 2135 533 2169 Hippolyte,
549 2140 615 2162 tom.
633 2135 653 2167 ι,
669 2144 730 2170 pag.
750 2137 802 2162 112
817 2136 881 2163 edit.
895 2135 983 2163 Paris.

195 2170 260 2205 anni
276 2170 354 2197 1690.
374 2180 383 2195 ι
402 2170 454 2197 Les
469 2171 594 2199 recueils,
611 2178 646 2197 ou
661 2172 748 2205 plutot
761 2172 800 2198 les
818 2171 932 2198 extraits
949 2172 984 2198 ti-

195 2204 317 2242 r_e_s_»parr
338 2206 471 2242 Anastase
495 2205 525 2242 ler
546 2205 755 2242 Bibliothecaire
778 2207 831 2242 des
859 2214 982 2234 sermons
996 2212 1021 2242 ῃ

195 2239 364 2275 d‘llippolyte
388 2249 435 2267 sur
462 2241 484 2267 la
509 2241 643 2275 théologie
668 2247 694 2268 et
717 2249 764 2269 sur
777 2241 979 2274 l‘incarnation,

196 2280 291 2310 ponti-(3
307 2275 393 2303 Be'ron
410 2280 436 2302 et
453 2275 539 2308 Helix,
556 2275 711 2310 héretiques
733 2277 766 2303 de
791 2277 815 2303 la
840 2282 913 2303 scele
934 2277 981 2303 des

195 2308 394 2343 Valentiniens,
410 2310 514 2338 donnés
532 2318 580 2344 par
596 2308 711 2338 Turiien
733 2316 759 2338 et
776 2319 824 2345 par
840 2311 979 2345 Curtisius,

195 2349 223 2371 ct
237 2345 358 2379 reportés
374 2353 406 2373 eu
430 2353 492 2380 grcc
507 2353 556 2380 par
575 2346 707 2373 Anastase
721 2347 788 2373 dans
806 2354 850 2373 ses
864 2345 981 2373 Rccucils

196 2379 301 2416 donnés
316 2389 349 2407 an
365 2379 455 2415 public
467 2379 516 2415 par
528 2381 552 2407 lc
563 2380 594 2407 P.
609 2380 745 2413 Sirmond,
760 2382 912 2416 paruissent
927 2381 983 2408 fort

197 2415 325 2451 apeicns;
346 2417 414 2443 mais
442 2416 460 2442 il
487 2416 553 2443 n‘est
579 2422 627 2450 pas
654 2415 767 2444 certain’
787 2417 868 2451 qu‘i'ts
894 2417 982 2444 soient

196 2448 376 2484 d‘liippolytc.
394 2460 403 2476 ι

232 2485 286 2520 (18)
308 2486 430 2520 Antiquis
450 2485 614 2517 lectionibus,
632 2491 696 2512 tom.
723 2487 744 2519 Ι,
763 2486 790 2513 in
820 2487 922 2514 monito
947 2488 981 2515 ad

195 2525 385 2557 gueerptaeu
408 2521 477 2557 libro
500 2521 634 2556 Hippolyti
660 2522 787 2556 martyris
811 2526 837 2549 et
862 2523 981 2557 episcopi

195 2554 355 2591 Portuensis
368 2555 399 2591 de
413 2554 542 2591 theologia
554 2554 584 2582 ret
600 2554 779 2584 incarnatione
795 2554 887 2584 contra
900 2554 981 2584 Bero-

195 2597 255 2626 grgm
278 2595 301 2616 et
331 2590 448 2617 Helicem
465 2590 611 2624 Ιιαίνειὶεοδ,
637 2599 696 2626 pag.
720 2594 761 2620 ‘2:
783 2603 791 2617 ι
806 2592 891 2619 Porro
918 2601 980 2620 cum

196 2623 356 2662 Hippolytus
375 2626 504 2654 adversus
524 2623 618 2654 omnes
638 2623 758 2654 'liae’reses
782 2627 931 2662 scripserit,
956 2633 982 2654 et

197 2658 306 2696 Eusebii
322 2665 450 2695 tempore.
470 2663 527 2696 ipso
544 2661 658 2688 Eusebio
673 2667 749 2694 teste,
765 2658 856 2689 multa:
868 2658 928 2696 ejus
943 2663 982 2689 lu-

196 2695 372 2732 cubrationes
383 2695 507 2731 (quarunt
522 2698 651 2724 relatione
665 2697 796 2725 Eusebius
812 2695 981 2732 supersedet)

197 2730 417 2770 passint_flteriitt
439 2737 594 2770 asservalm,
613 2730 914 2770 dillicilecreditumon
940 2730 982 2759 est

197 2766 267 2802 inter
282 2766 343 2793 illas
358 2767 439 2793 etiam
457 2767 541 2794 fitisse
559 2768 609 2794 hoc
623 2767 653 2793 de
666 2768 797 2802 theologia
815 2773 840 2794 et
857 2769 981 2794 incarna-

197 2800 266 2836 tione
282 2808 351 2836 opus
366 2807 460 2829 corttra
477 2802 608 2829 Heronem
624 2807 650 2829 et
666 2800 782 2830 Helicen]
798 2802 980 2829 Valentiniani

197 2835 315 2872 haeretici
339 2837 501 2866 desertores.
523 2847 530 2863 ι
550 2838 687 2865 Adversus
712 2839 801 2865 varias
829 2838 856 2864 in
885 2838 981 2872 hujus-

1030 213 1170 248 Hippolyti
1186 213 1249 240 sede
1262 213 1371 248 penitus
1393 213 1426 240 de
1449 213 1538 241 medio
1564 213 1717 240 tollendam
1732 219 1846 240 cense—

1030 268 1101 293 mus,
1115 264 1208 295 utpote
1221 267 1291 295 quaz,
1306 264 1335 286 ut
1351 261 1430 286 toties
1442 258 1571 291 diximus,
1589 260 1648 287 solo
1665 258 1789 286 Eusebii
1806 264 1841 286 et

1031 305 1060 333 S.
1072 305 1229 341 Hieronymi
1247 305 1350 333 nitatur
1361 305 1488 338 silentio;
1503 305 1574 340 quod
1589 313 1644 332 non
1660 309 1720 332 tam
1736 306 1847 340 magni

1030 351 1059 378 in
1076 359 1105 378 re
1124 355 1217 378 nostra
1238 351 1369 378 momenti
1388 358 1448 378 esse
1470 350 1549 377 facile
1565 350 1705 385 quispiam
1724 357 1846 385 cogno-

1031 406 1106 427 scere
1119 399 1228 434 poterit,
1248 398 1271 425 si
1287 398 1347 433 ejus
1360 398 1491 433 originem
1513 402 1636 432 repetere
1656 398 1690 425 ab
1712 405 1771 424 ovo
1786 404 1846 422 vo-

1030 445 1121 472 luerit.
1135 443 1211 471 Hanc
1230 451 1286 470 non
1308 443 1417 470 aliunde
1431 444 1569 471 derirasse
1582 449 1728 479 putamus,
1746 451 1847 478 quam

1031 499 1064 518 ex
1078 495 1198 518 veterum
1222 489 1396 517 librariorum
1423 489 1580 522 oscitantia,
1597 490 1644 525 qui
1668 490 1696 516 in
1724 489 1847 516 descri-

1031 536 1127 564 bendis
1143 535 1171 562 S.
1190 535 1328 571 Hippolyti
1343 535 1430 563 nostri
1445 535 1616 570 aliorumque
1633 541 1765 563 veterum
1782 535 1845 562 Pa-

1032 588 1103 609 trum
1119 581 1215 614 titulis,
1223 582 1373 616 pratcipuos
1384 581 1516 616 quosdam
1529 589 1562 608 ex
1576 581 1644 616 ipsis
1658 582 1763 609 titulos
1778 589 1844 608 non

1033 633 1095 652 raro
1109 625 1271 653 omiserunt.
1285 625 1355 653 Hinc
1375 625 1401 652 in
1417 625 1612 653 vetustissimis
1626 626 1847 653 celeberrima-

1032 678 1094 698 rum
1108 671 1334 699 bibliothecarum
1347 671 1486 698 codicibus
1501 670 1530 698 S.
1547 670 1728 707 Hippolytum
1750 673 1847 699 modo

1032 717 1147 752 episcopi
1168 722 1193 744 et
1214 717 1351 752 martyris,
1368 717 1450 744 modo
1466 717 1580 752 episcopi
1603 722 1727 750 tantum,
1749 719 1848 744 modo

1033 763 1170 798 martyris,
1184 763 1265 790 modo
1280 763 1398 796 denique
1420 763 1479 790 solo
1496 762 1633 798 Hippolyti
1651 763 1773 790 nomine
1789 763 1847 791 de-

1035 809 1169 844 signatum
1183 809 1420 844 deprehendimus,
1436 809 1518 836 tacito
1529 817 1636 844 semper
1647 809 1738 841 sedis,
1748 818 1846 844 quam

1034 855 1161 887 obtinuit,
1174 856 1295 888 nomine,
1311 856 1384 890 quod
1404 860 1495 883 tamen
1510 855 1556 882 alii
1571 863 1624 882 non
1641 856 1739 890 pauci,
1759 856 1846 890 iique

1034 901 1217 936 antiquissimi
1239 902 1347 929 codices
1372 901 1558 928 manifestant.
1575 900 1645 928 Huic
1662 901 1848 936 conjecturae

1032 951 1133 974 nostrae
1144 947 1293 974 maximum
1310 947 1413 974 addunt
1431 947 1560 982 ponderis
1573 953 1752 973 momentum
1774 955 1849 974 san-

1032 999 1092 1022 ctus
1104 993 1285 1029 Hieronymus
1297 997 1324 1020 et
1335 993 1459 1024 Photius,
1468 1000 1583 1028 quorum
1597 992 1719 1027 primus,
1728 993 1801 1019 dum
1817 994 1846 1019 in

1032 1039 1147 1066 virorum
1159 1039 1306 1066 illustrium
1318 1038 1445 1073 Cutalogo
1460 1037 1489 1065 S.
1504 1037 1598 1065 frenati
1608 1038 1665 1073 (51)
1675 1042 1706 1065 et
1724 1037 1755 1065 S.
1770 1037 1847 1073 Hip-

1032 1084 1115 1120 polyti
1148 1083 1205 1118 (5‘2)
1231 1084 1317 1111 nostri
1334 1083 1467 1116 meminit,
1486 1083 1560 1121 ipsos
1585 1083 1728 1118 episcopos
1745 1084 1848 1111 nomi-

1032 1135 1088 1161 nat,
1104 1135 1232 1164 martyres
1249 1130 1386 1164 nuspiam,
1398 1136 1460 1156 cum
1472 1129 1534 1156 alibi
1548 1130 1659 1156 eosdem
1675 1129 1848 1164 conspicuo

1032 1175 1113 1202 etiam
1132 1176 1257 1210 martyris
1273 1175 1351 1202 titulo
1371 1174 1542 1210 insigniverit
1557 1174 1625 1207 (53).
1649 1174 1778 1201 Photius
1793 1183 1846 1202 co-

1033 1223 1092 1249 dice
1107 1230 1169 1249 cxxt
1186 1222 1385 1257 (54),qua:dam
1400 1221 1484 1256 ipsius
1501 1220 1530 1248 S.
1538 1220 1674 1256 Hippolyti
1694 1222 1845 1256 opuscula

1033 1274 1187 1298 recensens,
1205 1267 1319 1302 episcopi
1333 1271 1360 1294 et
1380 1267 1505 1302 martyris
1521 1267 1615 1293 titulos
1640 1267 1694 1301 ipsi
1726 1267 1847 1294 debitos

1034 1312 1147 1339 omnino
1168 1312 1307 1347 praeteriit.
1330 1311 1399 1339 Dum
1415 1320 1480 1339 vero
1496 1312 1589 1339 codice
1607 1320 1658 1339 ccn
1676 1312 1756 1347 (55),
1791 1313 1849 1340 Da-

1034 1359 1112 1386 niclis
1137 1359 1386 1393 interpretationem
1415 1359 1449 1386 ab
1473 1359 1532 1394 ipso
1557 1359 1725 1386 adornatam
1740 1360 1847 1392 refert,

1034 1405 1108 1432 illum
1135 1409 1163 1433 et
1183 1404 1334 1440 episcopum
1351 1410 1378 1432 et
1394 1410 1538 1440 martyrem
1551 1405 1847 1440 disertim‘appellare

1034 1459 1089 1478 non
1103 1451 1217 1478 omittit.
1234 1450 1308 1484 Quas
1323 1451 1433 1486 quidem
1458 1456 1514 1478 tam
1539 1451 1661 1478 diversas
1690 1453 1847 1480 scribendi

1034 1497 1136 1524 formas
1150 1505 1204 1524 non
1217 1497 1336 1530 aliunde,
1354 1502 1534 1532 praeterquam
1548 1505 1580 1524 ex
1597 1497 1681 1524 variis
1701 1499 1846 1526 codicum

1036 1543 1271 1578 inscriptionibus,
1289 1544 1388 1578 quibus
1407 1544 1449 1570 usi
1466 1549 1529 1571 sunt
1552 1543 1700 1577 Eusebius,
1724 1543 1758 1572 S.
1780 1544 1847 1572 Hio-

1034 1597 1164 1625 ronymus
1187 1595 1213 1616 et
1237 1589 1361 1622 Photius,
1377 1589 1489 1617 ﬂuxisse
1510 1589 1678 1624 judicamus.
1708 1590 1848 1619 Sublatis

1034 1636 1126 1671 itaque
1145 1640 1184 1663 tot
1210 1635 1348 1670 tantisque
1372 1635 1514 1664 doctorum
1541 1635 1664 1663 virorum
1689 1636 1797 1664 dubiis
1814 1645 1846 1664 ex

1034 1747 1106 1775 modi
1122 1755 1192 1809 opus
1214 1748 1399 1783 oppositiones
1415 1755 1447 1775 eo
1463 1747 1491 1775 in
1512 1747 1571 1775 loco
1593 1747 1730 1776 Canisius
1755 1751 1845 1778 etiam

1034 1790 1133 1809 resnon
1154 1788 1190 1809 et.
1432 1796 1442 1809 ,ι

1034 1788 1190 1817 respondet.
1432 1796 1442 1810 ,ς

1070 1817 1388 1855 (49)]ὶςίεηδὶοηεῌ1ἱάεξ
1408 1818 1632 1855 rNicwnstect.
1658 1818 1709 1852 1‘2,
1728 1828 1800 1855 cap.
1818 1821 1845 1852 8,

1034 1861 1106 1891 pag._
1114 1853 1159 1891 98_.
1173 1853 1266 1891 _Ex_st_at
1291 1853 1382 1891 aliqpa
1392 1854 1759 1891 Ahujuscc_di§§_crtationis
1769 1853 1845 1891 ‘pars

1035 1887 1287 1926 apuanabficium
1313 1887 1371 1915 ιξιι
1388 1887 1505 1923 Oper-um
1524 1887 1553 1915 S.
1571 1887 1727 1924 Hippolyti,
1743 1887 1843 1926 [3:50,

1035 1925 1083 1951 ubi
1101 1924 1174 1950 illam
1193 1924 1317 1958 legimus,
1331 1927 1358 1950 et
1383 1928 1555 1958 argumenta.
1572 1931 1633 1957 qum
1655 1924 1764 1953 contra
1787 1927 1841 1953 hu-

1033 1959 1154 1994 jusmodi
1171 1958 1307 1994 Hippolyti
1322 1966 1389 1993 opus
1408 1959 1442 1985 ab
1460 1959 1692 1987 obtrectatoribus
1708 1961 1844 1989 afferun-

1037 2000 1090 2027 tur,
1109 1993 1227 2029 refutata
1241 1993 1342 2029 optime
1357 1994 1574 2029 observavimus.

1072 2029 1127 2064 (50)
1148 2028 1185 2056 De
1208 2028 1302 2056 lueresi
1316 2028 1430 2056 Beronis
1444 2033 1471 2056 et
1486 2028 1586 2056 Helicis
1609 2029 1754 2064 legendus
1771 2031 1845 2059 Bas-

1036 2065 1134 2100 nagius
1148 2064 1178 2100 _in
1194 2064 1590 2100 citatisianimadversionibus,
1604 2072 1630 2098 p.
1648 2065 1694 2094 l2.
1711 2074 1743 2092 n.
1761 2067 1794 2093 8.

1073 2097 1128 2135 (51)
1148 2097 1178 2126 In
1196 2099 1271 2135 libro
1280 2099 1318 2125 De
1332 2099 1393 2126 viris
1410 2099 1570 2131 illustribus,
1586 2097 1647 2134 cap.
1667 2100 1708 2127 55
1727 2110 1734 2126 :
1755 2111 1767 2127 ι
1788 2101 1845 2128 [re-

1036 2133 1123 2162 naius.
1140 2155 1146 2162 .
1164 2152 1171 2162 .
1188 2135 1244 2169 jam
1257 2133 1375 2161 Photino
1389 2142 1472 2169 prope
1492 2133 1678 2169 nonagenario
1694 2135 1735 2163 ob
1752 2137 1843 2164 Chri-

1037 2175 1110 2198 stum
1125 2170 1260 2205 martyrior
1271 2174 1401 2205 coronato
1413 2170 1439 2197 in
1449 2169 1537 2196 locum
1547 2170 1841 2205 ejusrsubstituiturn

1035 2214 1061 2241 p.
1078 2205 1141 2241 859,
1153 2204 1261 2241 tonisll
1278 2204 1476 2241 Operumredit.
1494 2204 1742 2241 cita_taaﬁ\lallapsii.
1782 2226 1787 2229 η

1071 2240 1128 2278 (52)
1147 2239 1212 2278 Cap.
1227 2240 1271 2278 6i,
1288 2239 1383 2278 eodem
1402 2240 1480 2271 libro,
1497 2247 1525 2274 p.
1541 2239 1593 2267 885
1609 2249 1615 2267 :
1635 2249 1645 2266 ‹
1663 2239 1844 2278 Hippolytus

1033 2274 1176 2310 cujusdam
1193 2274 1321 2302 Ecclesiae
1333 2275 1504 2309 episcopus.)

1068 2309 1125 2346 (55)
1145 2309 1173 2336 ln
1189 2309 1389 2346 Commentarig
1399 2311 1425 2336 in
1441 2309 1554 2342 Isaiam,
1579 2310 1626 2337 lib.
1643 2318 1717 2344 xvu,
1743 2320 1775 2339 ο,
1795 2312 1841 2343 61,

1032 2354 1060 2381 p.
1074 2344 1138 2382 767i,
1154 2350 1221 2382 tom.
1239 2345 1270 2382 iV
1287 2346 1351 2382 edit.
1369 2344 1566 2382 Veronazﬂann.
1579 2345 1669 2382 H55:
1686 2355 1702 2382 cf
1715 2346 1758 2374 De
1778 2350 1843 2382 qui-

1033 2380 1084 2409 bus
1099 2381 1307 2415 diligentissime
1327 2380 1370 2407 vir
1386 2380 1552 2415 apostolicus
1569 2381 1666 2408 scribit
1691 2380 1840 2414 lrenaius,

1032 2414 1168 2451 episcopus
1179 2414 1362 2451 Lugdunensis
1370 2421 1394 2442 et
1403 2414 1518 2449 martyr,
1530 2415 1676 2442 multarum
1691 2417 1840 2450 originem

1032 2451 1171 2487 explicans
1196 2451 1355 2487 haergsewv,
1368 2455 1395 2478 et
1420 2458 1537 2487 maxime
1552 2451 1772 2485 Gnosticorum,
1791 2454 1839 2487 qui

1053 2485 1081 2514 cr
1103 2486 1224 2513 Marcum
1248 2485 1406 2521 Egyptium
1430 2485 1578 2512 Galliarum
1606 2487 1731 2520 primum
1761 2485 1839 2515 circa

1032 2494 1206 2548 Hhodauum.
1236 2522 1332 2548 deinde
1357 2520 1548 2548 Hispaniarum
1576 2521 1684 2548 nobiles
1712 2522 1839 2548 feminas

1060 2522 1206 2553 hodauum,
1236 2520 1332 2548 deinde
1357 2520 1548 2555 Hispaniarum
1576 2521 1684 2548 nobiles
1712 2522 1840 2549 feminas

1032 2557 1206 2591 deceperunt,
1226 2557 1373 2583 miscentes
1395 2553 1494 2592 fabulis
1508 2553 1674 2592 voluptatem
1692 2561 1722 2592 et
1742 2558 1839 2592 impe-

1033 2592 1102 2619 ritia.-
1127 2599 1183 2618 suae
1209 2599 1307 2618 nomen
1331 2591 1452 2618 scientia“:
1465 2591 1646 2627 vindicantes.
1667 2601 1676 2616 ι
1696 2591 1840 2627 Hippoly-

1033 2632 1090 2654 tum
1108 2631 1231 2653 nostrum
1259 2630 1401 2660 martyrem
1418 2630 1497 2653 vocat
1517 2626 1544 2652 in
1570 2626 1736 2660 praefatione
1751 2626 1839 2654 Coris-

1033 2662 1157 2688 mentarii
1172 2670 1249 2696 super
1267 2661 1434 2697 illati/ticum,
1463 2669 1489 2695 p.
1505 2661 1531 2690 7.
1558 2665 1624 2688 tom.
1643 2661 1691 2688 VII
1709 2662 1839 2697 Operum

1033 2697 1098 2724 edit.
1118 2697 1239 2731 ejusdem
1259 2697 1322 2723 anni
1338 2696 1416 2728 1757,
1428 2701 1455 2723 et
1470 2697 1544 2723 alibi.

1069 2732 1124 2767 (54)
1145 2731 1209 2767 Pag.
1225 2731 1353 2767 501cm,
1362 2731 1430 2767 edit.
1455 2731 1616 2767 liotbomagi
1643 2740 1713 2759 ann.
1732 2732 1811 2760 l655
1830 2741 1837 2758 :

1036 2776 1045 2792 ε
1064 2767 1162 2794 Lectus
1177 2772 1218 2794 est
1231 2766 1337 2793 libellus
1348 2766 1493 2801 Hippolyti.
1511 2775 1519 2791 ι

1070 2803 1125 2837 (55)
1147 2802 1211 2836 Pag.
1228 2802 1280 2828 525
1297 2811 1302 2828 :
1323 2812 1330 2827 α
1348 2802 1489 2838 LectaEest
1506 2801 1644 2837 Hippolyti
1661 2803 1792 2838 episcopi
1812 2806 1835 2830 et

1035 2839 1164 2872 martyris
1181 2838 1368 2872 interpretatio
1382 2837 1408 2864 iu
1427 2836 1575 2864 Danielum.
1591 2846 1609 2873 »-
