1857 3051
29 97 91 125 185

428 96 472 126 DE
492 98 687 127 PORTUENSI
707 99 737 127 S.
755 95 936 126 HlPPOLYTl
958 97 1056 125 SEDE.
1078 113 1112 118 --
1131 95 1222 125 PARS
1240 96 1272 125 ll.

1619 102 1673 131 «186

28 159 148 188 Eusebii
174 168 208 188 ac
231 159 261 188 S.
278 160 436 196 Hieronymi
451 161 559 188 silentio
577 166 681 188 tantum
698 161 832 188 mananti-
848 164 870 191 Α
886 159 999 192 venerit,
1023 164 1050 186 et
1065 158 1175 186 demum
1192 159 1301 194 quando
1317 159 1458 188 ordinatus
1474 158 1555 187 fuerit
1569 161 1676 196 episco-

28 205 100 238 bus,
114 206 278 242 Hippolytus
296 211 389 234 noster
405 212 444 234 tot
457 207 565 235 eximiis
580 207 757 234 suadentibus
772 215 829 234 mo-

26 253 189 285 numentis,
213 257 287 281 recte
302 253 410 287 quidem
435 260 466 280 ac
489 257 546 280 tuto
568 253 745 286 imposterum
763 251 830 278 Por-

26 299 143 326 tuensis
159 299 308 334 episcopus
321 298 462 331 dicendus,
478 303 505 325 et
519 298 595 332 quasi
612 296 770 332 postliminii
783 297 828 331 ju-

24 353 71 378 re,
91 344 312 380 suﬂ‘ragantibus
336 351 445 379 quoque
464 343 601 379 aliquibus
626 343 829 370 vetustissimo-

25 399 95 419 rum
108 391 238 419 codicum
252 390 337 421 notis,
347 389 490 416 Portuensi
504 389 632 416 Ecelesim
645 388 828 416 restituendus

24 442 82 467 est,
103 444 139 463 ex
155 443 210 471 qua
230 435 420 462 Tillemontius
435 435 536 469 aliique
549 435 583 461 ob
600 434 745 461 nonnullas
763 442 828 461 con-

23 481 157 516 jecturas
178 481 290 509 Eusebii
318 485 345 508 et
362 480 390 507 S.
406 479 562 516 Hieronymi
588 480 695 507 silentio
723 485 827 507 tantum

24 528 157 560 innixas,
174 527 252 554 illum
270 526 406 553 immerito
420 526 597 554 divulserant.

63 573 203 601 Veterum
228 573 385 608 huiusmodi
405 576 531 599 notarum
547 572 702 607 praestantia
716 579 748 598 ex
764 578 825 598 mox

23 619 180 647 reCensitis
208 619 340 654 exemplis
364 619 476 646 cuilibet
500 623 637 652 comperta
655 625 715 645 esse
728 622 826 652 potest,

23 666 198 699 nullumque
222 665 255 692 de
271 672 364 691 earum
383 664 550 699 ingenuitate
571 663 684 690 dubium
699 663 826 697 cuiquam

24 712 94 739 oriri
114 718 201 746 posse
216 718 371 740 censemus.
389 709 467 745 quasi
482 709 584 737 ﬁctitim
595 713 686 736 essent
698 716 729 736 ac
745 709 828 736 libra-

23 758 140 785 riorum
164 756 272 784 sonmia
299 756 462 783 redolerent.
484 754 594 783 Veteres
617 755 688 781 enim
712 755 826 787 librarii,

24 812 74 839 spe
99 803 221 838 majoris
240 803 308 830 lucri
326 803 417 834 illecti,
435 810 466 829 ea
481 802 669 829 tantummodo
683 801 827 836 aliquoties

884 213 946 240 pus.
965 204 1027 232 llaec
1042 205 1132 231 omnia
1148 205 1180 231 de
1197 204 1351 239 Agobardo,
1364 213 1481 239 quorum
1497 206 1626 234 nonnulla
1638 207 1676 234 si-

884 250 967 277 lentio
977 251 1165 285 praeterierunt
1175 250 1232 276 Ado
1248 249 1408 278 Vienucnsis
1421 250 1454 277 ad
1473 258 1536 278 ann.
1546 250 1674 287 8l0(58).

886 295 963 330 llugo
988 295 1043 331 (59)
1070 295 1284 322 Flaviniacensis
1309 295 1342 322 ad
1369 305 1434 323 ann.
1449 296 1511 328 8°21,
1527 303 1553 324 et
1578 303 1674 325 auctor

883 341 1008 369 Chraniri
1029 341 1059 369 S.
1073 341 1182 376 Benigni
1202 342 1374 369 Divionensis
1387 343 1420 370 ad
1441 352 1505 370 ann.
1522 344 1574 370 840
1592 343 1675 379 (ideo

882 396 935 422 que
947 388 1056 422 Papirio
1071 387 1209 415 Massonio
1223 388 1278 423 (60)
1291 393 1318 415 ct
1333 388 1470 424 Stephano
1486 388 1595 416 Baluziu
1605 391 1672 425 (61),

883 433 1021 468 Agobardi
1046 433 1196 460 editoribus
1220 441 1333 468 prorsus
1354 435 1556 470 incomperta),
1581 436 1675 463 multis

882 480 984 506 abhinc
999 480 1078 507 annis
1091 488 1104 506 a
1119 480 1326 514 diligentissimo
1345 485 1464 508 veterum
1481 487 1672 509 monumento-

883 534 942 553 rum
964 526 1155 560 investigatore
1169 525 1273 553 Joanne
1292 526 1450 553 Mahiiioziio
1468 526 1535 562 (6'2),
1551 527 1666 555 deducta

881 571 993 599 fuerunt
1006 580 1038 598 ex
1056 572 1242 599 veIUstissimo
1253 573 1346 600 codice
1360 572 1437 599 Beda?
1454 573 1490 600 De
1501 574 1670 608 temporibus,

881 618 929 653 qui
954 618 1091 652 quondam
1119 618 1169 644 fuit
1193 618 1362 646 bibliotheca:
1389 619 1587 652 Lugdunensis,
1611 628 1673 655 quae

882 664 982 691 misere
1007 663 1133 690 incendio
1155 664 1297 699 absumpta
1323 664 1384 697 fuit,
1398 673 1432 692 ex
1453 665 1531 699 cujus
1554 666 1672 694 ﬂammis

882 714 990 745 ereptus
1016 710 1042 737 in
1067 709 1180 736 Joannis
1200 709 1288 737 Boscii
1307 719 1402 738 manus
1419 711 1537 743 devenit,
1555 716 1582 738 et
1594 717 1671 746 post-

882 756 992 783 modum
1019 756 1045 782 in
1063 755 1267 783 Vailicellauam
1285 756 1477 784 bibliothecam
1497 762 1538 785 est
1555 758 1671 786 transla-

882 807 934 829 tus.
953 802 981 829 in
996 802 1048 830 hoc
1062 803 1290 837 prmstantissimo
1306 804 1399 832 codice
1417 803 1569 838 ipsiusmet,
1585 810 1671 840 utpu-

23 849 238 882 continuerunt,
255 856 373 884 quorum
397 856 447 883 ope
465 848 549 876 libros
573 855 638 875 suos
655 848 828 882 pretiosiores
844 845 864 871 Β
881 852 948 879 tant,
966 848 1102 881 Agobardi
1117 857 1198 875 manu
1227 849 1282 875 lucc
1298 849 1466 876 adnotantur
1481 859 1487 876 :
1509 850 1575 876 «779
1590 860 1596 877 :
1614 850 1670 879 lloc

24 895 180 923 redderent
205 895 350 929 cariusque
365 894 533 921 venditarent
548 903 555 921 :
570 894 685 928 ideoque
711 893 826 928 putidis-

24 944 99 970 sima
127 943 254 978 quazdam
282 946 447 975 commenta,
472 950 532 976 rpite
555 942 648 969 forsan
676 946 824 976 emptorem

27 994 82 1016 tam
109 988 194 1016 facile
221 988 343 1015 nancisci
361 986 413 1014 n‘on
431 992 566 1022 poterant,
587 992 744 1015 sanctorum
759 988 825 1014 Am-

26 1035 130 1068 brosii,
142 1034 314 1070 Hieronymi,
325 1034 522 1069 Chrysostomi,
530 1033 703 1068 aliorumque
713 1041 824 1068 magno-

26 1090 87 1108 rum
119 1081 246 1108 virorum
275 1080 433 1107 nominibus
459 1084 600 1112 ornarunt,
622 1084 652 1106 ut
678 1079 824 1114 inexpertis

26 1127 202 1162 emptoribus
216 1126 308 1153 fucum
326 1126 454 1153 facerent.
473 1125 573 1153 Verum
588 1125 616 1152 S.
632 1124 767 1161 Hippolyti
782 1134 824 1153 se-

26 1173 74 1201 des
90 1173 135 1200 vel
150 1172 326 1200 Portuensis.
342 1171 384 1198 vel
397 1170 524 1203 Arabica,
544 1170 732 1205 pretiosiorem
749 1170 823 1196 codi-

26 1227 85 1246 cem
97 1219 210 1246 efﬁcere
226 1218 299 1245 haud
312 1221 428 1252 poterat,
444 1217 559 1251 ideoque
572 1225 635 1244 cum
651 1217 688 1243 illi
699 1216 822 1251 ejusdem

28 1265 55 1292 S.
70 1265 199 1300 episcopi
226 1272 309 1300 opera
330 1272 364 1292 ex
389 1263 590 1297 antiquioribus
609 1261 749 1290 codicibus
774 1263 821 1290 de-

26 1312 202 1346 seripserint,
218 1316 298 1339 notas
311 1319 327 1338 a
343 1310 479 1338 veteribus
495 1309 610 1344 margini
626 1309 822 1344 appositas,vel

26 1359 121 1386 titulos
143 1358 306 1386 ﬁdelissime
330 1357 510 1392 exscripsisse
537 1355 674 1383 fatendum
698 1359 739 1383 est
754 1355 820 1391 (56).

26 1405 144 1432 Demum
167 1405 328 1432 earumdem
345 1409 469 1431 notarum
490 1402 608 1441 brevitas
622 1407 649 1429 et
661 1402 822 1437 simplicitas

27 1452 142 1479 omnino
158 1451 223 1479 falsi
241 1451 424 1486 suspicionem
441 1450 474 1477 de
489 1449 577 1476 medio
593 1449 700 1482 tollunt,
717 1449 780 1484 quia
794 1449 820 1476 in

26 1499 92 1533 ipsis
118 1506 172 1526 nec
192 1499 288 1525 inanes
304 1498 447 1524 verborum
461 1496 601 1522 habentur
613 1495 754 1528 circuitus,
771 1503 822 1522 nec

881 902 952 920 anno
977 899 1057 921 natus
1081 902 1152 921 sum.
1171 894 1222 921 789¹
1240 904 1246 921 ;
1266 894 1323 922 lloc
1347 903 1419 922 anno
1442 896 1475 923 ab
1489 895 1626 931 Hispaniis
1641 898 1668 925 in

880 939 993 966 Galliam
1009 939 1214 967 Narbonensem
1228 941 1299 967 veni.
1315 940 1367 967 79‘2
1385 951 1391 968 :
1405 941 1461 969 Hoc
1474 950 1546 969 anno
1560 942 1669 978 Lugdu-

880 993 945 1011 num
959 994 973 1012 a
994 985 1089 1012 Gothis
1103 986 1231 1020 primum.
1252 1006 1258 1013 .
1280 1008 1287 1013 .
1306 987 1358 1014 80-1
1373 996 1379 1013 :
1393 987 1611 1016 Benedictionem
1626 990 1668 1017 in-

879 1031 976 1065 dignus
993 1032 1109 1066 suscepi.
1130 1042 1139 1057 ›
1162 1031 1294 1066 Deinceps
1306 1033 1369 1065 alia,
1385 1038 1415 1060 ut
1429 1034 1543 1065 videtur,
1562 1043 1643 1062 manu
1657 1043 1666 1063 :

881 1085 890 1101 ‹
907 1075 958 1102 816
974 1085 980 1102 :
997 1075 1048 1103 lsle
1063 1077 1189 1103 cathedra
1203 1077 1304 1111 potitur
1317 1085 1390 1105 anno
1402 1082 1507 1106 octavo.
1523 1079 1575 1106 810
1590 1089 1596 1107 :
1609 1079 1666 1107 Hoc

879 1129 951 1148 attito
966 1127 1065 1148 sanctae
1079 1124 1215 1150 memoria:
1232 1123 1393 1158 Agobardus
1408 1124 1595 1156 Lugdunensis
1607 1127 1666 1160 epi-

878 1175 977 1199 scopus
997 1168 1063 1195 obiit
1078 1177 1126 1195 vm
1142 1168 1204 1196 ldus
1217 1168 1291 1196 Junii
1307 1169 1372 1205 (65).
1390 1180 1398 1196 ι
1419 1170 1476 1198 Hoc
1489 1173 1665 1206 praeclarissi-

877 1221 952 1240 mum
968 1214 1111 1241 vetustatis
1126 1221 1345 1247 monumentum,
1362 1216 1435 1251 quod
1451 1217 1582 1245 beneﬂcio
1596 1219 1664 1246 tanti

876 1259 928 1286 viri
942 1259 1080 1294 vulgatum
1098 1260 1159 1288 fuit.
1178 1261 1228 1288 ista
1252 1262 1345 1288 omnia
1361 1270 1412 1289 nos
1426 1262 1518 1290 docuit
1533 1271 1593 1298 qua:
1606 1272 1665 1292 ma«

874 1305 949 1340 jores
972 1306 1057 1333 nostri
1081 1307 1187 1341 penitus
1205 1308 1373 1342 ignorarunt.
1391 1308 1526 1342 Agobardi
1548 1313 1664 1337 mortem

877 1350 929 1378 hoc
946 1352 1039 1378 eodem
1053 1359 1124 1378 anno
1138 1356 1165 1378 et
1176 1352 1219 1379 die
1237 1351 1357 1379 referunt
1375 1361 1455 1387 supra
1470 1354 1594 1381 laudatus
1614 1363 1664 1382 au—

876 1401 934 1424 ctor
950 1396 1073 1424 Clironici
1087 1396 1115 1424 S.
1134 1397 1244 1432 Benigni
1259 1397 1430 1425 Divionensis
1442 1398 1506 1434 (64),
1522 1404 1548 1426 et
1564 1399 1663 1436 Marty-

876 1443 1009 1478 rologium
1028 1443 1156 1470 Ecclesia:
1171 1443 1371 1478 Lugdunensis,
1388 1445 1460 1478 quod
1482 1445 1532 1472 hac
1547 1445 1605 1480 ipsa
1619 1446 1662 1473 die

875 1490 960 1517 sancti
976 1490 1026 1516 viri
1040 1489 1199 1516 memoriam
1216 1489 1323 1516 exhibet
1351 1491 1464 1522 Cretera,
1479 1499 1511 1518 ne
1526 1491 1662 1526 longiores

27 1523 91 1533 τη
118 1523 170 1526 -.ἡ
192 1523 286 1525 νηη-
326 1523 343 1524 η
748 1523 754 1528 ,
1573 1523 1586 1526 Ἴ.

27 1550 163 1579 portenta,
179 1545 221 1572 νει
236 1544 404 1572 incredibilia
423 1548 580 1576 "armum...
593 1543 821 1578 quemadmodum
835 1523 858 1554 (ἶ
876 1536 979 1568 simus,
1004 1535 1169 1563 Gallicarum
1195 1535 1387 1570 antiquitatum
1409 1536 1539 1564 studiosis
1566 1538 1660 1566 discu-

27 1591 82 1617 tieri
101 1592 178 1618 solet
191 1591 218 1617 in
236 1590 311 1618 Actis
326 1594 483 1617 sanctorum
501 1597 516 1616 a
532 1588 712 1623 Mctaphraste
729 1589 820 1621 editis,

28 1645 86 1671 qua:
110 1638 214 1664 merito
237 1644 333 1664 omnes
356 1635 428 1663 docti
443 1636 492 1662 viri
509 1635 644 1670 rejieiunt.
667 1634 695 1661 In
721 1635 821 1662 nostris

29 1682 97 1709 notis
114 1682 294 1709 solummodo
312 1681 441 1712 habetur,
454 1680 608 1714 cuiusnam,
624 1680 738 1714 exempli
754 1687 822 1706 cau—

29 1735 67 1760 sa,
81 1727 217 1756 Ecclesia:
231 1727 316 1754 Caius
333 1726 473 1762 presbyter
489 1725 581 1758 fuerit,
596 1725 637 1752 vel
655 1725 799 1760 cpiscopus
812 1734 819 1758 ;

29 1782 80 1808 quo
98 1781 178 1801 anno
191 1773 353 1808 Agobardus
371 1772 427 1807 (57)
450 1771 639 1807 Lugdunensis
662 1775 741 1798 natus
765 1771 818 1803 sit;

28 1828 79 1855 quo
94 1824 222 1854 tempore
239 1826 273 1845 ex
289 1817 428 1852 Hispaniis
444 1817 471 1844 in
486 1817 601 1844 Galliam
617 1815 819 1843 Narbonensem

62 1889 118 1923 (56)
141 1887 214 1914 Vide
230 1886 383 1920 Lironium,
400 1894 428 1922 p.
442 1887 488 1923 1.31
504 1890 536 1923 et
551 1893 627 1920 seqq.

62 1921 117 1959 (57)
141 1933 152 1949 ε
171 1923 342 1959 Agohardus,
359 1921 437 1959 gente
451 1922 556 1959 Gallus,
579 1926 659 1959 natus
673 1927 738 1959 ann.
754 1921 818 1952 779.

29 1955 98 1986 anno
108 1955 184 1986 vero
197 1955 248 1984 782
260 1966 291 1984 ex
308 1955 436 1992 Hispania
450 1957 476 1983 in
490 1956 603 1983 Galliam
616 1955 818 1992 Narbonensem

30 1995 109 2026 venit,
125 2002 203 2021 anno
218 1993 270 2020 813
281 1990 414 2020 Leidrado
428 1992 632 2026 archiepiscopo
642 1990 817 2025 Lugdunensi

32 2034 174 2057 senectute
197 2033 309 2064 gravato
336 2027 512 2064 coepiscopns
527 2027 692 2064 substitutus
704 2030 755 2058 est,
769 2034 817 2053 eo-

31 2073 79 2098 que
93 2065 190 2099 paulo.
199 2061 304 2099 postin
318 2063 512 2099 monasterium
523 2061 732 2099 >Suessionense
743 2068 817 2088 sece-

31 2096 105 2127 dente
131 2096 209 2127 anno
228 2098 279 2125 816
302 2099 430 2124 thronum
455 2097 663 2132 Lugdunensem
689 2096 817 2130 deinceps

32 2136 100 2162 solus
114 2134 218 2162 tenuit.
234 2154 241 2161 .
257 2154 264 2160 .
280 2132 359 2160 Anno
374 2133 426 2159 840
447 2132 614 2159 Ludovieum
632 2131 664 2157 ad
685 2132 816 2158 tuendum

31 2169 101 2197 littus
129 2169 266 2197 orientale
291 2168 378 2195 Rheni
399 2167 520 2194 ﬂuminis
540 2166 691 2201 profectum
706 2171 816 2193 secutus

876 1582 966 1610 ticnda
986 1582 1176 1617 relinquimus.

876 1647 931 1675 Vll.
953 1649 1028 1684 Tales
1045 1653 1114 1675 noue
1129 1656 1290 1683 nequaquam
1307 1657 1323 1675 a
1340 1648 1457 1684 librariis
1471 1649 1600 1683 con/ient,
1614 1649 1660 1676 sed

909 1684 948 1710 vel
961 1683 992 1710 ab
1008 1684 1072 1716 ipsis
1088 1685 1270 1718 scriptoribus,
1286 1684 1323 1710 rel
1339 1683 1370 1710 ab
1388 1692 1476 1709 norunt
1492 1685 1595 1716 amicis,
1613 1694 1659 1711 seu

910 1719 1058 1759 discipulis,
1081 1724 1128 1745 aut
1152 1718 1246 1745 saltem
1261 1720 1352 1753 peritis
1370 1720 1432 1746 vilis
1447 1720 1553 1753 fuerunt
1578 1729 1659 1754 appo-

910 1759 978 1781 sua}.

909 1810 1008 1838 Breves
1027 1811 1108 1846 igitur
1134 1816 1229 1843 notas,
1246 1819 1308 1846 quae
1329 1811 1356 1838 in
1384 1812 1498 1839 vetustis
1519 1812 1659 1840 codicibus

873 1887 998 1914 Biblioth.
1021 1887 1051 1914 P.
1067 1893 1132 1914 tom.
1150 1888 1220 1919 XVI,
1235 1896 1261 1922 p.
1277 1889 1338 1915 768.

908 1923 963 1958 (59)
985 1923 1071 1957 llugo,
1084 1931 1121 1958 rex
1139 1925 1274 1950 monacho
1290 1923 1453 1951 Virdunensi
1474 1924 1659 1954 Flaviniacen-

872 1958 910 1985 sis
925 1958 951 1984 in
965 1959 1063 1985 ducatu
1082 1957 1243 1993 Burgundim
1257 1959 1340 1986 abbas
1355 1959 1467 1992 electus,
1489 1960 1586 1988 claruit
1610 1969 1659 1988 att-

872 2001 907 2020 no
926 1993 1004 2025 1101,
1021 1993 1184 2028 scripsitque
1200 1993 1346 2020 Chronica):
1372 1993 1531 2022 l’irdunense
1548 1996 1573 2022 in
1589 1997 1657 2024 duas

871 2032 961 2062 partes
977 2028 1163 2061 distributum,
1182 2030 1297 2062 primam
1321 2037 1337 2056 a
1357 2029 1466 2057 Christo
1480 2035 1543 2057 nato
1559 2031 1590 2057 ad
1606 2039 1657 2057 an-

872 2071 936 2099 num
954 2063 1031 2095 1002,
1047 2063 1158 2090 alteram
1175 2064 1209 2090 ab
1221 2064 1316 2090 eodem
1338 2071 1409 2091 anno
1432 2065 1465 2092 ad
1488 2066 1564 2092 1102.
1582 2065 1658 2099 Opus

872 2098 943 2124 istud
959 2099 1115 2125 thesaurum
1134 2099 1269 2126 undecimi
1285 2099 1434 2133 prmsertim
1449 2101 1540 2127 steculi
1555 2098 1657 2128 incent-

870 2133 1016 2169 parabilem
1035 2138 1111 2169 vocat
1126 2133 1268 2166 Lalibteus,
1282 2134 1335 2169 qui,
1350 2134 1412 2160 illud
1437 2142 1469 2161 ex
1486 2136 1544 2169 ipso
1559 2141 1656 2163 aucto-

870 2168 908 2195 ris
922 2167 1090 2202 autographo
1107 2168 1134 2194 in
1150 2167 1310 2196 bibliotheca
1322 2168 1487 2196 Jesuitarum
1497 2167 1655 2198 Claromou-

32 2212 72 2232 vni
87 2205 155 2232 ldus
173 2203 247 2231 Junii
264 2204 334 2237 apud
349 2202 499 2229 Sanetonas
518 2200 603 2238 obiit.
615 2201 677 2228 Acri
698 2206 756 2228 erat
776 2201 818 2238 in-
833 2200 856 2227 D
871 2200 1000 2229 tauoruni
1010 2200 1153 2238 asset-rato
1176 2204 1259 2230 edidit
1276 2204 1402 2230 Biblioth.
1421 2213 1478 2231 nov.
1500 2213 1576 2237 mss.,
1595 2210 1613 2232 t.
1633 2205 1653 2238 1,

33 2241 114 2273 genio,
133 2247 189 2267 nec
210 2236 314 2273 vulgari
332 2238 495 2270 eruditione,
510 2237 689 2273 ("uestionum
713 2236 817 2263 theolo-

33 2272 150 2308 gicarum
164 2272 356 2309 peritissimus,
367 2273 518 2307 disciplinae
529 2272 656 2309 Ecclesia;
667 2279 818 2309 canonum-

33 2306 80 2343 que
91 2306 270 2344 antiquorum
285 2306 505 2344 consultissimus
517 2307 611 2344 iudex,
631 2306 727 2344 vindex
741 2314 818 2344 acer-

34 2341 123 2372 rimus.
141 2355 152 2370 ι
163 2341 234 2371 ’11ωο
248 2344 280 2370 de
298 2344 344 2370 illo
359 2343 454 2370 scribit
470 2343 542 2370 Cave
557 2342 627 2368 Hist.
642 2341 735 2373 litter.,
748 2346 766 2368 t.
783 2341 815 2374 ll,

41 2387 87 2415 ης.
103 2381 150 2411 11,
170 2380 216 2407 tibi
233 2379 345 2415 pag._71‘2
359 2379 430 2405 illius
438 2377 666 2415 Operarrecensnet,
677 2384 737 2415 qua}
750 2384 816 2404 cura

53 2412 127 2450 apirii
142 2412 278 2442 Masso’nii’
289 2413 400 2440 Parisiis
411 2422 483 2440 anno
499 2413 567 2450 16οὅ
577 2412 635 2450 Vin-8
647 2412 816 2450 prodierunt,

34 2446 142 2485 quicque
161 2450 320 2484 castigatius
341 2449 493 2485 recensita
509 2447 663 2485 Stephanus
688 2446 815 2485 Baluzius

36 2483 140 2517 Parisiis
157 2483 323 2516 anno’1666,
337 2483 354 2510 2
370 2484 423 2510 vol.
440 2483 506 2516 iii-8,
521 2483 616 2514 edidit,
642 2483 767 2516 notisque
785 2483 816 2508 il-

37 2520 167 2553 lustravit;
182 2527 243 2555 qua:
263 2519 371 2553 quidem
389 2519 571 2555 pulcherrima
579 2521 627 2555 est.
648 2521 675 2555 et
690 2523 815 2555 accurata

36 2555 126 2583 editio:
138 2552 210 2582 hanc
218 2552 364 2581 editionem
383 2552 537 2580 novissima:
552 2552 678 2579 Bibliot/t.
693 2552 751 2579 PP.
769 2561 816 2579 eu-

38 2596 131 2618 ratores
147 2596 213 2618 tom.
231 2588 303 2620 XIV,
321 2597 348 2624 p.
359 2589 421 2620 234,
435 2593 636 2624 expresserunt.
652 2595 657 2600 ‘

68 2626 118 2660 (ὅὸ)
137 2626 198 2652 Ado
212 2626 295 2652 etiam
322 2624 414 2651 Gallus
440 2632 512 2650 anno
527 2623 580 2650 859
594 2623 815 2657 archiepiscopus

40 2658 195 2688 Viennensis
209 2660 389 2691 renuntiatus,
415 2660 482 2685 inter
503 2659 581 2686 .varia
606 2666 687 2692 opera
707 2667 721 2685 a
744 2660 815 2684 (.‘axe

40 2699 97 2722 lotu.
113 2696 134 2722 ll
153 2697 249 2726 citato,
260 2699 295 2729 'p.
312 2695 355 2727 52,
370 2694 514 2726 recensita,
532 2694 697 2720 Breviarium
712 2694 816 2719 chroni-

39 2738 118 2757 corum
131 2732 163 2758 de
176 2738 222 2757 sex
239 2729 330 2756 mundi
344 2729 476 2760 «tatibus,
494 2738 508 2755 a
525 2729 618 2755 mundi
635 2729 710 2755 initio
724 2729 756 2754 ad
771 2737 816 2754 an-

40 2772 94 2801 num
108 2767 160 2793 874
173 2764 685 2801 perductum,-cotuposuituprmliitque
701 2765 814 2801 seorsim

40 2798 140 2828 Parisiis
161 2798 226 2828 a'nn.
249 2799 325 2831 €522,
340 2805 366 2827 ct
390 2808 451 2826 cum
474 2799 502 2825 δ.
519 2799 649 2833 Gregorio
665 2798 814 2825 'l'uronensi

40 2834 142 2865 Parisiis
159 2835 228 2863 1512
243 2840 268 2862 et
285 2835 361 2869 1567,
378 2834 489 2862 Basileze
505 2834 583 2866 1568,
600 2838 627 2861 ct
647 2834 764 2868 denique
788 2835 814 2860 in

868 2245 928 2272 pag.
949 2238 991 2264 75.
1009 2237 1075 2265 Vide
1089 2239 1160 2265 Cave
1180 2244 1246 2265 tom.
1263 2238 1283 2265 ll
1299 2240 1385 2270 citat.,
1403 2247 1464 2274 pag.
1484 2239 1544 2271 185,
1558 2245 1585 2267 et
1600 2239 1655 2267 Ou-

868 2273 961 2298 dinum
977 2277 1042 2298 tom.
1062 2273 1095 2298 ll.
1110 2274 1201 2298 smeul.
1216 2282 1254 2298 χι.
1276 2282 1301 2298 n.
1318 2274 1379 2298 886.

867 2273 961 2300 durum
977 2277 1042 2300 tom.
1062 2273 1095 2304 ll,
1110 2274 1201 2300 saecul.
1216 2282 1254 2306 xt,
1276 2282 1301 2308 p.
1318 2274 1379 2301 886.
1444 2273 1449 2274 ⁷

873 2342 879 2344 _
899 2307 957 2344 7(60)
979 2307 1007 2334 in
1020 2308 1135 2343 Synopsi
1149 2309 1286 2344 Agobardi
1303 2309 1375 2343 apud
1391 2308 1542 2342 Baluzium,
1556 2310 1652 2344 tomJ,

868 2342 915 2370 fol.
929 2343 956 2370 5.

903 2378 957 2448 (61)
978 2377 1007 2405 1η
1026 2378 1107 2407 notis.
1121 2385 1148 2412 p.
1165 2378 1193 2406 4.

903 2413 946 2448 (62
979 2413 1035 2440 Iter
1058 2412 1193 2444 Italicum,

902 2412 957 2448 (62)
979 2413 1035 2440 lter
1058 2412 1195 2444 Italicum,
1213 2418 1278 2440 tom.
1295 2413 1316 2446 l,
1335 2421 1396 2448 pag.
1412 2413 1445 2439 67
1457 2414 1523 2442 edit.
1540 2413 1653 2442 Lutetia:

866 2447 953 2475 Paris.
980 2456 1052 2475 anno
1070 2448 1149 2478 1724,
1169 2449 1213 2475 ubi
1230 2450 1283 2481 agit
1299 2447 1510 2475 tte'biuliotht-ca
1528 2448 1652 2477 Valliccl-

868 2484 940 2512 lana.
958 2484 983 2509 in
1002 2492 1053 2518 qua
1072 2483 1217 2517 praedictus
1230 2483 1308 2510 Bedte
1320 2484 1404 2511 codex
1416 2489 1581 2511 asset-vatur.

902 2518 957 2554 (ϋῦ)
979 2518 1006 2545 1η
1033 2519 1127 2546 eodem
1156 2519 1250 2546 codice
1273 2519 1330 2546 hsce
1355 2520 1445 2546 statim
1475 2523 1649 2553 sequuntur:

869 2563 878 2578 ‹
899 2553 1071 2589 Ludovichus
1090 2554 1150 2589 (sic)
1167 2561 1275 2588 quoque
1288 2554 1434 2588 imperator
1445 2554 1596 2589 rdelunctus
1609 2559 1652 2582 est

867 2597 882 2615 χ
903 2588 971 2624 Κειιᾷ
985 2588 1066 2622 Julii;
1089 2593 1116 2615 et
1141 2589 1316 2616 memorabile
1339 2593 1420 2623 atque
1444 2588 1549 2624 insigne
1570 2596 1650 2623 opus,

866 2625 937 2658 quod
952 2623 1052 2650 Forum
1069 2623 1149 2651 Vetus
1160 2627 1317 2656 vocabatur,
1332 2623 1454 2658 Lugduni
1473 2624 1576 2650 corruit
1591 2625 1650 2658 ipso

866 2659 908 2694 die
935 2660 1061 2686 intrantis
1088 2661 1222 2691 autumni,
1248 2660 1320 2694 quod
1347 2664 1458 2686 steterat
1481 2667 1495 2685 a
1529 2663 1649 2693 tempore

867 2693 976 2728 'l‘rajani
1004 2702 1051 2728 prr
1072 2702 1159 2721 annos
1185 2695 1241 2721 fere
1257 2695 1320 2721 700.
1347 2695 1393 2721 8M
1413 2694 1519 2726 Amolo,
1546 2695 1648 2728 praelati

865 2729 986 2765 episcopi
1006 2729 1160 2765 diaconus,
1185 2730 1326 2757 ordinatus
1349 2731 1492 2765 episcopus
1517 2729 1649 2765 Lugduuo

867 2762 909 2790 xit
926 2763 984 2790 Kal.
1006 2762 1156 2790 Februarii.
1172 2774 1180 2789 ι

902 2800 956 2834 (tit)
979 2798 1044 2826 Vide
1059 2800 1124 2824 Arta
1140 2804 1301 2832 structorum,
1319 2801 1420 2828 mensis
1440 2800 1512 2827 Junii
1541 2804 1607 2828 tom.
1627 2799 1647 2830 l,

866 2834 908 2860 die
921 2840 1006 2867 sexta,
1024 2842 1038 2852 η
1067 2834 1117 2860 Ἠξλ
1134 2842 1145 2850 ν*
1157 2835 1195 2859 "I.
1216 2833 1322 2863 Veneta:
1333 2836 1396 2862 anni
1411 2836 1489 2864 17M.
1505 2835 1549 2862 ubi
1566 2836 1648 2862 multa
