1857 3051
36 81 89 109 489

441 83 484 111 DE
503 83 700 112 FORTUENSI
721 84 749 112 S.
771 82 950 112 HIPPOLYTI
969 83 1066 112 SEDE.
1083 98 1117 102 —
1133 83 1224 111 PARS
1243 83 1275 111 ll.

1629 85 1683 116 490

38 141 186 168 amussim
213 142 372 170 consentire
391 142 633 171 animadvertimus
648 143 716 179 (76).
739 143 843 171 Idcirco
859 145 880 174 Α
897 142 1017 178 episcopi
1034 151 1043 168 ι
1068 142 1178 170 nomine
1204 141 1290 170 fuisse
1314 141 1457 176 donatum,
1474 150 1508 171 eo
1531 144 1604 179 quod
1624 142 1684 180 'epi—

36 186 211 221 Leontium,
237 189 426 222 Auastasium,
452 190 575 225 aliosque
601 199 633 218 ex
661 190 772 223 Graecis,
794 191 842 226 qui

35 232 234 261 Portuensem
256 235 413 270 episcopum
432 235 604 272 Hippolytum
627 236 771 269 dixerunt,
787 244 842 265 non

36 284 145 307 temere
161 279 279 308 loculos
299 280 383 308 fuisse
400 281 565 309 credendum
585 286 637 314 est,
657 282 705 309 sed
723 290 756 309 ex
772 283 843 309 anti-

35 327 97 360 quis
112 327 213 359 uotis,
230 327 273 353 vel
286 327 410 361 genuinis
427 335 539 362 operum
557 328 643 355 titulis
658 328 778 359 edoctos,
791 328 842 355 hoc

35 373 163 407 posteris
193 381 245 407 per
275 374 348 400 mille
377 374 594 409 quadringentos
619 380 645 402 et
664 375 733 401 ultra
756 382 842 401 annos

35 419 280 447 constantissime
295 420 450 447 tradidisse.
469 419 654 452 Quamobrem
669 420 842 447 Tillemontio

33 468 60 489 et
74 462 235 490 Ceillierio
258 471 307 491 nos
322 463 488 492 satisfecisse
504 471 630 499 putamus
640 485 647 496 ,
665 466 711 500 qui
724 465 840 498 Leontii,

35 509 205 542 Anastasii,
227 514 444 546 caterorumque
456 511 583 546 deinceps
597 510 753 538 Graecorum
767 512 843 538 testi—

34 555 146 588 monia,
173 560 312 591 tanquam
330 564 426 591 parum
446 558 535 590 ﬁrma,
552 557 690 592 rejiciunt,
708 557 759 584 hoc
783 562 843 584 tau-

34 606 93 627 tum
118 602 252 630 rationis
276 608 425 635 momento,
451 604 525 639 quod
550 603 601 638 ipsi
619 611 661 635 ea,
682 611 742 638 quze
756 602 842 630 Euse-

36 647 99 675 bius
117 656 156 675 ac
171 647 207 676 S.
221 648 400 685 Hieronymus
412 650 582 685 ignorarunt,
597 650 667 677 scire
676 650 750 676 nullo
767 654 843 684 pacto

34 694 202 728 potuerint.
223 693 300 728 Quod
315 695 414 723 falsum
429 695 540 723 omnino
554 703 625 727 esse,
637 703 692 722 non
709 695 796 723 solum
809 703 842 722 ex

34 739 68 766 iis
87 747 158 774 qua:
188 739 326 766 hactenus
344 740 475 772 diximus,
494 747 589 766 verum
605 740 686 766 etiam
704 747 738 767 ex
756 739 842 766 Athe-

34 795 154 822 nagora:
171 787 263 819 facto,
277 787 310 815 de
324 795 379 822 quo
400 794 451 814 nec
470 787 582 814 verbum
599 787 708 822 quidem
731 786 793 814 fecit
811 787 839 814 S.

895 189 1032 225 scopalem
1045 189 1136 217 sedem
1152 189 1180 216 in
1194 188 1333 224 provincia
1350 189 1484 224 Romana,
1497 190 1522 217 id
1538 195 1580 218 est
1593 200 1603 216 ι
1617 192 1684 219 sub-

894 236 1030 263 urbiearia
1043 257 1050 268 ,
1068 246 1077 261 ι
1095 235 1259 267 obtinuerit',
1283 243 1344 270 qua:
1368 235 1453 263 Roma
1469 237 1503 263 ab
1518 237 1683 272 ipsis-voca-

894 282 985 315 batur,
1003 282 1118 317 ejusque
1138 282 1257 317 episcopi
1275 290 1291 310 a
1309 282 1409 310 Graecis
1433 284 1456 309 οἱ
1473 283 1526 310 ἀπὺ
1553 284 1682 319 Ῥώμης,

894 328 935 355 vel
950 329 974 354 οἱ
989 328 1060 355 κατὰ
1088 327 1208 363 Ῥώμην,
1233 337 1241 353 ι
1260 327 1331 363 apud
1350 328 1474 361 Romam,
1492 338 1501 354 ι
1519 329 1560 356 vel
1579 338 1588 354 I
1604 328 1683 363 juxta

882 374 1008 401 *liomam
1032 384 1041 400 ι
1068 373 1285 408 appellabantur.
1312 383 1321 399 ε
1339 373 1385 402 Sic
1400 374 1497 406 Roma,
1522 374 1610 409 inquit
1626 374 1684 402 Ste-

893 420 1000 455 phanus
1017 419 1165 455 Lemoyne,
1195 420 1312 446 sumitur
1335 427 1384 454 pro
1400 421 1539 455 provincia
1561 426 1588 448 et
1603 429 1683 456 epar—

893 466 956 493 chio
973 465 1108 492 Romano.
1129 474 1139 490 ›
1159 464 1188 491 in
1211 465 1316 499 synodo
1340 464 1494 493 Sardiceusi
1510 466 1624 501 epistola
1646 465 1681 493 ad

892 511 1044 539 Ecclesium
1059 510 1273 538 Alexandrinam
1291 511 1353 538 data
1372 510 1432 543 fuit,
1450 512 1475 538 in
1491 519 1545 546 qua
1561 512 1680 539 dicitur:

899 558 930 585 Ἡ
954 558 1019 592 ἁγία
1042 557 1150 589 σύνοδος
1173 556 1372 592 συναχθεῖσα...
1389 557 1442 584 ἀπὺ
1469 557 1612 593 Ῥώμης...
1634 558 1683 585 καὶ

897 603 1013 635 Ἰταλίας
1024 603 1082 639 (78)
1098 613 1104 630 :
1121 612 1130 628 ‹
1144 601 1244 630 Sancta
1257 603 1378 638 synodus
1387 608 1549 638 congregata
1563 612 1597 630 ex
1613 605 1682 632 urbe

893 649 980 677 Roma
1000 654 1028 677 et
1044 649 1135 682 italia;
1154 659 1163 676 ›
1184 649 1231 677 ubi
1252 658 1261 674 ι
1281 649 1368 676 Roma
1384 658 1393 674 ι
1409 656 1458 683 pro
1475 649 1616 683 provincia
1627 649 1682 676 Ro-

893 704 984 727 mana,
1005 705 1014 722 I
1030 696 1108 723 Italia
1122 705 1130 721 ι
1145 703 1195 731 pro
1208 695 1321 723 dioecesi
1337 694 1531 722 Mediolancnsi
1546 703 1682 730 usurpan-

894 747 938 770 tur
958 742 1026 777 (79).
1044 743 1082 769 Ita
1098 742 1178 768 etiam
1198 741 1225 768 in
1237 741 1352 776 epistola
1367 740 1506 768 Aureliani
1524 743 1557 769 de
1573 743 1682 777 negotio

892 787 970 815 Pauli
988 787 1157 815 Samosateni
1179 796 1185 813 :
1212 796 1222 812 ‹
1242 786 1433 822 lnterpellatus
1455 787 1605 831 imperator
1622 788 1681 815 Au-

38 832 243 869 Hieronymus
268 833 294 859 in
318 840 368 860 suo
390 832 536 860 illustrium
558 834 673 860 virorum
695 832 841 868 Catulogo,
857 831 878 858 B
894 835 1014 862 relianus
1038 834 1190 861 rectissime
1210 834 1263 861 hoc
1287 834 1426 868 negotium
1448 834 1680 869 dijudieavit,-iis

34 880 158 907 cuilibet
177 879 356 907 notissimum
373 887 433 907 esse
450 884 548 914 potest.
565 879 622 907 Hoc
646 880 734 914 ipsum
759 880 841 907 etiam

34 926 224 954 doctissimis
235 926 312 957 viris,
326 925 372 960 qui
384 925 493 953 Eusebii
504 930 531 953 et
544 926 629 961 ipsius
641 925 670 952 S.
685 925 842 960 Hieronymi

34 973 190 1000 silentium
218 971 297 999 nobis
320 972 462 1007 objiciunt,
486 972 557 999 alias
580 980 739 1006 persuasum
768 972 840 1005 fuit;

35 1018 183 1046 nonnulla
197 1018 285 1050 enim,
301 1022 331 1045 nt
352 1026 435 1052 supra
450 1017 634 1049 ostendimus,
651 1026 684 1044 ex
707 1018 778 1044 notis
793 1017 843 1052 ipsi

36 1071 228 1098 mutuarum,
245 1073 305 1100 qua:
318 1065 428 1093 eosdem
446 1065 593 1092 Eusebium
612 1073 645 1092 ac
661 1064 692 1092 S.
710 1063 842 1100 Hierony-

36 1121 116 1140 mum
140 1112 258 1147 penitus
275 1105 423 1139 latuerunt.
448 1110 666 1138 Vetustissiinam
684 1111 765 1146 igitur
781 1111 845 1139 Por-

36 1158 153 1185 tuensis
169 1156 305 1184 Ecclesia:
330 1157 502 1184 traditionem
526 1164 580 1183 non
602 1165 681 1191 aequo
693 1156 755 1191 jure
771 1165 844 1184 nune

36 1204 165 1238 rejieere
183 1202 378 1230 Tillemontius
399 1206 426 1230 et
447 1202 600 1230 Ceillierius
620 1206 763 1235 conantur,
781 1210 844 1230 cum

35 1249 99 1284 ipsa
120 1248 244 1283 optimis
260 1254 381 1275 veterum
399 1247 561 1275 testimoniis
579 1248 615 1275 sit
629 1248 711 1282 probe
723 1247 843 1282 suifulta,

34 1301 168 1329 quorum
197 1294 253 1320 vim
282 1292 421 1327 simplices
449 1293 616 1328 conjectura:
635 1293 678 1320 vel
697 1293 843 1321 minimum

35 1340 220 1367 imminuere
237 1346 409 1374 nequaquam
429 1339 567 1366 valebunt.

35 1397 111 1425 VIII.
133 1397 194 1424 Cur
211 1397 241 1424 S.
260 1395 419 1431 Hippolytus
437 1404 453 1422 a
477 1396 575 1423 Graecis
600 1396 755 1430 quibusdam
778 1398 845 1423 scri-

73 1434 211 1468 ptoribus
226 1432 342 1466 episcopi
359 1431 479 1464 Ιέοηωηὶ,
500 1432 538 1458 re!
550 1439 624 1466 papa.-
647 1432 751 1459 uomine
765 1432 845 1459 done-

75 1476 143 1501 tur,
159 1469 346 1494 erantinatur.

73 1513 209 1548 Objiciet
225 1512 347 1540 fortasse
367 1512 477 1548 aliquis,
492 1513 648 1545 Leontium,
663 1512 844 1545 Germanum,
859 1511 880 1540 C

36 1561 179 1595 aliosque
195 1567 229 1586 ex
248 1558 349 1586 Graacis
368 1559 558 1594 scriptoribus,
578 1566 695 1594 quorum
723 1560 846 1586 testimo-

37 1608 87 1634 nia
105 1607 141 1633 in
158 1606 250 1641 prima
265 1605 465 1633 dissertationis
479 1611 555 1640 parte
573 1606 727 1639 retulimus,
744 1606 773 1633 S.
787 1598 851 1641 llipl

36 1654 178 1689 polytum
196 1660 251 1678 non
263 1650 450 1682 Portuensem,
465 1652 510 1679 sed
527 1661 536 1677 ε
555 1650 686 1678 Romana:
701 1652 776 1679 urbis
787 1653 846 1686 cpi-

39 1707 181 1735 scopum,
209 1698 264 1725 imo
279 1702 306 1725 et
327 1705 425 1732 papam
444 1707 452 1723 ι
471 1705 582 1725 vocasse
605 1697 671 1733 (77).
694 1697 742 1724 His
757 1703 846 1725 tamen

39 1745 291 1781 respondendum,
309 1743 338 1771 S.
354 1744 528 1779 Hippolytum
549 1752 562 1771 a
578 1743 679 1771 Graecis
701 1752 710 1770 ι
729 1743 845 1771 Romani

81 1823 149 1859 (76)
165 1821 306 1857 Antiquos
317 1822 397 1859 etiam
414 1827 540 1859 auctores
551 1821 686 1859 interdum
703 1821 780 1848 libris
790 1821 847 1859 suis

42 1857 216 1893 alienisque
234 1862 314 1884 notas
328 1858 437 1893 aliquas
447 1857 593 1889 addidisse,
612 1857 847 1893 multisexemplis

41 1891 178 1931 probare
205 1900 360 1931 possemus:
387 1892 507 1918 Sulliciat
535 1898 625 1931 tamen
653 1892 732 1931 nobis
758 1891 847 1931 Pliotii

41 1927 234 1964 Exemplum,
246 1928 413 1964 cujnsrduas
430 1932 602 1964 notasyantea
619 1927 735 1964 ineditas
752 1927 846 1964 vulga-

40 1967 84 1993 vit
103 1961 204 1999 primo
219 1961 374 1999 Bernartius
388 1961 611 1999 derlllontl'ancon
629 1961 656 1999 in
672 1962 847 1999 celeberrima

42 2001 77 2029 S.
102 1996 230 2028 Joannis
244 1998 437 2033 Cltrysostomi
449 1998 578 2029 editione,
597 1996 657 2033 iur§r
674 1996 690 2023 6
707 1997 847 2031 praelatio-

42 2037 93 2063 nis
110 2036 147 2062 ad
164 2040 223 2061 tom
250 2032 269 2058 V
285 2031 414 2060 editionis
428 2032 514 2059 Paris.
530 2040 575 2059 an.
592 2031 670 2064 1724,
687 2039 720 2058 ex
735 2033 794 2059 eod.
809 2040 847 2058 xu

42 2071 149 2099 saeculi
179 2076 231 2095 xm
258 2068 429 2095 bibliotheca:
451 2067 635 2099 Coisliniauae,
660 2074 776 2101 quarum
794 2075 847 2094 una

42 2107 101 2134 fol.
123 2106 173 2137 52,
190 2105 321 2130 docemur
332 2102 456 2129 Photium
474 2105 605 2137 integram
620 2102 740 2136 ejusdem
752 2102 781 2128 S.
797 2102 848 2129 Pa-

41 2143 104 2170 tris
118 2138 323 2175 expositionem
337 2139 366 2175 in
376 2138 498 2175 l’salmos
511 2139 630 2175 nancisci
642 2145 695 2164 non
707 2138 844 2175 potuisse;

43 2171 229 2210 alterm-pag.
243 2173 276 2200 21
294 2178 321 2200 et
336 2173 381 2204 2'2.
398 2173 426 2199 S.
439 2172 552 2210 Joannis
564 2171 751 2210 Chrysostomi
764 2180 847 2210 expo-
864 2182 886 2209 ι)

44 2208 192 2240 sitionein
212 2209 332 2243 aliquam
354 2210 380 2235 in
399 2209 532 2243 psalmum
553 2215 602 2234 vnt
616 2208 742 2243 exhibet,
763 2211 790 2234 et
811 2208 844 2234 ad

44 2246 162 2275 caléem
196 2242 333 2271 invenitur
359 2242 488 2277 scriptum
513 2252 520 2270 :
549 2243 577 2269 '0
605 2242 705 2274 Φώτιος
722 2243 843 2278 γγράφει,

47 2292 58 2309 ι
77 2281 208 2309 Photius
223 2279 327 2306 scribit.
347 2288 356 2304 ι
378 2278 519 2313 Legendus
542 2278 594 2305 hac
613 2279 646 2305 de
662 2286 691 2305 re
706 2277 843 2305 Montl‘au-

45 2325 107 2345 con
128 2317 184 2343 Ioc.
202 2315 249 2342 cit.

89 2351 154 2386 (77)
169 2349 208 2386 fin
230 2349 352 2386 quodam
375 2348 554 2386 codice__mss.
569 2348 663 2386 Graeco
679 2348 730 2375 195
750 2347 846 2386 biblio-

45 2383 149 2415 thecae
158 2383 337 2412 Coisliniauae
353 2388 441 2410 exstat
454 2383 589 2418 Hippolyti
612 2383 792 2418 fragmentum
815 2384 847 2410 de

48 2421 192 2452 Ezechia,
209 2425 237 2446 et
248 2421 382 2454 episcopus
396 2418 529 2445 Romanus
542 2418 691 2452 appellatur
708 2419 778 2453 apud
795 2418 845 2454 Fa-

53 2460 135 2485 bric.
149 2455 233 2490 Oper.
248 2453 276 2481 S.
291 2454 424 2489 Hippolyti
438 2458 503 2480 tom.
515 2454 537 2490 i,
551 2461 612 2487 pag.
623 2453 725 2490 2717,7et
738 2458 802 2480 tom.
814 2453 847 2485 il,

71 2500 124 2526 ag.
156 2487 207 2522 3i;
235 2498 290 2526 quo
316 2487 408 2526 etiam
426 2494 495 2526 tom.
515 2487 635 2526 ll,_p_ag.
663 2489 718 2522 2:3,
749 2489 848 2526 pariter

61 2523 220 2554 tabernas:
242 2523 250 2550 ἆ
267 2524 296 2552 S.
311 2523 446 2559 Hippolyti
457 2524 570 2558 episcopi
582 2523 656 2550 Rom.
677 2528 701 2550 et
724 2525 848 2559 martyris

50 2563 219 2593 fragmenta
246 2558 373 2593 excerpta
389 2567 422 2586 ex
442 2559 643 2586 Commentario
669 2560 695 2585 in
722 2558 852 2586 Geuesim

50 2570 103 2590 ιη
127 2570 219 2587 menta
246 2570 373 2593 ειυεψω
389 2570 422 2586 ex
442 2570 643 2586 bUllIlﬂClllal'lU
669 2570 695 2585 Ill
722 2570 848 2586 UCIICSIHI

50 2606 90 2625 ex
105 2570 145 2623 ξε
158 2595 288 2623 Patribus
299 2595 421 2627 collecto,
433 2595 480 2629 qui
494 2599 583 2621 exstat
594 2601 661 2621 mss.
679 2593 849 2621 Viudobouaa

51 2633 85 2661 in
105 2632 177 2659 bibl.
194 2630 346 2666 augustiss:
357 2630 537 2663 imperatoris.
554 2639 565 2655 ι

98 2666 161 2702 (78)
190 2663 314 2702 Synodus
330 2664 500 2702 Sardieeusis
519 2672 590 2702 anno
614 2663 666 2691 547
683 2664 777 2702 habita
800 2663 851 2702 fuit

52 2699 190 2730 Sor-dicae
211 2699 238 2728 in
266 2699 503 2736 lllyricotExstat
519 2699 712 2736 hujusﬁsynodi
737 2700 850 2736 epistola

53 2737 141 2772 apud
156 2735 247 2763 Labbe
261 2735 327 2762 tum.
344 2736 365 2762 ll
382 2735 536 2768 Concilium,
555 2743 583 2769 p.
597 2735 649 2762 694
661 2735 726 2762 edit.
745 2735 852 2762 Veneta:

53 2772 136 2801 anni
149 2772 227 2798 1728.

98 2807 163 2842 (79)
180 2806 247 2833 Hinc
269 2806 297 2833 in
310 2805 557 2840 subscriptionibus
571 2805 771 2841 episcoporum,
790 2812 851 2839 quas

208 2865 344 2895 Punot.
361 2863 418 2894 Gn.
442 2863 482 2893 Χ.

893 880 1004 907 domum
1023 878 1092 906 tradi
1110 878 1278 913 praecipiens,
1299 878 1400 914 quibus
1415 879 1500 906 Italici
1515 879 1680 908 Christiana:

895 926 1035 960 religionis
1058 925 1193 952 antistites
1209 923 1325 951 Romani
1343 924 1464 960 episcopi
1482 926 1644 952 scriberent.
1667 935 1677 952 ι

893 971 1074 1004 Quamobrem
1094 978 1265 1005 summopere
1281 971 1424 1003 miramur,
1439 972 1512 1005 quod
1529 972 1569 998 vir
1580 972 1680 1000 doctis-

895 1018 982 1045 simus
1002 1016 1121 1043 Jacobus
1146 1016 1328 1044 Couibelisins
1352 1017 1478 1043 dubitare
1506 1025 1534 1044 se
1556 1023 1679 1052 asserat,

894 1069 958 1088 num
986 1062 1042 1088 haec
1067 1061 1224 1088 Graecorum
1255 1062 1347 1092 verba,
1377 1061 1486 1097 Ῥώμης
1509 1062 1678 1096 ἐπίσκοπος,

897 1116 906 1133 ι
928 1107 1019 1134 Romae
1034 1107 1189 1142 cpiscopus,
1210 1116 1218 1132 ι
1237 1114 1280 1138 eo,
1298 1114 1353 1142 quo
1371 1116 1432 1134 mox
1447 1108 1568 1135 diximus
1585 1115 1678 1142 Sensu,
1724 1111 1725 1114 “

895 1155 950 1182 sint
970 1154 1138 1188 accipienda,
1156 1161 1189 1180 eo
1211 1153 1283 1188 quod
1312 1157 1413 1180 tantam
1434 1154 1622 1188 antiquitatem
1648 1154 1678 1183 S.

895 1199 1041 1235 Hippolyto
1056 1207 1199 1234 snpparem
1216 1207 1268 1226 non
1282 1200 1390 1234 sapiant
1404 1199 1470 1235 (80).
1488 1199 1540 1228 Sed
1555 1201 1620 1235 quid
1631 1209 1681 1228 an-

896 1247 1000 1281 tiquius
1018 1246 1069 1272 hac
1082 1246 1110 1272 in
1129 1251 1158 1272 re
1175 1245 1274 1272 adduci
1288 1250 1393 1280 poterat
1408 1246 1580 1280 imperatoris
1594 1247 1681 1275 Aure-

895 1293 959 1320 liani
974 1293 1099 1327 epistola,
1125 1295 1152 1319 et
1167 1293 1271 1328 synodo
1295 1291 1469 1319 Sardiceusi?
1486 1292 1586 1320 Verum
1606 1301 1681 1329 quaa—

895 1347 957 1367 nam
976 1339 1056 1366 fuerit
1080 1338 1237 1366 Graecorum
1258 1347 1344 1372 mens,
1364 1339 1428 1366 dum
1454 1339 1481 1367 S.
1504 1339 1679 1376 Hippolytum

898 1397 906 1413 ι
924 1386 1041 1414 Romani
1064 1387 1184 1421 episcopi
1205 1396 1213 1412 ι
1244 1386 1353 1413 nomine
1371 1386 1561 1421 designarunt,
1588 1389 1681 1415 erudi—

897 1435 999 1462 tissime
1016 1439 1088 1470 patet
1103 1442 1135 1461 ex
1155 1433 1291 1469 Syncello,
1305 1433 1449 1461 Anastasio
1463 1434 1642 1469 apocrisiario
1653 1439 1681 1462 et

895 1480 1062 1515 Nieephoro,
1084 1488 1201 1516 quorum
1224 1480 1380 1506 testimonia
1406 1479 1473 1507 alias
1496 1480 1578 1507 rcl'tta
1606 1485 1678 1508 sunt.

897 1527 983 1561 Quam
1001 1535 1065 1554 Vero
1079 1526 1225 1562 provinciae
1239 1525 1368 1552 Romanae
1381 1533 1478 1552 nomen
1491 1525 1623 1553 latissime
1635 1534 1682 1553 ac-

898 1579 1005 1609 ceptum
1024 1572 1105 1600 fuerit
1120 1574 1201 1600 etiam
1219 1571 1364 1599 Alexandri
1378 1579 1453 1606 papae
1469 1571 1502 1598 lll
1523 1579 1589 1604 arvo,
1603 1572 1682 1599 cuili-

897 1620 942 1648 bet
960 1620 1153 1647 Lateraueusis
1166 1618 1274 1646 concilii
1288 1618 1502 1652 subscriptiones
1516 1617 1680 1652 inspicienti,

898 1674 913 1694 a
929 1666 1001 1694 Luca
1019 1665 1152 1703 Daclierio
1169 1666 1286 1700 primum
1306 1665 1404 1696 editas.
1420 1664 1572 1691 clarissime
1590 1669 1683 1698 patere

851 1737 853 1740 .
897 1713 997 1748 poterit
1013 1712 1077 1746 (81).

932 1757 988 1785 Nec
1001 1757 1100 1784 desunt
1111 1757 1193 1783 etiam
1208 1755 1280 1790 apud
1298 1755 1409 1782 Latinos
1428 1755 1561 1789 exempla,
1578 1763 1610 1782 ex
1621 1755 1683 1789 qui-

917 1845 958 1871 ag.
974 1835 1026 1862 69?.
1041 1839 1159 1871 exstant,
1177 1833 1332 1871 inyenimus
1346 1842 1382 1871 εδ(
1400 1832 1500 1860 Lucius
1515 1833 1682 1871 ab_l_taliade

917 1845 958 1871 11g.
974 1845 1026 1862 ῸΗΖ
1041 1845 1159 1866 θΧδιὶΙΠι,
1178 1845 1332 1860 Ιιινειιιιιιιιδ
1346 1845 1351 1859 ῑ
1373 1845 1381 1858 Ι
1400 1845 1500 1860 LUL'Iu5
1515 1845 1549 1861 ill)
1563 1845 1637 1862 "ulla
1648 1845 1682 1861 ue

897 1845 1016 1899 Q’eroua.
1035 1870 1150 1897 Severus
1159 1869 1193 1895 ab
1209 1868 1284 1895 Italia
1303 1869 1336 1894 de
1352 1867 1533 1895 Ravcuncnsi.
1552 1868 1682 1896 Ursacius

898 1908 932 1934 ab
946 1907 1018 1933 Italia
1039 1906 1072 1931 de
1082 1904 1243 1931 Mediolano.
1264 1912 1273 1927 ι
1293 1902 1324 1929 Ει
1340 1911 1399 1937 pug.
1421 1902 1473 1929 688
1495 1913 1502 1930 :
1524 1913 1532 1928 ι
1547 1903 1682 1932 Fortuna-

897 1944 987 1970 tianus
1002 1942 1035 1967 ab
1051 1941 1128 1967 italia
1140 1940 1173 1967 de
1186 1937 1320 1973 Aquileia.
1338 1948 1347 1963 ι

934 1987 988 2022 (80)
1003 1985 1184 2022 iFranciscus
1211 1984 1393 2022 Combeiisius
1420 1989 1492 2022 tom:
1516 1984 1682 2022 lhBibjioth.

899 2019 984 2050 Gricc.
999 2021 1112 2048 Patrum
1123 2022 1233 2047 Auctar.
1249 2020 1358 2048 ιιουὶδδη
1381 2027 1443 2054 pag.
1459 2019 1493 2046 65
1512 2019 1575 2048 edit.
1592 2020 1679 2048 Paris.

898 2066 942 2085 an.
962 2057 1046 2084 1672:
1068 2065 1076 2081 ‹
1093 2056 1169 2088 Quod
1183 2063 1197 2082 a
1214 2055 1271 2082 viro
1287 2054 1464 2086 amicissimo,
1480 2055 1682 2086 erudito.infu-

898 2093 953 2121 lato
968 2092 1083 2128 (scilicet
1103 2090 1183 2128 Petro
1205 2091 1237 2117 de
1252 2089 1342 2128 liisrca
1363 2089 1567 2128 archiepiscopo
1580 2090 1682 2128 Paris.)

898 2124 1081 2158 oliseriatum,
1102 2126 1244 2160 episcopos
1263 2125 1396 2152 Romanas
1409 2124 1473 2154 dici,
1488 2125 1535 2158 qui
1552 2126 1630 2160 quasi
1642 2124 1682 2152 le-

899 2162 988 2190 vando
1009 2169 1079 2190 onus
1101 2159 1216 2188 Romani
1232 2161 1318 2195 ipsius
1341 2159 1608 2195 autistitis,ejusrjue
1623 2161 1681 2187 vice

901 2199 927 2225 in
949 2197 1020 2224 Urbe
1036 2196 1172 2224 celebrent
1187 2196 1219 2223 ad
1232 2194 1257 2222 id
1275 2194 1395 2222 muneris
1416 2194 1588 2229 peculiariter
1607 2195 1680 2222 dele-

900 2234 946 2262 cti.
959 2234 1029 2259 inter
1041 2239 1110 2266 quos
1124 2239 1152 2258 se
1164 2231 1221 2265 ipse
1233 2230 1441 2266 annumerabat,
1451 2230 1542 2266 nescio
1555 2237 1588 2257 an
1601 2234 1682 2257 tanta:

896 2264 1065 2302 antiquitatis
1077 2266 1126 2302 sit.
1143 2264 1251 2302 ut’iude
1270 2265 1430 2300 Hippolytus
1451 2264 1561 2296 Ῥώιιτπς
1573 2267 1680 2301 episco-

897 2312 947 2339 pus
963 2301 1057 2329 audire
1071 2301 1172 2328 Graecis
1190 2303 1315 2335 potuerit.
1332 2309 1341 2325 ι

933 2348 988 2384 (8|)
1013 2347 1169 2384 Exstantin
1193 2344 1289 2384 t_9_rn._l
1306 2344 1451 2384 Spicileghii,
1466 2351 1527 2384 pag.
1543 2344 1605 2384 (i56_
1615 2346 1680 2374 edit.

896 2380 1008 2412 Parisiis
1024 2384 1087 2410 anui
1101 2382 1179 2409 1725.
1196 2380 1246 2408 Hic
1261 2381 1321 2407 illas
1335 2381 1530 2407 exscribendas
1544 2381 1680 2412 ducimus,

898 2425 928 2447 ut
949 2424 1077 2453 appareat
1095 2423 1177 2453 quam
1192 2416 1245 2453 late
1261 2423 1323 2453 sese
1335 2415 1485 2453 provincia
1494 2415 1616 2453 Romana
1628 2424 1681 2453 ex-

897 2449 1029 2482 tendisset
1043 2462 1050 2479 :
1069 2462 1078 2478 ι
1097 2449 1134 2478 De
1145 2450 1285 2485 provincia
1302 2449 1423 2476 Romana
1439 2459 1445 2477 :
1464 2449 1606 2485 liubaldus
1626 2451 1680 2478 Hu-

899 2490 1019 2520 stieusis,
1033 2488 1109 2522 Hugo
1120 2484 1681 2522 TerracinensistloannesFuudanus,Jo-

899 2530 977 2552 natas
990 2520 1148 2553 Fundanus,
1163 2520 1309 2548 Zacharias
1321 2520 1436 2552 Marsus,
1449 2520 1599 2547 Udalrisius
1609 2521 1682 2548 Wat-

899 2558 1085 2591 vcnsis,l)0d0
1108 2555 1430 2591 I’ieatiuustFormundus
1444 2554 1615 2591 ,l’erulauus,
1629 2558 1683 2584 Leo

900 2589 1048 2625 Aletrinas,
1065 2591 1224 2625 Rodulphus
1238 2590 1411 2621 Ferentinus.
1435 2589 1533 2617 Asahel
1549 2592 1683 2625 Agniuus,

900 2629 996 2656 Petrus
1009 2629 1150 2663 Signiuus,
1159 2626 1221 2653 Milo
1229 2625 1406 2663 Tyburtinu_s,
1415 2625 1683 2663 JoannesSutrinus,

900 2665 1032 2691 Maetinus
1042 2660 1218 2697 'Nepesiuus,
1240 2660 1356 2688 Censius
1372 2660 1567 2697 Tuscauensis,
1588 2662 1685 2691 Petrus

902 2700 1018 2734 civitatis
1032 2696 1256 2734 Castellanensis,
1281 2696 1598 2734 Art-mutu:Narniensis,
1616 2697 1685 2724 Pau-

902 2735 943 2762 lus
957 2733 1105 2764 llortanus,
1120 2733 1217 2759 Petrus
1232 2732 1382 2763 Amcliuus,
1398 2732 1550 2759 Richardus
1566 2732 1685 2760 υνυωέ-

904 2775 993 2801 tanus,
1016 2768 1162 2795 Gratianus
1184 2766 1358 2800 Tuder-tinus,
1377 2766 1505 2794 Viviauus
1524 2766 1684 2800 Perusinus,

903 2804 1000 2832 Petrus
1014 2802 1177 2835 Castrensis,
1200 2802 1254 2829 Leo
1266 2802 1404 2836 Clusinus,
1422 2802 1553 2829 Martinus
1572 2802 1684 2831 Grosso-

1483 2858 1521 2888 16
