1857 3051
43 120 104 148 497

447 122 490 149 DE
510 122 707 150 PORTUENSI
728 121 757 150 ὃ.
780 122 826 150 illi

910 111 960 150 tiri
983 123 1080 150 sane.
1100 138 1136 143 -
1153 123 1243 150 PARS
1262 122 1295 151 ll.

1637 122 1688 150 ‘98

44 167 348 211 stautissimeltenent.
373 180 402 208 S.
419 182 499 208 Petro
522 180 631 213 Linum,
645 181 714 209 Lino
734 183 850 210 Anacle-
863 185 886 213 Α
900 186 954 214 est,
977 190 1032 210 non
1047 181 1249 217 presbyterum,
1265 181 1312 209 sed
1326 182 1484 217 episcopum
1512 177 1606 214 fuisse,
1633 190 1688 209 non

44 232 123 259 tum,
151 227 288 255 Anacleto
315 227 480 254 Clementem
505 227 531 254 in
556 229 656 255 summi
681 229 849 263 apostolatus

44 281 169 301 munere
194 274 372 301 successisse.
399 273 477 301 Hunc
498 273 597 310 Moynii
613 275 703 302 locum
720 275 850 303 exscribit

42 320 174 348 Joannes
204 320 333 347 Albertus
357 319 498 347 Fabricius
523 320 550 347 in
577 320 645 348 libro
673 321 717 348 cui
752 321 849 348 titulus

43 365 194 393 Salutaris
212 366 260 393 lum
285 365 432 401 Evangelii,
460 366 509 393 abs
530 374 560 394 se
579 366 652 393 edito
667 367 735 402 (94),
749 367 776 394 in
791 375 848 402 quo

41 411 220 440 Christiana:
241 411 304 439 ﬁdei
325 412 401 439 initia
419 412 490 447 apud
506 419 601 440 omnes
619 417 712 447 gentes
735 420 778 446 ea,
794 421 847 448 qua

41 465 95 492 par
128 462 194 490 est,
227 458 381 486 eruditione
416 459 558 494 repandit,
595 459 725 495 additque
761 460 847 495 ipsius

39 502 151 538 Moynii
164 503 365 537 testimonium,
379 508 409 531 ut
421 505 518 539 probet
529 505 598 532 duos
606 505 749 541 epiSeopos
765 514 847 534 unam

39 549 235 584 eamdemque
248 549 398 577 Ecclesiam
415 550 510 578 eodem
531 555 650 586 tempore
667 553 844 586 gubernasse.

40 594 99 623 Sed
115 596 206 624 hasce
225 595 494 632 Presbyterianorum
511 598 594 625 tricas
611 598 667 633 jam
685 599 787 626 centies
802 607 846 626 ra-

39 642 151 670 dicitus
167 643 368 670 convulserunt
380 644 432 670 viri
447 644 665 678 przestantissimi
680 652 711 672 ex
733 645 845 677 nostris,

38 693 67 715 et
85 696 123 716 ex
146 688 312 724 Anglicanis
336 689 522 723 quamplurcs,
542 689 612 717 inter
636 698 706 725 quos
728 690 846 719 Thomas

39 733 194 768 Dilsonus,
215 734 350 762 Henricus
365 734 534 767 Hamondus.
552 740 579 763 et
596 736 715 764 Joannes
732 737 846 765 Pearso-

39 781 119 814 nius,
138 781 191 816 qui
209 781 347 815 peritioris
360 782 520 809 eruditionis
530 782 611 810 laude
628 788 653 810 rt
671 783 771 818 ingenii
784 792 846 811 acu-

39 827 119 854 mine
138 827 295 862 plurimum
314 827 459 855 excellunt.
477 827 598 863 Denique
611 828 728 856 Jacobus
744 829 846 856 Basna-

903 228 1007 261 Romae,
1031 233 1060 256 ut
1075 228 1160 256 Graeci
1184 228 1295 261 habent,
1321 228 1368 255 sed
1394 228 1421 254 in
1437 227 1525 264 Syria.
1551 226 1600 255 liis
1615 228 1690 256 enim

902 275 1098 309 respondemus
1119 280 1180 302 cum
1194 264 1515 301 doctissimo'Ruinartio
1531 273 1598 309 (97),
1615 274 1690 301 anti-

901 328 966 355 qua,
982 329 1042 356 qua:
1053 320 1188 348 tAdonem
1204 325 1411 355 praecesserunt,
1425 324 1452 347 et
1466 321 1571 356 aliquot
1583 328 1615 347 ex
1635 321 1688 354 his,

879 359 887 370 ⁸
901 374 962 402 quae
983 372 1045 402 post
1070 367 1201 402 (ejusdem
1221 367 1334 402 Adonis)
1360 371 1466 395 aetatem
1493 367 1593 402 scripta
1612 373 1688 401 sunt,

902 414 1004 440 nudum
1029 413 1164 450 Hippolyti
1189 421 1286 441 nomen
1304 414 1346 441 die
1361 422 1416 441 xxx
1433 413 1553 441 Januarii
1570 424 1580 440 ι
1607 415 1687 441 exhi-

901 460 983 492 bere;
1002 468 1056 495 quo
1070 461 1108 493 tit,
1125 465 1154 488 ut
1168 460 1210 488 his
1226 460 1390 495 conjeclut‘is
1409 465 1436 487 ct
1451 460 1688 488 emendationibus

902 504 1065 533 Tillemontii
1084 506 1173 533 millus
1183 506 1301 540 supersit
1314 506 1400 534 locus.
1413 505 1603 540 Antiquissimi
1616 506 1688 534 Mar—

901 551 1025 587 tyrologii
1042 551 1201 579 Dacheriani
1218 557 1245 579 et
1260 552 1406 586 pervetusti
1422 552 1595 579 Ottoboniani
1609 552 1688 580 lectio

901 596 1076 625 conﬁrmatur
1100 605 1115 623 a
1132 601 1172 624 tot
1197 597 1316 632 antiquis
1340 597 1529 632 scriptoribus,
1546 605 1615 632 quos
1639 605 1688 624 suo

900 643 1001 678 periori
1027 643 1139 678 hujusce
1159 643 1360 671 dissertationis
1384 648 1460 678 parte
1486 643 1685 676 recensuimus,

900 697 930 716 ex
952 689 1052 724 quibus
1074 694 1164 724 aperte
1189 689 1340 723 colligimus
1360 688 1570 725 S.lIippolytum
1587 688 1686 716 Portus

900 734 1033 767 Romani,
1056 735 1102 770 qui
1132 735 1166 762 ad
1189 736 1308 770 antiquae
1327 735 1434 762 Tuscia:
1454 736 1522 762 ﬁnes
1545 735 1684 770 pertinuit,

899 781 1056 816 episcopum
1071 781 1219 809 exstitisso.

899 826 944 854 ΧΙ.
964 827 1068 862 Bigmzi
1085 827 1215 854 sententia
1229 827 1261 854 de
1273 827 1373 854 duabus
1385 825 1537 862 Hippolyti:
1553 826 1683 861 rejicitur.

39 873 104 906 gius
127 872 303 913 praecipuum
324 873 409 901 hocce
428 873 527 909 Moynii
553 874 691 901 somnium
717 875 845 902 convellit
861 868 882 895 Β
928 873 1045 900 Demum
1072 872 1241 908 Margarinus
1264 872 1389 908 Bignaaus
1410 873 1477 907 (98),
1496 873 1565 899 duos
1582 877 1609 899 et
1627 873 1685 907 ipse

39 919 67 946 in
83 919 149 946 suis
164 919 202 946 de
214 919 244 946 S.
263 918 400 955 Hippolyti
424 920 478 947 vita
497 924 526 947 et
545 920 655 955 scriptis
669 921 844 948 animadver-

38 965 174 993 sionibus
191 966 258 1002 (95).

38 1023 73 1051 Χ.
92 1023 266 1059 Tillemontii
282 1023 442 1057 conjectura,
460 1032 511 1059 qua
529 1029 649 1051 sanctum
666 1024 842 1059 Hippolytum

75 1058 247 1095 Antiochin
261 1067 379 1095 passum,
397 1065 421 1086 et
438 1058 474 1095 ,ἰή
489 1060 577 1086 vicina
594 1059 674 1094 Syria
691 1058 843 1095 episcopum

77 1094 184 1128 fuisse,
202 1094 344 1129 refellitur.

74 1152 279 1180 Tillemontius
295 1152 351 1187 (96)
369 1154 395 1180 in
412 1161 472 1180 eam
491 1153 598 1180 videtur
625 1153 756 1181 inclinare
779 1162 842 1182 sen-

38 1198 184 1231 tentiam,
211 1198 284 1233 quod
314 1197 342 1225 S.
356 1197 516 1234 Hippolytus
543 1198 689 1234 gloriosam
719 1198 841 1234 martyrii

38 1245 167 1278 palmam
186 1243 339 1270 Antiochize
363 1248 529 1271 consecutus
546 1245 597 1276 sit;
615 1244 729 1279 ideoque
745 1245 772 1271 in
790 1244 840 1272 ali-

37 1297 92 1324 qua
113 1289 247 1324 proxima
270 1288 355 1324 Syria:
380 1289 449 1316 urbe
474 1290 661 1324 episcopatum
688 1290 839 1319 obtinuisse

35 1339 148 1362 censet.
196 1334 273 1361 Hanc
289 1334 474 1369 conjecturam
495 1334 616 1370 diligenti
632 1337 749 1370 quadam
767 1342 840 1364 vete-

36 1387 102 1406 rum
127 1379 387 1415 Martyrologiorum
412 1379 579 1414 inspectione
605 1379 702 1408 fulcire
727 1381 837 1414 nititur;

36 1426 86 1452 sed
119 1426 205 1452 irrito
232 1432 346 1460 prorsus
370 1429 481 1452 conatu.
511 1425 739 1460 Antiquissimum
765 1428 838 1455 enim

36 1471 288 1506 martyrologium,
305 1471 415 1498 cuilibet
439 1471 649 1506 praeferendum,
667 1472 738 1507 quod
755 1473 838 1500 edidit

35 1517 209 1551 Daeherius,
226 1518 328 1545 diserte
340 1517 439 1544 habet:
458 1526 467 1543 ί
486 1517 514 1544 ln
534 1517 633 1545 Tuscia
654 1517 685 1546 B.
699 1517 835 1555 Hippolyti

35 1564 166 1599 episcopi
184 1564 218 1590 de
232 1563 362 1598 antiquis.
377 1573 387 1590 ι
412 1562 482 1591 IIuic
499 1565 634 1591 consentit
650 1564 723 1591 aliud
735 1564 836 1601 Marty-

36 1610 183 1645 rologium
202 1609 374 1636 bibliotheca:
391 1609 591 1641 Ottoboniante,
613 1610 640 1637 in
657 1618 711 1645 quo
726 1612 837 1645 paucis~

36 1656 108 1684 lima
129 1659 291 1682 sanctorum
305 1655 415 1682 nomina
432 1655 552 1691 qualibet
564 1656 608 1683 die
619 1661 775 1684 occurrunt.
797 1657 836 1684 Ex

36 1701 206 1736 huiusmodi
226 1701 306 1736 igitur
322 1701 522 1736 Martyrologiis
541 1707 648 1728 constat
665 1701 694 1729 S.
708 1701 836 1738 l-iippoly-

35 1752 108 1780 tum,
124 1755 180 1774 nec
196 1747 347 1774 Antiochia:
368 1755 491 1781 passum,
515 1755 565 1774 nec
591 1747 617 1774 in
635 1747 723 1783 Syria,
742 1749 788 1776 sed
807 1749 835 1775 in

36 1793 154 1821 Tuscia.
189 1793 244 1821 Nec
265 1793 347 1821 addat
361 1793 560 1827 Tillemontius,
578 1795 705 1822 mendum
725 1800 752 1822 ct
770 1803 834 1823 con-

35 1838 180 1866 l’usionem
212 1839 239 1865 in
260 1839 311 1866 hoc
325 1838 516 1875 Martyrologio
538 1840 690 1875 irrepsisse,
714 1849 747 1868 eo
761 1841 834 1876 quod

35 1886 87 1912 alia
103 1884 302 1920 Martyrologia
327 1886 377 1912 hac
393 1885 486 1912 eadem
511 1887 554 1913 die
575 1887 760 1922 presbyterum
776 1887 833 1915 An-

35 1931 201 1958 tiochenum
215 1930 312 1959 Novati
325 1931 488 1966 discipulum
506 1932 651 1965 celebrent,
666 1933 750 1960 Graeci
768 1941 833 1960 vero

35 1977 62 2004 S.
78 1977 263 2013 Hippolytum
285 1986 381 2012 papam
397 1977 491 2005 Roma:
509 1978 644 2010 referant;
665 1979 834 2014 proimlcque

34 2022 210 2050 credendum
233 2022 278 2054 sit,
297 2021 481 2059 Hippolytum,
498 2024 545 2058 qui
562 2024 715 2052 Antiocltite
735 2034 831 2060 passus

80 2110 131 2146 94)
152 2109 221 2146 βίῳ.
241 2109 284 2141 15,
302 2118 326 2144 p.
342 2110 404 2143 335,
416 2111 480 2137 edit.
494 2110 640 2146 Hamburgi
654 2121 698 2139 an.
718 2112 795 2141 1751.

80 2145 183 2183 95_)_ln
204 2151 269 2183 tom.
290 2145 296 2171 Ι
316 2146 489 2183 Ληιὶφ-Ιεςι.
506 2145 615 2183 llcnrici
635 2147 748 2183 Canusii.
768 2157 828 2183 pag.

34 2181 67 2217 Ξῖ
87 2189 98 2205 t
115 2179 207 2206 Multo
223 2180 313 2217 minus
331 2181 512 2217 crediderunt
530 2181 604 2209 illum
628 2179 827 2217 (Hippolytum)

34 2215 192 2242 liornanam
223 2215 314 2250 sedgm
340 2216 468 2242 tenuisse.
497 2215 632 2250 Quidquid
652 2215 723 2244 enim
740 2215 828 2246 iiucrit

33 2251 65 2277 de
91 2251 236 2276 nascentis
262 2249 390 2277 Ecclesia:
416 2249 583 2284 primordiis,
611 2252 756 2279 verisimile
774 2261 827 2280 non

34 2287 60 2312 ﬁt
85 2285 173 2312 binos
200 2285 342 2320 episcopos
369 2285 519 2312 Romanam
551 2286 654 2314 rexisse
678 2287 827 2316 Ecclesium

35 2321 150 2347 ineunte
181 2320 263 2346 tertio
292 2321 409 2351 saeculo,
437 2329 491 2354 quo
520 2321 658 2354 vulgatum
691 2322 828 2350 ferebatur

34 2356 143 2391 axioma
159 2364 166 2381 τ
181 2354 254 2381 Unus
269 2354 348 2391 Deus,
362 2364 428 2382 unus
444 2356 588 2390 episcopus.
619 2357 647 2383 Id
664 2366 716 2384 non
734 2359 827 2386 latinis-

34 2396 73 2418 set
97 2390 310 2428 Hieronymum,
338 2391 475 2428 plurimos
499 2399 585 2428 annos
612 2392 638 2418 in
665 2393 723 2428 ipsa
741 2394 825 2421 Itonia

34 2425 266 2463 )‘ersalurntqui
274 2431 363 2463 tamen
381 2425 516 2463 Hippolyti
532 2427 622 2463 sedent
641 2425 825 2463 episcopalem

33 2460 181 2495 ignoravit.
198 2459 323 2498 Denique
338 2459 440 2498 datam
459 2459 574 2488 solemni
597 2459 720 2497 exemplo
738 2459 826 2498 'gend-

34 2503 132 2522 norum
160 2495 351 2531 episcoporum
378 2497 405 2522 in
433 2504 486 2522 una
512 2497 661 2531 eademque
676 2495 754 2525 'sede’
771 2507 825 2527 non

32 2531 188 2568 silu_isscnt_
211 2530 255 2568 yel
281 2530 469 2564 scbismatici,
493 2532 535 2559 vcl
563 2530 652 2559 caeteri
678 2534 825 2568 scriptores

33 2564 229 2592 ecclesiastici.
244 2574 253 2590 ›

65 2601 126 2637 L96)
142 2599 250 2637 Saepius
266 2599 348 2637 citato
363 2605 427 2627 tom.
443 2600 486 2632 lll.
500 2610 561 2637 pag.
573 2602 642 2629 219:
658 2612 666 2628 ι
678 2602 825 2632 Bollandus

31 2640 55 2673 et
69 2636 253 2673 [ﬂorentiuus
264 2636 367 2673 croielit
390 2644 442 2673 que
455 2638 533 2673 rsaint
548 2637 697 2673 Hippolyte,
714 2639 825 2672 marqué

32 2670 54 2708 l_e
126 2675 157 2708 et
179 2670 205 2696 lc
221 2670 256 2697 50
272 2671 306 2697 de
321 2670 431 2708 Janvier
445 2672 513 2698 dans
531 2673 568 2698 les
585 2670 825 2708 illariyraloges'de

32 2704 194 2737 SJérome,
207 2713 314 2734 comme
331 2714 367 2732 un
381 2706 481 2740 éréque
495 2707 528 2734 de
544 2704 702 2741 l‘antiquité,
717 2704 744 2735 ei
756 2709 824 2737 dans

31 2741 235 2777 guelques-uns
249 2748 354 2777 cumme
367 2746 449 2777 ayant
463 2742 577 2769 souﬂ'ert
592 2743 606 2769 ii
619 2744 762 2775 Antioche.
782 2749 824 2772 est

31 2774 53 2812 le
77 2775 166 2809 grand
188 2774 333 2812 Hippolyte
354 2774 502 2804 dontnous
527 2778 647 2812 parlons.
674 2778 725 2805 Les
740 2779 824 2806 Grecs

32 2809 187 2838 l‘honoreut
198 2809 308 2848 enodet
319 2811 387 2848 glans
402 2819 447 2848 ces
464 2809 565 2840 metues
577 2814 664 2847 jours,
677 2814 823 2848 quoiqu‘ils

33 2849 193 2883 rapporteut
204 2844 327 2873 tres-mal
341 2854 390 2873 son
405 2847 526 2881 histoire,
543 2848 566 2875 le
577 2844 822 2878 'conl‘ondant‘aicc

896 917 1054 953 Hippolytos
1069 918 1199 946 eonllnxit
1215 927 1221 945 :
1238 926 1322 945 unum
1338 917 1441 946 scilicet
1454 918 1587 950 Graecum,
1605 917 1684 953 cujus

895 963 1111 991 luculentissima
1131 968 1238 991 exstant
1255 968 1431 992 monumenta
1447 964 1480 992 ab
1494 964 1553 999 ipso
1568 964 1684 998 aliisque

894 1010 983 1043 edita;
999 1009 1176 1037 Portucnsetn
1192 1010 1318 1042 alterum,
1334 1018 1414 1045 quem
1430 1009 1552 1042 Romana
1570 1018 1683 1037 venera-

893 1059 938 1082 tur
951 1054 1088 1088 Ecclesia;
1110 1065 1119 1081 ε
1133 1063 1181 1090 per
1195 1064 1237 1083 me
1256 1056 1346 1089 liceat,
1361 1057 1459 1091 inquit,
1476 1057 1530 1084 duo
1547 1058 1602 1084 sint
1616 1057 1682 1093 Hip-

894 1101 988 1137 polyti,
1002 1101 1115 1130 Latinus
1138 1110 1209 1129 unus
1233 1102 1277 1130 ille
1293 1103 1368 1138 prior
1381 1102 1552 1136 Portuensis,
1569 1103 1682 1132 Graecus

892 1154 957 1175 vero
971 1147 1040 1175 alter
1055 1147 1136 1182 hujus
1150 1147 1283 1175 orationis
1304 1152 1409 1175 auctor.
1426 1157 1435 1174 ›
1463 1148 1612 1177 Peculiaris
1630 1149 1682 1176 hu-

890 1193 969 1227 jusce
989 1193 1129 1220 sententia:
1149 1193 1318 1228 potissimam
1340 1193 1383 1221 his
1396 1193 1487 1221 verbis
1504 1193 1583 1221 ail‘ert
1596 1195 1680 1222 ratio-

892 1246 953 1266 nem
967 1247 973 1265 :
989 1247 998 1264 ‹
1014 1238 1072 1265 Non
1099 1239 1135 1266 ita
1151 1232 1212 1267 esse
1227 1239 1373 1266 verisimile
1390 1237 1486 1266 Italum
1509 1239 1678 1275 episcopum,

891 1285 933 1312 vel
946 1285 1038 1312 Graece
1054 1285 1206 1320 scripsisse,
1227 1285 1268 1312 vel
1287 1285 1371 1312 fuisse
1388 1289 1463 1312 tanta
1479 1286 1679 1314 necessitudine

891 1339 954 1358 cum
966 1330 1083 1366 Origene
1099 1331 1288 1366 eonjnnctum.
1306 1341 1316 1357 ι
1335 1330 1434 1358 Verum
1457 1331 1601 1358 levissimae
1615 1332 1679 1360 huic

890 1377 1053 1412 conjecturae
1077 1378 1191 1404 nimium
1216 1378 1329 1405 indulsit
1347 1377 1481 1413 Dignatus.
1506 1377 1679 1413 Quapropter

886 1423 949 1457 jure
970 1424 1117 1462 acmerito
1132 1423 1186 1451 Leo
1198 1423 1313 1451 Allatius
1336 1424 1406 1451 hanc
1429 1424 1516 1458 ipsius
1530 1424 1677 1451 divinatio-

889 1476 950 1496 nem
967 1469 1060 1504 rejecit
1076 1470 1102 1496 in
1118 1469 1302 1504 descriptione
1317 1469 1419 1497 codicis
1431 1469 1565 1502 Gltisiani,
1581 1478 1676 1504 quam,

889 1521 918 1544 ut
932 1515 999 1543 alias
1015 1516 1144 1548 diximus,
1160 1515 1244 1543 edidit
1258 1516 1433 1543 doctissimus
1445 1515 1578 1550 .losepbus
1594 1516 1675 1543 Blan-

888 1562 984 1590 cllinus
1000 1562 1026 1589 in
1041 1561 1165 1590 Vindiciis
1177 1570 1313 1589 sacrorum
1321 1562 1439 1588 codicum
1455 1562 1497 1589 his
1507 1562 1596 1590 verbis
1606 1562 1675 1598 (99):

891 1618 899 1634 ι
915 1608 967 1635 Sed
983 1609 1034 1635 hac
1068 1617 1118 1636 sua
1135 1609 1262 1644 opinione
1286 1608 1387 1635 fallitur
1399 1608 1541 1644 Dignatus;
1567 1617 1675 1644 possem

887 1655 977 1689 plures
985 1654 1232 1690 enumerareltzdos
1247 1654 1273 1681 in
1281 1654 1383 1682 Graecis
1395 1662 1448 1681 non
1457 1659 1562 1682 tantum
1577 1655 1676 1686 intelli-

887 1700 981 1735 gendis
998 1700 1045 1728 sed
1056 1700 1206 1728 scribendis
1220 1700 1302 1728 etiam
1317 1700 1401 1728 fuisse
1413 1702 1627 1736 versatissimos;
1646 1706 1675 1729 ut

886 1746 919 1772 de
936 1746 996 1773 aliis
1012 1746 1116 1778 sileain,
1129 1745 1254 1775 [Elianus
1265 1746 1400 1774 Praeneste
1425 1751 1503 1774 natus
1519 1752 1623 1774 tantum
1647 1749 1674 1775 in

886 1790 980 1819 Graeca
1007 1792 1132 1819 oratione
1146 1792 1241 1824 valuit,
1257 1797 1286 1819 ut
1300 1793 1364 1827 Apis
1374 1792 1465 1819 Attica
1482 1793 1552 1820 inter
1563 1793 1673 1821 Graecos

885 1844 900 1864 a
918 1837 1018 1864 Griecis
1037 1837 1104 1872 ipsis
1122 1838 1213 1865 vocari
1231 1839 1370 1866 meruerit.
1388 1848 1397 1865 ι
1428 1839 1528 1866 Allatio
1546 1839 1672 1867 subscri-

885 1882 953 1909 bunt
967 1883 1119 1910 doctissimi
1133 1882 1249 1910 editores
1265 1883 1436 1911 Bibliothectz
1447 1883 1560 1911 Patrum
1575 1885 1672 1911 editio-

885 1929 927 1956 nis
941 1928 1140 1964 Lugdunensis,
1156 1929 1203 1963 qui
1218 1929 1404 1964 Margarinum
1418 1937 1525 1957 errasse
1537 1930 1671 1962 scribunt;

886 1984 895 2000 ι
912 1982 973 2001 nam
992 1974 1020 2001 S.
1032 1973 1193 2010 Hippolytus
1216 1974 1378 2003 Portuensis
1402 1976 1547 2011 episcopus
1561 1975 1672 2004 Graccus

883 2019 944 2052 fuit,
960 2024 987 2046 et
1001 2019 1095 2047 Graece
1110 2020 1230 2054 scripsit.
1247 2029 1258 2048 ι
1277 2036 1280 2039 -

881 2118 951 2145 celui
965 2117 998 2144 de
1013 2116 1105 2144 Porto.
1132 2117 1179 2144 S‘il
1198 2127 1212 2145 a
1229 2119 1429 2148 eﬂ'ectivement
1448 2121 1560 2148 souﬂ'ert
1584 2121 1600 2148 ὲ
1615 2121 1668 2148 An-

881 2154 995 2191 t_ioche_,_
1007 2154 1079 2191 c'est
1099 2161 1151 2179 unc
1167 2155 1268 2191 grande
1285 2163 1384 2189 preuvc
1402 2157 1466 2190 qu‘il
1481 2165 1495 2183 a
1509 2156 1551 2184 été
1562 2156 1668 2191 evéque

880 2189 948 2226 dans
959 2188 1081 2226 l‘Oricnt,
1093 2188 1291 2226 etAsansdoute
1304 2191 1372 2218 dans
1387 2188 1510 2226 la'Syrie.
1524 2201 1533 2216 ι
1558 2190 1592 2218 Et
1606 2188 1666 2226 pag.

880 2223 942 2256 674,
958 2223 985 2260 in
1001 2223 1077 2260 Notis
1095 2223 1128 2250 ad
1141 2223 1403 2260 SzrllippolytumJn
1419 2223 1471 2253 line
1488 2231 1557 2254 notae
1569 2223 1668 2259 three

880 2258 996 2296 repetit:
1011 2258 1146 2296 «Coruine
1162 2258 1268 2286 Usuard
1282 2258 1404 2287 'etAdon
1425 2269 1459 2288 ne
1472 2262 1578 2296 parlent
1591 2262 1667 2296 point

878 2294 913 2320 du
936 2298 994 2321 tout
1016 2294 1050 2330 de
1065 2293 1092 2320 S.
1103 2294 1249 2330 Hippolyte
1269 2296 1380 2330 évéque,
1406 2293 1545 2330 cola-peut
1561 2293 1667 2323 donner

877 2330 996 2365 quelque
1010 2329 1081 2363 sujct
1093 2329 1126 2356 de
1142 2331 1230 2357 croire
1243 2338 1296 2363 que
1312 2329 1351 2364 e‘a
1367 2332 1454 2365 plutot
1469 2329 1510 2359 eté
1520 2340 1554 2358 en
1567 2330 1662 2359 Orient

877 2365 957 2402 queo
970 2363 1101 2402 Occide-nt
1116 2365 1181 2398 qu’it
1209 2366 1334 2402 aeu-rce
1351 2363 1508 2401 l‘episcopat
1524 2371 1551 2394 et
1565 2367 1630 2402 qu’il
1649 2375 1664 2394 a

877 2399 990 2426 souliert
1018 2400 1041 2426 lc
1062 2405 1188 2435 martyre.
1214 2399 1287 2427 Nons
1299 2399 1413 2428 verrons
1431 2399 1540 2429 en‘eﬂ'et
1553 2399 1622 2430 dans
1639 2402 1663 2429 la

877 2439 940 2471 note
950 2435 967 2461 4
981 2443 1015 2461 un
1033 2434 1213 2471 Sillippolyte
1225 2435 1326 2470 évéque
1339 2436 1452 2470 niarqué
1464 2437 1478 2463 ii
1495 2437 1627 2464 Antioche
1638 2438 1664 2464 le

876 2469 910 2505 29
927 2474 953 2496 et
968 2470 992 2497 le
1003 2470 1038 2497 δυ
1051 2469 1201 2505 (κείνῃ-ἰὼ
1214 2492 1220 2497 .
1233 2475 1259 2497 ct
1272 2479 1307 2497 on
1321 2473 1389 2498 croit
1401 2469 1453 2505 que
1466 2473 1531 2499 c'est
1545 2473 1660 2500 celui-ci.

876 2504 967 2532 Pierrc
977 2505 1086 2532 Damien
1097 2505 1120 2531 le
1130 2504 1343 2533 faitaussivenir
1357 2507 1390 2533 de
1407 2504 1502 2533 devers
1517 2508 1659 2534 Antioche.

875 2540 952 2576 Ainsi
967 2540 985 2567 il
1000 2548 1066 2576 aura
1082 2548 1118 2575 pu
1135 2541 1192 2567 etre
1204 2541 1306 2575 cvéque
1319 2542 1352 2568 de
1369 2542 1486 2576 quelque
1504 2543 1584 2576 petite
1600 2542 1660 2569 ville

875 2575 908 2612 de
922 2576 1011 2612 Syriei
1025 2585 1034 2600 ι
1056 2575 1179 2612 Legenda
1206 2576 1394 2612 pariterrsiuit
1407 2575 1457 2608 ea,
1474 2575 1534 2612 quae
1552 2578 1578 2604 in
1594 2584 1657 2604 nota

875 2610 901 2641 4,
963 2611 1057 2637 eodem
1073 2610 1244 2638 Tilletnontio
1259 2612 1292 2638 de
1306 2611 1334 2638 S.
1347 2610 1488 2648 Hippolyti
1501 2620 1606 2647 opaco;
1614 2618 1659 2639 atu

875 2646 1059 2679 proferuntur.

910 2680 966 2719 (Si?)
982 2681 1210 2719 Αρι..ηιιινιεμ·ψζι2
1224 2682 1250 2719 in
1263 2682 1446 2719 admonitione
1460 2683 1658 2719 inmartyrium

875 2715 905 2743 S.
918 2715 1062 2751 Hippolyti.
1085 2715 1146 2751 pag.
1163 2716 1213 2742 LM
1229 2717 1318 2745 citata:
1341 2718 1468 2746 editionis
1485 2715 1658 2746 Veronensis.

910 2751 966 2789 (98)
983 2750 1254 2789 Etbliot/t-.‘5’_lllrulit,
1282 2758 1347 2782 tom.
1364 2753 1396 2781 Ill
1409 2774 1416 2786 ,
1443 2761 1503 2789 pag.
1518 2753 1571 2781 252
1595 2755 1658 2782 edit.

876 2785 999 2819 Lugduni
1017 2787 1081 2812 anni
1097 2786 1174 2812 l677.

910 2821 964 2857 (99)
987 2820 1064 2849 Tom.
1082 2821 1101 2856 l,
1121 2821 1167 2849 fol.
1183 2821 1245 2848 262.
