1857 3051
47 101 87 130 501

421 100 468 127 DE
484 100 678 130 PORTUENSI
697 103 726 130 S.
743 101 922 130 HlPPOLYTI
941 103 1036 131 SEDE.
1057 119 1092 124 —
1110 103 1200 131 PARS
1219 103 1253 131 H.

1598 105 1651 132 50':

46 159 122 191 (nullo
146 162 239 186 tamen
263 164 382 187 veterum
412 160 577 196 testimonio)
598 169 696 196 pagum
715 162 819 191 Arabia:
833 165 857 193 Α
906 163 1001 196 Quoad
1017 163 1146 198 primum,
1165 163 1280 191 celebris
1296 167 1338 191 est
1354 163 1425 191 inter
1444 164 1565 192 eruditos
1583 172 1651 191 c0n.

46 206 135 234 Petreae
147 206 303 235 Bostrensis
315 205 442 233 dioecesis
463 205 502 233 illi
515 206 629 240 patriam
644 206 738 239 fuisse.
756 207 817 236 diu-

45 259 89 287 que
101 251 216 283 nostrae,
239 258 301 285 quae
322 249 373 277 fuit
391 249 512 285 ejusdem
523 251 629 278 Arabia
648 253 815 286 metropolis,

45 298 142 330 vixisse,
157 302 183 324 et
195 297 354 331 episcopum
370 296 468 325 Portus
481 296 595 324 Romani
612 297 638 324 in
649 298 748 325 Arabia
765 298 816 326 Fe-

45 343 86 370 lice
99 342 245 369 exstitisse.
262 341 364 370 Novam
378 343 448 370 hanc
465 342 517 370 viri
541 343 638 370 eruditi
656 344 816 372 sententiam

44 389 71 416 de
85 388 197 415 Arabico
213 388 244 415 S.
260 388 394 424 Hippolyti
407 390 565 424 episcopatu
578 390 728 424 probarunt
748 399 817 418 non-

43 433 100 460 nulli
120 441 153 460 ex
173 433 350 461 heterodoxis
373 434 525 461 litterarum
551 434 623 462 fama
646 440 815 470 prmstantes,

43 478 191 507 Guilielmus
216 480 321 507 scilicet
346 479 417 507 Cave
439 478 489 515 (9),
512 479 666 508 Fridericus
693 480 816 516 Spaiilie-

43 525 103 552 iuius
114 525 179 560 (10),
194 525 307 553 Samuel
322 526 470 562 Basnagius
481 526 548 562 (11),
565 531 591 554 et
609 527 756 554 novissime
769 527 816 553 Al-

42 569 122 598 benus
143 570 287 599 Fabricius
316 571 530 608 Hamburgensis
558 572 627 608 (12).
660 572 712 599 Sed
733 580 814 607 quam

42 614 110 650 longe
129 623 144 642 a
157 623 224 643 vero
239 617 322 644 distet
337 617 393 645 hare
408 617 537 652 Stephani
562 618 587 646 le
601 617 696 653 Moyne
709 618 816 645 divina-

43 663 83 694 tio,
96 670 126 690 ex
143 663 187 696 iis,
201 671 266 698 qua:
279 671 343 691 mox
368 664 481 692 dicenda
509 670 582 698 sunt,
605 665 714 692 cuilibet
737 664 815 692 facile

43 710 140 744 patebit.

42 765 100 792 XHI.
128 765 319 794 Fundamenta
346 767 424 801 hujus
447 770 583 795 sententia:
608 769 770 800 indicantur,
789 774 814 796 et

69 807 160 842 auctor.
170 802 264 836 libelli,
274 803 320 837 qui
335 803 470 830 S.G¢lasii
480 803 495 830 1
507 812 580 838 papa:
592 813 683 831 nomen
695 805 812 839 pra’fert,

70 842 218 872 tnquirtlur.

827 837 849 866 Β

70 892 186 928 Hoynius
202 893 398 921 divinationem
418 901 495 922 suam
511 894 618 922 duobus
634 900 754 923 veterum
772 900 812 922 te-

42 939 161 967 stimoniis
186 939 286 967 fulcire
310 945 424 967 conatur
439 941 507 975 (13),
534 948 649 975 quorum
675 949 758 968 unum
779 949 812 969 ex

43 986 145 1020 quodam
159 987 262 1021 scripto
278 986 317 1014 De
328 987 429 1014 duabus
446 989 549 1014 naturis
566 988 593 1014 in
608 988 723 1020 Christo,
739 987 812 1023 quod

43 1031 127 1060 Gelasii
151 1040 228 1068 papae
254 1032 265 1060 1
289 1041 388 1060 nomen
406 1032 525 1068 prml‘ert,
552 1033 667 1061 alterum
691 1042 756 1061 vero
779 1042 811 1062 ex

43 1077 209 1114 Philostorgio
221 1079 352 1106 desumit.
491 1077 494 1081 ’

43 1147 94 1183 {lam
115 1152 199 1179 eruta,
225 1147 254 1174 in
280 1147 344 1181 sede
367 1147 524 1182 episcopali,
547 1155 627 1181 quam
654 1154 813 1183 occupasset

43 1180 196 1218 Hippolytus,
215 1183 252 1209 ab
270 1180 343 1210 illius
361 1180 511 1218 cultoribus
528 1180 614 1217 posita
636 1188 664 1210 ct
681 1180 812 1212 collocata

43 1217 142 1252 luisset;
155 1218 288 1245 nimirum
307 1218 377 1245 intra
389 1217 487 1245 Portus
500 1218 632 1245 Ostiensis
645 1220 811 1247 territorium

43 1258 64 1280 et
76 1254 207 1287 poniccria.
226 1253 290 1280 Jain
309 1261 371 1280 vero
400 1254 538 1280 inventum
562 1258 604 1280 est
623 1254 647 1280 in
666 1255 721 1282 icile
738 1255 810 1281 Latt-

44 1289 148 1315 rentiana
162 1291 194 1316 ad
210 1287 323 1320 Urbem,
339 1296 391 1322 quo
405 1293 534 1315 constare
549 1289 613 1314 iiiihi
628 1289 744 1321 videtur,
760 1290 814 1316 Ito-

43 1331 124 1358 inaiios
140 1324 214 1351 illum
230 1324 396 1356 vindicasse,
410 1323 503 1350 Romae
517 1324 651 1358 pisci-ipuc
663 1326 762 1358 egisse,
775 1325 812 1352 itii

44 1357 172 1392 Evangelio
188 1359 375 1394 propagando,
392 1363 419 1385 et
435 1357 567 1386 luerosum
584 1359 642 1385 viru
665 1357 691 1386 et
708 1368 812 1387 veneno

43 1394 222 1428 exstinguenda
248 1395 376 1421 alacriter
399 1398 425 1420 et
441 1400 551 1421 strenue
568 1394 734 1427 incubuisse,
754 1396 813 1422 nul-

43 1427 87 1463 lius
95 1427 251 1463 episcopalis
273 1429 346 1456 sedis
362 1429 458 1456 vicina:
478 1434 609 1456 rectorem
637 1429 732 1462 fuisse,
750 1435 775 1456 (ιι
789 1431 811 1457 si

43 1462 125 1490 Portus
143 1464 289 1499 episcopus
307 1464 414 1491 habitus
435 1470 486 1495 est,
512 1472 565 1491 non
580 1464 676 1492 Portus
693 1466 719 1492 iii
736 1465 812 1493 Latio

43 1504 64 1525 et
79 1499 194 1527 dioecesis
208 1499 352 1531 Romam,
373 1499 419 1526 sed
436 1499 534 1526 Portus
559 1499 671 1526 Romani
694 1501 719 1527 in
741 1502 812 1528 Ara-

43 1533 78 1595 blila
92 1535 240 1570 episcopum
254 1535 378 1570 agnitum
394 1539 421 1562 ct
434 1540 587 1570 reputatum
604 1534 698 1563 fuisse.
716 1545 725 1561 ›
749 1536 810 1564 llaec

44 1576 50 1595 ι
68 1577 88 1595 e.

44 1576 88 1596 11ιῦ-

73 1605 105 1637 (9)
118 1603 146 1632 1n
162 1605 262 1640 smpius
279 1606 362 1633 citato
378 1610 443 1634 tom.
460 1605 479 1631 11
500 1604 664 1640 Scriptorum
688 1606 812 1633 ecclesia-

44 1640 151 1677 sticarum
165 1641 234 1667 Hist.
246 1641 393 1674 litterario,
412 1649 474 1676 pag.
487 1641 538 1667 102
552 1650 591 1677 :7}
608 1641 674 1667 Cum
687 1642 721 1668 cl.
736 1641 811 1677 Moy-

45 1675 81 1702 iiio
93 1677 183 1712 pierito
200 1677 364 1704 concludere
385 1675 541 1711 possumus.
558 1675 729 1712 Hippolytum
748 1675 811 1704 l’o'r-

44 1714 80 1736 tus
93 1709 210 1745 Romani,
226 1712 344 1746 emporii
360 1709 499 1738 in‘Arabia
515 1709 694 1743 Celeberriiiii,
710 1712 811 1739 Adeiiae

44 1746 111 1780 etiam
125 1747 202 1780 dicti,
219 1751 246 1774 et
262 1755 278 1773 a
295 1746 423 1774 Romanis
442 1747 638 1774 mercatoribus
663 1747 810 1774 admodum

44 1779 198 1817 frcqiieiitati,
222 1783 383 1816 episcopum
408 1782 502 1809 fuisse.
524 1781 622 1808 Verum
647 1782 704 1809 haec
730 1783 810 1817 paulo

43 1815 128 1844 clarius
145 1822 171 1844 et
192 1815 356 1851 explicatius
380 1817 538 1852 exponenda
558 1821 630 1844 sunt.
653 1815 810 1845 Adeti‘urbs

44 1856 92 1887 erat
105 1852 135 1878 ad
148 1852 271 1879 Rubrum
290 1860 365 1879 mare
381 1851 477 1880 sita....
489 1851 587 1887 lnihar:
602 1853 668 1879 urbe
680 1853 745 1887 quin
768 1861 812 1880 se-

45 1886 94 1912 dem
106 1887 225 1914 habuerit
236 1887 400 1922 Hippolytus
412 1887 507 1914 Portus
517 1886 630 1914 Romani
655 1890 810 1922 cpiscopus,

43 1921 99 1947 nulli
120 1921 301 1950 dubitamus.’
318 1921 393 1949 Unde
416 1923 505 1957 ipsum
526 1922 632 1950 Arabia:
658 1921 810 1957 metropolis

43 1956 181 1992 episcOpum
191 1959 276 1986 fuisse
285 1956 511 1985 scribitcelasius
519 1965 655 1992 papzi...ex
669 1959 719 1985 hoc
726 1958 810 1985 Porlt.’

45 1989 145 2028 Bonifatio
161 1999 222 2021 nata
244 1998 288 2020 est
304 1993 423 2028 vulgaris
438 1989 539 2028 fabula,
556 1989 726 2028 Hippolytum
743 1993 810 2020 Por-

47 2030 80 2052 tiu
91 2027 192 2055 Romani
211 2028 245 2055 ad
258 2028 335 2055 Ostia
349 2027 453 2055 Tiberis
470 2027 577 2055 decimo
592 2027 669 2056 Sexto
687 2029 721 2056 ab
739 2028 811 2056 Urbe

45 2060 119 2100 lapide
142 2065 301 2100 episcopum
328 2063 420 2091 fuisse.
439 2072 448 2089 ›
477 2063 543 2091 Vide
567 2064 650 2091 etiam
674 2063 811 2092 Oudiuum

45 2099 113 2133 citato
127 2102 190 2126 tom.
208 2100 230 2132 l,
249 2107 276 2133 p.
287 2099 350 2126 221.

73 2132 120 2170 (10)
137 2132 411 2170 Ερὶιρηιὲηἱδιιθοθὶςιι
429 2134 472 2170 rod
499 2133 592 2161 histor.
613 2134 770 2165 ecclesiast.,
784 2143 810 2170 p.

46 2166 174 2216 biit-10"}.
192 2169 212 2202 l,
224 2169 296 2216 'edit.
312 2166 617 2216 Ep'gduni’Batayoi-um
626 2170 699 2216 1ιιιιιιί
827 2188 850 2216 υ

74 2203 129 2239 (11)
146 2205 241 2232 Annal.
275 2203 574 2239 politian-ecclesiastici,
601 2205 634 2232 ad
662 2214 726 2233 ann.
747 2206 810 2237 2‘22,

46 2241 98 2274 toni.
112 2238 142 2270 11,
158 2247 217 2274 pag.
233 2240 298 2273 288,
325 2248 400 2267 num.
425 2239 440 2266 7
456 2240 520 2267 edit.
548 2240 722 2267 lioterodaini
748 2241 812 2268 aiiiii

47 2272 102 2310 1106
122 2282 128 2300 :
151 2272 290 2302 {Cuinain
317 2283 380 2303 vero
405 2274 534 2310 Ecclesia:
559 2275 704 2310 praefectus
731 2275 812 2302 fuerit

47 2307 219 2345 (Hippolytus),
241 2319 292 2338 nec
304 2311 370 2338 dicit
384 2307 534 2343 Eusebius,
557 2307 584 2338 et
607 2319 622 2338 a
641 2319 670 2338 se
694 2311 812 2345 ignorari

47 2345 167 2380 proﬁtetur
181 2345 398 2380 Hieronymus...
425 2346 452 2372 in
479 2345 588 2376 Oriente
610 2351 699 2373 tamen
723 2346 812 2373 ollicio

47 2378 149 2416 [tinctum
173 2389 239 2416 esse,
258 2378 388 2416 episcopi,
416 2382 600 2415 conjecturam
628 2382 752 2408 ducimus
777 2389 812 2408 ex

47 2411 192 2451 Hieronymo
204 2424 211 2442 :
225 2411 337 2451 Scripsit
345 2411 483 2443 humilium
493 2418 525 2442 de
543 2416 621 2443 laude
632 2417 736 2443 Domini
748 2416 810 2443 Sal-

47 2450 128 2487 vatorii
143 2451 166 2476 iii
176 2459 228 2485 qua
238 2457 364 2486 praesente
374 2451 485 2487 Origene
494 2460 521 2479 se
528 2452 599 2486 loqui
613 2452 640 2478 iit
652 2452 761 2479 ecclesia
772 2452 810 2478 δί-

48 2485 147 2522 gniﬁcat.
158 2487 241 2519 Quem
253 2487 388 2514 dicentem
398 2485 535 2514 audivisse
550 2485 655 2514 videtur
668 2487 809 2522 Origenes,

48 2526 97 2546 uiui
117 2521 141 2546 in
161 2522 260 2548 Arabia
286 2527 451 2554 versaretur,
478 2530 534 2557 quo
557 2523 598 2550 bis
615 2524 758 2549 tertiiinive
781 2531 810 2549 se

48 2557 222 2591 contulerat....
235 2557 330 2591 Itaque
344 2565 377 2585 eo
394 2558 505 2585 inclinat
522 2559 642 2590 animus,
658 2563 685 2584 ut
700 2557 726 2584 in
743 2558 811 2584 Ara-

49 2587 82 2628 bia
96 2591 272 2628 episcopatum
285 2587 439 2628 obtinuerit
454 2593 624 2628 Hippolytus,
636 2587 696 2619 'iion
718 2594 744 2619 iii
758 2593 811 2620 Ita-

48 2622 84 2662 lia,
97 2622 150 2652 cuin
163 2622 338 2658 Portuensem
351 2627 481 2662 Origenes
490 2622 647 2655 'Eceiesiain
666 2636 720 2655 non
736 2629 810 2655 aitie-

49 2664 85 2699 rit,
99 2666 126 2687 ut
138 2663 240 2689 auditor
253 2668 326 2690 esset
337 2662 507 2698 Hippolyti,..
519 2664 604 2690 multa
621 2671 650 2690 sc
667 2664 811 2699 probabili-

49 2697 98 2736 illis
112 2698 194 2736 specie
214 2697 557 2726 commendat’doctissitui
585 2697 741 2733 conjectura
756 2698 808 2726 Le-

49 2735 142 2765 nloyiiii,
154 2737 203 2759 etc.
218 2743 227 2758 ι

77 2765 128 2805 (12)
143 2767 264 2805 Bibliotli.
281 2768 366 2795 Cras.
380 2769 426 2796 lib.
439 2777 465 2803 v,
477 2777 536 2803 cap.
549 2770 574 2802 1,
592 2777 652 2805 pag.
664 2769 725 2800 905,
742 2774 806 2797 tom.

52 2796 102 2841 ι.
113 2800 209 2841 Hortus
225 2804 350 2836 Hom-ani,
377 2813 429 2831 nou
454 2796 600 2841 Osti'ciisisl
615 2796 744 2837 ilirllztllll,
761 2807 806 2832 sed

52 2836 147 2869 Mittis
159 2839 183 2865 iii
197 2838 295 2868 Arabia
310 2840 362 2867 hoc
374 2841 483 2868 nomine
497 2836 609 2876 cmporii
622 2843 808 2877 episcopatum

867 209 1000 236 troversia
1011 229 1019 242 ,
1037 209 1162 244 quisnam
1175 209 1298 236 Gelasius
1311 209 1405 242 libelli,
1419 217 1499 244 quem
1513 217 1576 235 mox
1591 209 1650 235 lau-

867 255 1003 287 davimus,
1015 259 1110 282 auctor
1125 254 1207 282 fuerit
1220 254 1287 291 (14).
1299 254 1427 282 Nonnulli
1441 254 1549 282 Gelasio
1562 255 1650 289 primo

868 299 991 328 Romano
1004 300 1124 335 pontiﬁci
1142 301 1280 333 tribuunt,
1306 301 1352 328 alii
1380 301 1487 328 Gelasio
1505 300 1650 336 Cyziceno,

866 347 975 381 quidam
1007 346 1115 374 Gelasio
1143 346 1310 374 Cmsarcensi
1338 347 1504 382 adjudicant.
1537 346 1651 381 Magnus

867 392 1009 419 Annalium
1035 393 1272 419 ecclesiasticarum
1301 401 1398 427 parens
1424 393 1558 420 Baronius
1593 392 1650 428 (15)

867 437 1018 468 immensa,
1036 445 1090 472 qua
1108 437 1243 472 pollebat,
1261 438 1415 465 eruditione
1427 459 1434 470 ,
1453 446 1509 465 rem
1525 438 1597 464 hanc
1614 438 1648 464 ad

866 483 984 510 sanioris
1006 483 1114 510 criticcs
1137 483 1245 518 regulas
1268 483 1474 518 diligentissime
1496 483 1649 515 revocavit.

866 529 1049 564 maximisque
1068 529 1237 563 argumentis
1253 529 1371 556 ostendit
1395 529 1532 557 Gelasium
1550 528 1651 556 Roma-

865 583 931 602 num
970 575 1125 609 pontiﬁcem
1155 575 1270 609 hujusce
1299 575 1381 602 lil‘iclli
1409 580 1547 602 auctorem
1577 576 1650 602 haud

865 620 1126 648 fuisse.Geiinadius
1141 620 1212 647 enim
1222 620 1277 655 (16)
1287 621 1391 653 scribit,
1401 621 1538 648 Gelasium
1553 629 1650 656 papam

864 665 983 693 edidisse
1006 669 1101 692 contra
1126 664 1310 700 Eutycliiaiios
1327 666 1426 700 grande
1444 671 1468 692 et
1492 667 1650 700 prwclarum

865 711 1003 743 volumen;
1021 711 1064 738 cui
1083 711 1246 739 Anastasius
1260 711 1488 739 Bibliothecarius
1510 712 1566 747 (17)
1583 720 1650 739 con-

865 757 966 784 sentire
982 757 1106 789 videtur,
1127 757 1174 791 qui
1199 757 1355 792 hujusniodi
1370 766 1439 792 opus
1454 758 1535 784 libros
1552 759 1652 786 diserto

865 802 993 836 appellat.
1008 800 1070 828 Haec
1079 801 1212 828 Gennadii
1225 801 1318 832 verba,
1329 801 1374 835 qui
1390 801 1538 836 genuinum
1549 800 1650 828 Gelasii

864 855 932 882 opus
946 847 1064 882 legerat,
1080 855 1161 882 quem
1181 855 1254 874 niinc
1270 847 1403 874 habemus
1420 847 1543 882 libellum
1555 867 1562 880 ,
1577 847 1651 874 dcsi-
1687 878 1691 881 ἦ

864 900 947 928 gnare
959 901 1040 927 posse
1053 900 1133 919 nemo
1149 892 1284 924 censebit;
1302 900 1363 918 nam
1381 900 1442 918 cuin
1459 893 1534 918 illum
1550 893 1650 926 grands
1685 913 1688 916 ι

863 943 888 965 et
900 938 1058 973 praclarum
1075 938 1195 965 columen
1209 938 1333 965 disertim
1347 938 1505 965 Gennadius
1520 939 1649 973 appellet,

864 990 946 1020 atque
961 985 1117 1020 hujusmodi
1134 985 1224 1012 verbis
1243 993 1323 1019 parce
1342 985 1488 1012 admodum
1512 985 1569 1019 ipse
1583 993 1651 1013 usus

864 1032 916 1064 sit,
931 1036 986 1058 tam
1005 1038 1095 1065 parva:
1111 1031 1191 1058 molis
1217 1031 1307 1059 libello
1322 1029 1467 1057 convenire
1492 1038 1545 1057 non
1572 1038 1651 1064 posse

863 1086 944 1106 nemo
972 1086 1025 1105 non
1056 1077 1138 1104 videt.
1165 1077 1241 1113 Quod
1270 1085 1336 1104 sane
1364 1077 1480 1112 ipsomet
1509 1076 1650 1104 Gennadio

862 1147 980 1182 gessisse
999 1131 1223 1189 doetissimivviri
1235 1147 1363 1188 Stephani
1391 1149 1415 1174 le
1431 1147 1527 1188 Moyne
1551 1149 1648 1189 conje-

862 1188 938 1222 ctura
955 1183 1069 1222 est,_i|iii
1082 1184 1115 1222 de
1128 1182 1271 1222 Hippolyto
1287 1183 1401 1222 ejusque
1414 1182 1526 1222 scriptis
1537 1182 1648 1218 copiose
1694 1206 1698 1212 .

862 1217 991 1245 disseruit
1012 1218 1037 1243 in
1051 1217 1253 1252 Prologoiiiciiis
1269 1220 1394 1252 notisque
1411 1219 1444 1245 ad
1465 1218 1545 1245 Varia
1560 1217 1648 1250 sacra,

862 1257 1000 1314 ειιιιηιῖιιει·
1017 1253 1220 1280 ‘l‘illciiiontium
1237 1261 1269 1280 ac
1280 1254 1399 1280 Caveum
1415 1254 1448 1280 de
1463 1254 1514 1280 hec
1526 1259 1567 1281 est
1584 1263 1650 1282 con-

862 1295 947 1314 81113111
961 1295 1001 1314 IIS.
1016 1296 1026 1312 )

862 1295 1001 1314 8111131111115.
1016 1296 1026 1312 )

899 1323 954 1357 (15)
980 1322 1175 1357 Prolcgomena
1198 1323 1231 1350 ad
1250 1323 1331 1350 Varia
1352 1332 1439 1356 sacra,
1458 1332 1518 1358 pag.
1531 1323 1577 1356 28,
1601 1324 1649 1351 ubi

862 1358 900 1385 ait
916 1359 1006 1385 adhuc,
1023 1359 1141 1392 ignorari
1158 1359 1187 1385 S.
1198 1358 1334 1394 Hippolyti
1356 1359 1553 1394 episcopatum,
1568 1363 1650 1392 atque

863 1393 920 1421 haec
931 1393 1044 1429 scribit:
1070 1393 1170 1426 «Quod
1196 1393 1354 1421 continuari
1373 1393 1467 1429 potest
1493 1395 1650 1421 testimonio

863 1429 949 1463 ipsius
964 1428 1063 1455 Gelasii
1082 1429 1217 1464 pontiﬁcis
1233 1428 1356 1462 Romani,
1374 1428 1420 1464 qui
1436 1430 1530 1456 eodem
1548 1430 1649 1457 saeculo

862 1472 877 1490 ν
893 1464 973 1498 paulo
992 1468 1052 1499 post
1071 1464 1124 1490 fata
1141 1463 1297 1499 Hieronymi
1320 1463 1412 1492 sedem
1434 1465 1585 1492 Romanam
1603 1473 1647 1492 oc-

864 1500 981 1534 cupavit.
1012 1498 1036 1525 1s
1057 1500 1157 1534 quippe
1177 1500 1215 1526 in.
1231 1500 1300 1526 libro
1319 1499 1356 1526 De
1374 1500 1475 1527 duabus
1496 1501 1524 1527 in
1543 1500 1650 1527 Christo

863 1535 967 1561 naturis
982 1536 1049 1570 t'itat
1065 1534 1237 1568 Hippolytum
1253 1536 1402 1570 epiiicopuni
1418 1535 1570 1570 metropolis
1584 1535 1650 1562 Ara-

861 1570 910 1596 bia:
925 1578 951 1596 tn
961 1569 1089 1597 Memoria
1101 1571 1244 1597 limi-eseam.
1260 1570 1350 1602 iQuod
1365 1578 1417 1597 non
1431 1575 1586 1604 suspectum
1600 1570 1648 1598 de-

861 1605 921 1632 buit
935 1606 1046 1632 reddere
1060 1606 1132 1632 istud
1153 1605 1312 1639 opusculum
1329 1606 1546 1633 eminentissimo
1562 1606 1649 1633 cardi-

861 1641 927 1673 nali,
944 1641 1033 1676 quasi
1047 1648 1101 1667 non
1121 1645 1194 1668 esset
1215 1648 1285 1675 opus
1301 1640 1402 1668 Gelasii
1421 1641 1568 1676 pontiﬁcis.
1590 1642 1647 1676 qui,

862 1674 1127 1712 inquit’cardinalis,
1154 1684 1206 1712 non
1230 1676 1315 1710 potuit
1332 1674 1457 1711 ignorare
1475 1674 1647 1712 Hippolytum

862 1711 946 1738 fuisse
975 1711 1132 1746 episcopum
1160 1710 1411 1742 Romanumfnon
1439 1710 1648 1739 vero’Arabeiii

861 1747 1110 1782 metropolitanum.
1127 1745 1179 1773 Sed
1197 1747 1249 1773 hoc
1269 1747 1402 1782 ignoravit
1417 1746 1600 1782 Hieronymus
1619 1748 1647 1775 iu

861 1755 1110 1781 metroponiaiiuin.
1127 1755 1179 1773 aeu
1197 1755 1249 1773 iioc
1269 1755 1276 1773 I
1297 1755 1402 1774 noravn
1417 1755 1600 1782 Illel‘OllylnuS
1619 1755 1647 1775 iu

861 1782 920 1818 ipsa
943 1781 1028 1818 Roma
1049 1781 1084 1808 50
1103 1782 1183 1818 annis
1202 1787 1264 1808 ante
1279 1755 1438 1814 ίἔὶυιιιδίιιιιι,
1462 1782 1557 1817 quidni
1583 1790 1648 1818 ergo

861 1817 986 1844 Gelasius
1004 1817 1075 1845 idem
1091 1817 1172 1844 etiam
1192 1818 1360 1851 ignorasset"
1385 1818 1464 1844 Certe
1485 1825 1555 1852 opus
1575 1817 1647 1845 istud

862 1858 1002 1886 propterea
1013 1852 1229 1886 insuspicionem
1244 1853 1335 1879 venire
1349 1861 1401 1879 non
1416 1853 1519 1880 debuit.
1535 1852 1590 1880 Nec
1606 1858 1649 1880 est

861 1887 932 1915 fetus
945 1887 1087 1919 Gennadii.
1104 1895 1152 1914 nec
1162 1887 1261 1919 Gelasii
1276 1887 1464 1921 Gicsarietisis,
1483 1896 1533 1915 nec
1546 1888 1647 1916 Gelasii

861 1923 997 1958 Cyziceni,
1018 1923 1064 1952 sed
1079 1922 1179 1949 GelaSii
1197 1923 1332 1956 poiitilicis
1347 1922 1472 1950 Romani.
1494 1923 1571 1956 Quod
1586 1928 1649 1950 tan-

861 1960 922 1985 dem
947 1958 1051 1986 calculo
1066 1965 1117 1985 suo
1133 1963 1227 1986 contra
1246 1963 1300 1985 tres
1319 1959 1550 1986 eminentissimos
1562 1959 1649 1986 cardi-

862 1994 938 2025 nales
962 1993 1119 2024 Baroniuin,
1146 1993 1348 2026 Bellariiiiiiuin,
1373 1994 1475 2020 l’erona
1501 1996 1648 2021 conﬁrma-

862 2035 926 2055 runt
947 2027 1126 2060 Sirmondus,
1149 2027 1292 2060 Petavius,
1314 2029 1454 2056 Cliilletius
1467 2050 1474 2062 ,
1497 2028 1622 2063 Labbeus
1639 2049 1647 2062 ,

862 2064 962 2098 aliique
973 2064 1026 2099 viri
1042 2064 1166 2090 laudibus
1188 2065 1325 2091 litterariis
1345 2064 1434 2090 ornati
1456 2065 1645 2099 etinsigne-5.»

898 2099 952 2135 (14)
970 2098 1068 2135 Exstat
1082 2100 1132 2125 iste
1144 2099 1215 2135 liber
1233 2099 1258 2125 iii
1277 2099 1401 2125 Antidota
1418 2099 1542 2126 atlversus
1553 2098 1649 2126 fluere-

862 2143 902 2161 ses
918 2134 1030 2161 Basilca:
1047 2134 1195 2166 1528,1'ol.,
1212 2139 1238 2161 et
1254 2142 1315 2161 cuni
1332 2136 1392 2161 aliis
1406 2140 1525 2161 veterum
1540 2135 1648 2168 scriptis

863 2170 897 2197 de
919 2170 1025 2196 duabus
1042 2169 1146 2196 naturis
1162 2175 1187 2196 et
1205 2178 1256 2196 una
1273 2178 1387 2203 persona
1403 2170 1427 2195 iii
1445 2170 1572 2202 Christo,
1599 2169 1648 2200 Ti-

865 2205 924 2239 guri
957 2205 1041 2238 1571,
1076 2205 1139 2238 101.;
1177 2205 1294 2239 denique
1319 2205 1346 2236 in
1377 2205 1540 2233 Bibliotheca
1568 2204 1646 2232 Patr.

863 2241 918 2267 vol.
935 2239 1001 2273 V111,
1020 2248 1045 2274 p.
1064 2240 1125 2268 699.

899 2277 955 2310 (15)
975 2276 1015 2303 Ad
1039 2283 1141 2303 annum
1162 2275 1264 2303 Christi
1283 2275 1352 2308 496,
1377 2283 1453 2302 num.
1472 2275 1484 2302 1
1508 2281 1535 2301 et
1558 2283 1647 2310 seqq.,

863 2316 929 2338 toni.
951 2311 1006 2337 V111
1020 2311 1176 2344 Annalium,
1190 2319 1249 2345 pag.
1269 2311 1320 2338 595
1337 2311 1401 2338 edit.
1418 2312 1516 2337 citatic.

899 2347 953 2381 (.16)
974 2347 1056 2374 Libro
1068 2346 1106 2373 De
1119 2347 1182 2375 viris
1195 2346 1354 2377 illustribus,
1369 2355 1428 2381 cap.
1445 2347 1490 2379 94,
1508 2346 1534 2371 iii
1546 2350 1611 2372 tom.
1625 2345 1648 2372 11

862 2381 980 2416 Operuni
1000 2382 1028 2409 S.
1053 2382 1210 2417 Hieronymi
1233 2382 1298 2408 edit.
1320 2381 1462 2414 Vallarsii,
1487 2389 1547 2416 pag.
1570 2381 1646 2408 987:

865 2425 875 2442 ι
889 2418 1015 2445 Gelasius
1034 2418 1109 2445 urbis
1127 2417 1220 2445 Itonia:
1238 2417 1384 2451 cpiscopus
1398 2417 1506 2452 scripsit
1525 2417 1647 2443 adversus

862 2452 999 2488 Eutychen
1014 2458 1038 2480 et
1057 2452 1212 2480 Nestorium
1229 2454 1329 2486 grande
1349 2458 1375 2479 ct
1394 2454 1553 2488 praeclarum
1570 2452 1647 2478 volu-

861 2495 940 2519 men,
955 2493 982 2514 et
1004 2493 1136 2515 tractatus
1157 2488 1327 2514 diversarum
1347 2488 1549 2522 Scripturaruni
1566 2492 1648 2514 etsa—

861 2528 1063 2550 ei‘aniciitoruni
1080 2523 1190 2550 elimato
1207 2530 1344 2556 sermone,
1356 2528 1383 2550 et.
1396 2524 1521 2550 adversus
1538 2522 1648 2549 Petrum

860 2564 884 2584 et
899 2559 1026 2585 Acacium
1039 2559 1149 2592 scripsit
1162 2558 1301 2592 epistolas,
1313 2566 1374 2592 qua:
1390 2559 1471 2586 hodie
1486 2560 1512 2585 in
1524 2557 1647 2585 Ecclesia

861 2597 989 2621 tenentur
1009 2594 1155 2620 catholica.
1173 2593 1249 2620 Fecit
1262 2598 1289 2620 et
1308 2594 1422 2628 hymnos
1437 2594 1464 2620 in
1490 2594 1649 2620 similitudi-

853 2632 922 2655 ‘neni
938 2629 1085 2656 Ambrosii.
1102 2628 1174 2656 Obiit
1190 2629 1241 2655 sub
1253 2628 1399 2655 Anastasio
1416 2629 1551 2663 Augusto.
1571 2638 1581 2654 ι

897 2665 952 2699 (17)
970 2665 1000 2690 lii
1016 2663 1076 2691 Vita
1101 2665 1130 2691 5.
1153 2663 1253 2699 Gelasii
1280 2668 1345 2691 toni.
1363 2663 1414 2696 1H,
1430 2663 1564 2699 pag.7195
1579 2664 1645 2699 edit.

861 2699 954 2727 Romae
967 2707 1000 2726 ex
1016 2699 1194 2735 typographia
1216 2698 1346 2726 Vaticana
1369 2707 1441 2726 anno
1457 2698 1526 2735 1728
1540 2707 1547 2725 :
1567 2708 1577 2725 ι
1597 2698 1647 2726 Hic

860 2735 924 2762 fecit
938 2739 1069 2762 tractatus
1091 2740 1118 2762 et
1137 2736 1268 2770 hymnos,
1288 2735 1359 2762 sicut
1375 2735 1470 2762 beatus
1484 2734 1647 2770 Ambrosius

859 2770 1023 2805 episcopus,
1046 2775 1073 2797 ct
1088 2769 1173 2797 libros
1196 2771 1320 2798 adversus
1349 2770 1484 2804 Eutychen
1501 2775 1526 2796 et
1549 2769 1647 2798 Νεδιο-

861 2807 944 2838 rium,
963 2807 1009 2840 qui
1025 2806 1105 2832 hodie
1120 2807 1146 2833 iii
1163 2806 1323 2837 bibliotheca
1335 2811 1362 2834 et
1383 2805 1511 2835 Ecclesiae
1525 2805 1647 2836 arcliivio

860 2841 992 2870 reconditi
1009 2845 1141 2873 tenentur.
1159 2851 1168 2871 ι
