1857 3051
198 93 253 123 503

591 95 634 122 DE
654 83 852 123 PORTUiENSI
873 94 901 121 S.
921 93 1106 121 HiPPOLYTl
1124 93 1220 121 SEDE.
1239 108 1275 114 —
1289 93 1379 120 PARS
1395 92 1428 120 ll.

1770 89 1820 117 505

200 159 270 182 teste
291 154 392 183 clarius
415 155 557 189 elueescit;
578 163 642 183 nam
672 163 754 191 opera
778 155 904 183 Antiochi
927 155 985 190 epi-
998 156 1022 184 Α
1036 155 1064 182 5.
1080 154 1255 191 Fulgentius,
1271 154 1317 189 qui
1335 154 1430 189 paucis
1451 158 1512 189 post
1526 152 1663 181 Gelasium
1683 150 1765 178 annis
1777 149 1820 177 ﬂo-

200 201 277 235 scopi
293 201 349 236 (18)
373 205 466 229 contra
481 201 622 228 avaritiam
635 222 643 235 ,
660 205 688 229 et
702 201 844 236 Theophili
867 200 986 228 Alexan-

197 247 273 275 drini
292 247 348 282 (l9)
364 252 458 275 contra
469 246 612 283 Origenem
627 248 726 283 grande
746 248 864 275 uolumen
879 248 913 275 ab
926 247 986 282 ipso

197 293 384 327 appellantur.
400 293 492 321 Severi
509 299 599 322 autem
618 294 728 329 Sulpitii
743 294 799 330 (20)
816 294 963 321 Historiam
976 314 984 327 ,

199 345 263 365 cum
289 339 394 366 caeteris
410 338 533 374 ejusdem
549 339 695 374 operibus,
713 340 831 375 opusculi
847 341 924 368 titulo
942 341 984 367 in-

198 384 326 419 signivit;
353 393 414 420 qua:
438 385 548 420 quidem
565 386 679 414 historia
706 386 786 421 triplo
800 387 888 421 major
903 395 984 421 supra

199 429 309 457 laudato
324 429 415 457 libello
425 438 486 458 esse
500 431 611 458 cuilibet
622 431 747 459 eamdcm
764 431 892 459 lustranti
906 431 985 458 facile

198 477 301 511 patebit
316 477 384 513 (ﬁt).
398 477 446 505 His
464 478 578 508 accedit.
593 477 665 513 quod
681 477 813 505 Gennadii
830 477 863 504 de
876 476 985 504 Gelasio

198 522 387 550 testimonium
417 523 587 551 desideratur
617 524 644 550 iu
676 523 867 558 antiquissimo
891 524 985 552 codice

199 567 353 602 Vaticano,
378 577 458 603 quem
483 568 622 596 Vaticana:
647 569 816 596 bibliotheca:
841 569 986 604 acquisivit

196 615 400 642 eruditissimus
420 615 541 650 ejusdem
568 615 711 650 praefectus
735 615 900 644 Laurentius
918 616 985 644 Zac—

195 667 311 696 cagnus.
328 660 405 689 Hunc
422 662 543 689 codicem
557 661 678 689 laudavit
701 662 742 689 vir
766 663 984 697 sapientissimus

196 705 287 734 Lucas
306 706 472 741 llolstenius,
490 708 536 743 qui
552 709 676 736 eumdem
689 708 756 735 vidit
781 709 807 735 in
822 709 983 737 bibliotheca

197 753 359 780 clericorum
375 753 542 789 regularium
564 753 593 782 S.
609 754 723 782 Andreas
736 755 770 782 de
785 755 874 788 Valle,
890 755 984 782 illum-

196 806 252 833 que
266 799 363 826 merito
389 800 610 834 antiquissimum
628 806 723 834 vocat;
747 801 784 828 ibi
806 803 878 829 enim
901 810 984 836 quon-

196 845 259 872 dam
275 845 416 880 quadratis
440 850 467 873 et
490 854 553 874 vere
575 847 706 875 Romanis
732 848 829 875 litteris
842 848 982 878 Ciceronis

194 891 336 919 orationes
360 892 389 919 in
425 891 530 919 Verrem
559 892 703 928 descriptae
730 893 856 926 fuerunt,
882 895 982 929 quibus

195 941 289 970 postea
303 936 398 965 deletis
412 945 443 965 ac
456 939 586 972 corrasis,
598 937 627 966 S.
638 938 796 974 Hieronymi
809 944 835 967 et
849 939 982 967 Geiinadii

194 981 340 1019 Catalagus
356 984 511 1011 uncialibus
526 985 636 1018 iterum,
654 986 701 1013 sed
713 987 911 1014 recentioribus
936 987 981 1014 lit—

194 1029 262 1056 teris
279 1030 480 1065 supcrscriptus
495 1031 555 1059 fuit.
569 1032 695 1060 Secundo
718 1039 880 1068 argumento
903 1033 983 1060 Baro-

196 1075 259 1102 nius
275 1075 332 1110 (‘22)
347 1077 444 1111 probat
457 1077 541 1104 multa
556 1078 583 1104 in
599 1078 651 1106 hoc
666 1078 756 1106 libello
772 1078 886 1106 inveniri
897 1100 904 1112 ,
921 1087 982 1113 quae

195 1129 211 1148 a
231 1121 260 1149 S.
277 1122 385 1150 Gelasio
401 1131 469 1158 papa
497 1129 608 1151 exarata
634 1114 695 1152 esse
720 1133 789 1160 pene
813 1125 982 1160 impossibile

194 1173 238 1196 est
249 1190 256 1200 ,
282 1174 309 1196 et
324 1169 470 1197 Eusebium
488 1169 684 1198 Caesariensem
702 1171 793 1198 multis
809 1171 937 1198 observat
954 1171 980 1198 in

193 1215 289 1242 eodem
303 1215 393 1242 libello
404 1217 538 1243 eucomiis
551 1217 654 1248 ornari,
665 1225 744 1251 quem
752 1217 884 1244 Arianum
897 1217 981 1244 fuisse

194 1265 300 1288 certum
317 1265 368 1293 est,
383 1261 463 1296 cujus
478 1269 560 1296 opera
579 1261 649 1288 inter
665 1262 796 1289 librorum
811 1262 980 1297 apocryplio-

193 1313 256 1334 tum
279 1315 423 1334 numerum
447 1307 481 1334 ab
504 1307 598 1335 eodem
630 1308 738 1336 Gelasio
762 1308 932 1342 rcjiciuntur.
955 1312 982 1335 et

192 1350 303 1380 Graecos
318 1352 412 1380 Patres
438 1357 544 1380 tantum
567 1353 694 1386 laudari,
717 1361 767 1381 nec
791 1362 846 1381 non
865 1353 982 1381 Ambro-

192 1397 277 1432 sium,
291 1397 496 1434 Hieronymum,
512 1404 681 1434 catterosque
697 1407 730 1426 cx
747 1399 852 1426 Latinis
872 1399 981 1426 silentio

192 1443 336 1477 praeteriri.
355 1443 456 1471 Verum
479 1443 598 1471 Jacobus
614 1444 776 1472 Sirmoiidus
790 1444 858 1479 (23),
877 1444 980 1480 Philip-

1036 201 1101 233 ruit,
1114 209 1147 228 ex
1166 201 1217 228 hoc
1244 200 1335 228 libello
1350 205 1478 235 tanquam
1495 199 1593 227 Gelasii
1609 205 1688 232 papae
1703 197 1756 224 tria
1776 197 1820 223 de-

1035 246 1153 281 sumpsit
1164 247 1334 279 testimonia,
1352 254 1413 281 quae
1428 246 1454 272 in
1471 246 1568 272 librum
1586 244 1622 270 De
1638 243 1654 270 5
1668 242 1820 278 questioni-

1036 293 1083 319 bus
1098 293 1170 327 apud
1186 292 1353 320 Ferrandum
1369 293 1512 320 diaconum
1525 312 1533 324 ,
1557 299 1617 326 cap.
1632 290 1666 317 18
1677 311 1684 322 ,
1710 289 1817 322 retulit;

1036 347 1129 365 verum
1148 339 1231 366 etiam
1255 338 1317 373 quia
1341 339 1467 366 laudatur
1491 346 1506 365 a
1529 337 1633 365 Joanne
1657 336 1678 362 ll
1702 343 1774 370 papa
1793 336 1818 362 in

1035 385 1148 419 epistola
1158 384 1192 410 ad
1199 385 1323 411 Avienum
1333 384 1388 419 (26)
1395 389 1551 419 ceterasque
1561 387 1706 410 senatores.
1716 381 1770 408 Sed
1781 381 1818 407 his

1036 429 1173 456 Sirmondi
1189 430 1356 464 argumentis
1369 437 1483 464 magnus
1497 429 1631 457 Batonius
1644 428 1761 455 videtur.
1770 434 1817 452 non

1036 476 1151 503 obscure
1169 476 1352 508 satisfecisse;
1382 476 1507 511 quamvis
1522 476 1579 511 ipse
1594 474 1729 502 Ferrandi
1747 472 1820 500 testi-

1036 523 1156 549 monium
1166 522 1256 549 videre
1267 531 1320 550 non
1330 522 1458 558 potuerit,
1467 522 1548 556 cujus
1556 521 1644 556 Opera
1654 519 1818 547 Franciscus

1035 567 1175 595 Chilletius
1189 568 1283 596 multis
1294 573 1354 603 post
1370 568 1479 595 Baronii
1495 573 1608 595 mortem
1627 566 1710 594 annis
1727 565 1819 592 edidit.

1035 612 1166 640 Observat
1188 615 1280 649 itaque
1303 614 1536 641 eminentissimus
1563 613 1731 644 cardinalis,
1756 618 1821 638 non-

1035 661 1108 687 nulla
1125 661 1159 688 ab
1182 661 1376 695 impostoribus
1396 660 1425 688 S.
1450 660 1558 688 Gelasio
1574 667 1650 695 papae
1675 659 1774 686 eodem
1796 665 1819 685 vt

1035 707 1145 739 saeculo,
1162 707 1189 733 in
1204 714 1257 741 quo
1272 707 1328 741 ipse
1342 706 1409 734 obiit
1423 711 1450 733 ct
1465 706 1624 741 Fulgentius
1636 704 1742 737 ﬂoruit,
1758 711 1819 738 sup-

1034 752 1123 787 posita
1144 752 1238 780 fuisse.
1255 752 1392 787 Optimum
1408 753 1549 784 sementim
1565 759 1622 778 suae
1639 755 1738 778 testem
1761 749 1820 777 lau-

1035 798 1292 831 datCassiodorum,
1302 800 1349 834 qui
1360 799 1460 826 diserte
1476 798 1570 826 scribit
1584 798 1613 825 S.
1626 797 1738 825 Gelasio
1748 804 1821 832 papa

1035 845 1189 879 suppositas
1203 844 1286 873 fuisse
1302 845 1493 872 adnotationes
1504 845 1637 879 quasdam
1652 844 1679 870 in
1691 843 1821 878 epistolas

1033 889 1064 916 Β.
1092 890 1188 922 Pauli.
1215 891 1241 917 iii
1267 891 1366 925 quibus
1391 890 1528 926 Pelagiani
1553 890 1689 925 dogmatis
1705 889 1820 924 vestigia

1033 940 1192 971 supererant
1205 935 1275 971 (‘27).
1302 947 1311 963 ι
1328 937 1358 963 In
1381 936 1533 972 Epistolas,
1549 937 1654 972 inquit,
1675 935 1821 964 tresdeciin

1034 981 1062 1010 S.
1088 982 1164 1010 Pauli
1192 984 1381 1012 adnotationes
1400 985 1569 1018 conscriptas
1596 984 1623 1010 in
1651 985 1713 1018 ipso
1742 983 1821 1010 initio

1033 1038 1100 1057 mea:
1117 1030 1242 1057 lectionis
1257 1031 1346 1057 inveni
1360 1052 1366 1063 ,
1383 1038 1444 1065 quae
1466 1031 1492 1058 in
1514 1035 1676 1058 cunctorum
1693 1030 1821 1058 manibus

1032 1076 1069 1102 ita
1083 1076 1204 1103 celebres
1229 1076 1416 1109 habebantur,
1441 1081 1470 1104 ut
1492 1085 1538 1104 eas
1559 1085 1575 1103 a
1599 1081 1694 1104 sancto
1711 1076 1821 1104 Gelasio

1031 1130 1100 1157 papa
1115 1122 1190 1150 urbis
1203 1121 1313 1155 Romae,
1334 1122 1483 1150 doctissimi
1498 1122 1548 1149 viri
1577 1123 1669 1150 studio
1697 1122 1821 1150 dicereut

1031 1168 1117 1196 fuisse
1134 1168 1320 1203 conscriptas,
1347 1168 1421 1204 quod
1444 1169 1532 1195 solent
1546 1167 1636 1196 facere
1652 1167 1700 1203 qui
1721 1175 1767 1195 res
1782 1167 1821 1194 vi-

1031 1215 1116 1242 tiosas
1131 1215 1245 1250 cupiunt
1268 1215 1379 1250 gloriosi
1397 1215 1516 1242 nominis
1534 1214 1699 1242 auctoritate
1725 1213 1821 1241 defen-

1031 1261 1103 1289 dere.
1122 1261 1174 1289 Sed
1194 1261 1273 1288 nobis
1289 1270 1323 1289 cx
1340 1261 1554 1296 praecedentibus
1570 1260 1736 1288 lectionibus
1760 1260 1821 1286 dili-

1031 1306 1104 1342 genti
1118 1307 1311 1334 retractatione
1326 1311 1482 1341 patuerunt,
1496 1306 1690 1334 subtilissimas
1707 1306 1820 1341 quidem

1030 1361 1091 1380 esse
1106 1360 1139 1381 ac
1154 1353 1330 1380 lirevissiinas
1342 1352 1486 1385 dictlones,
1504 1353 1550 1380 sed
1563 1352 1703 1387 Pelagiani
1717 1353 1820 1379 erroris

1031 1407 1133 1426 venena
1147 1399 1201 1426 illic
1218 1406 1278 1426 csse
1294 1399 1439 1426 seminata.
1453 1408 1463 1424 ι
1477 1398 1633 1426 Cassiodori
1651 1399 1736 1434 igitur
1748 1406 1819 1431 aevo,

1031 1445 1077 1480 qui
1091 1446 1162 1472 circa
1177 1453 1278 1472 annum
1359 1445 1416 1472 hinc
1434 1445 1543 1480 scripsit
1556 1445 1612 1481 (ἓὸ)
1623 1466 1630 1478 ,
1643 1446 1820 1480 supposititia

192 1497 244 1524 pus
268 1489 392 1517 Labbcus
416 1490 490 1525 (‘24),
515 1490 651 1518 Antonius
676 1490 774 1526 Pagius
795 1490 851 1526 (25)
876 1491 978 1524 senior,
993 1500 1016 1531 α
1032 1490 1133 1519 Gelasii
1159 1499 1235 1526 papa:
1263 1499 1346 1526 opera
1369 1491 1540 1519 circumferri
1562 1492 1618 1526 jam
1641 1493 1730 1520 multo
1757 1498 1822 1520 ante

193 1536 223 1563 S.
244 1537 384 1564 Gelasium
411 1537 570 1571 hujusmodi
592 1537 673 1564 libelli
692 1541 830 1564 auctorem
847 1536 978 1569 credunt,

192 1591 246 1610 non
265 1584 354 1611 solum
370 1584 434 1618 quia
451 1584 477 1610 in
502 1583 701 1618 antiquissimis
717 1583 856 1611 codicibus
879 1583 981 1611 descri-

194 1635 256 1665 ptus
280 1631 325 1658 illc
350 1635 392 1658 est
418 1630 488 1657 inter
509 1630 676 1658 indubitatas
703 1630 763 1665 ejus
787 1630 930 1665 epistolas,
954 1635 981 1657 et

228 1697 285 1734 (i8)
305 1698 371 1733 Cap.
382 1698 428 1728 20.
443 1707 503 1734 pag.
521 1699 574 1726 962
588 1699 677 1726 citata:
691 1699 756 1726 edit.
777 1707 783 1724 :
805 1709 813 1723 ι
830 1699 980 1727 Antiochus

191 1733 339 1768 episcopus
371 1733 489 1768 Scripsit
515 1735 646 1762 adversus
673 1735 814 1762 avaritiam
844 1743 926 1761 unum
953 1740 980 1762 et

193 1767 303 1799 longum
320 1767 456 1796 volumen.
476 1779 486 1795 ι

230 1803 284 1838 (19)
304 1803 371 1840 Cap.
388 1805 433 1835 55,
450 1812 510 1839 pag.
528 1805 581 1832 966
594 1804 674 1832 dieue
688 1805 753 1832 edit.
767 1814 773 1831 τ
792 1814 800 1830 l
812 1804 979 1840 Theophilus

193 1838 384 1875 Alexandrinae
404 1840 522 1867 civitatis
548 1839 692 1874 episcopus
716 1840 825 1875 scripsit
849 1838 979 1869 adversus

193 1873 336 1910 Origenem
365 1882 447 1901 unum
468 1879 496 1901 et
519 1873 620 1909 arande
641 1873 788 1906 solumut}
810 1883 865 1910 quo
887 1877 979 1904 omnia

192 1916 261 1943 pene
271 1909 332 1943 ejus
345 1910 416 1937 dicta
430 1914 457 1937 et
472 1911 559 1944 ipsum
576 1910 676 1945 pariter
694 1911 820 1942 damnat.
836 1910 916 1945 simul
930 1912 980 1938 do-

192 1951 257 1980 cens
269 1952 322 1972 non
340 1953 355 1972 a
373 1953 402 1972 se
415 1943 534 1980 primum
549 1943 624 1975 eum.
642 1945 690 1973 sed
706 1945 740 1972 ab
751 1946 872 1980 antiquis
889 1943 979 1973 Patri-

192 1979 243 2016 bus
269 1984 296 2007 et
323 1979 446 2016 maxime
464 1979 578 2008 Heracla
607 1981 692 2008 fuisse
716 1985 744 2008 et
769 1988 785 2007 a
812 1979 979 2016 presbyterio

192 2015 327 2049 ejectum,
340 2015 412 2043 etde
428 2015 548 2044 Ecclesia
565 2016 691 2051 pulsum,
716 2020 743 2042 et
756 2016 790 2043 de
811 2015 920 2043 civitate
938 2016 979 2044 fu—

210 2054 296 2078 atuin.
313 2061 322 2077 ι
968 2071 970 2074 ,

192 2057 296 2084 gatuui.
313 2061 322 2077 ι
968 2071 970 2074 ,

228 2085 284 2120 (20)
304 2086 371 2122 Cap.
396 2086 430 2114 19
446 2108 453 2119 ,
480 2094 541 2121 pag.
559 2087 613 2122 7961
644 2086 690 2113 cit.
715 2086 781 2113 edit.
801 2095 809 2114 :
834 2095 843 2112 ‹
861 2085 978 2115 Severus

192 2121 349 2156 presbyter,
359 2127 540 2157 cognomento
556 2121 688 2155 Sulpitius
701 2121 854 2156 Aquitania:
869 2123 979 2156 provin-

191 2157 251 2189 cias,
262 2159 304 2183 vir
317 2156 416 2192 genere
432 2162 458 2185 et
473 2157 570 2184 litteris
587 2156 695 2188 nobilis,
711 2163 738 2183 et
754 2158 919 2191 paupertatis
935 2163 977 2185 at—

191 2199 244 2226 que
267 2191 429 2220 humilitatis
452 2200 547 2219 amore
574 2191 755 2225 conspicuus.
782 2193 872 2220 clarus
895 2194 975 2220 etiam

191 2232 348 2263 sanctorum
366 2229 487 2255 virorum
504 2227 612 2254 Martini
630 2227 798 2254 Turonensis
811 2229 931 2263 episcopi
950 2234 977 2256 et

192 2262 297 2289 Paulini
312 2262 439 2290 Nolensis
456 2263 569 2295 notitia,
586 2263 697 2298 scripsit
713 2270 766 2289 non
779 2265 976 2291 contemnenda

191 2298 332 2331 opuscula.
351 2307 360 2324 ι

227 2332 283 2366 (21)
304 2333 446 2368 Ιεεεεηάυε
468 2332 601 2360 Baronius
616 2333 649 2360 ad
668 2333 770 2360 dictum
788 2342 888 2361 annum
912 2334 975 2366 496,

192 2368 303 2400 ηυιιι.ιὶι,
324 2377 384 2403 pag.
398 2368 461 2400 596,
480 2373 546 2395 tom.
564 2368 620 2395 VIII
638 2369 683 2395 cit.
701 2369 779 2400 edit.,
798 2370 841 2396 ubi
858 2371 914 2396 Inec
926 2378 975 2397 nos

190 2404 271 2430 etiam
286 2404 363 2430 docet
378 2413 384 2431 :
406 2414 415 2429 ι
430 2404 530 2431 Verum
546 2411 599 2430 non
617 2412 700 2431 unum
714 2405 846 2431 duntaxat
858 2405 974 2437 librum;

192 2438 237 2465 sed
255 2439 327 2472 quod
342 2439 443 2474 grande
459 2444 486 2466 et
500 2440 659 2474 przeclaruui
673 2448 742 2474 opus
755 2439 912 2467 Gennadius
926 2449 975 2466 no-

191 2474 291 2510 rninat,
314 2475 341 2501 in
365 2475 487 2509 quinque
510 2475 594 2501 libros
620 2475 704 2501 fuisse
728 2477 854 2510 partitum
880 2476 973 2509 liquet.

192 2507 277 2535 Habet
297 2509 323 2536 id
343 2507 415 2536 enini
436 2507 597 2537 Anastasius
621 2507 846 2537 Bibliotliccarius
862 2511 887 2536 in
907 2507 976 2537 libro

194 2544 229 2581 με
246 2544 372 2571 Romanis
388 2545 570 2581 pontificibus,
589 2554 654 2581 cuin
666 2546 781 2573 allirniat
796 2547 916 2581 quinque
944 2546 976 2572 li-

192 2579 255 2616 bios
271 2583 402 2616 adversus
418 2580 574 2608 Nestorium
588 2585 614 2607 et
636 2579 811 2616 Entycheteni
833 2579 974 2608 ab’eodem

190 2614 298 2651 Gelasio
323 2615 409 2643 fuisse
420 2618 588 2650 conscertos
598 2636 605 2645 .
621 2614 787 2643 cuui‘tamen
802 2617 974 2651 opusculum,

191 2651 261 2684 quod
274 2650 374 2678 Gi-lasii
391 2652 500 2679 nomine
515 2656 605 2678 exstat
619 2651 733 2684 editum,
755 2650 837 2679 unius
852 2652 913 2679 libri
926 2659 974 2686 pe-

159 2685 164 2691 ‘
192 2685 268 2711 riodo
283 2687 452 2714 terniinctur.
471 2697 480 2713 ι

227 2721 282 2754 (2'2)
303 2722 456 2749 Addictum
472 2730 574 2749 annum
590 2721 657 2754 496,
675 2730 702 2748 ii.
717 2721 733 2747 7
745 2743 752 2754 ,
765 2730 791 2757 p.
807 2722 880 2750 596:
899 2732 908 2748 ‹
923 2722 974 2755 Qui

190 2755 314 2783 Gelasius
327 2758 362 2784 De
374 2758 475 2784 duabus
489 2759 592 2784 naturis
604 2755 771 2791 opusculum
780 2759 844 2784 illud
855 2759 974 2792 scripsit,

190 2798 250 2828 cuiu
267 2792 293 2818 in
309 2794 361 2819 line
377 2794 520 2828 proﬁtetur
540 2801 569 2820 se
593 2793 798 2824 catholicorum,
811 2798 840 2820 ut
853 2794 902 2825 ait,
922 2801 976 2820 nia-

192 2827 336 2856 sistrorum
351 2827 504 2857 teStimonia
516 2827 622 2862 afferre,
637 2828 737 2864 quibus
751 2836 765 2855 a
777 2836 806 2856 se
821 2829 892 2856 dicta
906 2836 972 2857 Coti,-

1032 1541 1119 1572 cmpta
1134 1541 1221 1570 erant,
1243 1546 1304 1572 quae
1319 1546 1334 1565 a
1352 1538 1539 1566 disertissimis
1556 1539 1620 1566 viris
1637 1547 1688 1574 pro
1702 1540 1779 1567 veris
1795 1547 1821 1568 et

1031 1584 1156 1619 genuinis
1183 1584 1369 1618 habebantur;
1408 1584 1523 1619 ideoque
1551 1593 1604 1612 non
1636 1585 1820 1619 improbabile

1031 1631 1193 1665 quibusdam
1214 1631 1349 1658 videbitur
1371 1631 1398 1658 S.
1424 1631 1593 1667 Fulgentium
1620 1632 1746 1667 aliosque
1776 1640 1821 1668 ge-

1031 1700 1128 1736 lirmct,
1139 1705 1226 1727 tamen
1245 1701 1316 1728 inter
1326 1701 1417 1736 plures
1431 1706 1586 1728 sanctorum
1598 1701 1820 1729 orthodoxoruin

1030 1734 1140 1771 Patrum
1152 1737 1318 1764 assertiones
1327 1734 1407 1771 ponit
1419 1741 1477 1771 post
1488 1736 1820 1771 MagnumAtlianasium,

1029 1775 1093 1797 ante
1104 1770 1263 1805 Gregorium
1277 1770 1488 1803 Nazianzenum.
1503 1770 1648 1798 Eusebium
1665 1772 1821 1800 Czesarien-

1030 1813 1087 1842 sem
1102 1825 1110 1837 ,
1134 1806 1331 1834 conclamatum
1356 1807 1411 1842 jam
1439 1815 1510 1841 saepe
1534 1807 1568 1834 ab
1586 1807 1715 1834 omnibus
1743 1812 1822 1834 ante-

1030 1841 1172 1875 signanum
1188 1841 1482 1876 Ariaiiorum,ejusquc
1493 1846 1547 1868 tres
1563 1842 1713 1869 sententias
1730 1850 1766 1870 ex
1778 1843 1822 1869 di-

1029 1876 1118 1912 versis
1139 1877 1211 1912 locis,
1220 1881 1345 1912 acceptas
1361 1876 1443 1904 refert
1458 1886 1465 1904 :
1483 1885 1542 1911 qua).
1554 1877 1664 1912 quidem
1678 1886 1766 1912 quam
1783 1879 1822 1904 in-

1029 1911 1110 1948 digna
1127 1913 1180 1939 sint
1193 1911 1300 1939 Gelasio
1319 1920 1387 1946 papa
1399 1933 1407 1944 ,
1420 1919 1501 1939 nemo
1513 1920 1565 1948 non
1576 1912 1665 1948 videt;
1678 1911 1821 1948 quamque

1029 1947 1135 1973 alienus
1157 1947 1192 1973 sit
1210 1951 1306 1974 auctor
1321 1947 1365 1974 ille
1379 1947 1413 1974 ab
1435 1947 1526 1981 aliquo
1542 1946 1641 1974 Latino
1663 1946 1818 1982 scriptore;

1029 1989 1092 2008 cuni
1108 1982 1135 2008 iii
1150 1990 1178 2009 re
1192 1986 1267 2009 tanta
1286 1983 1388 2009 nitatur
1401 1982 1557 2009 Graecorum
1571 1983 1708 2010 duntaxat
1722 1989 1817 2010 aucto-

1030 2017 1110 2043 ritate
1122 2037 1128 2049 ,
1152 2018 1194 2044 vix
1217 2018 1325 2045 duobus
1343 2017 1448 2045 Latinis
1462 2025 1493 2044 ex
1509 2017 1633 2052 plurimis
1648 2018 1675 2045 in
1693 2019 1820 2045 testimo-

1026 2053 1104 2078 nioin
1128 2053 1262 2080 adductis.
1286 2053 1373 2085 Quam
1397 2060 1462 2079 vero
1482 2057 1592 2080 econtra
1614 2060 1645 2079 ea
1672 2055 1820 2080 conveniat

1029 2086 1138 2114 Gelasio
1152 2088 1188 2114 illi
1206 2095 1221 2115 a
1238 2088 1334 2115 Photio
1348 2088 1499 2119 recensito,
1513 2095 1663 2122 cognosce,
1677 2089 1745 2115 dum
1760 2090 1818 2123 ipse

1028 2122 1056 2148 iii
1065 2123 1138 2149 dicto
1151 2131 1232 2157 opere
1245 2124 1278 2150 de
1286 2123 1393 2150 Niczeno
1406 2123 1522 2151 concilio
1532 2124 1656 2150 eumdem
1667 2122 1817 2150 Eusebium

1030 2157 1223 2185 Caesariensem
1239 2159 1386 2192 plurimum
1401 2159 1504 2192 laudat,
1519 2164 1546 2185 et
1559 2159 1644 2185 titulis
1659 2160 1817 2186 orthodoxe

994 2188 1015 2215 Β
1029 2200 1129 2232 magno
1140 2193 1198 2219 viro
1221 2188 1309 2232 dignis
1322 2199 1451 2232 exornat,
1468 2188 1548 2228 atqtie
1566 2195 1600 2221 ab
1613 2195 1689 2232 omni
1709 2195 1819 2232 Arianae

1028 2228 1139 2254 haeresis
1168 2229 1324 2263 suspicione
1348 2229 1406 2255 vult
1430 2234 1606 2263 exemptum,
1626 2230 1691 2256 dum
1726 2230 1818 2264 ipsum

1027 2271 1166 2297 nunquam
1189 2264 1254 2291 Ario
1281 2265 1454 2292 consensisse
1481 2272 1535 2291 tion
1559 2265 1594 2291 sit
1615 2265 1723 2291 veritus
1748 2266 1820 2291 allir-

1027 2305 1111 2338 niare.
1129 2298 1297 2340 »Πιδεξεθμιάξιε
1310 2299 1492 2340 Bellarminus
1505 2299 1818 2340 .De‘scrt'pttecdesiqsti-

1026 2334 1074 2365 cis,
1185 2333 1289 2361 Gelasio
1306 2343 1376 2370 papa
1391 2339 1457 2362 toni.
1473 2334 1518 2361 Vll
1532 2333 1614 2369 Oper.
1629 2336 1721 2363 citata:
1736 2337 1816 2369 cdit.,

1026 2376 1087 2396 nae.
1161 2389 1168 2396 .

1045 2377 1087 2396 82.
1109 2377 1168 2396 ΠΗ.

1026 2376 1218 2439 patgéoiédpud
1234 2405 1322 2439 ipsum
1339 2405 1475 2432 Labbeuni
1504 2406 1654 2432 citandiim.

1063 2439 1123 2475 (2η
1140 2439 1253 2468 Dissert.
1273 2440 1401 2467 historica
1415 2440 1448 2466 ad
1464 2441 1510 2467 lib.
1530 2440 1568 2467 De
1582 2441 1676 2475 script.
1695 2442 1817 2469 ecclesia-

1026 2476 1098 2502 sticis
1114 2474 1286 2508 Bellarniiiii,
1304 2483 1365 2510 pag.
1382 2475 1443 2502 i88.

1063 2510 1131 2572 (254
1141 2512 1180 2538 Ad
1195 2518 1295 2537 annum
1313 2511 1414 2551 dictum
1433 2510 1502 2551 496,
1518 2519 1594 2551 num.
1611 2512 1647 2552 ᾗ,
1667 2520 1730 2548 pag.
1744 2513 1812 2545 538,

1063 2555 1092 2572 'n.
1134 2545 1166 2572 ill
1181 2547 1277 2572 Annal.
1294 2546 1404 2572 Barouii
1419 2551 1494 2572 citat.
1512 2546 1651 2572 editionis.

1027 2551 1092 2574 toni.
1110 2545 1166 2572 Vill
1181 2547 1277 2572 Annal.
1294 2546 1404 2573 Barouii
1419 2546 1494 2574 citat.
1512 2546 1651 2574 editionis.

1063 2582 1118 2617 (26)
1140 2581 1202 2608 l'lazc
1223 2586 1287 2608 sunt
1304 2582 1439 2617 rationum
1461 2587 1615 2615 momenta,
1632 2584 1734 2617 quibus
1755 2584 1812 2610 Sir-

1027 2616 1144 2644 mond’us
1164 2622 1191 2643 et
1208 2625 1241 2643 ex
1261 2624 1295 2653 eo
1313 2616 1388 2643 citati
1410 2622 1536 2644 auctores
1562 2617 1592 2645 S.
1612 2616 1724 2646 Gelasio
1742 2627 1812 2653 opus

1026 2652 1181 2686 hujusuiodi
1197 2652 1386 2678 ascribeiiduni
1404 2659 1464 2678 esse
1485 2659 1666 2687 propugnant.
1685 2654 1731 2681 llis
1746 2652 1812 2681 stib-

1026 2689 1121 2715 scribit
1138 2687 1219 2715 etiam
1241 2687 1313 2714 Cave
1335 2688 1434 2721 δεῖ-ιρι.
1462 2688 1553 2714 eccles.
1581 2689 1645 2716 liist.
1662 2689 1810 2721 litterario,

1025 2728 1091 2750 tom.
1108 2723 1204 2757 l,rpag.
1220 2723 1282 2749 465.

1061 2759 1117 2792 (27)
1139 2759 1175 2785 De
1187 2757 1353 2794 institutione
1363 2759 1511 2785 divinarum
1526 2759 1690 2790 litterarum.
1706 2768 1766 2794 cap.
1781 2759 1810 2793 8,

1026 2799 1090 2822 tom.
1109 2794 1129 2820 ll
1138 2793 1267 2830 Qperutn,
1277 2801 1336 2830 pag.
1347 2793 1409 2827 545,
1421 2795 1485 2821 edit.
1498 2794 1661 2830 Rotliomagi
1674 2804 1719 2823 ait.
1731 2793 1810 2826 {679.

1061 2829 1118 2866 (28)
1140 2828 1283 2865 Legendus
1292 2828 1363 2860 Cave
1377 2835 1442 2859 tom.
1460 2831 1469 2857 Ι
1486 2832 1580 2863 citato,
1597 2828 1661 2867 pag.
1675 2831 1736 2860 50L
