1857 3051
209 102 259 133 εμπ

600 104 644 132 DE
663 105 859 134 PORTUENSI
880 106 908 133 S.
927 104 1108 132 HlPPOLYTl
1133 104 1229 132 SEDE.
1248 120 1282 125 —
1299 104 1389 132 PARS
1404 105 1438 133 ll.

1771 104 1817 133 5(‘8

209 160 323 190 Latinos
339 162 508 197 promiscue,
527 171 576 198 pro
593 165 724 199 speciebus
738 173 785 192 seu
802 165 990 199 accidentibus,
1006 169 1029 197 Α
1043 173 1106 193 cum
1125 166 1200 193 nulla
1216 174 1249 194 ex
1265 167 1306 194 sui
1331 171 1408 202 parte
1430 166 1481 199 iis,
1503 173 1563 201 qua
1580 165 1614 193 de
1637 164 1700 200 ipso
1720 164 1817 200 antiqui

209 212 355 243 usurpatas
370 208 455 236 fuisse
476 209 580 237 centies
600 210 752 238 docuerunt
767 212 857 246 magni
872 211 922 239 viri
936 211 990 239 Ba-

209 254 304 281 ronins
325 254 398 288 (58),
420 254 556 282 Arnaldus
581 255 652 290 (59),
673 256 855 284 Bcllarminus
873 256 940 292 (40).
964 262 991 285 et

208 300 355 326 novissime
379 299 555 327 Orientalium
589 301 742 336 linguarum
771 303 990 331 consultissimus

207 344 321 372 Michael
341 345 493 379 Lequienns
508 346 564 382 (Η)
579 350 639 375 ord.
655 347 768 375 Prtedic.
791 350 932 384 theologus
948 350 990 376 in-

207 392 301 427 signis.
324 393 428 420 Etenim
442 415 448 427 ,
473 399 502 421 ut
524 395 591 422 scite
614 395 741 422 observat
765 403 879 431 magnus
897 398 988 424 Anna-

204 438 270 465 lium
286 439 521 466 ecclesiasticornm
543 449 650 475 parens,
668 442 771 476 antiqui
785 441 879 469 Patres
894 443 988 477 hujus-

204 485 277 512 modi
296 485 409 513 vocibus
436 486 506 514 bona
530 487 581 515 ﬁde
602 493 668 514 tunc
688 488 819 522 temporis
834 489 988 523 promiscue

203 531 245 559 nsi
259 537 339 563 sunt;
355 532 488 560 haereticis
505 533 577 560 enim
605 534 725 561 nondum
747 535 849 562 exortis
867 537 988 562 securior

202 577 364 611 simplicitas
388 578 566 613 loquebatur;
591 587 684 606 verum
708 587 768 607 cum
794 581 986 615 superveniens

200 623 391 652 haereticorum
405 625 508 652 malitia
533 625 679 653 subtilibus
691 626 909 654 cavillationibus
921 628 988 654 sim-

199 670 342 704 pliciorum
358 671 457 698 animis
471 670 562 698 fucum
577 671 667 699 facere
681 678 837 706 conaretur,
854 681 922 709 opus
934 673 987 701 fuit

199 716 354 750 excogitare
366 717 489 750 quaedam
511 717 660 750 vocabula,
682 719 858 746 accidentium
882 720 986 748 scilicet

198 768 246 788 seu
262 762 422 795 specierum,
438 770 499 796 qua:
513 763 685 797 apertissime
702 764 893 793 haereticorum
908 766 985 801 quis-

197 806 297 841 quilias
324 812 351 834 et
379 808 565 836 cavillationes
589 810 807 844 pessumdarcnt.
844 811 983 839 lmmerito

1043 210 1190 245 scriptores
1201 211 1379 245 tradiderunt,
1393 211 1565 246 respondeat.
1576 210 1676 238 Verum
1688 209 1712 238 si
1727 210 1817 244 aliquis

1040 256 1160 284 Antonio
1172 257 1292 284 Arnaldo
1305 257 1430 284 assentiri
1444 257 1587 289 maluerit,
1607 257 1670 289 hoc,
1687 256 1760 291 quod
1777 256 1814 283 ha-

1040 302 1136 329 bemus
1149 323 1155 335 ,
1170 310 1231 330 esse
1245 302 1382 330 Gelasiani
1397 303 1487 337 operis
1500 303 1623 330 mutilum
1640 302 1815 337 fragmentum

1039 347 1167 375 libentius
1188 349 1414 381 concederemus;
1445 348 1491 375 sed
1517 347 1581 382 quid
1610 353 1717 375 natura:
1741 348 1815 374 verba

1039 393 1109 427 apud
1133 393 1221 427 ipsum
1247 393 1276 420 S.
1293 393 1430 421 Gelasium
1455 393 1624 428 signiﬁcent,
1644 394 1761 427 ipsemet
1787 393 1811 420 S.

1038 437 1158 472 pontifex
1173 438 1270 469 docet,
1289 438 1352 465 dum
1368 438 1550 474 Eutychianos
1574 438 1699 466 stultitia:
1715 439 1814 473 arguit,

1038 483 1111 517 quod
1126 483 1313 517 inﬁcjarentur
1335 484 1404 511 duas
1424 484 1465 511 vel
1486 489 1540 511 tres
1558 489 1672 512 naturas
1690 492 1752 512 esse
1768 493 1815 512 non

1037 535 1126 563 posse.
1143 538 1153 554 ι
1170 528 1240 561 Quid
1257 529 1330 564 quod
1347 529 1398 564 ipsi
1411 529 1494 556 etiam
1511 537 1592 557 unam
1610 530 1729 557 dicendo
1742 535 1815 557 natu-

1037 582 1094 601 ram
1111 575 1136 601 in
1148 574 1265 602 Domino
1281 574 1345 602 Jcsu
1359 575 1479 608 Christo,
1495 581 1599 603 natura:
1613 581 1704 604 tamen
1721 584 1815 604 nomen

1036 620 1237 647 convincuntur
1260 628 1400 653 asserere,
1417 628 1451 648 an
1474 629 1556 648 unam
1577 621 1658 648 liceat
1679 622 1816 648 nominare

1035 671 1172 699 naturam,
1189 670 1216 692 et
1229 666 1309 698 duas,
1327 667 1367 693 vel
1383 667 1474 701 plures
1492 675 1582 694 rerum
1597 672 1759 695 caeterarum
1774 675 1817 702 ap-

1034 713 1134 747 pellare
1149 711 1189 740 l‘as
1206 720 1259 739 non
1274 712 1347 740 erit?
1362 712 1428 745 Quis
1447 713 1497 740 ista
1519 721 1572 740 non
1596 714 1703 745 rideat,
1719 718 1746 740 et
1762 718 1817 740 ιδπ-

1034 765 1116 791 quam
1142 757 1256 792 puerilia
1285 758 1461 785 deliramenta
1496 759 1627 793 despiciat
1653 759 1731 794 (Li)?
1748 768 1759 785 ›
1791 759 1816 786 Si

1035 802 1117 837 igitur
1133 803 1223 838 plures
1239 804 1319 831 unius
1341 804 1380 831 rei
1398 809 1509 832 naturas
1530 813 1590 832 esse
1607 813 1689 840 posse
1707 805 1817 833 credidit

196 853 298 887 pariter
313 853 471 881 heterodoxi
494 853 674 888 recentiores,
698 857 827 891 neglectis
849 858 982 893 antiquis-
996 846 1018 873 Β
1033 848 1062 875 S'
1084 848 1223 881 GelaSl‘w’
1249 857 1328 877 nemo
1350 858 1403 877 "0“
1427 851 1499 878 Videt
1519 859 1568 885 pro
1587 856 1695 883 ""‘um'
1722 853 1816 886 “ml”

196 898 275 926 simis
303 898 448 933 Patribus,
477 908 492 927 a
522 901 622 935 quibus
648 908 822 930 sacrosancta
848 903 980 932 Euchari-

194 943 247 970 stia
269 952 331 970 caro
357 943 431 971 Verbi
456 944 517 978 Dei,
549 954 641 981 corpus
667 947 774 974 Domini
801 949 980 978 disertissime

194 989 354 1023 appellatur,
369 991 447 1018 nobis
465 992 585 1026 epistolae
596 993 631 1019 ad
644 992 790 1020 Ctusart'um
810 995 977 1028 monac/tum,

195 1033 224 1060 S.
240 1033 337 1061 Joanni
355 1035 550 1071 Chrysostomo
563 1038 715 1072 attributae,
739 1045 766 1067 et
777 1040 863 1068 sancti
878 1041 978 1069 Gelasii

188 1081 228 1108 vle
252 1081 358 1109 duabus
383 1084 489 1110 naturis
516 1083 624 1112 inlirma
648 1086 804 1114 testimonia
828 1087 976 1122 objiciunt,

192 1134 254 1154 cum
279 1131 318 1153 tot
334 1127 506 1155 disertissimi
531 1130 665 1163 primaevae
686 1130 830 1164 Ecclesiae,
847 1138 873 1159 et
885 1138 976 1168 poste-

191 1173 295 1200 riorum
313 1179 464 1208 temporum
482 1175 577 1203 Patres
592 1185 683 1204 veram
705 1179 880 1207 ecclesiastici
898 1172 976 1215 panis

191 1221 523 1249 transsubstantiationem
540 1224 716 1257 agnoverint,
734 1229 761 1252 et
775 1226 808 1253 de
823 1227 915 1254 eadem
933 1228 975 1254 in-

189 1266 312 1293 numeris
335 1266 390 1294 l‘ere
412 1267 478 1295 locis
494 1269 664 1303 apertissime
678 1270 762 1298 locuti
787 1272 858 1305 sint;
875 1273 974 1308 quibus

189 1311 297 1346 putidas
315 1312 397 1339 hasce
413 1314 576 1348 scriptorum
598 1315 711 1344 lacinias
738 1319 842 1353 magnis
858 1318 974 1356 Chryso-

188 1357 270 1383 stomi
295 1362 321 1384 et
349 1358 449 1386 Gelasii
478 1361 633 1389 nominibus
663 1362 806 1398 insignitas
835 1365 971 1399 objicere,

187 1403 367 1436 rectioribus,
387 1412 455 1439 quas
468 1405 586 1439 docent,
604 1408 705 1435 critica:
720 1410 819 1444 regulis
845 1411 971 1442 patentis-

186 1448 254 1475 sime
280 1457 430 1485 repugnare
451 1459 531 1479 nemo
552 1461 605 1480 non
632 1454 712 1481 videt.
733 1455 799 1487 Quis
824 1456 895 1483 enim
919 1457 970 1484 sibi

184 1496 346 1530 persuadeat
359 1496 594 1531 Chrysostomum,
610 1500 656 1533 qui
674 1504 713 1527 tot
727 1501 863 1535 tantisque
877 1502 904 1528 in
927 1502 970 1528 lo—

185 1541 226 1568 cis
248 1541 422 1570 eucharistici
449 1544 527 1577 panis
550 1545 741 1572 miraculosam
768 1547 970 1574 transsuhstan-

183 1587 325 1614 tiationem
341 1588 457 1623 ingenue
472 1589 562 1617 fassus
574 1595 624 1622 est,
640 1596 741 1618 mutata
754 1600 825 1619 nunc
837 1594 968 1620 sententia

183 1633 411 1661 heterodoxorum
427 1636 541 1662 sonmiis
556 1636 645 1663 favere
656 1637 726 1671 (42);
747 1642 774 1664 et
789 1639 817 1665 S.
832 1639 968 1666 Gelasium

186 1679 336 1706 Romanum
359 1680 525 1714 pontificem,
541 1682 587 1717 qui
609 1682 636 1708 in
652 1683 766 1716 epistola
785 1684 819 1710 ad
838 1685 969 1720 episcopos

182 1718 339 1757 Dardaniw,
358 1730 387 1753 ut
402 1732 493 1753 monct
507 1726 640 1755 Baronius
656 1728 721 1764 (45),
744 1730 968 1764 augustissimum

182 1767 360 1798 Eucharistiaa
369 1777 581 1803 sacramentum.
591 1781 684 1807 panem
693 1775 737 1809 qui
747 1775 779 1801 de
790 1776 852 1802 coelo
865 1776 968 1803 descen-

180 1815 231 1847 dit,
248 1821 340 1848 vocat,
355 1825 427 1844 nunc
444 1817 553 1844 sibimet
567 1820 753 1848 contradicere
767 1841 773 1852 ,
790 1827 817 1848 et
834 1821 860 1848 in
875 1831 967 1850 sacra-

181 1859 288 1887 tissimo
301 1861 425 1895 corporis
447 1861 548 1889 Christi
567 1864 696 1897 mysterio
716 1865 865 1894 naturalem
889 1869 966 1901 panis

180 1904 362 1932 substantiam
386 1910 450 1940 post
476 1909 691 1936 consecrationis
714 1911 796 1938 verba
815 1919 964 1947 remanere,

179 1951 324 1985 scripsisse
339 1953 390 1980 sibi
406 1955 505 1988 poterit
517 1955 679 1990 imaginari?
694 1956 811 1992 ingenue
827 1959 908 1994 igitur
925 1960 965 1987 l‘a—

178 1997 229 2024 teri
248 2003 353 2032 oportet
379 2007 441 2026 cum
462 2001 622 2029 doctissimo
637 2001 791 2037 Lequicno,
816 2004 963 2040 Epistolam

177 2043 213 2070 ad
225 2043 373 2072 Gaurium
387 2047 544 2074 monachum
556 2050 703 2083 genuinum
717 2052 788 2080 haud
801 2060 861 2081 esse
873 2055 963 2089 magni

176 2089 363 2126 Chrysostomi
381 2091 484 2126 fctum,
505 2095 551 2121 sed
574 2096 697 2130 putidmn
725 2098 881 2133 ﬁgmentum
902 2106 962 2135 post

175 2141 298 2164 exortam
310 2137 428 2165 Nestorii
445 2139 581 2173 haeresim,
597 2142 652 2170 imo
667 2149 728 2178 post
742 2144 962 2175 Chalcedonense

1033 901 1081 922 seu
1112 895 1258 922 accidentia
1284 895 1465 929 intellexisse;
1491 897 1612 932 alioquin
1639 898 1663 924 si
1694 897 1730 924 de
1760 898 1818 924 sub-

1033 940 1132 966 stantia
1147 940 1254 968 locutus
1268 945 1358 973 esset,
1375 949 1431 968 non
1447 942 1537 976 plures
1547 962 1554 974 ,
1570 942 1617 969 scd
1630 942 1743 970 unicam
1760 951 1818 970 esse

1031 991 1121 1011 rerum
1134 989 1257 1011 naturam
1273 985 1444 1014 allirmasset.
1455 987 1586 1022 Corporis
1598 988 1673 1014 enim
1690 988 1816 1015 substan-

1030 1030 1079 1063 tia,
1092 1030 1168 1064 juxta
1191 1031 1312 1066 egregios
1327 1032 1514 1068 philosophos,
1530 1034 1678 1067 unica'est,
1696 1035 1817 1062 acciden-

1031 1076 1066 1102 tia
1081 1083 1148 1103 vero
1161 1084 1208 1103 seu
1222 1078 1326 1112 species
1341 1079 1556 1113 quamplurimas.

1063 1132 1121 1160 XV.
1143 1133 1268 1168 Ejusdem
1284 1135 1366 1162 libelli
1379 1137 1472 1163 incerti
1487 1138 1602 1164 auctoris
1618 1138 1649 1165 de
1666 1139 1787 1166 Arabica

1133 1168 1162 1196 S.
1179 1169 1314 1205 Hippolyti
1328 1171 1386 1198 sede
1401 1173 1529 1198 sententia
1542 1173 1712 1208 expenditur.

1063 1214 1116 1241 Sed
1139 1215 1173 1242 de
1189 1215 1231 1242 his
1258 1216 1404 1250 hactenus;
1432 1226 1503 1249 nunc
1529 1219 1562 1246 ad
1586 1219 1615 1246 S.
1639 1219 1816 1256 Hippolytum

1028 1266 1212 1294 revertamur,
1229 1270 1308 1297 quem
1332 1263 1485 1298 Stephanus
1499 1264 1634 1300 Lemoyne
1648 1266 1719 1302 (45),
1737 1268 1817 1303 hujus

1026 1308 1149 1342 opuseuli
1172 1309 1327 1336 testimonio
1358 1310 1486 1343 innixus,
1513 1310 1629 1338 Arahem
1657 1314 1815 1349 episcopum

1025 1352 1110 1380 fuisse
1134 1354 1253 1388 conjicit.
1279 1355 1316 1382 En
1334 1355 1476 1390 ipsiusmet
1500 1358 1604 1393 antiqui
1620 1360 1770 1394 scriptoris
1791 1362 1817 1388 in

1024 1399 1135 1434 praefato
1149 1401 1280 1434 opusculo
1301 1404 1398 1430 verba:
1420 1413 1429 1428 ί
1449 1403 1476 1431 S.
1499 1403 1633 1440 Hippolyti
1650 1407 1776 1442 episcopi
1792 1413 1817 1435 et

1024 1447 1151 1481 martyris
1164 1447 1282 1474 Arabum
1296 1449 1454 1484 metropolis
1465 1451 1491 1476 in
1506 1450 1633 1478 Memoria
1644 1453 1789 1480 Iueresum.
1805 1464 1814 1479 ι

1024 1490 1175 1526 Perpendat
1191 1493 1273 1528 igitur
1296 1494 1380 1522 lector
1403 1503 1467 1522 num
1485 1497 1536 1524 hoc
1560 1499 1751 1527 testimonium
1765 1521 1772 1532 ,
1790 1501 1816 1527 in

1024 1545 1087 1572 quo,
1103 1543 1131 1565 ut
1146 1545 1217 1567 recte
1228 1539 1415 1569 Tillemontius
1429 1542 1484 1577 (46)
1498 1545 1613 1577 monuit,
1628 1548 1817 1578 grammatica

1021 1584 1092 1618 leges
1117 1585 1325 1620 desiderantur,
1361 1593 1400 1615 tot
1433 1589 1621 1619 disertissimis
1648 1592 1815 1625 Prudentii,

1020 1631 1141 1665 Leontii,
1164 1633 1317 1666 Anastasii,
1339 1635 1508 1670 aliorumque
1526 1638 1692 1666 testimoniis
1712 1640 1816 1668 antefe-

1019 1678 1131 1704 rendtnn
1149 1679 1193 1711 sit,
1209 1680 1254 1714 qui
1271 1688 1317 1714 per
1339 1681 1413 1708 mille
1429 1686 1455 1709 et
1474 1683 1637 1718 quingentos
1653 1684 1714 1712 fere
1728 1694 1816 1714 annos

1019 1721 1048 1750 S.
1067 1723 1239 1761 Hippolytum
1257 1725 1408 1754 Romanum
1429 1729 1469 1755 vel
1492 1729 1590 1757 Portus
1611 1730 1736 1759 Romani
1756 1734 1815 1768 epi-

1018 1775 1129 1803 scopum
1144 1770 1228 1798 fuisse
1248 1773 1469 1801 constantissime
1492 1775 1675 1808 tradiderunt,
1700 1785 1816 1806 omnes-

1017 1823 1071 1850 que
1085 1816 1135 1843 hos
1150 1817 1322 1846 doctissimos
1338 1819 1409 1847 viros
1427 1821 1539 1856 turpiter
1564 1822 1753 1853 hallucinatos
1781 1826 1816 1854 sit

1017 1862 1197 1896 credendum,
1226 1869 1253 1891 et
1279 1865 1367 1892 solum
1393 1871 1530 1895 auctorem
1557 1870 1637 1897 toties
1664 1873 1814 1899 memorati

1016 1907 1099 1935 libelli
1123 1910 1249 1938 omnibus
1270 1911 1344 1939 hisce
1367 1912 1514 1941 beatiorem
1543 1919 1570 1942 et
1595 1915 1813 1945 fortunatiorem

1015 1954 1162 1987 exstitisse,
1189 1961 1280 1991 utpote
1305 1958 1348 1984 cui
1373 1959 1424 1986 soli
1448 1960 1539 1987 datum
1562 1961 1644 1989 fuerit
1666 1971 1765 1991 veram
1783 1964 1812 1991 S.

1015 1998 1150 2036 Hippolyti
1164 2002 1254 2029 sedem
1272 2003 1333 2031 aliis
1351 2005 1471 2039 ignotam
1488 2007 1619 2035 nancisci.
1636 2008 1690 2036 Sed
1709 2019 1726 2037 a
1745 2011 1813 2038 viris

1014 2047 1127 2074 eruditis
1146 2048 1202 2082 qui,
1222 2049 1351 2084 neglectis
1374 2050 1412 2078 ιόι
1435 2053 1610 2087 antiquorum
1625 2056 1811 2089 testimoniis.

1014 2091 1078 2119 huic
1104 2094 1235 2128 opusculo
1261 2096 1392 2131 integram
1415 2097 1493 2125 ﬁdem
1518 2101 1657 2134 praebent,
1687 2104 1812 2138 petimus

1013 2138 1142 2172 quidnam
1157 2140 1208 2167 sibi
1223 2141 1287 2168 velit
1300 2142 1357 2170 hinc
1373 2143 1479 2170 dicendi
1493 2146 1578 2173 ratio:
1602 2156 1612 2172 ι
1630 2146 1765 2184 Episcopi
1784 2155 1812 2177 et.

175 2183 338 2216 concilium,
355 2185 389 2211 ab
406 2185 532 2218 imperito
557 2187 690 2215 nebulone
704 2191 914 2226 concinnatum;
934 2200 953 2221 el

1051 2185 1141 2220 trlyris
1162 2187 1282 2214 Arabum
1298 2190 1463 2224 metropolis.
1487 2200 1497 2216 ›
1522 2191 1624 2219 Forsan
1642 2195 1719 2228 quod
1739 2183 1810 2231 llip-

175 2230 337 2262 opusculum
354 2230 392 2257 De
406 2231 509 2258 duabus
527 2234 631 2260 naturis
647 2235 717 2262 inter
732 2236 842 2265 indubia
861 2238 888 2265 S.
908 2238 960 2266 Ge-

175 2272 237 2301 lasii
258 2283 334 2309 papa:
359 2284 441 2311 opera
466 2285 638 2314 nequaquam
660 2288 720 2308 esse
743 2285 958 2318 numerandum,

176 2386 298 2424 modis.
319 2387 426 2424 Gelasio
443 2395 518 2422 papa:
537 2389 707 2418 tribuendum
726 2401 785 2420 esse
809 2396 954 2424 contendit.

212 2421 449 2466 (582néd‘dictuni
473 2421 572 2451 annum
590 2426 659 2458 496,
677 2436 753 2455 num.
777 2429 811 2456 12
827 2421 852 2457 et

175 2464 237 2492 pag.
253 2457 305 2492 598
319 2462 346 2484 et
361 2466 435 2492 seqq.

210 2492 266 2558 $59)
287 2491 368 2518 Citat.
382 2491 448 2519 tom.
461 2493 503 2533 ill.
520 2503 580 2536 pag.
596 2496 688 2538 25l-et
703 2506 779 2534 seqq.

222 2526 313 2555 άοηιε
328 2536 441 2554 sacrant.
457 2528 618 2558 httc/turtst..
639 2533 685 2558 hl).
701 2541 730 2558 tl.
743 2543 767 2558 c.

222 2526 313 2555 ιιωηε
328 2526 618 2567 sacram.»Eure/imis“
639 2533 685 2560 lib.
701 2541 730 2567 tl,
742 2526 826 2566 ‘cl727,
840 2540 905 2563 tom.
921 2535 955 2563 Ill

175 2560 305 2597 Operunt.
327 2569 387 2596 pag.
401 2563 453 2590 ‘259
470 2566 534 2592 edit.
553 2560 659 2594 Veneta:
674 2560 738 2597 ami.
750 2560 832 2596 71721..

211 2596 269 2638 (μὶ
288 2597 316 2638 Π)
336 2598 406 2625 notis
423 2598 457 2626 ad
479 2600 575 2638 lih._tv
593 2603 621 2628 S.
646 2596 758 2631 Joannis
779 2605 952 2638 Damasceni.

175 2635 243 2676 palm.
258 2631 414 2676 'lLOperum,
428 2642 491 2675 cap:
504 2636 598 2676 ίβλιρε
613 2637 663 2668 ﬁde
680 2631 953 2676 art/(adoras;

175 2665 417 2704 edit._l’at‘isietisis
429 2665 492 2696 an'ni
510 2665 589 2704 1712,
606 2665 670 2699 nota
687 2674 713 2700 2.

211 2700 270 2740 μῆ)
284 2700 406 2742 Legenda
419 2704 572 2742 dissertatio
583 2700 666 2734 'tertia
678 2709 798 2742 ejusdem
813 2709 952 2740 Michaelis

176 2733 294 2781 Eeqt‘tien
311 2733 344 2776 de
366 2739 477 2781 epistola
498 2741 531 2766 ad
547 2733 952 2781 pwsartuni'iiipiiE/tutiifXd;

177 2769 208 2795 S.
227 2768 346 2812 iloann‘is
369 2768 553 2812 Chrysostomi
575 2778 683 2805 nomine

177 2811 230 2840 qua
256 2806 285 2834 S.
314 2805 444 2837 Joannem
479 2810 700 2850 Chrysostomum
729 2805 950 2854 maestitia;

1011 2230 1100 2265 polyto
1114 2233 1271 2267 metropolis
1294 2234 1400 2262 Arabiae
1416 2236 1502 2270 patria
1523 2237 1622 2265 fuerit?
1639 2239 1668 2266 Si
1688 2241 1750 2269 lucc
1768 2230 1811 2268 in-

1011 2276 1106 2312 telligit
1119 2282 1230 2313 auctor,
1247 2279 1374 2308 libentius
1389 2283 1545 2317 credemus;
1566 2286 1694 2320 quamvis
1712 2289 1809 2316 nullus

1008 2403 1148 2441 auctorem
1165 2401 1276 2429 minime
1288 2410 1351 2441 esse
1365 2405 1478 2433 miriﬁce
1494 2407 1628 2441 ostendit,
1644 2413 1672 2436 et
1687 2415 1806 2438 senten-

1009 2434 1067 2476 tias.
1087 2435 1119 2474 _in
1151 2444 1181 2476 ea
1208 2438 1320 2476 reperiri
1346 2447 1406 2476 quae
1433 2442 1468 2467 ah
1492 2434 1628 2476 ejusdem,

1007 2469 1131 2496 doctrina
1147 2469 1321 2500 dissentiunt.
1346 2469 1441 2503 Exstat
1465 2476 1492 2503 in
1506 2469 1584 2505 citat.
1602 2469 1676 2506 toni.
1694 2469 1806 2516 Ι-ὀῇιζ

1007 2511 1083 2534 rum.
1104 2513 1165 2534 patr.
1184 2507 1228 2534 48.

1006 2511 1067 2530 rum
1077 2525 1083 2534 .
1104 2513 1165 2534 patr.
1184 2508 1228 2534 48.

1140 2514 1155 2525 Π

1042 2513 1272 2601 ἑῗὶὲζριῗῧίΰέίωη
1287 2551 1386 2572 annum
1399 2545 1462 2575 496.
1489 2555 1565 2575 num.
1581 2548 1615 2576 l5
1628 2570 1635 2582 ,
1653 2558 1716 2585 pag.
1735 2552 1802 2583 598.

1042 2582 1072 2601 tt.
1101 2575 1145 2601 ἸΙΙ
1161 2577 1261 2601 citato.
1287 2579 1331 2601 ubi
1355 2581 1410 2601 tum
1434 2581 1532 2601 ηριιιείῑ
1550 2585 1630 2601 ι-ομιυι
1659 2586 1771 2601 ι,.,.;.....Δ
1793 2597 1800 2601 .

1005 2578 1072 2621 ιοῃξἱ
1088 2575 1145 2621 Vlll
1161 2577 1242 2617 citato
1253 2579 1331 2621 ,“ubi
1348 2581 1410 2620 haec
1434 2581 1532 2621 Gelasii
1550 2575 1635 2611 verba
1655 2575 1800 2621 legium}?

1008 2608 1071 2654 tLlrJt
1092 2611 1225 2654 saluta-ris.
1243 2608 1372 2654 alimonia
1396 2617 1473 2650 panis
1487 2608 1803 2654 Villiuszﬂq‘uiwdlemeze—lo

1004 2644 1154 2692 descendit,
1165 2647 1257 2675 ﬁdeles
1275 2648 1347 2677 hunc.
1359 2644 1498 2679 sumentes
1513 2653 1546 2680 ad
1560 2644 1803 2692 vitam-perducat:

1003 2683 1144 2708 internum.
1163 2691 1172 2707 ι

1114 2715 1193 2759 Tom.
1259 2717 1530 2759 Bibligtlt_.__Patrum,
1546 2732 1573 2759 ι).
1587 2725 1653 2753 565.

1114 2752 1148 2796 in,
1156 2752 1271 2796 diatriba
1284 2754 1316 2781 de
1328 2755 1356 2796 S_.
1374 2751 1733 2796 Hippolyto'locoistiperius
1750 2764 1802 2792 cit.

1001 2786 1094 2848 “(240)
1114 2786 1181 2816 Note
1195 2787 1226 2821 2,
1249 2796 1297 2817 sur
1313 2790 1384 2819 saint
1401 2786 1555 2829 Hippolyte,
1578 2786 1653 2826 toni.r
