1857 3051
181 100 213 129 σι
218 101 231 128 1

571 100 614 127 DE
633 98 831 128 PORTUENSI
853 100 882 126 5.
903 96 1085 125 Ηιρροιῑτι
1107 96 1204 125 SEDE.
1222 111 1256 118 —-
1277 96 1368 123 PARS
1386 95 1419 123 ll.
1761 95 1804 122 5H

182 168 298 196 quaeque
307 161 478 196 postmodum
493 168 525 187 ex
535 159 641 187 Arabire
653 160 791 195 provincia
808 160 912 191 avulsa,
925 158 976 186 Pa-
991 161 1012 189 Α
1027 159 1138 186 dianum
1159 158 1356 193 aliquantulum
1382 156 1474 184 forsan
1498 155 1581 189 vixit,
1607 155 1635 182 in
1656 154 1804 190 episcopatu

182 206 294 233 hestinac
325 206 411 232 tertiae
440 212 501 231 cum
537 205 675 232 nonnullis
702 205 814 232 sedibus
844 204 971 238 adjuncta

183 249 236 277 fuit
254 250 321 286 (56).
339 249 437 277 Civiles
453 257 516 276 vero
533 249 696 284 metropoles
719 250 745 276 in
763 249 860 276 Arabia
876 256 972 283 (luam-

184 285 274 331 plures
287 297 458 327 exstiterunt,
472 303 540 330 quas
559 300 710 323 memorant
733 295 840 328 Strabo,
855 294 970 326 Plinius,

184 342 391 377 Philostorgins,
406 342 548 373 Arrianus,
573 342 684 376 antiqua
708 341 786 368 Orbis
799 341 939 375 descriptio
956 349 970 368 a

184 386 350 414 Gothofredo
369 387 396 413 in
422 387 509 414 lucem
531 387 630 414 emissa
652 386 720 420 (57).
746 385 860 413 lstarum
881 391 970 412 tamen

182 433 301 467 episcopi
314 433 516 467 antiquissimis
527 432 602 459 hisce
618 432 784 466 temporibus
800 432 826 459 in
843 431 972 459 ecclesia-

182 479 259 507 sticis
272 479 372 506 tabulis
387 486 522 514 nusquam
538 482 687 506 occurrunt
701 478 769 512 (58).

234 537 304 564 XV‘I.
325 537 438 569 Bostra,
458 543 572 571 tempore
586 537 614 564 δ.
635 537 789 571 Hippolyti.
815 537 921 565 Arabia

305 573 467 607 metropolis.
484 573 619 607 episcopus
634 577 691 599 erat
711 572 844 608 Beryllus.

217 618 321 646 Bostrze
336 626 402 646 vero
425 619 524 653 przcsul
550 618 600 646 fuit
620 618 752 654 Bcryllus,
778 627 858 653 quem
885 627 973 654 usque

182 664 216 691 ad
233 664 363 691 Gordiani
380 669 500 699 tempora
514 664 598 691 vitam
618 664 776 698 perduvisse
803 669 917 691 testatur
941 664 970 691 S.

183 709 365 746 Hieronymus
379 710 453 745 (59),
470 718 525 745 quo
542 710 571 736 ﬁt
588 714 617 736 ut
635 710 663 736 S.
681 709 850 746 Hippolytus,
871 710 918 745 qui
941 710 971 737 S.

183 755 278 783 lrenzri
302 756 452 790 discipulus
473 755 541 789 fuit,
557 755 692 783 Bostrcnsi
712 755 838 783 Ecclesia:
857 764 973 791 praeesse

182 800 344 835 nequiverit.
361 800 478 828 lremeus
489 809 550 828 cum
563 801 589 835 in
601 800 746 828 Occidente
759 801 897 828 meliorent
912 801 973 828 vita:

182 853 239 874 sua:
253 851 355 881 partem
371 847 557 882 transegisset,
575 854 647 873 anno
660 846 760 874 Christi
775 846 827 874 203
838 847 909 882 (60),
919 855 973 882 quo

182 897 304 927 tempore
324 891 417 919 forsan
435 892 556 927 Beryllus
571 892 692 919 nondum
705 887 878 920 Bostrcnsem
897 901 973 928 rege-

181 937 228 965 bat
240 937 399 971 Ecelesiam,
413 938 542 973 martyrio
552 943 594 965 est
606 942 762 965 coronatus.
780 937 894 972 Ideoque
909 943 973 967 tunc

181 977 312 1017 temporis
328 990 382 1010 non
397 983 424 1010 in
438 982 558 1014 Oriente,
575 983 621 1010 sed
639 984 664 1010 in
680 983 825 1011 Occidente
840 983 972 1020 Hippoly-

182 1033 239 1055 tum
260 1028 345 1056 fuisse
363 1029 596 1056 verosimillimum
614 1029 693 1057 nobis
708 1030 824 1057 videtur.
848 1029 972 1065 Bcryllus

181 1080 246 1100 vero
262 1081 333 1100 anno
354 1073 456 1101 Christi
478 1073 530 1100 258
541 1094 548 1105 ,
565 1081 637 1108 quo,
655 1081 747 1101 mense
763 1074 864 1101 scilicet
888 1073 971 1106 Julio,

181 1119 335 1146 Gordianus
360 1119 465 1153 imperii
489 1127 623 1146 summam
648 1120 771 1154 accepit,
797 1119 971 1147 Bostrenscm

181 1163 328 1192 Ecclesiam
353 1165 538 1199 gubernabat;
563 1165 662 1192 ctenim
682 1165 734 1192 hoc
756 1173 828 1192 anno
843 1165 972 1200 Origenes

181 1210 216 1237 ab
229 1210 363 1245 episcopis
379 1211 484 1238 Arabiae
502 1210 611 1238 Petraea:
624 1216 744 1246 rogatus,
761 1211 788 1238 in
802 1212 929 1239 Arabiam
943 1220 973 1240 se

181 1256 306 1290 contulit,
319 1257 409 1292 ibique
425 1257 558 1292 Beryllum
573 1258 599 1284 in
617 1257 739 1285 haeresim
757 1258 861 1293 lapsum
879 1259 971 1285 ortho-

181 1301 259 1329 doxae
274 1301 334 1329 ﬁdei
356 1303 415 1330 lucc
439 1302 601 1330 illuminavit
615 1304 680 1338 (Gl).
706 1303 859 1331 Gordianus
880 1304 972 1339 Augu-

181 1352 249 1381 stus,
263 1348 313 1375 sub
323 1357 377 1383 quo
391 1349 456 1376 vixit
469 1349 599 1385 Bcryllus,
616 1358 701 1384 usque
711 1351 744 1376 ad
757 1358 857 1376 annum
869 1350 971 1377 Christi

181 1393 235 1421 2M
261 1393 386 1421 Romano
411 1394 518 1429 praefuit
542 1395 656 1429 imperio
679 1395 744 1429 (6‘2).
772 1395 841 1422 llinc
866 1396 987 1422 veritati’

168 1447 332 1471 consonum
357 1441 470 1468 minitnc
491 1441 596 1468 videtur
619 1441 646 1469 S.
672 1441 863 1477 Hippolytum,
890 1450 971 1476 quem

181 1493 253 1513 anno
266 1486 320 1513 252
333 1487 464 1522 martyrio
486 1493 644 1514 coronatum
669 1495 731 1515 cum
755 1487 898 1514 Ruinartio
915 1487 971 1523 (63)

181 1532 353 1566 conjicimus,
369 1537 423 1558 tam
434 1541 516 1566 parvo
529 1541 662 1560 annorutn
679 1534 765 1568 spatio
777 1541 807 1560 ex
824 1532 970 1560 Occidente

182 1577 209 1604 iri
224 1577 361 1604 Orientem
378 1578 578 1611 transfretasse,
595 1583 621 1605 et
635 1578 752 1612 Bcryllo,
772 1579 817 1613 qui
831 1583 891 1613 post
903 1578 970 1605 Gor-

181 1639 286 1662 tantum
305 1640 428 1669 excepto,
445 1643 525 1669 quem
543 1635 658 1669 alicujus
679 1636 730 1662 loci
751 1635 902 1664 Palaestina:
919 1637 970 1664 sibi

183 1669 265 1704 ignoti
278 1670 433 1704 episcopum
454 1670 538 1706 fuisse
551 1675 636 1704 putat.
662 1669 822 1706 Vitleretiam
836 1680 862 1706 p.
877 1672 928 1698 ’ἰτὶὲ
945 1678 971 1699 et

183 1712 260 1741 seqq.
275 1709 342 1731 tom.
358 1705 445 1741 ejusd.
461 1705 503 1736 111,
520 1705 565 1731 ubi
578 1706 675 1740 longus
687 1706 719 1732 de
730 1705 812 1741 Petra
829 1705 970 1741 metropoli

181 1739 297 1773 ejusque
312 1740 425 1766 ecclesia
442 1748 532 1767 sermo
550 1739 710 1768 instituitur.
728 1740 790 1768 Hzec
807 1739 924 1768 Adriumi
937 1743 971 1769 ab

183 1774 305 1800 Adriano
326 1775 486 1809 imperatore
503 1776 574 1802 dicta
591 1776 658 1806 fuit.
677 1780 704 1802 et
721 1777 747 1803 in
763 1777 883 1804 numlnis
900 1783 972 1804 vete-

183 1809 260 1846 ribus
273 1810 419 1846 reperitur,
435 1811 584 1836 AAPIANH
598 1811 711 1839 llETPA
731 1812 969 1846 ΜΗΤΡΟΠΟΛΙΣς

184 1843 256 1878 quod
271 1843 449 1872 conﬁrmatur
462 1846 543 1872 etiam
559 1853 592 1872 ex
610 1846 703 1873 Dionis
715 1846 801 1874 Cassii
811 1843 968 1874 testimonio

183 1879 255 1913 apud
274 1879 362 1914 ipsum
377 1880 495 1914 Lequicn
512 1881 563 1908 loc.
577 1880 640 1913 cit.,
656 1889 716 1915 pag.
734 1881 796 1909 723.
811 1883 888 1914 Quod
905 1887 972 1910 tem-

185 1921 250 1948 pore
263 1915 370 1941 concilii
393 1915 623 1943 Chalcedonensis
646 1915 723 1942 Petra
744 1925 796 1944 non
818 1918 899 1944 fuerit
916 1926 972 1944 Ine-

187 1949 302 1986 tropolis
317 1950 432 1986 Arabiae,
454 1959 487 1977 ex
512 1958 545 1978 eo
560 1955 686 1984 constat,
709 1952 772 1986 quia
790 1960 924 1986 nusquam
945 1953 972 1980 in

183 1984 259 2020 Actis
278 1985 341 2011 dicti
356 1986 465 2013 concilii
486 1987 642 2020 metropolis
659 1984 826 2014 nominatur.
847 1984 972 2015 Bostram

183 2024 211 2046 et
223 2019 436 2057 Philadelphiam
454 2019 615 2055 metropoles
628 2022 714 2048 dictas
734 2023 848 2057 legimus
866 2023 973 2050 actione

185 2061 193 2081 Ι
211 2055 333 2089 eiusdem
350 2056 579 2083 (llialcedonensis
597 2057 704 2083 concilii
721 2057 746 2083 in
761 2055 831 2084 tom.
846 2057 878 2084 IV
891 2058 970 2085 Conc.

184 2097 245 2124 pag.
263 2090 312 2117 851
324 2091 389 2117 edit.
403 2090 509 2117 Veneta:
520 2091 604 2118 1728:
623 2101 632 2116 ε
647 2091 824 2119 Constantino
837 2092 974 2120 Bostrenae

184 2125 304 2163 ἕψω-18.
315 2126 473 2163 metropolis
488 2125 608 2163 Arabiae;
624 2136 632 2152 ι
645 2131 674 2163 cl
685 2134 746 2162 pag.
762 2128 828 2155 855:
839 2137 847 2153 ι
861 2128 973 2163 Eulogio

185 2159 379 2194 Philadelphia!
395 2159 552 2195 metropolis
569 2159 693 2188 Arabize:
706 2172 715 2187 ι

221 2196 287 2231 (56)”
299 2195 569 2233 Ιιεὲςῃάιιεᾼϋρτοιυς
584 2204 599 2222 a
615 2197 643 2222 S.
659 2196 743 2224 Paulo
763 2197 908 2233 Geograph.
928 2207 973 2225 sa-

184 2230 501 2292 ενιῖὲῖίῖηἶῖίὲἓῗηιῗεόἶζί

221 2266 277 2300 (57)
302 2265 438 2293 Videudus
455 2265 575 2301 Lequien
593 2267 676 2294 citato
692 2273 758 2294 tom.
775 2267 823 2301 lll,
841 2276 901 2304 pag.
925 2268 975 2295 72⁸2

229 2309 299 2327 seua.
317 2305 343 2327 et
363 2301 442 2327 l30ti.

184 2305 211 2328 et
229 2309 299 2328 seua.
317 2305 343 2327 et
363 2301 442 2327 l30ti.

229 2309 299 2336 seqq.
317 2309 343 2327 et
363 2309 442 2327 ιουυ.

221 2335 277 2369 (58)
297 2335 517 2373 Idem-Leqnien
537 2337 619 2364 citato
645 2343 712 2364 tom.
749 2337 791 2370 lll,
818 2345 880 2373 pag.
911 2338 973 2371 725,

184 2375 310 2408 numerat
325 2371 563 2408 prsgsulcsPctrm,
575 2381 686 2407 nempe:
698 2371 898 2408 Asterium,qui
913 2382 974 2401 cum

185 2405 344 2432 adhasisset
362 2405 525 2434 Euscbianis
548 2405 848 2441 contra—Athanasium,
861 2405 973 2436 tandem

186 2441 213 2467 in
230 2441 346 2467 concilio
366 2441 519 2468 Sardicensi
534 2450 605 2468 anno
623 2443 673 2469 547
691 2444 724 2470 ab
740 2444 772 2470 iis
788 2444 928 2476 discessit,
949 2449 976 2470 ct

187 2475 337 2513 sententiae,
348 2484 441 2513 quam
458 2484 506 2510 pro
519 2477 668 2513 Athanasio
689 2486 720 2505 ac
741 2479 844 2505 exteris
859 2479 976 2513 praesuli-

187 2510 239 2547 bus
257 2511 416 2547 orthodoxis
438 2512 556 2547 tulerunt
574 2512 748 2540 Sardicenscs
773 2510 866 2541 Patres
880 2534 886 2545 ,
903 2521 975 2547 _cum

187 2545 248 2582 aliis
272 2545 447 2582 subscripsit;
466 2545 607 2580 Joannem,
632 2549 676 2582 qui
695 2557 767 2575 anno
785 2549 836 2575 457
852 2545 974 2576 eamdem

186 2579 337 2617 Ecclesia“)
359 2579 542 2617 gubernabat;
569 2579 750 2613 Theodorum,
767 2584 813 2617 qui
827 2592 899 2610 anno
918 2585 970 2610 556

186 2616 292 2654 synodo
303 2616 383 2654 trium
395 2616 597 2654 l’altestinarum
610 2616 976 2654 Hierosolymiscoagrcgatze

187 2651 318 2688 adversus
343 2650 501 2688 Anthimum
523 2654 645 2688 aliosque
669 2650 808 2680 haereticos
824 2674 830 2684 ,
861 2650 975 2688 prtevsitlc

186 2684 266 2724 Petro
282 2687 443 2724 patriarcha,
463 2684 639 2724 interl'uitu'ct
657 2689 818 2724 subscripsit
841 2684 975 2724 Θὲόδωρος

186 2720 457 2758 ὲπζσχοπρςᾘετρῶν
484 2723 560 2756 (tom.
582 2722 602 2748 V
620 2722 741 2756 Concil.,
766 2720 827 2758 pag.
846 2725 913 2751 126'.)
927 2720 973 2751 cit.

188 2756 265 2793 edit.)
276 2764 287 2793 ;_
300 2756 513 2793 Athenogencm,
530 2758 602 2785 circa
618 2759 698 2784 liuent
714 2756 858 2790 seculi—v1,
874 2760 906 2786 de
921 2767 976 2793 quo

188 2790 265 2830 plura
281 2791 361 2830 habet
370 2790 470 2830 citatus
481 2791 600 2830 Lequicn
616 2793 667 2820 loc.
683 2793 741 2830 cit.,
756 2801 818 2829 pag.
834 2794 894 2821 726.
914 2790 976 2821 illit-

188 2827 269 2854 timus
285 2827 352 2856 alios
370 2827 598 2867 recentioris’aevi
617 2829 753 2862 praesules,
768 2827 803 2855 (1ιῖ
817 2830 915 2865 quibus
939 2831 975 2857 le-

1026 204 1205 237 successisse;
1222 211 1253 231 ac
1267 204 1356 231 denuo
1369 202 1482 230 Romam
1497 203 1639 238 migrasse.
1654 207 1681 230 et
1695 202 1722 229 in
1733 201 1805 229 Porta

1024 250 1147 278 Romano
1164 250 1286 285 martyrii
1302 250 1418 285 palmam
1435 249 1519 276 fuisse
1535 252 1725 276 consecutum.
1741 247 1805 281 Qua-

1023 301 1133 331 propter
1158 295 1319 331 Hippolytus
1342 295 1498 323 Bostrcnsis
1517 294 1646 322 Ecclesia:
1668 293 1805 328 episcopus

1023 349 1078 368 non
1103 341 1164 375 fuit,
1181 349 1232 369 nec
1248 342 1300 369 alia
1317 349 1436 377 unquam
1453 345 1520 368 tunc
1542 339 1674 375 temporis
1697 339 1724 366 in
1746 339 1806 366 Ara-

1023 387 1066 414 bia
1078 407 1085 419 ,
1104 392 1202 422 praeter
1218 386 1341 414 Bostram
1353 406 1360 418 ,
1378 386 1563 414 ecclesiastica
1588 384 1695 412 exstitit
1716 389 1806 410 metro-

1022 432 1092 467 polis
1109 433 1153 459 cui
1168 432 1226 467 ipse
1242 439 1358 467 prmcssc
1379 432 1515 466 potuerit:
1541 431 1656 465 ideoque
1677 435 1751 457 recte
1768 429 1807 455 tir-

1023 477 1092 504 mari
1119 485 1201 512 posse
1224 479 1303 504 nobis
1327 478 1474 504 suademus
1498 484 1545 504 eos
1566 476 1683 512 turpiter
1702 475 1807 503 halluci-

1022 530 1100 550 natos
1111 523 1167 557 qui,
1190 523 1271 551 unico
1292 523 1393 550 laudati
1410 523 1533 557 opusculi
1556 522 1729 553 testimonio,
1749 522 1807 556 Hip-

1023 568 1142 602 polytum
1160 567 1267 594 Arabize
1279 568 1516 602 metropolitanum
1531 567 1615 595 fuisse
1627 568 1806 595 crediderunt.

1023 623 1103 650 XVII.
1128 625 1226 649 Auctor
1241 623 1357 657 ejusdem
1380 623 1462 650 libelli
1484 623 1514 650 de
1536 623 1638 651 duabus
1655 623 1760 650 naturis
1780 631 1808 649 ex

1058 658 1126 685 male
1147 658 1278 685 intellectu
1302 657 1388 692 Rufini
1410 659 1526 685 versione
1546 659 1670 692 deceptus
1694 657 1722 685 S.
1747 657 1809 692 Ilip-

1057 694 1173 728 polytum
1189 694 1419 728 metropolitanum
1436 694 1541 721 Arabia:
1557 694 1713 720 nominavit.

1059 749 1127 777 llinc
1150 750 1253 785 optitno
1275 751 1384 786 quidem
1401 750 1461 785 jure
1478 749 1613 778 amrmare
1627 755 1735 785 oportet
1752 758 1810 777 cum

1023 795 1128 823 Joanne
1144 794 1267 830 Baptista
1279 795 1414 823 Cotelerio
1427 795 1499 830 (64),
1515 801 1654 824 auctorem
1674 796 1758 823 libelli
1778 795 1811 823 De

989 841 1010 868 Β
1023 842 1124 869 duabus
1144 843 1257 874 naturis,
1279 843 1327 878 qui
1343 843 1371 870 S.
1389 842 1561 878 Hippolytum
1582 842 1691 869 Arabiae
1713 847 1812 869 metro~

1024 888 1172 922 politanum
1193 888 1318 921 credidit,
1339 896 1372 915 ex
1393 888 1464 915 male
1482 888 1617 915 intellecta
1640 887 1733 915 Ruﬁni
1757 896 1813 915 ver-

1024 935 1101 962 sione
1123 934 1208 962 l'uisse
1223 934 1376 969 deceptum,
1392 934 1464 969 quod
1478 934 1587 969 quidem
1603 934 1745 969 przestanti
1759 934 1814 961 viro

1021 981 1081 1016 jure
1095 981 1246 1015 meritoque
1264 981 1395 1008 suboluit.
1422 980 1511 1008 Rulini
1527 981 1598 1008 enim
1619 980 1713 1008 versio
1734 981 1773 1008 ita
1789 989 1815 1008 se

1024 1026 1121 1053 habet:
1137 1035 1145 1051 ι
1165 1025 1230 1053 Erat
1248 1030 1338 1053 autem
1355 1027 1424 1052 intcr
1444 1031 1557 1054 carteros
1570 1030 1596 1053 et
1610 1025 1736 1062 Beryllus
1751 1026 1815 1053 scri-

1024 1077 1131 1108 ptorum
1158 1073 1330 1107 praecipuus,
1358 1073 1404 1107 qui
1428 1077 1455 1099 et
1475 1073 1533 1107 ipse
1552 1073 1661 1100 diversa
1684 1074 1815 1107 opuscula

1024 1118 1142 1153 reliquit.
1168 1117 1318 1152 Episcopus
1342 1118 1386 1145 hic
1404 1118 1453 1145 fuit
1476 1118 1546 1152 apud
1563 1117 1690 1145 Bostram
1712 1120 1817 1146 Arabia:

1024 1165 1119 1192 urbem
1136 1164 1283 1191 maximam
1297 1172 1304 1197 ;
1328 1168 1387 1191 erat
1403 1164 1582 1191 nihilominus
1603 1169 1629 1191 et
1645 1164 1817 1200 Hippolytus,

1023 1210 1070 1245 qui
1094 1215 1121 1237 et
1145 1210 1202 1244 ipse
1218 1210 1357 1244 aliquanta
1372 1210 1471 1244 scripta
1490 1210 1611 1245 reliquit,
1626 1211 1788 1246 episcopus.
1807 1220 1814 1236 )

1024 1255 1061 1282 Ex
1080 1256 1179 1290 quibus
1201 1255 1344 1290 postremis
1368 1256 1457 1283 verbis
1474 1251 1573 1283 factum
1596 1261 1653 1289 est,
1673 1260 1715 1287 ut.
1734 1257 1818 1291 inquit

1023 1301 1186 1333 Cotclerins,
1203 1311 1212 1327 ι
1234 1302 1307 1337 quod
1325 1302 1529 1336 intelligendum
1547 1307 1605 1329 erat
1623 1302 1657 1329 de
1674 1302 1819 1338 llipp0lyto

1023 1347 1123 1382 pariter
1140 1349 1278 1383 episcopo,
1301 1352 1440 1383 acceptum
1459 1348 1539 1375 fuerit
1556 1356 1571 1375 a
1582 1348 1693 1376 Gelasio
1705 1349 1740 1376 de
1756 1350 1819 1383 Hip~

1023 1395 1114 1429 polyto
1130 1394 1231 1429 pariter
1247 1394 1456 1428 metropolitano
1472 1394 1604 1421 Arabum.
1627 1404 1636 1420 ι
1655 1394 1747 1427 Quam
1770 1395 1820 1421 Co-

1024 1440 1109 1467 telcrii
1123 1440 1308 1475 conjecturam
1322 1439 1555 1466 verosimillimant
1573 1447 1633 1466 esse
1652 1448 1736 1467 nemo
1756 1447 1820 1474 pru-

1023 1488 1091 1515 dens
1120 1487 1263 1514 dubitabit.
1301 1486 1377 1514 llanc
1405 1486 1529 1521 probavit
1561 1484 1681 1513 Iacobus
1717 1486 1822 1514 Basna-

1021 1534 1081 1569 gius
1103 1534 1159 1568 (63)
1183 1533 1209 1560 in
1238 1532 1519 1559 Animadversionibus
1539 1534 1570 1558 de
1595 1532 1661 1562 vita,
1685 1537 1774 1558 morte
1799 1538 1823 1559 α

1021 1580 1125 1614 scriptis
1137 1578 1165 1606 S.
1182 1578 1330 1614 Hippolyti,
1344 1578 1425 1604 tacito
1441 1583 1531 1604 tamen
1545 1576 1676 1604 Cotclerii
1695 1577 1822 1607 nomine.

1021 1637 1124 1671 gerulus
1142 1637 1211 1663 itlcm
1233 1635 1352 1671 Leqnicn
1375 1635 1426 1661 loc.
1446 1635 1508 1667 cil.,
1534 1633 1667 1671 pag.r7‘27
1692 1634 1822 1671 σει-1506.

1021 1669 1099 1699 Circa
1115 1679 1177 1697 vero
1197 1671 1226 1697 S.
1248 1670 1382 1705 llippolyti
1401 1676 1522 1704 tempora
1548 1670 1653 1705 nullum
1678 1669 1822 1704 archiepi-

1022 1715 1134 1740 scopum
1153 1707 1233 1740 hujus
1245 1704 1371 1732 Ecclesiae
1386 1706 1503 1740 rcpcrire
1519 1704 1667 1738 potuimus.

1058 1738 1112 1777 (59)
1134 1743 1162 1768 In
1179 1738 1226 1768 lib.
1242 1741 1283 1777 ille
1300 1741 1363 1767 riris
1379 1738 1542 1777 illustribus.
1561 1748 1621 1777 cap.
1642 1739 1790 1777 {50,}me
1804 1738 1824 1765 ll

1022 1774 1138 1811 Opcrum
1153 1777 1198 1804 cit.
1216 1776 1293 1809 edit.,
1311 1783 1372 1810 pag.
1391 1776 1459 1803 886:
1479 1785 1488 1800 ι
1507 1775 1628 1810 Bcryllus
1640 1774 1753 1811 Arabia:
1771 1774 1826 1801 Bo-

1022 1810 1137 1839 st’rcnsis
1151 1812 1304 1845 cpiscopus,
1324 1819 1386 1837 cum
1403 1811 1541 1845 aliquanto
1557 1815 1687 1845 tempore
1700 1810 1825 1844 gloriose

1023 1847 1138 1874 rexisset
1163 1844 1321 1879 Eccleéiam,
1345 1846 1379 1873 ad
1398 1844 1549 1873 extremum
1566 1845 1659 1879 lapsus
1682 1844 1711 1871 in
1735 1845 1826 1872 haere-

1023 1882 1085 1913 sim,
1107 1889 1168 1916 qum,
1184 1882 1322 1909 Christum
1342 1885 1405 1908 ante
1430 1881 1644 1916 incarnationem
1663 1885 1759 1916 negat,
1791 1881 1824 1907 ab

1023 1915 1136 1952 Origene
1149 1921 1322 1944 corrcctus...
1336 1915 1444 1952 rClaruit
1468 1920 1560 1952 autem
1585 1915 1635 1952 sub
1657 1915 1824 1952 Alexandro

1024 1949 1162 1979 Mammcae
1183 1952 1246 1982 lilio,
1270 1956 1296 1978 et
1318 1951 1465 1978 Maximino
1492 1955 1519 1978 et
1541 1949 1690 1984 Gordiano,
1719 1951 1772 1985 qui
1797 1951 1823 1978 in

1023 1988 1167 2022 intperium
1191 1991 1394 2014 successerunt.
1415 1996 1423 2012 I

1059 2020 1114 2057 (60)
1136 2021 1192 2049 lloc
1202 2031 1274 2049 antro
1284 2022 1336 2048 205
1348 2029 1456 2055 passum
1469 2020 1599 2048 lrcna‘um
1612 2020 1727 2056 conjicit
1737 2021 1825 2048 etiam

1024 2056 1182 2084 Ruinartius
1202 2059 1261 2084 Act.
1282 2062 1429 2092 martyrum
1447 2057 1611 2092 sinceralp.
1631 2056 1682 2088 62,
1707 2057 1755 2092 ubi
1777 2057 1826 2092 ob-

1024 2097 1124 2124 servat,
1138 2093 1210 2127 quod
1227 2093 1255 2120 S.
1274 2090 1442 2126 Epiphanius
1452 2092 1554 2127 passim
1568 2090 1701 2118 Irenaeum
1724 2091 1759 2118 Β.
1778 2090 1825 2119 8ο-

1024 2136 1081 2155 nem
1097 2126 1222 2162 appellat.
1239 2136 1318 2161 quem
1330 2127 1463 2153 Eusebius
1480 2128 1505 2153 in
1517 2126 1658 2159 Chronico,
1670 2127 1705 2154 ad
1716 2134 1825 2154 annum

1024 2164 1085 2191 185.
1103 2169 1166 2190 tunc
1178 2163 1306 2197 temporis
1319 2163 1445 2197 insignem
1462 2162 1546 2189 fuisse
1561 2162 1652 2189 refert.

1061 2198 1276 2234 (til)7chendus
1290 2198 1326 2234 iih
1347 2199 1416 2225 hanc
1440 2205 1495 2234 rem
1520 2197 1713 2234 Tillemontius
1731 2198 1819 2225 citato

1027 2232 1092 2260 tom.
1116 2233 1163 2266 111,
1187 2234 1263 2260 artic.
1286 2233 1337 2266 25,
1359 2241 1419 2268 pag.
1438 2233 1511 2265 542,
1539 2232 1583 2259 ubi
1607 2233 1678 2259 hanc
1698 2233 1826 2261 historia:

1026 2274 1128 2303 partem
1148 2273 1302 2302 pertractat.

1027 2301 1047 2366 '6
1062 2304 1116 2365 (ϐξ)
1140 2301 1276 2344 videndus
1288 2303 1428 2330 Gisbertus
1438 2302 1538 2338 Cupcr.
1555 2301 1666 2329 dissert.
1681 2301 1721 2330 De
1737 2305 1826 2331 tribus

1050 2348 1088 2365 01⁵(
1100 2348 1179 2366 ιιυιιδ.

1043 2338 1179 2366 iortlianis.

1062 2375 1117 2409 (135)
1137 2374 1323 2400 Admonition.
1337 2374 1363 2400 in
1376 2373 1535 2409 martyrium
1551 2371 1579 2399 S.
1596 2371 1746 2409 Hippolyti,
1760 2375 1824 2403 Act.

1026 2415 1137 2444 martyr.
1155 2410 1267 2439 sincera.
1287 2417 1346 2443 pag.
1364 2409 1424 2435 144.

1061 2442 1116 2478 (till)
1138 2444 1298 2470 .llounnwnt.
1312 2445 1434 2470 ecclesia:
1449 2442 1545 2476 Cura,
1555 2447 1620 2472 tom.
1634 2443 1667 2476 lI,
1679 2451 1742 2479 pag.
1756 2445 1824 2473 659.

1062 2480 1117 2514 ((ίέὶ)
1139 2479 1215 2514 Apud
1227 2479 1366 2505 (Iunisium
1379 2479 1468 2512 Antiq.
1483 2479 1616 2515 lectionirb.
1635 2483 1703 2515 lpm.
1720 2480 1741 2511 l,
1761 2488 1790 2515 p.
1808 2481 1826 2507 5

1026 2513 1100 2542 citat.
1118 2513 1198 2542 cdit.:
1217 2523 1225 2540 t
1247 2514 1419 2549 Hippolytus,
1435 2515 1561 2548 quamvis
1587 2514 1614 2540 in
1640 2513 1826 2542 Oriente‘na-

1027 2556 1089 2580 tus,
1111 2558 1164 2576 non
1187 2549 1238 2576 fuit
1260 2550 1367 2576 Arabia:
1394 2550 1627 2584 tnetropolitanus.
1652 2549 1775 2576 Manavil
1791 2559 1824 2578 ea

1026 2586 1159 2612 sententia
1174 2593 1207 2612 ex
1223 2585 1352 2611 mendosa
1370 2585 1494 2611 versione
1513 2584 1613 2611 Rutilii.
1635 2584 1747 2612 Dixerat
1765 2585 1824 2612 Eu-

1026 2621 1117 2648 sebius
1133 2620 1266 2655 Bcryllutn
1282 2628 1342 2655 esse
1366 2621 1514 2654 episcopum
1532 2619 1635 2646 Bostrw
1659 2621 1732 2654 apud
1748 2621 1824 2646 Ara-

1027 2655 1086 2688 bes;
1104 2660 1130 2682 et
1154 2654 1253 2689 pariter
1276 2654 1448 2690 Hippolytum
1468 2656 1539 2681 urbis
1555 2655 1694 2689 cujusdam
1713 2657 1826 2682 antisti—

1027 2695 1087 2717 tem.
1106 2690 1187 2717 Addit
1210 2690 1324 2717 ltulinus
1342 2691 1431 2716 urbem
1449 2690 1594 2716 maximam
1612 2697 1675 2716 esse
1692 2690 1824 2717 Bostram

1026 2725 1156 2752 Arabum.
1182 2725 1245 2752 lnde
1267 2725 1382 2759 conjecit
1401 2725 1522 2752 Gclasius
1545 2725 1619 2751 illam
1642 2726 1739 2752 urbem
1758 2734 1826 2752 esse

1027 2761 1209 2794 metropolim,
1224 2765 1251 2786 ct
1263 2760 1434 2795 llippolytum
1450 2769 1526 2795 teque
1538 2768 1570 2796 ac
1581 2760 1720 2796 Beryllum
1733 2760 1826 2787 fuisse

1026 2796 1262 2829 metropolitanum
1284 2796 1354 2829 apud
1366 2796 1480 2828 Arabes;
1502 2803 1516 2822 a
1540 2795 1650 2823 Gelasio
1672 2796 1707 2822 ad
1731 2801 1827 2830 poste-

1027 2838 1070 2858 ros
1091 2830 1234 2858 Baronium
1261 2830 1454 2867 Canisiumque
1487 2830 1597 2858 deﬂuxit
1627 2838 1707 2858 error
1741 2832 1827 2858 tacula
