1857 3051
50 113 92 142 5ι7
416 113 459 140 DE
477 112 672 141 PORTUENSI
693 113 720 141 S.
742 113 924 141 IIIPPOLYTI
945 112 1040 141 SEDE.
1060 129 1094 135 —
1112 113 1202 142 PARS
1221 114 1253 142 ΙῘ.

1588 117 1640 145 518

50 170 89 203 dit,
107 169 149 205 qui
165 169 265 203 forsan,
288 175 318 197 ut
331 170 388 205 ipse
413 171 510 206 inquit,
533 172 559 198 in
576 171 657 199 Portu
673 171 805 205 Romano,
820 177 842 204 Α
857 176 936 204 teste,
962 172 1049 199 medio
1070 177 1167 206 quarto
1195 172 1296 200 saeculo
1309 172 1462 204 Christiana
1477 173 1573 208 religio
1588 174 1642 202 Ηυ-

48 216 151 250 emporio
168 216 249 243 totius
265 216 370 243 Arabia:
396 217 584 250 celeberrimo,
616 217 702 251 prima
717 217 806 244 Evan-

48 259 288 296 geliiseminajecit,
309 266 453 296 antequam
480 263 690 299 Hierosolymam
708 263 805 298 migra-

47 312 79 334 ret
90 303 211 342 principis
241 307 424 342 apostolorum
456 309 559 336 visendi
584 310 679 344 gratia.
705 308 805 336 Verum

47 351 112 385 longe
124 351 253 386 decipitur
279 352 423 387 Moynius;
452 362 526 386 nam,
544 359 575 381 ut
595 355 738 390 peritiores
752 355 806 382 cri-

48 397 84 423 tici
110 396 161 430 (84)
188 397 295 429 docent,
319 397 348 424 S.
374 397 474 426 Paulus
498 399 601 427 vicinas
631 399 765 427 Damasco
779 405 806 427 ct

45 441 134 468 Arabia:
143 441 248 469 Petram
262 447 347 470 terras
361 443 432 470 haud
452 449 494 471 est
511 449 729 480 praetergressus,
745 453 805 480 quae

46 487 183 522 longissimo
202 492 336 514 terrarum
358 489 446 523 spatio
471 490 505 517 ab
532 489 738 518 Hormeritarum
759 499 804 518 re-

45 533 109 567 gione
120 532 307 560 dissitre'sum.
336 532 423 568 Atque
455 533 506 560 hoc
535 542 617 561 sensu
646 534 802 568 accipienda

47 582 97 605 sunt
107 579 147 605 illa
164 578 191 605 S.
212 578 369 615 Hieronymi
395 579 476 606 verba
504 580 530 606 in
554 580 668 614 epistola
687 581 720 608 ad
735 579 805 608 Pau-

45 625 116 650 linum
133 625 316 660 presbyterum
345 625 424 660 (85):
451 635 459 651 ι
476 625 597 661 (Paulus)
623 630 684 659 post
707 626 805 653 Dama-

44 677 106 697 scum
122 670 300 705 Arabiamque
330 671 484 704 lustratam,
503 671 624 699 ascendit
647 671 804 707 Hierosoly-

45 723 111 747 mam,
125 721 152 742 ut
165 716 267 743 videret
295 716 433 744 Petrum.)
461 717 559 744 Verum
586 719 761 752 quantumvis
773 717 802 746 S.

46 761 146 790 Thomas
170 762 237 797 ipsis
261 762 390 790 Ecclesiae
419 763 591 790 incunabulis
625 763 803 798 Evangelium

44 807 150 835 barbaris
175 807 250 834 hisce
277 808 403 843 gentibus
433 809 638 842 annuntiasset,
669 809 803 846 malignus

858 217 969 244 "ueritis
981 217 1099 251 primum
1115 217 1242 248 innotuit,
1255 216 1408 251 templaque
1422 217 1492 250 apud
1507 217 1581 252 ipsos
1595 225 1641 244 vc-

856 269 888 288 ro
901 261 956 289 Deo
977 262 1066 289 dicata
1079 269 1140 289 esse
1154 266 1312 297 cmperunt.
1327 269 1377 288 cur
1392 261 1519 296 Moynius
1529 260 1557 288 S.
1574 260 1640 296 Ilip-

857 308 978 343 polytum
994 307 1202 335 llomreritarum
1217 307 1352 342 episcopis
1367 306 1509 334 accenset?
1534 307 1562 334 S.
1575 306 1641 342 Hip-
1678 324 1683 331 .

857 353 977 388 polytnm
1011 360 1084 379 anno
1115 353 1215 379 Christi
1241 353 1295 379 252
1322 352 1452 387 martyrio
1479 357 1638 379 coronatum

856 397 941 424 fuisse
949 398 1119 432 judicamus;
1130 405 1190 425 cum
1201 406 1263 424 vero
1272 397 1434 429 Ilomteritae,
1445 401 1476 424 ut
1490 397 1640 425 Philostor-

855 446 915 480 gius
933 446 1022 480 (cujus
1037 446 1193 473 testimonio
1213 446 1298 472 utitur
1311 445 1444 480 Moynius)
1458 453 1507 472 nos
1521 449 1638 476 moneat,

855 490 1007 518 Constantii
1020 498 1088 522 aevo,
1106 491 1159 517 hoc
1171 495 1213 518 est
1225 491 1294 518 inter
1305 498 1406 517 annum
1420 491 1468 517 541
1482 496 1509 517 et
1523 490 1585 524 546,
1604 491 1639 517 ad

854 537 993 564 Christum
1003 544 1054 572 ope
1062 536 1206 572 Theophili
1221 537 1344 564 conversi
1363 537 1473 569 fuerint,
1490 542 1562 565 recte
1575 537 1638 572 qui-

854 582 914 609 dem
939 586 1050 617 apparet
1075 582 1133 609 haec
1153 583 1298 609 convenire
1323 582 1397 609 nullo
1419 587 1496 616 pacto
1520 583 1589 610 inter
1609 590 1638 610 se

855 635 949 662 posse;
973 632 1082 655 centum
1109 628 1180 655 enim
1206 635 1340 654 annorum
1365 627 1482 662 spatium
1514 627 1584 654 inter
1607 627 1636 655 S.

855 673 990 709 Hippolyti
1002 673 1161 709 martyrium
1175 678 1199 700 et
1210 673 1418 700 Homteritarum
1433 673 1636 700 conversionem

855 720 1006 747 intercedit.
1029 719 1122 754 Neque
1134 719 1196 754 quis
1210 719 1289 746 nobis
1304 719 1414 754 objiciat
1425 718 1636 753 Pliilostorgium

855 766 992 793 memoria:
1008 766 1161 801 mandasse,
1177 765 1357 799 Theophilum
1372 766 1533 792 Arianorum
1553 765 1638 792 hatre-

855 812 905 839 sim
924 811 1078 839 llomteritis
1089 812 1144 846 jam
1160 811 1319 838 orthodoxis
1337 811 1518 845 prmdicasse;
1537 818 1599 836 nam
1613 810 1637 837 si

44 850 140 879 Satanas
155 853 348 887 superveniens
364 854 390 879 in
406 861 470 888 agro
481 853 588 881 Domini
608 855 804 889 supersemina-
817 853 839 880 Β
853 858 952 884 ibidem
964 862 1028 884 tunc
1044 857 1173 892 temporis
1188 856 1304 883 fuissent
1315 856 1476 887 Christiani,
1488 855 1637 883 Philum”-

43 897 72 923 vit
83 898 185 930 zizania,
196 898 356 933 Arabesque
377 900 500 934 pristinis
525 901 765 935 superstitionibus
775 905 802 928 et

43 942 179 970 idololatria:
190 944 317 971 restituit.
348 944 424 977 Quod
441 945 521 972 etiam
536 947 569 972 de
584 946 656 973 lndis
680 947 802 974 evenisse

42 989 172 1024 colligimus
187 998 218 1016 ex
236 989 373 1024 Eusebio;
398 991 424 1018 hi
437 992 508 1018 enim
528 991 556 1019 S.
573 993 801 1020 Bartholomzenm

42 1035 170 1068 apostohnn
196 1035 371 1071 Evangelium
407 1038 598 1072 praedicantem
625 1040 798 1071 audiverunt,

42 1079 78 1105 sed
89 1087 142 1106 cum
165 1079 193 1106 S.
206 1080 345 1108 Pantenus
359 1086 418 1115 post
436 1083 536 1110 multos
557 1090 643 1110 annos
656 1083 754 1110 ibidem
772 1091 802 1110 se

44 1125 190 1156 contulisset.
207 1133 311 1160 paucos
328 1127 435 1161 quidem
447 1128 556 1163 reperit,
572 1129 618 1163 qui
644 1129 762 1163 aliquam
775 1134 802 1156 et

42 1169 163 1198 obscuram
176 1171 277 1200 Christi
293 1174 416 1200 notitiam
432 1174 561 1201 haberent
583 1174 649 1209 (86).
672 1175 710 1202 De
729 1176 801 1202 Ara-

42 1215 105 1244 bibus
119 1218 184 1246 idem
201 1220 326 1256 evenisse
346 1220 441 1247 scribit
463 1219 671 1257 Philostorgius,
697 1222 741 1250 cui
757 1222 800 1249 in-

42 1267 126 1298 tegram
138 1265 262 1300 Moynius
277 1266 357 1293 ﬁdem
387 1267 498 1301 praebet,
514 1267 577 1294 dum
592 1272 685 1295 narrat
699 1276 714 1295 a
728 1268 801 1296 Con-

41 1309 140 1335 stantino
151 1311 251 1337 An'ano
267 1311 448 1345 Theophilum
469 1311 576 1339 Satanae
600 1313 752 1347 apostolum
766 1314 800 1341 ad

43 1352 191 1389 llommritas,
214 1358 378 1384 Auxumitas
392 1362 419 1384 ct
440 1357 520 1385 ludos
535 1358 647 1385 missum
673 1358 756 1386 fuisse
767 1367 800 1386 eo

41 1399 92 1431 tine,
115 1406 142 1428 ut
161 1410 207 1430 eos
219 1404 253 1429 ad
267 1403 393 1438 pietatem
414 1404 566 1431 traduceret
579 1414 586 1437 ;
599 1409 625 1431 et
654 1413 715 1432 cum
728 1405 801 1439 ipsos

41 1444 228 1474 velJuda-orum
259 1449 501 1483 superstitionibus
528 1450 659 1484 addictos,
678 1451 720 1478 vel
736 1459 801 1485 gen-

40 1490 94 1517 tium
116 1494 250 1521 erroribus
286 1503 347 1522 esse
386 1497 504 1525 imbutos
539 1499 658 1530 scribat,
697 1500 799 1527 nullam

40 1535 66 1562 de
95 1537 249 1567 Christianis
292 1541 392 1568 ibidem
434 1543 593 1578 degentibus
632 1545 799 1572 mentionem

40 1581 99 1610 facit.
116 1584 268 1625 Clarissima
292 1591 356 1614 sunt
373 1588 429 1615 haec
441 1588 614 1625 Philostorgii
631 1591 710 1618 verba
724 1592 779 1626 (87)
793 1601 800 1619 :

42 1637 50 1652 ι
62 1628 242 1658 Circumcisam
261 1640 326 1659 vero
342 1641 401 1660 eam
416 1638 523 1670 gentem
537 1644 596 1663 esse
606 1657 613 1668 ,
640 1641 735 1664 octavo
751 1638 803 1664 cir—

41 1677 201 1706 cumcidcntes
214 1687 243 1706 se
258 1680 302 1707 die
312 1701 319 1713 ,
334 1686 360 1708 et
372 1681 526 1709 sacrificare
542 1682 592 1709 soli
602 1702 609 1715 ,
629 1687 654 1709 ct
673 1683 743 1710 luna:
753 1703 760 1716 ,
776 1687 803 1710 et

40 1721 153 1757 indigenis
166 1725 353 1759 dzemonibus;
380 1727 453 1754 haud
468 1735 581 1762 parvum
596 1736 738 1756 numerum
753 1729 802 1756 Ju-

41 1767 139 1798 daeorum
160 1772 201 1799 his
224 1773 386 1801 immistum.
405 1784 415 1801 ι
447 1774 475 1801 Si
498 1775 596 1810 igitur,
618 1775 801 1812 Philostorgio

40 1880 106 1922 tionis
116 1887 140 1908 et
157 1891 216 1922 pag.
233 1885 279 1916 δῦ,
293 1884 337 1911 ubi
347 1885 388 1922 _de
402 1885 483 1913 Portu
496 1890 523 1912 et
536 1885 635 1914 Arabia
659 1887 725 1922 agit,
744 1888 801 1915 haec

40 1917 173 1957 {Cfibiliﬁt
189 1917 426 1957 frequentabatur
448 1929 528 1957 vero_
539 1922 572 1948 ab
599 1917 725 1957 omnibus
744 1923 801 1957 ipse

39 1949 174 1992 Portus._Et
192 1955 228 1992 ibi
243 1949 501 1992 apostolus_Paulus
519 1955 609 1983 forsan
626 1949 800 1991 Evangeliiini

40 1988 198 2026 antriititia\'it.
215 1990 366 2026 Apostolus
377 1990 506 2022 Thomas,
520 1996 665 2026 antequam
684 1988 798 2020 ulterio-

40 2021 332 2060 r‘cslnduspeneti-aret,
352 2025 450 2053 dicitur
475 2021 556 2053 etiam
575 2021 610 2053 iiii
630 2027 749 2060 haesisse,
774 2032 800 2055 et

40 2054 246 2101 Evangelii-opes
269 2054 473 2101 et_mai'garita5
501 2069 561 2088 cum
588 2062 649 2101 istis
677 2054 799 2090 omnium

40 2094 140 2124 gentium
155 2094 352 2121 mercatoribus
370 2094 482 2123 feliciter
498 2097 741 2124 communicasse.»

67 2126 270 2166 (85)]Αξεεηᾲω
287 2129 416 2166 _ll7ugonis
443 2131 529 2158 Crotii
557 2132 745 2159 adnutationes
772 2133 800 2159 in

40 2159 153 2200 Epist.
169 2159 293 2200 l‘aulirad
306 2159 423 2197 Galatas,
442 2174 501 2200 cap.
515 2174 534 2197 ι,
551 2174 621 2193 vers.
642 2167 684 2199 l7,
701 2168 732 2194 ad
748 2168 800 2194 hu-

38 2195 264 2241 ittfmodirapostoli
277 2200 356 2226 verba
368 2209 374 2227 :
391 2210 400 2226 ‹
415 2195 505 2241 Neque
514 2195 573 2227 veni
586 2195 799 2241 hierosolymam
818 2201 838 2228 D
851 2195 969 2241 citatas“:

41 2231 66 2271 ad
82 2231 258 2271 antecessores
287 2242 361 2262 meos
385 2231 532 2271 apostolos,
547 2237 593 2262 sed
619 2237 671 2263 abii
691 2231 799 2264 iiiAra-

41 2264 108 2305 binm,
118 2271 143 2305 et
156 2267 392 2305 iterumrcversus
403 2264 468 2297 'sum
482 2264 671 2305 Damascum,»
690 2271 735 2298 ubi
750 2280 798 2298 n0-

40 2303 87 2327 tat:
104 2311 112 2327 ι
126 2301 152 2328 ln
167 2303 225 2330 loca
249 2303 381 2340 Datttasco
406 2313 527 2340 proxima
541 2313 547 2332 :
574 2306 630 2340 ipsa
647 2301 718 2333 enim
744 2306 798 2333 Da-

41 2342 130 2364 mascus
143 2341 215 2375 tunc
241 2339 435 2375 sub_Arabuin
453 2345 511 2367 erat
523 2339 616 2375 regno.
634 2341 695 2369 llaec
711 2342 797 2375 prima

41 2372 207 2410 tstgentium,
227 2373 400 2410 cuiuPaulus
413 2372 588 2410 Evangeliuht
606 2372 796 2410 annuntiavit;

40 2405 66 2446 in‘
79 2405 122 2433 hoc
140 2416 248 2446 quoque
274 2408 358 2444 Moysi
379 2405 504 2442 similis,“
513 2411 557 2437 cui
583 2417 644 2445 post
673 2405 796 2438 relictani

40 2438 164 2476 Egyptum
184 2438 272 2480 prima
288 2438 368 2480 statio
399 2446 425 2471 in
453 2438 565 2480 Arabia.
583 2438 630 2473 Sic
655 2446 796 2480 impletum

41 2481 133 2510 mystice
147 2479 303 2505 vaticinium
332 2479 407 2507 Isaia:
421 2488 487 2511 xui,
513 2481 539 2506 2.
560 2479 616 2507 Hoc
642 2479 796 2508 iter’Lucas

42 2513 237 2551 tton‘enarravit,
262 2515 368 2551 quiaei
392 2523 445 2542 non
466 2516 583 2551 adfuit.»
614 2515 690 2551 Cret.
713 2517 794 2551 Oper.

40 2544 233 2606 :ggttglogicorum
248 2544 315 2577 tum.
329 2549 372 2582 ΙΙΙ,
385 2557 447 2585 pag.
461 2550 514 2577 864
530 2551 595 2577 edit.
613 2550 725 2578 Basilea:
738 2544 794 2578 Ian.

68 2617 113 2653 {35)
125 2618 188 2651 Quae
196 2619 325 2653 estjuxta
343 2619 474 2647 Dominici
486 2620 610 2647 Vallarsii
625 2620 690 2648 edit.
718 2628 793 2648 num.

125 2648 280 2690 ﬂlerotiynii
295 2654 375 2689 Oper.
390 2660 454 2681 tom.
474 2656 494 2685 ι.
511 2663 571 2690 pag.
586 2656 648 2688 269,
669 2655 733 2683 edit.
746 2657 792 2683 cit.

69 2687 171 2750 (861131)
197 2687 308 2716 Eusebii
319 2687 408 2717 Verba
431 2687 677 2731 Mistfeéclesiakt.
701 2692 793 2730 lib..v,

69 2729 88 2750 D.
118 2724 142 2750 0.
159 2732 218 2750 Bac.
234 2724 299 2750 225.
319 2725 353 2750 de
374 2724 495 2750 Panteno
513 2726 683 2750 nhilosnnhn.
700 2726 793 2750 Latine

42 2724 142 2762 cap.__10,
159 2732 218 2762 pag.
234 2724 299 2757 225,
319 2725 353 2762 de
374 2724 495 2762 Banteno
513 2726 683 2760 philosopho,
699 2726 795 2753 Latine

42 2757 149 2796 reddita»;
159 2757 177 2785 ἰ
193 2757 370 2796 Ριληιθηιιεηίη
384 2760 463 2796 Indos
482 2757 566 2796 usque
579 2757 737 2795 penetrasse
754 2761 794 2788 di-

41 2796 106 2827 _cItur,
118 2794 205 2831 ibique
217 2794 390 2829 Evangelium
419 2794 546 2827 Matthxi,
563 2794 635 2831 quod
648 2797 793 2823 adventum

42 2832 110 2856 liuius
122 2829 171 2863 iam
185 2835 359 2866 praevenerat,
375 2833 444 2866 apud
459 2829 591 2866 quosdam
605 2831 704 2860 Christi
720 2833 792 2859 noti-

852 903 913 938 gius
929 903 1051 938 profecto
1067 903 1129 930 illos
1144 902 1324 934 nominasset,
1353 902 1447 929 eodem
1466 901 1544 936 plane
1555 902 1637 928 modo

851 957 915 984 quo,
937 954 998 983 post
1009 949 1132 983 gentiles,
1157 947 1267 976 Judieos
1281 948 1361 975 etiam
1379 955 1433 974 non
1449 955 1549 983 paucos
1562 955 1637 974 cam-

852 994 912 1021 dem
935 995 1072 1029 regionem
1099 994 1245 1021 incoluisse
1270 994 1441 1029 apertissime
1456 999 1570 1021 testatus
1583 998 1635 1021 est.

851 1039 951 1075 Moynii
966 1040 1049 1075 igitur
1064 1039 1195 1066 divinatio
1218 1040 1359 1074 ipsiusmet
1373 1039 1546 1074 Philostorgii
1565 1040 1637 1067 testi-

851 1086 952 1121 monio,
980 1093 1033 1120 quo
1049 1085 1221 1120 potissimum
1238 1085 1385 1118 nitebatur,
1411 1085 1518 1118 penitus
1533 1085 1637 1113 corruit

851 1133 932 1163 atque
946 1130 1090 1156 evanescit.
1119 1128 1307 1156 Verumtamen
1321 1129 1377 1164 ipse
1391 1129 1527 1164 Moynius,
1540 1138 1636 1165 quam-

851 1173 892 1200 vis
905 1173 1114 1208 Philustorgium
1125 1174 1256 1208 optimum
1269 1182 1325 1201 sua:
1337 1175 1480 1201 sententia:
1490 1180 1635 1209 patronum

851 1222 946 1245 nactus
958 1225 1038 1251 esset,
1048 1226 1102 1245 non
1113 1223 1202 1245 tamen
1213 1219 1298 1253 ipsius
1310 1218 1497 1245 auctoritatem
1509 1220 1636 1246 vetustis-

851 1264 948 1291 simam
962 1264 994 1290 de
1006 1263 1149 1291 Portuensi
1172 1264 1200 1292 S.
1218 1263 1352 1299 Hippolyti
1369 1264 1431 1291 sede
1451 1264 1634 1296 traditionem,

850 1312 892 1339 vel
901 1312 1055 1346 minimutn,
1065 1311 1210 1347 infringere
1221 1312 1319 1339 debere
1330 1312 1469 1339 advertere
1484 1311 1615 1346 potuisset
1625 1320 1634 1344 ;

851 1366 965 1393 magnus
974 1359 1045 1386 enim
1059 1358 1202 1384 Annalium
1213 1358 1449 1385 ecclesiasticarum
1460 1365 1558 1392 parens
1566 1356 1633 1392 (88).

850 1407 877 1430 et
889 1407 948 1438 post
963 1411 1024 1431 eum
1038 1402 1418 1439 JacobusCothofredus(89),
1436 1402 1532 1429 merito
1547 1403 1635 1436 impu-

850 1449 953 1477 rissimi
969 1450 1086 1476 hominis
1099 1450 1176 1477 fidem
1191 1453 1343 1483 suspectam
1356 1449 1472 1482 habent;
1495 1447 1558 1475 dum
1577 1449 1635 1482 ipse

851 1493 1060 1530 Philostorgius,
1074 1494 1170 1522 Photio
1187 1498 1254 1521 teste
1265 1494 1332 1529 (90),
1345 1494 1391 1528 qui
1405 1494 1584 1521 attentissime
1596 1494 1635 1520 le-

852 1540 889 1576 git
906 1540 1026 1575 ejusdem
1042 1539 1201 1571 Historiam,
1216 1546 1331 1572 eamque
1344 1539 1370 1565 in
1384 1538 1575 1573 compendium
1589 1545 1633 1564 re-

852 1586 934 1621 degit,
965 1595 974 1611 (
992 1591 1085 1612 narrat
1107 1585 1162 1612 fere
1178 1586 1313 1611 contraria
1329 1585 1455 1611 omnibus
1470 1584 1635 1611 ecclesiasti-

852 1632 891 1659 cis
916 1630 1063 1662 historicis,
1093 1629 1218 1656 laudibus
1235 1629 1366 1655 extollens
1384 1636 1453 1662 quos
1467 1628 1540 1654 novit
1557 1629 1635 1654 Aria-

851 1677 941 1704 nismo
954 1676 1079 1707 infectos,
1098 1679 1125 1701 et
1139 1673 1265 1700 convitiis
1279 1673 1443 1700 orthodoxos
1453 1672 1633 1707 perfundens;

851 1728 953 1750 utesse
972 1722 1024 1748 hoc
1048 1721 1106 1755 ejus
1131 1728 1200 1755 opus
1223 1727 1277 1746 non
1303 1724 1357 1745 tam
1373 1719 1484 1745 historia
1500 1719 1634 1752 videatur,

851 1775 933 1803 quam
949 1767 1138 1793 haereticorum
1150 1765 1279 1798 laudatio,
1297 1772 1360 1791 cum
1374 1763 1445 1790 nuda
1459 1767 1487 1790 et
1502 1771 1577 1790 mera
1594 1765 1635 1790 vi-

852 1887 888 1914 tia
905 1887 1024 1914 imbutos
1047 1886 1207 1920 reperiisse;
1235 1885 1335 1920 quibus
1363 1884 1469 1913 scilicet
1491 1883 1634 1911 Bartholo-

851 1930 935 1949 nitens
946 1930 1017 1949 unus
1031 1929 1064 1948 ex
1078 1919 1220 1948 duodecim
1243 1919 1385 1955 apostolis,
1401 1921 1476 1951 olim,
1504 1924 1536 1955 ut
1560 1919 1632 1946 fama

850 1963 902 1990 est,
920 1958 1122 1991 praedicaverat,
1141 1961 1168 1982 et
1193 1953 1366 1990 Evangelium
1380 1955 1498 1982 Matth-.ei
1517 1953 1631 1991 Heht'aif

852 1992 890 2019 eis
905 1990 1090 2026 conscriptum
1105 1991 1202 2018 litteris
1217 1991 1372 2025 reliquerat.
1389 1992 1460 2025 quod
1475 1991 1583 2024 quidem
1596 1990 1629 2016 ad

851 2027 978 2062 praedicta
1003 2034 1089 2061 usque
1119 2031 1240 2060 tempora
1272 2031 1410 2053 servatum
1438 2033 1498 2052 esse
1526 2032 1631 2051 mento-

851 2067 935 2089 t‘utur.
942 2071 951 2087 ι

887 2097 943 2131 (87)
968 2095 1117 2131 Cfasupra
1147 2099 1204 2122 not.
1220 2094 1275 2131 7769.
1307 2095 1489 2131 Philostorgio
1516 2101 1631 2121 consen—

850 2132 883 2158 tit
913 2132 993 2158 etiam
1018 2130 1185 2165 Nicephorus
1215 2130 1285 2158 Hist.
1318 2131 1381 2158 accf.
1402 2130 1448 2157 lib.
1480 2137 1540 2161 viti,
1566 2137 1629 2165 cap.

851 2167 896 2199 54,
908 2175 968 2201 pag.
997 2166 1048 2193 607
1071 2164 1136 2192 edit.
1151 2165 1264 2193 Lutetia:
1291 2164 1630 2201 Parisiorumannidtiw

1004 2211 1012 2226 ι
1028 2201 1155 2228 Indorum
1186 2208 1251 2235 gens
1276 2209 1337 2235 quae
1367 2198 1557 2227 Bartliolotmei
1576 2200 1631 2235 Vdo<

851 2238 945 2271 cli-inae
967 2244 1064 2271 expers
1092 2234 1293 2270 permanserat,
1322 2244 1336 2262 a
1354 2234 1629 2271 sacerdote‘quodam

850 2269 1151 2302 Frumentio'instituta,
1179 2271 1250 2297 sacri
1279 2271 1414 2305 dogmatis
1441 2269 1574 2304 particeps
1587 2273 1630 2295 est

851 2306 934 2333 facta.
950 2306 989 2334 Ne
1005 2307 1067 2340 quis
1089 2311 1178 2332 autem
1194 2310 1269 2339 putet.
1281 2307 1519 2333 Christianismum
1529 2307 1569 2340 ab
1581 2305 1629 2340 ho-

849 2342 969 2368 rninibus
980 2339 1119 2376 provenire
1133 2349 1140 2376 ;
1154 2341 1191 2376 id?
1206 2341 1248 2367 vel
1267 2348 1299 2367 ex
1325 2342 1375 2371 eis,
1392 2342 1438 2375 qui
1466 2339 1535 2374 apud
1551 2339 1629 2366 ludos

849 2376 934 2408 fuere,
948 2375 1119 2405 Christianis.
1131 2375 1210 2402 facile
1222 2380 1263 2402 est
1279 2383 1452 2409 eogtioSccre.
1473 2375 1527 2402 indi
1539 2380 1627 2400 autent

850 2411 936 2438 δίιὺωὶ
951 2412 1079 2446 primunt,
1109 2411 1207 2437 deinde
1233 2410 1313 2436 etiam
1332 2409 1482 2437 Hoznzerttue
1499 2414 1567 2446 sunt
1581 2417 1629 2443 ap-

848 2447 939 2480 pellati
952 2445 965 2474 7.
985 2466 992 2473 .
1011 2466 1018 2472 .
1035 2453 1100 2480 gens
1113 2446 1168 2479 ipsa
1181 2446 1394 2476 circumciditur,
1416 2453 1448 2471 ac
1465 2445 1526 2477 soli,
1544 2445 1626 2475 lunae,

849 2479 963 2516 aliisque
988 2479 1048 2514 ejus
1071 2481 1189 2515 regionis
1213 2481 1308 2506 incolis
1330 2479 1637 2516 daentonibussacriti~

845 2514 925 2543 cant:
936 2516 1055 2543 lmmista
1068 2516 1093 2542 ei
1105 2514 1213 2550 Quoque
1224 2521 1266 2542 est
1284 2523 1338 2541 non
1355 2516 1452 2549 exigua
1468 2514 1624 2550 Judacoruin

848 2552 1018 2578 multitudo.)
1114 2548 1122 2550 ἡ
1172 2548 1178 2550 “
1404 2548 1411 2549 ί
1543 2548 1548 2555 ⁵

884 2587 940 2622 (88)
960 2586 999 2622 Ad
1014 2593 1114 2622 annum
1131 2581 1231 2622 Christi
1247 2584 1309 2622 δξςιι,
1325 2591 1400 2622 num.
1420 2584 1450 2611 H
1463 2589 1490 2611 et
1502 2583 1545 2617 l6,
1559 2587 1626 2610 tom.

848 2619 894 2654 1V,
910 2629 970 2656 pag.
985 2621 1038 2647 5:25
1049 2625 1078 2656 et.
1092 2627 1168 2655 seqq.
1183 2621 1246 2647 edit.
1262 2619 1342 2656 Lucae
1353 2620 1450 2646 citata.

884 2653 1025 2692 (8'9)'Post
1048 2653 1157 2692 Barcini
1181 2661 1294 2692 mortem
1317 2654 1434 2692 Jacobus
1448 2653 1629 2692 Gothofredus

848 2689 972 2726 excerpta
997 2690 1124 2726 exrlilist.
1144 2691 1320 2717 ecclesiastica
1347 2689 1540 2724 Philostorgii,
1567 2697 1628 2724 quae

848 2725 961 2754 Photius
980 2733 1012 2752 ex
1034 2725 1067 2751 12
1081 2726 1140 2759 ejus
1166 2726 1243 2753 libris
1259 2726 1376 2760 collegit,
1404 2727 1430 2752 iu
1455 2726 1542 2752 lucem
1560 2726 1628 2751 emi-

848 2762 883 2788 sit
898 2771 903 2788 :
918 2761 979 2788 vide
995 2762 1080 2794 ipsius
1095 2761 1203 2787 dissert.
1221 2762 1247 2787 in
1265 2760 1487 2794 Philostorgiuui.

884 2796 939 2831 (90)
959 2796 986 2823 lu
1000 2795 1126 2822 Bibliollt.
1145 2795 1302 2828 codiceoxt,
1321 2803 1383 2831 pag.
1410 2796 1444 2823 2U
1468 2796 1557 2823 citatte
1572 2795 1626 2822 edi-

847 2832 938 2859 tionis.
961 2838 972 2850 ·
1593 2837 1599 2844 ’
