1857 3051
185 75 236 102 525

569 75 612 101 DE
629 73 823 101 PORTUENSI
845 74 873 101 S.
895 71 1078 100 lllPPOLYTl
1099 73 1196 101 SEDE.
1217 89 1251 94 —
1268 73 1360 101 PARS
1379 75 1411 102 11.

1758 77 1805 104 ΒΞᾹ

186 135 308 172 Πόρτου,
336 136 418 169 ἤγουν
445 135 490 162 τοῦ
518 135 626 170 λιμένος
650 135 758 171 Ῥώμης
779 145 809 162 :I
827 136 971 170 episcopus

1054 141 1094 161 em
1111 134 1208 170 Scylax
1222 135 1248 162 in
1266 135 1371 170 Peripla
1385 135 1451 171 (17).
1466 135 1559 164 Ccrtas
1578 136 1712 171 quasdam
1727 135 1806 171 leges,

186 182 294 215 Portus,
309 183 430 210 videlicet
452 187 546 218 portus
561 182 664 215 Roma',
686 192 694 208 ι
714 183 743 210 S.
757 183 916 219 llippolytus
931 183 973 210 di-

187 229 267 255 citur.
286 228 351 255 Acta
373 229 489 262 germina
516 228 544 255 S.
564 228 660 263 lgnatii
681 228 793 256 Portum
819 230 971 261 nominant,

186 275 251 301 dum
272 273 396 301 eumdem
416 274 445 300 S.
469 274 602 309 lgnatium
622 276 720 302 docent
742 275 892 310 profectum
913 283 973 303 esse

186 320 240 346 ἀπὺ
255 320 301 346 τοῦ
317 320 482 356 καλουμένου
497 321 601 356 Πόρτου
618 321 684 356 (11),
703 326 732 348 ιιι
743 321 856 348 Romam
876 322 971 354 adiret,

187 365 232 392 ubi
247 365 358 400 gloriosi
378 366 534 392 certaminis
557 366 676 400 palmam
702 367 832 401 consequi
847 367 970 394 debebat.

186 410 234 437 His
245 411 371 438 omnibus
386 411 414 437 in
436 411 487 437 hac
512 418 541 438 re
565 412 770 446 anteponendus
794 417 835 439 est
851 412 910 444 Dio,
925 412 972 446 qui

185 457 389 484 accuratissime
403 462 511 491 portum
529 458 680 485 ltomanum
697 466 712 485 a
734 458 848 486 Claudio
864 463 972 486 exstru-

184 507 258 530 ctum
271 503 440 536 describens,
458 511 538 538 quem
560 503 618 538 ipse
639 503 732 532 Grteca
748 512 814 531 voce
827 504 909 540 λιμήν
925 512 973 540 ap-

185 549 277 584 pellat,
291 549 391 576 disertc
405 549 508 581 scribit,
527 550 597 584 quod
613 557 628 576 a
639 549 744 577 Latinis
757 549 856 577 Portus
872 550 973 578 Ostien-

184 596 232 627 sis,
250 603 283 623 ex
299 603 331 623 eo
344 595 416 630 quod
442 596 475 623 ad
498 596 567 623 ostia
584 595 690 623 Tiberis
714 595 765 623 fuit
788 601 972 630 constructus,

185 642 344 668 nominatur
358 641 424 677 (12).

221 687 393 722 Quapropter
409 689 460 715 hoc
473 688 568 715 eodem
582 687 695 715 rationis
710 691 847 715 momento
857 688 973 716 Carolus

185 733 221 760 tiu
233 733 345 766 Frcsne,
359 734 386 760 in
399 733 556 768 praefatione
568 734 600 760 ad
612 733 759 760 Chronicon
769 734 892 768 paschale
905 734 971 769 (15),

187 779 215 807 S.
230 779 402 814 Hippolytum
423 779 601 807 Portuensem
618 780 774 814 episcopum
791 784 893 812 censet,
909 788 970 808 cum

185 833 201 851 a
216 813 354 851 nonnullis
378 824 497 858 antiquis
515 813 693 859 scriptoribus
712 813 846 859 episcopus
864 825 971 857 Portus,
989 813 1011 840 Β

186 871 261 898 nullo
281 870 408 905 adjuncto
428 871 570 902 vocabulo,
599 871 757 905 appelletur.
784 870 843 904 Quo
864 872 973 898 nomine

186 916 260 944 nulla
282 916 334 943 alia
354 916 449 943 civitas
478 921 550 944 recte
576 917 712 952 designari
741 921 848 951 potest,
878 921 974 951 prteter

185 962 297 989 Portum
314 961 478 994 Romanum,
493 967 521 988 ut
536 966 609 996 patet
626 970 659 989 ex
672 970 754 996 supra
768 962 884 989 laudatis
899 962 974 989 testi-

187 1007 304 1039 moniis,
320 1012 348 1034 et
365 1015 398 1034 ex
423 1007 521 1041 insigni
548 1007 723 1042 inscriptione
750 1015 833 1041 quam
856 1006 974 1034 Iacobus

187 1051 306 1086 Sponius
321 1051 406 1086 Aquis
422 1050 521 1079 Sextiis
538 1052 572 1078 in
589 1051 694 1078 aedibus
708 1051 855 1079 Peiresckii
871 1052 974 1080 descri-

187 1097 241 1131 psit
255 1101 336 1131 atqne
352 1097 469 1132 vulgavit
488 1097 555 1132 (1:1).
571 1096 646 1124 Patet
661 1097 742 1132 igitur
757 1097 905 1132 Moynium,
923 1098 974 1125 hac

187 1150 283 1170 vocum
300 1143 473 1177 homonymia
490 1142 645 1177 deceptum,
659 1143 736 1170 irrito
748 1151 861 1178 prorsus
875 1148 974 1170 conatu

189 1188 217 1215 S.
245 1188 418 1223 Hippolytum
445 1187 599 1215 Homaaritis
616 1188 685 1216 falso
703 1188 886 1224 adjudicasse.
910 1189 974 1215 Em-

187 1235 255 1270 porii
267 1235 338 1262 enirn
356 1234 438 1261 dictio
453 1235 519 1270 (15),
535 1239 565 1261 ιιι
580 1242 674 1262 omnes
690 1239 801 1268 norunt,
816 1235 882 1262 nihil
901 1235 974 1262 aliud

187 1282 296 1308 denotat
309 1289 390 1316 quam
402 1281 490 1309 locum
511 1282 537 1308 in
552 1289 607 1316 quo
620 1282 784 1309 conveniunt
798 1286 972 1313 mercatores,

188 1328 232 1355 ubi
248 1333 355 1356 statuta;
378 1329 509 1356 mercium
534 1328 665 1356 stationes
681 1329 824 1362 habentur,
841 1335 909 1363 quas
924 1336 974 1355 nos

189 1373 247 1401 Itali
274 1374 362 1400 scalas
387 1374 519 1406 dicimus;
535 1373 639 1400 Plinius
656 1381 718 1400 vero
737 1373 825 1407 forum
841 1373 974 1399 nundina-

187 1422 256 1447 rium
272 1425 360 1452 vocat,
379 1424 406 1447 et
420 1419 517 1456 Scylax
532 1419 737 1447 Chariandenus
753 1418 828 1454 (16),
849 1419 875 1446 in
899 1418 975 1446 Peri-

187 1467 240 1501 plo,
266 1468 410 1500 emporium
434 1474 450 1492 a
474 1472 553 1500 portu
581 1465 665 1500 probe
688 1466 847 1500 distinguit,
865 1464 929 1492 dum
946 1465 974 1492 in

187 1514 281 1541 Cilicia
310 1519 444 1540 memorat
464 1512 595 1548 ἐμπόριον
621 1512 735 1546 Ἀλάνη,
752 1511 799 1538 καὶ
813 1512 905 1548 λιμήν,
920 1520 975 1539 em-

187 1561 291 1594 porium
308 1560 402 1592 Alane,
426 1567 485 1588 seu,
506 1564 535 1586 ut
553 1556 687 1585 Salmasio
705 1558 815 1592 placuit,
840 1557 933 1584 Adane
950 1563 975 1585 et

188 1611 288 1640 portus.
305 1605 464 1639 Emporium
483 1606 563 1632 etiam
583 1604 728 1639 Hispanica
749 1604 814 1631 urbs
838 1603 889 1630 fuit
905 1604 974 1632 ultra

190 1651 330 1678 columnas
342 1650 488 1678 Herculeas
510 1651 537 1678 in
561 1651 698 1678 lberornm
715 1651 823 1685 regione
840 1651 902 1683 sita,
915 1656 942 1678 et
959 1659 976 1678 a

189 1698 291 1725 Gi-zecis
318 1697 443 1724 Massilizc
468 1696 572 1724 colonis
598 1696 718 1727 condita,
748 1696 826 1731 cujus
852 1696 976 1724 meminit

192 1789 339 1816 certatione
354 1787 517 1817 referuntur,
529 1785 621 1816 verba,
635 1785 691 1812 lucc
704 1785 784 1819 paulo
802 1790 862 1819 post
877 1786 950 1813 addit
966 1795 973 1814 :

193 1833 203 1849 ι
229 1823 304 1850 Ultra
328 1822 398 1849 istud
424 1829 456 1848 os
477 1822 510 1847 ad
539 1822 624 1855 ripam
646 1819 772 1855 (Tiberis)
795 1821 975 1848 condiderunt

191 1859 286 1886 urbem
301 1858 364 1884 olim
379 1857 505 1888 Romani,
524 1864 584 1890 qua:
600 1855 736 1882 mcenibus
750 1857 837 1882 cincta
853 1859 894 1882 est
908 1857 975 1882 vali-

191 1893 328 1924 dissimis,
346 1893 480 1925 ductuque
503 1899 517 1917 a
534 1889 622 1925 iportu
643 1890 775 1917 vocabulo
795 1889 892 1917 Portus
907 1891 975 1918 dici-

192 1933 246 1955 llll‘.
267 1937 275 1953 Ι

220 1963 286 2025 l311)
300 1961 377 1996 Apud
401 1961 488 1995 ipsum
510 1960 636 1987 Ruinart.
653 1960 705 1986 loc.
719 1960 776 1990 cit.,
793 1968 819 1994 p.
834 1960 877 1992 18,
894 1969 920 1987 ιι.
935 1961 950 1988 5
965 1969 972 1986 :

247 1998 297 2024 nde
308 1997 389 2025 igitur
405 1995 499 2025 Portu,
515 1996 551 2022 ita
564 1996 647 2025 dicto,
664 1995 776 2025 profecti
792 2001 883 2022 sunt.»

194 2007 205 2024 ‹
220 1995 297 2025 Unde
308 1995 389 2031 igitur
405 1995 499 2031 l’ortu,
515 1996 551 2022 ita
564 1996 647 2027 dicto,
664 1995 776 2030 profecti
792 2001 883 2022 sunt.»

229 2032 285 2068 (12)
301 2031 402 2057 llistar.
413 2030 540 2068 [topiaria-
554 2031 600 2057 lib.
621 2039 654 2056 Lx
664 2038 759 2068 ,_n_um.
771 2031 931 2068 undecimo,
948 2031 974 2068 iu

191 2064 314 2097 Claudio,
331 2072 396 2092 tom.
413 2065 434 2091 ll
448 2065 576 2099 Operum,
595 2073 655 2101 pag.
676 2065 727 2092 949
746 2065 810 2101 edit.
827 2064 975 2101 Hamburgi

190 2104 257 2130 anni
282 2102 368 2133 175'),
397 2101 481 2134 ipsius
505 2100 584 2126 verba
607 2100 702 2126 Latine
727 2100 830 2126 reddita
853 2102 972 2128 damus:

195 2148 205 2164 ι
221 2137 353 2165 Claudius
373 2137 489 2171 instituit
505 2140 611 2169 portum
626 2135 662 2171 ibi
680 2135 762 2167 (circa
775 2135 846 2171 ostia
859 2135 974 2171 Tiberis)

194 2172 320 2200 fabricari
348 2192 354 2198 .
376 2190 383 2197 .
406 2191 413 2197 .
438 2170 531 2197 cllodit
562 2170 744 2197 continentem
774 2169 845 2196 hami
877 2169 974 2205 exiguo

193 2209 291 2243 spatio,
312 2207 618 2243 ambitumqueomncm
638 2205 911 2243 crepidineAlapidnm
930 2207 975 2232 tir-

194 2239 288 2276 niavit,
314 2250 345 2268 ac
362 2242 388 2267 in
411 2248 473 2276 eum
498 2240 586 2266 locum
605 2247 678 2265 mare
697 2239 814 2276 accepit;
834 2241 929 2267 deinde
942 2248 975 2267 ex

196 2274 310 2312 utraque
329 2276 409 2310 hujus
425 2275 475 2312 loci
499 2280 704 2312 parteaggcrcs
721 2274 747 2301 in
762 2275 905 2312 ipso‘mari
917 2283 976 2302 ma—

195 2309 371 2347 gnos'jt-cit,
388 2311 557 2347 multumque
580 2309 613 2347 iis
639 2309 721 2347 maris
746 2309 901 2347 complexus
923 2315 973 2341 est,

195 2344 261 2381 quin
278 2344 312 2373 ibi
334 2346 449 2372 insulam
465 2344 551 2371 cll'ecit
562 2364 568 2375 ,
586 2345 711 2381 imposita
727 2345 800 2381 turri_
810 2346 879 2371 unde
895 2351 975 2372 noctu

195 2379 273 2416 ignes
288 2382 434 2408 emicantcs
452 2381 558 2413 signum
569 2380 663 2416 nautis
675 2380 779 2416 darent.
792 2379 870 2414 lsque
882 2385 976 2413 portus

195 2414 231 2444 ab
242 2424 274 2443 co
291 2419 446 2442 exstructus
461 2415 587 2441 Ostiensis
604 2414 705 2440 Latinis
718 2414 825 2441 dicitur.
843 2424 851 2439 ι

233 2451 289 2486 (15)
306 2450 385 2477 Νυιη.
403 2450 485 2486 ibet
501 2457 588 2483 seqq.,
606 2457 665 2483 pag.
687 2449 719 2486 15
742 2457 799 2483 seq.
813 2448 881 2486 Vide
895 2449 974 2486 etiam

198 2483 250 2513 Inc.
267 2483 325 2518 c'it.,
348 2493 408 2519 pag.
436 2485 478 2516 15,
497 2485 542 2510 ubi
564 2486 689 2511 observat
702 2483 845 2511 Portuensi
865 2484 893 2510 S.
914 2484 977 2518 llip-

197 2522 280 2556 polyti
303 2521 470 2554 episeopatui
499 2519 565 2546 nihil
588 2520 694 2556 ofﬁcere
716 2526 812 2553 posse,
831 2519 907 2556 quod
920 2521 977 2553 ipse

198 2554 334 2596 :Romanus
353 2559 543 2596 nuncupatur:
562 2563 571 2580 ι
587 2554 712 2596 Legimus
733 2559 854 2594 nostrqu
878 2554 978 2596 Hippo.

198 2591 283 2626 lytum
298 2590 443 2617 Romanum
461 2590 632 2617 solummodo
647 2594 832 2626 nuncupatum
848 2589 874 2615 in
893 2589 978 2626 tiara-

200 2624 258 2659 togo
281 2626 469 2658 imperatorum
494 2625 846 2658 Constantinopolitanorum
868 2624 940 2650 edito
963 2632 977 2651 a

200 2658 362 2687 Leunclavio
379 2660 423 2687 lib.
437 2668 454 2686 ιι
466 2659 540 2686 Juris
554 2659 782 2686 erco-ltomani.
795 2658 871 2691 Quod
889 2663 978 2686 tamen

200 2701 299 2722 nostrm
318 2695 455 2721 sententia:
478 2695 589 2722 minime
606 2695 769 2722 contrarium
786 2701 837 2726 est,
862 2698 891 2720 ut
909 2695 978 2722 alias

199 2730 413 2757 observavimus.
429 2739 442 2755 ›

237 2765 293 2800 (14)
317 2765 484 2792 Μιδεειιαηεα
505 2765 615 2792 erudita:
639 2766 820 2800 antiquitatis,
846 2770 912 2792 sect.
941 2773 978 2796 ι,

200 2807 276 2827 num.
292 2800 337 2834 ‘20,
349 2808 410 2836 pag.
430 2800 482 2828 529
501 2801 566 2829 edit.
583 2801 706 2836 Lugduni
724 2801 802 2836 1685,
816 2801 860 2829 ubi
877 2801 978 2828 mentio

1024 185 1054 207 ut
1070 185 1162 207 monet
1177 180 1295 208 Jacobus
1309 181 1489 209 Gothofredus
1503 182 1570 217 (18),
1591 182 1709 209 Romani
1725 182 1806 216 impe-

1025 231 1131 253 ratores
1156 227 1354 254 mercatoribus
1376 227 1439 255 suis
1466 228 1536 263 apud
1558 228 1693 255 barbaras
1720 233 1809 262 gentes

1023 273 1255 300 commorantibus
1269 274 1502 308 praescripserunt,
1515 282 1584 309 quas
1601 273 1745 309 praaterire
1761 274 1811 309 pia-

1024 319 1114 346 culum
1129 324 1196 346 erat.
1213 319 1282 346 Hinc
1296 320 1385 347 evenit
1408 325 1437 347 ut
1459 320 1527 353 loca,
1544 320 1589 347 ubi
1605 321 1686 355 juxta
1702 320 1810 347 easdem

1024 365 1095 400 leges
1123 366 1250 393 nundina:
1275 365 1454 398 habebantur,
1478 365 1604 400 Emporia
1631 365 1811 392 Romanorum

1023 415 1196 438 vocarentur.
1213 410 1309 438 Exstat
1325 411 1353 438 in
1371 411 1466 439 Codice
1487 411 1658 439 .lustinianco
1674 412 1771 439 titulus
1783 415 1812 439 de

1022 458 1185 484 commerciis
1209 464 1234 484 et
1258 458 1447 485 mercatoribus
1476 458 1532 493 (19)
1558 468 1565 486 :
1592 458 1620 485 in
1651 466 1728 493 quo,
1758 459 1810 493 lege

1022 508 1130 537 quarta,
1147 508 1224 530 extra
1240 511 1270 531 ea
1286 504 1345 531 loca
1361 503 1489 531 nundinis
1509 504 1657 536 destinata,
1676 512 1740 539 quae
1753 512 1811 539 pro-

1022 549 1066 575 cul
1078 549 1161 576 dubio
1175 549 1301 584 Emporia
1314 550 1483 584 dicebantur,
1495 550 1529 577 ab
1543 549 1666 577 Honorio
1681 555 1711 577 et
1726 549 1813 576 Theo-

1022 593 1101 621 dosio
1118 594 1328 629 imperatoribus
1344 595 1446 630 aliquid
1462 595 1541 622 vendi
1557 595 1608 622 hoc
1620 599 1703 629 pacto
1720 595 1811 629 prohi-

1023 640 1102 667 betur
1117 648 1123 666 :
1141 649 1150 665 ί
1168 640 1331 668 Mercatores
1348 645 1402 667 tam
1415 640 1528 676 imperio
1544 644 1637 667 nostro
1651 648 1736 671 quam
1749 639 1810 667 Per-

1024 693 1116 714 sarum
1132 686 1189 722 regi
1211 685 1360 721 subjectos,
1377 686 1448 714 ultra
1468 693 1499 714 ea
1522 685 1579 713 loca
1596 686 1624 712 in
1646 686 1750 720 quibus
1766 686 1811 713 fce—

1026 732 1097 759 deris
1114 736 1235 767 tempore
1256 740 1318 760 cum
1343 737 1492 760 memorata
1516 733 1627 759 natione
1648 733 1731 760 nobis
1747 740 1810 759 con-

1024 779 1108 811 venit,
1126 778 1262 805 nundinas
1278 786 1404 806 exercerc
1416 779 1528 806 minime
1540 783 1658 812 oportet,
1678 786 1714 806 ne
1735 778 1810 806 alieni

1026 824 1111 859 regni,
1127 824 1198 858 quod
1219 831 1273 851 non
1291 825 1426 856 convenit,
1444 829 1599 864 scrutentur
1618 831 1732 852 arcana.
1750 824 1812 851 Nul-

1026 870 1068 897 lus
1094 870 1174 904 igitur
1198 870 1312 904 posthac
1334 870 1449 905 imperio
1470 874 1565 898 nostro
1585 871 1727 905 subjectus
1744 871 1810 898 ultra

1025 915 1141 948 Nisibin,
1157 915 1316 943 Callinicum
1333 920 1359 943 et
1374 916 1530 943 Artaxatam
1546 917 1655 944 emendi
1677 924 1727 943 seu
1749 925 1812 944 ven-

1025 961 1105 989 dendi
1123 962 1228 996 species
1252 969 1334 988 causa
1358 962 1491 996 proﬁcisci
1519 962 1633 995 audeat,
1650 969 1701 989 nec
1716 967 1812 997 praeter

1025 1014 1191 1035 memoratas
1214 1007 1339 1035 civitates
1363 1015 1424 1034 cum
1448 1007 1531 1034 Persa
1556 1015 1661 1035 merces
1677 1008 1812 1034 existimet

1025 1054 1242 1087 commutandas,
1265 1054 1368 1081 sciente
1393 1058 1525 1088 utroque.
1550 1054 1596 1088 qui
1615 1054 1771 1086 contrahit,
1789 1059 1813 1080 et

1025 1100 1139 1134 species,
1162 1107 1223 1135 qua:
1246 1105 1344 1134 praeter
1366 1099 1422 1126 hazc
1441 1099 1499 1126 loca
1520 1099 1621 1126 fuerint
1640 1100 1811 1131 venundatae,

1025 1147 1066 1174 vel
1090 1150 1270 1180 comparatae,
1294 1152 1373 1173 sacro
1396 1146 1492 1172 aerario
1513 1150 1607 1172 nostro
1620 1145 1812 1177 vindicandas,

1025 1197 1052 1219 et
1070 1196 1167 1227 praeter
1182 1199 1276 1219 earum
1293 1199 1382 1218 rerum
1397 1199 1428 1218 ac
1442 1191 1519 1226 pretii
1533 1190 1722 1223 amissionem,
1741 1191 1813 1225 quod

1025 1237 1106 1264 fuerit
1118 1241 1291 1264 numeratum
1303 1237 1345 1264 vel
1360 1241 1567 1269 commutatum,
1579 1237 1670 1263 exsilii
1684 1244 1715 1264 se
1728 1244 1814 1269 poma;

1025 1283 1196 1318 sempiterna;
1209 1283 1389 1310 subdendum.
1402 1292 1412 1308 ι
1424 1282 1452 1309 Si
1465 1282 1528 1317 quis
1545 1282 1616 1309 scire
1632 1282 1726 1317 cupiat
1740 1290 1815 1316 qure-

1025 1336 1088 1356 nam
1108 1328 1135 1354 in
1153 1326 1262 1354 Oriente
1278 1327 1379 1354 fuerint
1397 1327 1516 1361 emporia
1532 1326 1655 1354 Romana
1672 1331 1701 1354 et
1715 1326 1813 1353 barba-

1024 1374 1091 1407 rica,
1103 1374 1174 1409 legat
1187 1374 1295 1400 Arriani
1309 1373 1444 1408 Periplum
1457 1373 1538 1399 maris
1547 1371 1639 1409 Rubri,
1653 1372 1727 1407 quod
1740 1380 1814 1400 nunc

1026 1420 1139 1447 habetur
1151 1425 1218 1447 tom.
1234 1419 1245 1446 Ι
1257 1419 1468 1454 Geographorum
1480 1419 1621 1451 minorum,
1640 1426 1712 1453 quos
1727 1418 1814 1445 edidit

1025 1466 1143 1505 Joann‘es
1165 1467 1310 1494 Hudsonus
1334 1465 1446 1493 Oxonia:
1469 1473 1541 1492 anno
1563 1465 1643 1492 1698.
1667 1464 1739 1492 Urbs
1757 1465 1812 1496 illa,

998 1508 1009 1519 ⁴
1025 1520 1086 1548 quae
1098 1512 1257 1548 Emporium
1271 1511 1423 1539 Romanum
1438 1512 1464 1538 in
1476 1510 1687 1538 Homzeritarum
1703 1511 1814 1546 regione

1025 1559 1107 1586 situm
1129 1558 1281 1591 constituit,
1304 1557 1338 1584 ab
1359 1557 1478 1592 antiquis
1500 1561 1526 1583 et
1548 1557 1686 1584 accuratis
1701 1564 1815 1591 geogra-

1025 1605 1097 1640 phis,
1113 1604 1259 1631 Ptolemaeo
1273 1607 1299 1630 et
1313 1603 1439 1634 Arriano,
1452 1602 1551 1628 Arabia
1563 1601 1724 1634 vocabatur,
1740 1602 1814 1636 quod

1025 1651 1058 1678 ad
1077 1651 1226 1686 marginem
1251 1648 1389 1676 Ptolemaei
1405 1647 1566 1682 jampridem
1586 1646 1730 1674 adnotavit
1743 1649 1814 1674 anti-

1026 1704 1086 1732 quae
1097 1695 1266 1732 geographiae
1278 1694 1458 1729 peritissimus
1470 1693 1558 1720 Lucas
1570 1692 1729 1720 Holstenius
1740 1693 1812 1728 (20);

1025 1791 1066 1813 est
1086 1785 1169 1813 Marci
1193 1785 1293 1812 Aurelii
1322 1783 1439 1811 Heronis
1462 1783 1552 1811 aeditui
1569 1783 1635 1811 :edis
1660 1783 1813 1818 Serapidis,

1025 1829 1085 1856 quze
1102 1825 1153 1856 est,
1169 1821 1204 1856 in,
1220 1820 1301 1847 Portu
1315 1821 1373 1856 χιι.
1386 1819 1556 1856 arenam:
1563 1819 1668 1856 iures
1682 1819 1815 1856 Nautio.

1024 1853 1089 1882 ΡΟΣ
1105 1855 1173 1882 ΤΟΥ
1189 1855 1234 1882 ΕΝ
1258 1855 1370 1881 ΠΟΡΤΩ
1395 1855 1591 1881 ΣΕΡΑΠΙΔΟΣ.
1610 1853 1661 1880 Ubi
1684 1861 1738 1880 vox
1757 1855 1812 1884 iila,

1025 1891 1052 1917 in
1066 1891 1160 1922 Porta,
1179 1890 1217 1917 nil
1233 1891 1305 1917 aliud
1329 1890 1462 1924 signiticat
1479 1897 1559 1924 quam
1581 1889 1762 1916 Portuensem
1777 1890 1815 1916 civ

1025 1926 1146 1953 vitalem.
1163 1925 1230 1952 Vide
1240 1926 1321 1953 etiam
1333 1925 1366 1951 du
1380 1924 1489 1957 Frcsne,
1509 1932 1569 1959 pag.
1588 1924 1632 1954 14.
1646 1924 1699 1950 loc.
1713 1925 1761 1950 cit.

1060 1961 1116 1996 (15)
1132 1961 1265 1987 liobcrtus
1281 1960 1432 1996 Stephanus
1450 1960 1475 1985 in
1498 1957 1629 1996 Thesauro
1646 1959 1747 1996 tingue
1762 1957 1814 1984 ια-

1026 1994 1087 2024 (iure
1105 1994 1208 2028 Scribit,
1225 1996 1299 2022 verb.
1320 1995 1473 2029 Emporium
1487 2002 1496 2020 :
1511 2004 1521 2020 ι
1538 1994 1636 2024 Locus,
1651 1994 1678 2021 in
1696 2001 1753 2028 quo
1770 2001 1813 2020 nes

1025 2032 1133 2059 venales
1144 2035 1326 2065 exponuntur,
1341 2030 1374 2056 ab
1389 2029 1524 2065 ὲμπρρὲω,
1541 2030 1638 2060 lucror,
1652 2034 1782 2065 negotior.
1800 2037 1810 2053 ι

1061 2067 1116 2101 (16)
1137 2065 1201 2092 Vide
1221 2066 1247 2092 in
1261 2065 1418 2101 ergt‘apltis
1434 2064 1576 2101 Hudsonii,
1592 2069 1659 2090 tom.

1061 2093 1115 2138 (17)
1136 2101 1201 2138 Vide
1214 2093 1651 2138 etiam_l\obertum__Stcphanunt
1673 2099 1790 2138 loc.__cit.
1805 2108 1812 2127 :

1029 2147 1037 2162 ι
1055 2134 1211 2170 Emporium
1229 2135 1357 2170 oppidutn
1371 2140 1411 2161 est
1429 2143 1443 2161 a
1458 2134 1674 2170 Massrlicnsibus
1692 2135 1814 2162 aediﬁca-

991 2168 1013 2197 D
1027 2178 1083 2199 tum
1098 2168 1113 2198 a
1128 2168 1414 2206 Pyrenaaismotuibus
1433 2172 1502 2206 stad.
1521 2168 1590 2195 1004
1610 2169 1767 2206 intervallo,
1787 2175 1814 2197 et

1027 2204 1162 2241 Hispania:
1178 2206 1276 2232 finibus
1289 2206 1321 2231 ad
1335 2204 1448 2231 Galliam
1463 2205 1566 2241 distans
1583 2212 1588 2229 :
1605 2211 1620 2230 a
1638 2211 1694 2241 quo
1712 2204 1814 2241 Empo-

1026 2239 1130 2269 rietiscs
1144 2241 1233 2275 populi
1250 2240 1314 2268 dicti
1324 2244 1399 2271 sunt,
1413 2244 1441 2266 ut
1454 2240 1542 2266 videte
1555 2244 1597 2266 est
1612 2240 1684 2273 apud
1702 2239 1814 2266 Strabo-

1027 2285 1087 2304 nem
1101 2277 1146 2302 lib.
1164 2283 1204 2303 ιιι.

1062 2312 1116 2346 (18)
1130 2311 1239 2337 Dissert.
1258 2310 1291 2346 de
1302 2309 1522 2346 Philostorglpr:
1537 2307 1597 2335 108.

1062 2343 1118 2382 (ltl)
1137 2346 1195 2372 Lib.
1210 2353 1247 2382 IV,
1258 2345 1304 2382 (tit.
1378 2348 1450 2382 t_o_m._
1466 2344 1486 2370 ll
1502 2343 1699 2382 Cot'pu5_juris
1726 2344 1812 2372 civilia

1027 2379 1149 2412 Romani,
1164 2389 1224 2415 pag.
1239 2380 1285 2406 191
1300 2381 1364 2406 edit.
1380 2379 1475 2415 Lipsiae
1489 2379 1553 2415 anni
1571 2379 1650 2415 1140.

1063 2417 1118 2451 (20)
1144 2413 1211 2442 Vide
1232 2413 1562 2451 Ptolemaaunthtieograplt.
1585 2413 1633 2451 lib.
1651 2422 1689 2451 vt,
1706 2423 1768 2451 (ἕῳ.
1787 2415 1813 2449 7,

1028 2449 1088 2486 pag.
1109 2449 1364 2486 ’11ὖειιίινΒιιδιιθιιξ
1384 2449 1461 2486 1540,
1479 2449 1523 2475 ubi
1540 2458 1554 2486 :>
1568 2458 1577 2473 ‹
1595 2449 1698 2477 Arabia
1714 2449 1814 2484 Empo-

1030 2484 1116 2519 rium;
1136 2496 1145 2511 )
1170 2490 1197 2513 et
1216 2485 1248 2512 ad
1264 2486 1334 2511 hunc
1349 2485 1437 2510 locum
1455 2485 1511 2520 beet:
1523 2484 1650 2510 adnotata
1672 2486 1809 2520 legimus:

1031 2531 1040 2547 ε
1063 2521 1137 2548 Aden
1154 2521 1244 2552 hodie,
1261 2520 1442 2546 munitissima
1459 2519 1540 2551 urbs,
1553 2523 1580 2545 et
1596 2519 1754 2553 emporium
1772 2520 1811 2547 fa-

1029 2557 1188 2590 migeratum
1205 2565 1214 2580 ι
1233 2555 1279 2581 lib.
1297 2562 1325 2585 Il,
1339 2554 1446 2590 cap.74.
1458 2553 1533 2590 Lua.
1550 2553 1810 2582 VARTOIMN.PIOI€-

1029 2592 1089 2618 nisui
1111 2591 1220 2618 Graecus
1240 2594 1382 2617 contextus
1404 2589 1642 2626 habety‘Apaota;
1669 2591 1810 2626 ἐμπόρων.

1029 2626 1184 2653 llolstcnius
1207 2630 1295 2652 tamen
1317 2625 1458 2658 legendum
1473 2624 1598 2660 advertit,
1630 2624 1756 2660 ‘Apaﬁta',
1783 2631 1812 2652 ut

1029 2662 1161 2688 Arrianus
1173 2660 1269 2692 habet;
1287 2660 1430 2695 etquidem
1449 2660 1475 2686 in
1490 2659 1582 2686 Latina
1602 2659 1728 2688 versione
1742 2662 1811 2695 opti-

1030 2704 1073 2723 me
1089 2696 1185 2730 legitur
1205 2705 1214 2720 ι
1231 2695 1329 2721 Arabia
1348 2694 1513 2730 Emporium,
1536 2704 1545 2719 ι
1569 2702 1652 2729 quam
1667 2694 1810 2722 lectionem

1030 2729 1139 2758 secutus
1154 2735 1196 2757 est
1214 2730 1331 2757 Joannes
1348 2729 1492 2756 lludsonns
1511 2731 1536 2755 in
1552 2731 1658 2756 edenda
1672 2730 1810 2763 Ptolemaei

1030 2766 1208 2800 Descriptione
1221 2765 1337 2795 Arabiw,
1361 2769 1388 2791 et
1405 2764 1506 2790 Tabula
1527 2765 1631 2790 urbium
1655 2766 1808 2800 insignium.

1031 2801 1157 2830 ﬂendosa
1174 2805 1215 2829 est
1228 2801 1306 2828 lectio
1320 2799 1420 2827 codicis
1434 2799 1603 2834 Coisliniani,
1619 2801 1666 2836 qui
1680 2799 1730 2837 pro
1745 2803 1811 2829 Ara-
