  <div class='ocr_page' id='page_1' title='image "/cluster/home/n/w/nwhite01/storage/ocr_20150623/10/njp.32101077772406/288.png"; bbox 0 0 1857 3051; ppageno 0'>
   <div class='ocr_carea' id='block_1_1' title="bbox 70 99 115 127">
    <p class='ocr_par' dir='ltr' id='par_1_1' title="bbox 70 99 115 127">
     <span class='ocr_line' id='line_1_1' title="bbox 70 99 115 127; baseline -0.022 0"><span class='ocrx_word' id='word_1_1' title='bbox 70 99 115 127; x_wconf 67' lang='lat'><strong>525</strong></span> 
     </span>
    </p>
   </div>
   <div class='ocr_carea' id='block_1_2' title="bbox 70 153 870 192">
    <p class='ocr_par' dir='ltr' id='par_1_2' title="bbox 70 153 870 192">
     <span class='ocr_line' id='line_1_2' title="bbox 70 153 870 192; baseline -0.004 -9"><span class='ocrx_word' id='word_1_2' title='bbox 70 167 97 186; x_wconf 76' lang='lat' dir='ltr'><strong>ex</strong></span> <span class='ocrx_word' id='word_1_3' title='bbox 112 163 162 192; x_wconf 90' lang='lat' dir='ltr'><strong>quo</strong></span> <span class='ocrx_word' id='word_1_4' title='bbox 178 159 247 183; x_wconf 88' lang='lat' dir='ltr'><strong>certe</strong></span> <span class='ocrx_word' id='word_1_5' title='bbox 263 158 369 182; x_wconf 86' lang='lat' dir='ltr'><strong>constat</strong></span> <span class='ocrx_word' id='word_1_6' title='bbox 393 154 487 181; x_wconf 81' lang='lat' dir='ltr'><strong>urbem</strong></span> <span class='ocrx_word' id='word_1_7' title='bbox 509 154 598 186; x_wconf 88' lang='lat' dir='ltr'><strong>illam,</strong></span> <span class='ocrx_word' id='word_1_8' title='bbox 615 162 696 188; x_wconf 81' lang='lat' dir='ltr'><strong>quam</strong></span> <span class='ocrx_word' id='word_1_9' title='bbox 722 153 750 180; x_wconf 92' lang='lat' dir='ltr'><strong>S.</strong></span> <span class='ocrx_word' id='word_1_10' title='bbox 769 153 833 188; x_wconf 89' lang='lat' dir='ltr'><strong>Hip—</strong></span> <span class='ocrx_word' id='word_1_11' title='bbox 848 157 870 183; x_wconf 77' lang='grc' dir='ltr'>Α</span> 
     </span>
    </p>
   </div>
   <div class='ocr_carea' id='block_1_3' title="bbox 70 199 832 239">
    <p class='ocr_par' dir='ltr' id='par_1_3' title="bbox 70 199 832 239">
     <span class='ocr_line' id='line_1_3' title="bbox 70 199 832 239; baseline -0.005 -9"><span class='ocrx_word' id='word_1_12' title='bbox 70 203 140 239; x_wconf 81' lang='lat' dir='ltr'><strong>polyti</strong></span> <span class='ocrx_word' id='word_1_13' title='bbox 158 202 244 229; x_wconf 93' lang='lat' dir='ltr'><strong>sedem</strong></span> <span class='ocrx_word' id='word_1_14' title='bbox 263 201 374 229; x_wconf 86' lang='lat' dir='ltr'><strong>credidit</strong></span> <span class='ocrx_word' id='word_1_15' title='bbox 387 199 521 236; x_wconf 85' lang='lat' dir='ltr'><strong>Moynius,</strong></span> <span class='ocrx_word' id='word_1_16' title='bbox 537 207 591 227; x_wconf 91' lang='lat' dir='ltr'><strong>non</strong></span> <span class='ocrx_word' id='word_1_17' title='bbox 609 200 705 227; x_wconf 81' lang='lat' dir='ltr'><strong>Portus</strong></span> <span class='ocrx_word' id='word_1_18' title='bbox 719 200 832 227; x_wconf 84' lang='lat' dir='ltr'><strong>Romani</strong></span> 
     </span>
    </p>
   </div>
   <div class='ocr_carea' id='block_1_4' title="bbox 71 245 833 282">
    <p class='ocr_par' dir='ltr' id='par_1_4' title="bbox 71 245 833 282">
     <span class='ocr_line' id='line_1_4' title="bbox 71 245 833 282; baseline -0.005 -6"><span class='ocrx_word' id='word_1_19' title='bbox 71 249 166 276; x_wconf 84' lang='lat' dir='ltr'><strong>nomine</strong></span> <span class='ocrx_word' id='word_1_20' title='bbox 181 247 333 282; x_wconf 86' lang='lat' dir='ltr'><strong>insignitam</strong></span> <span class='ocrx_word' id='word_1_21' title='bbox 349 246 442 278; x_wconf 79' lang='lat' dir='ltr'><strong>fuisse,</strong></span> <span class='ocrx_word' id='word_1_22' title='bbox 457 247 503 274; x_wconf 89' lang='lat' dir='ltr'><strong>sed</strong></span> <span class='ocrx_word' id='word_1_23' title='bbox 517 245 645 273; x_wconf 78' lang='lat' dir='ltr'><strong>Arabiam</strong></span> <span class='ocrx_word' id='word_1_24' title='bbox 662 245 746 273; x_wconf 82' lang='lat' dir='ltr'><strong>fuisse</strong></span> <span class='ocrx_word' id='word_1_25' title='bbox 763 254 833 272; x_wconf 90' lang='lat' dir='ltr'><strong>nun-</strong></span> 
     </span>
    </p>
   </div>
   <div class='ocr_carea' id='block_1_5' title="bbox 69 323 832 360">
    <p class='ocr_par' dir='ltr' id='par_1_5' title="bbox 69 323 832 360">
     <span class='ocr_line' id='line_1_5' title="bbox 69 323 832 360; baseline -0.001 -7"><span class='ocrx_word' id='word_1_26' title='bbox 69 327 115 356; x_wconf 68' lang='grc'>6111,</span> <span class='ocrx_word' id='word_1_27' title='bbox 129 325 253 360; x_wconf 72' lang='grc' dir='ltr'><strong>ἐμπόριον</strong></span> <span class='ocrx_word' id='word_1_28' title='bbox 268 324 384 351; x_wconf 77' lang='lat' dir='ltr'><strong>exhibet.</strong></span> <span class='ocrx_word' id='word_1_29' title='bbox 403 323 499 352; x_wconf 91' lang='lat' dir='ltr'><strong>Petrus</strong></span> <span class='ocrx_word' id='word_1_30' title='bbox 515 324 608 352; x_wconf 83' lang='lat' dir='ltr'><strong>Daniel</strong></span> <span class='ocrx_word' id='word_1_31' title='bbox 625 324 738 352; x_wconf 85' lang='lat' dir='ltr'><strong>Huetius</strong></span> <span class='ocrx_word' id='word_1_32' title='bbox 756 325 782 352; x_wconf 93' lang='lat' dir='ltr'><strong>in</strong></span> <span class='ocrx_word' id='word_1_33' title='bbox 798 325 832 352; x_wconf 92' lang='lat' dir='ltr'><strong>li-</strong></span> 
     </span>
    </p>
   </div>
   <div class='ocr_carea' id='block_1_6' title="bbox 69 361 832 394">
    <p class='ocr_par' dir='ltr' id='par_1_6' title="bbox 69 361 832 394">
     <span class='ocr_line' id='line_1_6' title="bbox 69 361 832 394; baseline -0.003 -6"><span class='ocrx_word' id='word_1_34' title='bbox 69 362 129 388; x_wconf 87' lang='lat' dir='ltr'><strong>bello</strong></span> <span class='ocrx_word' id='word_1_35' title='bbox 146 361 180 386; x_wconf 82' lang='lat' dir='ltr'><strong>De</strong></span> <span class='ocrx_word' id='word_1_36' title='bbox 195 366 306 387; x_wconf 80' lang='lat' dir='ltr'><strong>veterum</strong></span> <span class='ocrx_word' id='word_1_37' title='bbox 320 365 494 386; x_wconf 75' lang='lat' dir='ltr'><strong>mercatorum</strong></span> <span class='ocrx_word' id='word_1_38' title='bbox 510 361 672 386; x_wconf 75' lang='lat' dir='ltr'><strong>commerciis</strong></span> <span class='ocrx_word' id='word_1_39' title='bbox 685 365 709 386; x_wconf 82' lang='lat' dir='ltr'><strong>et</strong></span> <span class='ocrx_word' id='word_1_40' title='bbox 723 361 832 394; x_wconf 80' lang='lat' dir='ltr'><strong>nauiga-</strong></span> 
     </span>
    </p>
   </div>
   <div class='ocr_carea' id='block_1_7' title="bbox 69 394 833 430">
    <p class='ocr_par' dir='ltr' id='par_1_7' title="bbox 69 394 833 430">
     <span class='ocr_line' id='line_1_7' title="bbox 69 394 833 430; baseline -0.001 -8"><span class='ocrx_word' id='word_1_41' title='bbox 69 396 178 427; x_wconf 74' lang='lat' dir='ltr'><strong>tionibus,</strong></span> <span class='ocrx_word' id='word_1_42' title='bbox 206 403 264 430; x_wconf 82' lang='lat' dir='ltr'><strong>pag.</strong></span> <span class='ocrx_word' id='word_1_43' title='bbox 290 395 352 427; x_wconf 70' lang='lat'><strong>532,</strong></span> <span class='ocrx_word' id='word_1_44' title='bbox 375 396 438 425; x_wconf 78' lang='grc'><strong>555.</strong></span> <span class='ocrx_word' id='word_1_45' title='bbox 461 395 512 421; x_wconf 70' lang='grc'><strong>554</strong></span> <span class='ocrx_word' id='word_1_46' title='bbox 536 395 600 422; x_wconf 92' lang='lat' dir='ltr'><strong>edit.</strong></span> <span class='ocrx_word' id='word_1_47' title='bbox 619 394 751 422; x_wconf 86' lang='lat' dir='ltr'><strong>Parisien.</strong></span> <span class='ocrx_word' id='word_1_48' title='bbox 769 396 833 422; x_wconf 81' lang='grc'>1111111</span> 
     </span>
    </p>
   </div>
   <div class='ocr_carea' id='block_1_8' title="bbox 69 430 831 464">
    <p class='ocr_par' dir='ltr' id='par_1_8' title="bbox 69 430 831 464">
     <span class='ocr_line' id='line_1_8' title="bbox 69 430 831 464; baseline -0.001 -7"><span class='ocrx_word' id='word_1_49' title='bbox 69 431 138 461; x_wconf 77' lang='grc'>1716.</span> <span class='ocrx_word' id='word_1_50' title='bbox 160 431 251 457; x_wconf 92' lang='lat' dir='ltr'><strong>scribit</strong></span> <span class='ocrx_word' id='word_1_51' title='bbox 264 430 357 456; x_wconf 86' lang='lat' dir='ltr'><strong>Caium</strong></span> <span class='ocrx_word' id='word_1_52' title='bbox 371 430 515 461; x_wconf 69' lang='lat' dir='ltr'><strong>Caesarem,</strong></span> <span class='ocrx_word' id='word_1_53' title='bbox 529 430 642 464; x_wconf 81' lang='lat' dir='ltr'><strong>Augusti</strong></span> <span class='ocrx_word' id='word_1_54' title='bbox 655 430 752 461; x_wconf 86' lang='lat' dir='ltr'><strong>lilium,</strong></span> <span class='ocrx_word' id='word_1_55' title='bbox 763 431 831 457; x_wconf 86' lang='lat' dir='ltr'><strong>Ara-</strong></span> 
     </span>
    </p>
   </div>
   <div class='ocr_carea' id='block_1_9' title="bbox 69 464 833 499">
    <p class='ocr_par' dir='ltr' id='par_1_9' title="bbox 69 464 833 499">
     <span class='ocr_line' id='line_1_9' title="bbox 69 464 833 499; baseline 0 -7"><span class='ocrx_word' id='word_1_56' title='bbox 69 467 112 492; x_wconf 68' lang='lat' dir='ltr'><strong>bia:</strong></span> <span class='ocrx_word' id='word_1_57' title='bbox 126 465 218 492; x_wconf 81' lang='lat' dir='ltr'><strong>Felicis</strong></span> <span class='ocrx_word' id='word_1_58' title='bbox 233 464 388 499; x_wconf 79' lang='lat' dir='ltr'><strong>Emporium</strong></span> <span class='ocrx_word' id='word_1_59' title='bbox 404 466 571 492; x_wconf 85' lang='lat' dir='ltr'><strong>devastasse.</strong></span> <span class='ocrx_word' id='word_1_60' title='bbox 605 465 656 492; x_wconf 87' lang='lat' dir='ltr'><strong>Sed</strong></span> <span class='ocrx_word' id='word_1_61' title='bbox 671 465 711 492; x_wconf 83' lang='lat' dir='ltr'><strong>vir</strong></span> <span class='ocrx_word' id='word_1_62' title='bbox 723 470 833 492; x_wconf 65' lang='lat' dir='ltr'><strong>caetero-</strong></span> 
     </span>
    </p>
   </div>
   <div class='ocr_carea' id='block_1_10' title="bbox 68 499 834 535">
    <p class='ocr_par' dir='ltr' id='par_1_10' title="bbox 68 499 834 535">
     <span class='ocr_line' id='line_1_10' title="bbox 68 499 834 535; baseline -0.001 -8"><span class='ocrx_word' id='word_1_63' title='bbox 68 502 123 535; x_wconf 90' lang='lat' dir='ltr'><strong>quin</strong></span> <span class='ocrx_word' id='word_1_64' title='bbox 139 501 257 527; x_wconf 83' lang='lat' dir='ltr'><strong>eruditus</strong></span> <span class='ocrx_word' id='word_1_65' title='bbox 283 505 337 527; x_wconf 90' lang='lat' dir='ltr'><strong>toto</strong></span> <span class='ocrx_word' id='word_1_66' title='bbox 357 499 426 527; x_wconf 58' lang='lat' dir='ltr'><strong>coelo</strong></span> <span class='ocrx_word' id='word_1_67' title='bbox 443 500 493 526; x_wconf 86' lang='lat' dir='ltr'><strong>bac</strong></span> <span class='ocrx_word' id='word_1_68' title='bbox 515 500 542 527; x_wconf 92' lang='lat' dir='ltr'><strong>in</strong></span> <span class='ocrx_word' id='word_1_69' title='bbox 560 508 588 527; x_wconf 89' lang='lat' dir='ltr'><strong>re</strong></span> <span class='ocrx_word' id='word_1_70' title='bbox 600 500 740 528; x_wconf 83' lang='lat' dir='ltr'><strong>aberrasse</strong></span> <span class='ocrx_word' id='word_1_71' title='bbox 755 500 834 527; x_wconf 88' lang='lat' dir='ltr'><strong>nobis</strong></span> 
     </span>
    </p>
   </div>
   <div class='ocr_carea' id='block_1_11' title="bbox 69 534 834 569">
    <p class='ocr_par' dir='ltr' id='par_1_11' title="bbox 69 534 834 569">
     <span class='ocr_line' id='line_1_11' title="bbox 69 534 834 569; baseline 0.001 -8"><span class='ocrx_word' id='word_1_72' title='bbox 69 534 177 567; x_wconf 61' lang='lat' dir='ltr'><strong>videtur;</strong></span> <span class='ocrx_word' id='word_1_73' title='bbox 192 543 263 566; x_wconf 87' lang='lat' dir='ltr'><strong>nam,</strong></span> <span class='ocrx_word' id='word_1_74' title='bbox 275 539 303 562; x_wconf 88' lang='lat' dir='ltr'><strong>ut</strong></span> <span class='ocrx_word' id='word_1_75' title='bbox 315 536 415 569; x_wconf 88' lang='lat' dir='ltr'><strong>optime</strong></span> <span class='ocrx_word' id='word_1_76' title='bbox 428 537 554 562; x_wconf 93' lang='lat' dir='ltr'><strong>observat</strong></span> <span class='ocrx_word' id='word_1_77' title='bbox 569 534 701 562; x_wconf 84' lang='lat' dir='ltr'><strong>Henricus</strong></span> <span class='ocrx_word' id='word_1_78' title='bbox 712 535 834 562; x_wconf 81' lang='lat' dir='ltr'><strong>Dodwel-</strong></span> 
     </span>
    </p>
   </div>
   <div class='ocr_carea' id='block_1_12' title="bbox 69 569 832 605">
    <p class='ocr_par' dir='ltr' id='par_1_12' title="bbox 69 569 832 605">
     <span class='ocr_line' id='line_1_12' title="bbox 69 569 832 605; baseline -0.001 -8"><span class='ocrx_word' id='word_1_79' title='bbox 69 571 104 598; x_wconf 91' lang='lat' dir='ltr'><strong>lus</strong></span> <span class='ocrx_word' id='word_1_80' title='bbox 119 571 221 605; x_wconf 79' lang='lat' dir='ltr'><strong>dissert.</strong></span> <span class='ocrx_word' id='word_1_81' title='bbox 239 570 255 596; x_wconf 71' lang='grc'><strong>4</strong></span> <span class='ocrx_word' id='word_1_82' title='bbox 268 570 301 596; x_wconf 87' lang='lat' dir='ltr'><strong>de</strong></span> <span class='ocrx_word' id='word_1_83' title='bbox 317 575 389 597; x_wconf 88' lang='lat' dir='ltr'><strong>auct.</strong></span> <span class='ocrx_word' id='word_1_84' title='bbox 402 569 502 605; x_wconf 55' lang='grc' dir='ltr'><strong>ξεν-ἰριὶ</strong></span> <span class='ocrx_word' id='word_1_85' title='bbox 517 571 598 596; x_wconf 79' lang='lat' dir='ltr'><strong>maris</strong></span> <span class='ocrx_word' id='word_1_86' title='bbox 614 569 757 605; x_wconf 75' lang='lat' dir='ltr'><strong>Erythrmi,</strong></span> <span class='ocrx_word' id='word_1_87' title='bbox 768 571 832 597; x_wconf 82' lang='lat' dir='ltr'><strong>edit.</strong></span> 
     </span>
    </p>
   </div>
   <div class='ocr_carea' id='block_1_13' title="bbox 69 604 833 640">
    <p class='ocr_par' dir='ltr' id='par_1_13' title="bbox 69 604 833 640">
     <span class='ocr_line' id='line_1_13' title="bbox 69 604 833 640; baseline -0.001 -8"><span class='ocrx_word' id='word_1_88' title='bbox 69 611 125 632; x_wconf 89' lang='lat' dir='ltr'><strong>tom.</strong></span> <span class='ocrx_word' id='word_1_89' title='bbox 142 605 151 631; x_wconf 92' lang='lat' dir='ltr'><strong>l</strong></span> <span class='ocrx_word' id='word_1_90' title='bbox 166 604 307 640; x_wconf 83' lang='lat' dir='ltr'><strong>Geograplt.</strong></span> <span class='ocrx_word' id='word_1_91' title='bbox 323 606 386 631; x_wconf 87' lang='lat' dir='ltr'><strong>min.</strong></span> <span class='ocrx_word' id='word_1_92' title='bbox 407 604 527 632; x_wconf 90' lang='lat' dir='ltr'><strong>Hudsoni</strong></span> <span class='ocrx_word' id='word_1_93' title='bbox 542 604 748 637; x_wconf 58' lang='grc'>01101111111698,</span> <span class='ocrx_word' id='word_1_94' title='bbox 763 605 790 631; x_wconf 90' lang='grc'><strong>111</strong></span> <span class='ocrx_word' id='word_1_95' title='bbox 805 605 833 636; x_wconf 85' lang='grc'>8,</span> 
     </span>
    </p>
   </div>
   <div class='ocr_carea' id='block_1_14' title="bbox 70 639 835 676">
    <p class='ocr_par' dir='ltr' id='par_1_14' title="bbox 70 639 835 676">
     <span class='ocr_line' id='line_1_14' title="bbox 70 639 835 676; baseline 0 -10"><span class='ocrx_word' id='word_1_96' title='bbox 70 640 145 676; x_wconf 72' lang='lat' dir='ltr'><strong>§2et</strong></span> <span class='ocrx_word' id='word_1_97' title='bbox 160 639 246 674; x_wconf 83' lang='lat' dir='ltr'><strong>seqq.,</strong></span> <span class='ocrx_word' id='word_1_98' title='bbox 269 648 329 674; x_wconf 80' lang='lat' dir='ltr'><strong>pag.</strong></span> <span class='ocrx_word' id='word_1_99' title='bbox 358 640 402 672; x_wconf 81' lang='lat'><strong>86,</strong></span> <span class='ocrx_word' id='word_1_100' title='bbox 425 644 520 667; x_wconf 84' lang='lat' dir='ltr'><strong>auctor</strong></span> <span class='ocrx_word' id='word_1_101' title='bbox 543 639 643 674; x_wconf 79' lang='lat' dir='ltr'><strong>Peripti</strong></span> <span class='ocrx_word' id='word_1_102' title='bbox 668 641 748 676; x_wconf 77' lang='lat' dir='ltr'><strong>maris</strong></span> <span class='ocrx_word' id='word_1_103' title='bbox 767 639 835 675; x_wconf 83' lang='lat' dir='ltr'><strong>Ery-</strong></span> 
     </span>
    </p>
   </div>
   <div class='ocr_carea' id='block_1_15' title="bbox 69 675 836 710">
    <p class='ocr_par' dir='ltr' id='par_1_15' title="bbox 69 675 836 710">
     <span class='ocr_line' id='line_1_15' title="bbox 69 675 836 710; baseline 0.001 -9"><span class='ocrx_word' id='word_1_104' title='bbox 69 676 143 708; x_wconf 68' lang='lat' dir='ltr'><strong>tltrwi,</strong></span> <span class='ocrx_word' id='word_1_105' title='bbox 167 683 246 710; x_wconf 86' lang='lat' dir='ltr'><strong>quem</strong></span> <span class='ocrx_word' id='word_1_106' title='bbox 266 675 382 702; x_wconf 84' lang='lat' dir='ltr'><strong>Arriano</strong></span> <span class='ocrx_word' id='word_1_107' title='bbox 403 675 535 707; x_wconf 90' lang='lat' dir='ltr'><strong>tribuunt,</strong></span> <span class='ocrx_word' id='word_1_108' title='bbox 550 683 583 702; x_wconf 89' lang='lat' dir='ltr'><strong>ex</strong></span> <span class='ocrx_word' id='word_1_109' title='bbox 599 683 654 709; x_wconf 89' lang='lat' dir='ltr'><strong>quo</strong></span> <span class='ocrx_word' id='word_1_110' title='bbox 669 675 726 702; x_wconf 66' lang='lat' dir='ltr'><strong>haec</strong></span> <span class='ocrx_word' id='word_1_111' title='bbox 740 675 836 702; x_wconf 86' lang='lat' dir='ltr'><strong>didicit</strong></span> 
     </span>
    </p>
   </div>
   <div class='ocr_carea' id='block_1_16' title="bbox 69 709 836 745">
    <p class='ocr_par' dir='ltr' id='par_1_16' title="bbox 69 709 836 745">
     <span class='ocr_line' id='line_1_16' title="bbox 69 709 836 745; baseline 0 -8"><span class='ocrx_word' id='word_1_112' title='bbox 69 709 182 741; x_wconf 67' lang='lat' dir='ltr'><strong>Huetius,</strong></span> <span class='ocrx_word' id='word_1_113' title='bbox 206 711 257 737; x_wconf 91' lang='lat' dir='ltr'><strong>sub</strong></span> <span class='ocrx_word' id='word_1_114' title='bbox 273 711 338 743; x_wconf 89' lang='lat' dir='ltr'><strong>imp.</strong></span> <span class='ocrx_word' id='word_1_115' title='bbox 352 710 442 737; x_wconf 83' lang='lat' dir='ltr'><strong>Marco</strong></span> <span class='ocrx_word' id='word_1_116' title='bbox 455 715 482 737; x_wconf 89' lang='lat' dir='ltr'><strong>et</strong></span> <span class='ocrx_word' id='word_1_117' title='bbox 493 709 564 737; x_wconf 87' lang='lat' dir='ltr'><strong>Vero</strong></span> <span class='ocrx_word' id='word_1_118' title='bbox 585 710 693 743; x_wconf 82' lang='lat' dir='ltr'><strong>ﬂoruit;</strong></span> <span class='ocrx_word' id='word_1_119' title='bbox 721 711 836 745; x_wconf 81' lang='lat' dir='ltr'><strong>ideoque</strong></span> 
     </span>
    </p>
   </div>
   <div class='ocr_carea' id='block_1_17' title="bbox 69 745 835 780">
    <p class='ocr_par' dir='ltr' id='par_1_17' title="bbox 69 745 835 780">
     <span class='ocr_line' id='line_1_17' title="bbox 69 745 835 780; baseline 0.001 -9"><span class='ocrx_word' id='word_1_120' title='bbox 69 746 118 772; x_wconf 76' lang='lat' dir='ltr'><strong>inec</strong></span> <span class='ocrx_word' id='word_1_121' title='bbox 132 745 208 772; x_wconf 77' lang='lat' dir='ltr'><strong>verba</strong></span> <span class='ocrx_word' id='word_1_122' title='bbox 236 745 355 780; x_wconf 83' lang='lat' dir='ltr'><strong>ejusdem</strong></span> <span class='ocrx_word' id='word_1_123' title='bbox 371 745 479 778; x_wconf 79' lang='lat' dir='ltr'><strong>Arriani</strong></span> <span class='ocrx_word' id='word_1_124' title='bbox 499 745 525 772; x_wconf 90' lang='lat' dir='ltr'><strong>in</strong></span> <span class='ocrx_word' id='word_1_125' title='bbox 541 745 646 779; x_wconf 82' lang='lat' dir='ltr'><strong>Periplo</strong></span> <span class='ocrx_word' id='word_1_126' title='bbox 664 750 729 772; x_wconf 90' lang='lat' dir='ltr'><strong>tom.</strong></span> <span class='ocrx_word' id='word_1_127' title='bbox 743 745 751 771; x_wconf 94' lang='lat' dir='ltr'><strong>l</strong></span> <span class='ocrx_word' id='word_1_128' title='bbox 769 745 835 772; x_wconf 83' lang='lat' dir='ltr'><strong>Geo-</strong></span> 
     </span>
    </p>
   </div>
   <div class='ocr_carea' id='block_1_18' title="bbox 68 780 834 815">
    <p class='ocr_par' dir='ltr' id='par_1_18' title="bbox 68 780 834 815">
     <span class='ocr_line' id='line_1_18' title="bbox 68 780 834 815; baseline 0.001 -9"><span class='ocrx_word' id='word_1_129' title='bbox 68 781 149 815; x_wconf 83' lang='lat' dir='ltr'><strong>graph.</strong></span> <span class='ocrx_word' id='word_1_130' title='bbox 163 782 237 812; x_wconf 85' lang='lat' dir='ltr'><strong>min.,</strong></span> <span class='ocrx_word' id='word_1_131' title='bbox 260 788 320 815; x_wconf 86' lang='lat' dir='ltr'><strong>pag.</strong></span> <span class='ocrx_word' id='word_1_132' title='bbox 336 780 388 807; x_wconf 78' lang='grc'><strong>151</strong></span> <span class='ocrx_word' id='word_1_133' title='bbox 409 781 471 809; x_wconf 53' lang='lat' dir='ltr'><strong>«At</strong></span> <span class='ocrx_word' id='word_1_134' title='bbox 488 787 550 806; x_wconf 83' lang='lat' dir='ltr'><strong>vero</strong></span> <span class='ocrx_word' id='word_1_135' title='bbox 563 781 643 814; x_wconf 90' lang='lat' dir='ltr'><strong>paulo</strong></span> <span class='ocrx_word' id='word_1_136' title='bbox 664 785 725 807; x_wconf 85' lang='lat' dir='ltr'><strong>ante</strong></span> <span class='ocrx_word' id='word_1_137' title='bbox 742 785 834 807; x_wconf 87' lang='lat' dir='ltr'><strong>nostra</strong></span> 
     </span>
    </p>
   </div>
   <div class='ocr_carea' id='block_1_19' title="bbox 70 815 871 851">
    <p class='ocr_par' dir='ltr' id='par_1_19' title="bbox 70 815 871 851">
     <span class='ocr_line' id='line_1_19' title="bbox 70 815 871 851; baseline 0.001 -10"><span class='ocrx_word' id='word_1_138' title='bbox 70 821 176 849; x_wconf 83' lang='lat' dir='ltr'><strong>tempora</strong></span> <span class='ocrx_word' id='word_1_139' title='bbox 190 817 279 842; x_wconf 72' lang='lat' dir='ltr'><strong>Caesar</strong></span> <span class='ocrx_word' id='word_1_140' title='bbox 301 823 360 842; x_wconf 90' lang='lat' dir='ltr'><strong>eam</strong></span> <span class='ocrx_word' id='word_1_141' title='bbox 379 815 522 847; x_wconf 83' lang='lat' dir='ltr'><strong>destruxit,</strong></span> <span class='ocrx_word' id='word_1_142' title='bbox 544 825 552 840; x_wconf 81' lang='grc' dir='ltr'><strong><em>ι</em></strong></span> <span class='ocrx_word' id='word_1_143' title='bbox 581 815 694 850; x_wconf 77' lang='lat' dir='ltr'><strong>Augusti</strong></span> <span class='ocrx_word' id='word_1_144' title='bbox 709 823 766 842; x_wconf 63' lang='grc' dir='ltr'><strong>ἱενο</strong></span> <span class='ocrx_word' id='word_1_145' title='bbox 781 823 833 842; x_wconf 86' lang='grc'>11011</span> <span class='ocrx_word' id='word_1_146' title='bbox 851 825 871 851; x_wconf 74' lang='grc' dir='ltr'><strong>Β</strong></span> 
     </span>
    </p>
   </div>
   <div class='ocr_carea' id='block_1_20' title="bbox 69 850 835 883">
    <p class='ocr_par' dir='ltr' id='par_1_20' title="bbox 69 850 835 883">
     <span class='ocr_line' id='line_1_20' title="bbox 69 850 835 883; baseline -0.001 -6"><span class='ocrx_word' id='word_1_147' title='bbox 69 851 229 883; x_wconf 80' lang='lat' dir='ltr'><strong>conveniunt,</strong></span> <span class='ocrx_word' id='word_1_148' title='bbox 255 858 317 877; x_wconf 91' lang='lat' dir='ltr'><strong>cum</strong></span> <span class='ocrx_word' id='word_1_149' title='bbox 334 854 442 878; x_wconf 88' lang='lat' dir='ltr'><strong>centum</strong></span> <span class='ocrx_word' id='word_1_150' title='bbox 465 855 492 877; x_wconf 91' lang='lat' dir='ltr'><strong>et</strong></span> <span class='ocrx_word' id='word_1_151' title='bbox 514 851 652 883; x_wconf 81' lang='lat' dir='ltr'><strong>sexaginta</strong></span> <span class='ocrx_word' id='word_1_152' title='bbox 676 851 739 876; x_wconf 90' lang='lat' dir='ltr'><strong>anni</strong></span> <span class='ocrx_word' id='word_1_153' title='bbox 766 850 835 877; x_wconf 87' lang='lat' dir='ltr'><strong>inter</strong></span> 
     </span>
    </p>
   </div>
   <div class='ocr_carea' id='block_1_21' title="bbox 68 871 834 919">
    <p class='ocr_par' dir='ltr' id='par_1_21' title="bbox 68 871 834 919">
     <span class='ocr_line' id='line_1_21' title="bbox 68 871 834 919; baseline 0 -8"><span class='ocrx_word' id='word_1_154' title='bbox 68 871 246 919; x_wconf 58' lang='grc' dir='ltr'><strong>Ᾰῖξιὶιέἰὶιῖἐῖὲι</strong></span> <span class='ocrx_word' id='word_1_155' title='bbox 257 871 834 912; x_wconf 42' lang='lat' dir='ltr'><strong>Véi&#39;uiri&#39;ihiéicéiaBii&#39;iiiiéieéiirtinuis</strong></span> 
     </span>
    </p>
   </div>
   <div class='ocr_carea' id='block_1_22' title="bbox 70 920 833 954">
    <p class='ocr_par' dir='ltr' id='par_1_22' title="bbox 70 920 833 954">
     <span class='ocr_line' id='line_1_22' title="bbox 70 920 833 954; baseline 0.001 -9"><span class='ocrx_word' id='word_1_156' title='bbox 70 921 131 946; x_wconf 81' lang='lat' dir='ltr'><strong>Hist.</strong></span> <span class='ocrx_word' id='word_1_157' title='bbox 147 921 192 947; x_wconf 89' lang='lat' dir='ltr'><strong>lib.</strong></span> <span class='ocrx_word' id='word_1_158' title='bbox 209 927 247 952; x_wconf 82' lang='lat' dir='ltr'><strong>Vl,</strong></span> <span class='ocrx_word' id='word_1_159' title='bbox 261 927 321 954; x_wconf 92' lang='lat' dir='ltr'><strong>cap.</strong></span> <span class='ocrx_word' id='word_1_160' title='bbox 335 920 380 953; x_wconf 77' lang='grc'>28,</span> <span class='ocrx_word' id='word_1_161' title='bbox 405 926 434 947; x_wconf 93' lang='lat' dir='ltr'><strong>ut</strong></span> <span class='ocrx_word' id='word_1_162' title='bbox 445 921 568 947; x_wconf 81' lang='lat' dir='ltr'><strong>observat</strong></span> <span class='ocrx_word' id='word_1_163' title='bbox 585 920 654 946; x_wconf 88' lang='lat' dir='ltr'><strong>idem</strong></span> <span class='ocrx_word' id='word_1_164' title='bbox 672 920 833 952; x_wconf 82' lang='lat' dir='ltr'><strong>Dodwellus,</strong></span> 
     </span>
    </p>
   </div>
   <div class='ocr_carea' id='block_1_23' title="bbox 68 954 835 986">
    <p class='ocr_par' dir='ltr' id='par_1_23' title="bbox 68 954 835 986">
     <span class='ocr_line' id='line_1_23' title="bbox 68 954 835 986; baseline 0 -5"><span class='ocrx_word' id='word_1_165' title='bbox 68 960 90 981; x_wconf 89' lang='lat' dir='ltr'><strong>et</strong></span> <span class='ocrx_word' id='word_1_166' title='bbox 107 960 165 982; x_wconf 90' lang='lat' dir='ltr'><strong>ante</strong></span> <span class='ocrx_word' id='word_1_167' title='bbox 188 956 276 986; x_wconf 88' lang='lat' dir='ltr'><strong>ipsttm</strong></span> <span class='ocrx_word' id='word_1_168' title='bbox 301 955 340 982; x_wconf 91' lang='lat' dir='ltr'><strong>vir</strong></span> <span class='ocrx_word' id='word_1_169' title='bbox 365 955 500 982; x_wconf 81' lang='lat' dir='ltr'><strong>maximus</strong></span> <span class='ocrx_word' id='word_1_170' title='bbox 520 954 654 982; x_wconf 88' lang='lat' dir='ltr'><strong>Henricus</strong></span> <span class='ocrx_word' id='word_1_171' title='bbox 667 954 792 982; x_wconf 87' lang='lat' dir='ltr'><strong>Norisius</strong></span> <span class='ocrx_word' id='word_1_172' title='bbox 808 955 835 981; x_wconf 94' lang='grc'><strong>111</strong></span> 
     </span>
    </p>
   </div>
   <div class='ocr_carea' id='block_1_24' title="bbox 68 990 834 1025">
    <p class='ocr_par' dir='ltr' id='par_1_24' title="bbox 68 990 834 1025">
     <span class='ocr_line' id='line_1_24' title="bbox 68 990 834 1025; baseline 0 -9"><span class='ocrx_word' id='word_1_173' title='bbox 68 990 214 1025; x_wconf 76' lang='lat' dir='ltr'><strong>Cmnotaph.</strong></span> <span class='ocrx_word' id='word_1_174' title='bbox 224 990 438 1025; x_wconf 31' lang='lat' dir='ltr'><strong>Pisansdissert.</strong></span> <span class='ocrx_word' id='word_1_175' title='bbox 451 991 478 1022; x_wconf 73' lang='lat'><strong>2,</strong></span> <span class='ocrx_word' id='word_1_176' title='bbox 494 997 553 1025; x_wconf 89' lang='lat' dir='ltr'><strong>cap.</strong></span> <span class='ocrx_word' id='word_1_177' title='bbox 564 990 607 1019; x_wconf 76' lang='lat'><strong>1‘2.</strong></span> <span class='ocrx_word' id='word_1_178' title='bbox 620 998 680 1024; x_wconf 83' lang='lat' dir='ltr'><strong>pag.</strong></span> <span class='ocrx_word' id='word_1_179' title='bbox 690 990 751 1022; x_wconf 78' lang='lat'><strong>580,</strong></span> <span class='ocrx_word' id='word_1_180' title='bbox 767 995 834 1017; x_wconf 90' lang='lat' dir='ltr'><strong>tom.</strong></span> 
     </span>
    </p>
   </div>
   <div class='ocr_carea' id='block_1_25' title="bbox 70 1024 833 1059">
    <p class='ocr_par' dir='ltr' id='par_1_25' title="bbox 70 1024 833 1059">
     <span class='ocr_line' id='line_1_25' title="bbox 70 1024 833 1059; baseline 0.001 -9"><span class='ocrx_word' id='word_1_181' title='bbox 70 1025 96 1050; x_wconf 96' lang='lat' dir='ltr'><strong>lll</strong></span> <span class='ocrx_word' id='word_1_182' title='bbox 110 1024 220 1059; x_wconf 89' lang='lat' dir='ltr'><strong>Operum</strong></span> <span class='ocrx_word' id='word_1_183' title='bbox 237 1026 301 1052; x_wconf 87' lang='lat' dir='ltr'><strong>edit.</strong></span> <span class='ocrx_word' id='word_1_184' title='bbox 321 1024 433 1052; x_wconf 70' lang='lat' dir='ltr'><strong>Veronae</strong></span> <span class='ocrx_word' id='word_1_185' title='bbox 454 1025 518 1052; x_wconf 88' lang='lat' dir='ltr'><strong>attni</strong></span> <span class='ocrx_word' id='word_1_186' title='bbox 543 1024 622 1057; x_wconf 74' lang='grc'>1729,</span> <span class='ocrx_word' id='word_1_187' title='bbox 652 1027 708 1052; x_wconf 71' lang='lat' dir='ltr'><strong>inec</strong></span> <span class='ocrx_word' id='word_1_188' title='bbox 731 1026 833 1052; x_wconf 86' lang='lat' dir='ltr'><strong>habet:</strong></span> 
     </span>
    </p>
   </div>
   <div class='ocr_carea' id='block_1_26' title="bbox 71 1059 837 1094">
    <p class='ocr_par' dir='ltr' id='par_1_26' title="bbox 71 1059 837 1094">
     <span class='ocr_line' id='line_1_26' title="bbox 71 1059 837 1094; baseline 0 -8"><span class='ocrx_word' id='word_1_189' title='bbox 71 1060 155 1086; x_wconf 69' lang='lat' dir='ltr'><strong>«Caius</strong></span> <span class='ocrx_word' id='word_1_190' title='bbox 165 1059 388 1094; x_wconf 66' lang='lat' dir='ltr'><strong>Ctesar,Augusti</strong></span> <span class='ocrx_word' id='word_1_191' title='bbox 403 1060 484 1092; x_wconf 87' lang='lat' dir='ltr'><strong>tilius,</strong></span> <span class='ocrx_word' id='word_1_192' title='bbox 501 1061 639 1094; x_wconf 80' lang='lat' dir='ltr'><strong>prospexit.</strong></span> <span class='ocrx_word' id='word_1_193' title='bbox 655 1064 761 1087; x_wconf 87' lang='lat' dir='ltr'><strong>tantum</strong></span> <span class='ocrx_word' id='word_1_194' title='bbox 771 1060 837 1086; x_wconf 85' lang='lat' dir='ltr'><strong>Ara-</strong></span> 
     </span>
    </p>
   </div>
   <div class='ocr_carea' id='block_1_27' title="bbox 69 1095 836 1129">
    <p class='ocr_par' dir='ltr' id='par_1_27' title="bbox 69 1095 836 1129">
     <span class='ocr_line' id='line_1_27' title="bbox 69 1095 836 1129; baseline 0.001 -9"><span class='ocrx_word' id='word_1_195' title='bbox 69 1095 147 1126; x_wconf 86' lang='lat' dir='ltr'><strong>biam;</strong></span> <span class='ocrx_word' id='word_1_196' title='bbox 165 1104 174 1120; x_wconf 87' lang='grc'><strong>›</strong></span> <span class='ocrx_word' id='word_1_197' title='bbox 191 1102 224 1122; x_wconf 84' lang='lat' dir='ltr'><strong>ex</strong></span> <span class='ocrx_word' id='word_1_198' title='bbox 236 1095 337 1129; x_wconf 84' lang='lat' dir='ltr'><strong>quibus</strong></span> <span class='ocrx_word' id='word_1_199' title='bbox 351 1095 521 1128; x_wconf 81' lang='lat' dir='ltr'><strong>apertissime</strong></span> <span class='ocrx_word' id='word_1_200' title='bbox 533 1099 641 1122; x_wconf 86' lang='lat' dir='ltr'><strong>constat</strong></span> <span class='ocrx_word' id='word_1_201' title='bbox 667 1095 763 1122; x_wconf 85' lang='lat' dir='ltr'><strong>Caium</strong></span> <span class='ocrx_word' id='word_1_202' title='bbox 779 1095 836 1122; x_wconf 69' lang='lat' dir='ltr'><strong>Cte-</strong></span> 
     </span>
    </p>
   </div>
   <div class='ocr_carea' id='block_1_28' title="bbox 70 1127 836 1157">
    <p class='ocr_par' dir='ltr' id='par_1_28' title="bbox 70 1127 836 1157">
     <span class='ocr_line' id='line_1_28' title="bbox 70 1127 836 1157; baseline 0 -1"><span class='ocrx_word' id='word_1_203' title='bbox 70 1137 145 1156; x_wconf 85' lang='lat' dir='ltr'><strong>sarem</strong></span> <span class='ocrx_word' id='word_1_204' title='bbox 158 1137 173 1156; x_wconf 91' lang='lat' dir='ltr'><strong>a</strong></span> <span class='ocrx_word' id='word_1_205' title='bbox 188 1127 293 1157; x_wconf 84' lang='lat' dir='ltr'><strong>bellicis</strong></span> <span class='ocrx_word' id='word_1_206' title='bbox 309 1130 467 1156; x_wconf 87' lang='lat' dir='ltr'><strong>tumultibus</strong></span> <span class='ocrx_word' id='word_1_207' title='bbox 485 1137 516 1156; x_wconf 88' lang='lat' dir='ltr'><strong>ac</strong></span> <span class='ocrx_word' id='word_1_208' title='bbox 532 1130 654 1157; x_wconf 83' lang='lat' dir='ltr'><strong>cladibus</strong></span> <span class='ocrx_word' id='word_1_209' title='bbox 670 1129 778 1157; x_wconf 65' lang='lat' dir='ltr'><strong>Arabiae</strong></span> <span class='ocrx_word' id='word_1_210' title='bbox 793 1130 836 1156; x_wconf 84' lang='lat' dir='ltr'><strong>in-</strong></span> 
     </span>
    </p>
   </div>
   <div class='ocr_carea' id='block_1_29' title="bbox 70 1164 837 1199">
    <p class='ocr_par' dir='ltr' id='par_1_29' title="bbox 70 1164 837 1199">
     <span class='ocr_line' id='line_1_29' title="bbox 70 1164 837 1199; baseline 0 -9"><span class='ocrx_word' id='word_1_211' title='bbox 70 1165 174 1191; x_wconf 80' lang='lat' dir='ltr'><strong>ferendis</strong></span> <span class='ocrx_word' id='word_1_212' title='bbox 193 1171 308 1199; x_wconf 83' lang='lat' dir='ltr'><strong>prorsus</strong></span> <span class='ocrx_word' id='word_1_213' title='bbox 327 1165 503 1192; x_wconf 87' lang='lat' dir='ltr'><strong>abstinuisse.</strong></span> <span class='ocrx_word' id='word_1_214' title='bbox 521 1164 610 1191; x_wconf 84' lang='lat' dir='ltr'><strong>Plinio</strong></span> <span class='ocrx_word' id='word_1_215' title='bbox 625 1165 705 1192; x_wconf 91' lang='lat' dir='ltr'><strong>etiam</strong></span> <span class='ocrx_word' id='word_1_216' title='bbox 722 1172 837 1192; x_wconf 85' lang='lat' dir='ltr'><strong>consen-</strong></span> 
     </span>
    </p>
   </div>
   <div class='ocr_carea' id='block_1_30' title="bbox 70 1199 837 1234">
    <p class='ocr_par' dir='ltr' id='par_1_30' title="bbox 70 1199 837 1234">
     <span class='ocr_line' id='line_1_30' title="bbox 70 1199 837 1234; baseline 0.001 -9"><span class='ocrx_word' id='word_1_217' title='bbox 70 1203 96 1225; x_wconf 84' lang='lat' dir='ltr'><strong>tit</strong></span> <span class='ocrx_word' id='word_1_218' title='bbox 109 1199 304 1233; x_wconf 88' lang='lat' dir='ltr'><strong>quodammodo</strong></span> <span class='ocrx_word' id='word_1_219' title='bbox 313 1199 468 1234; x_wconf 86' lang='lat' dir='ltr'><strong>Propertius</strong></span> <span class='ocrx_word' id='word_1_220' title='bbox 476 1200 685 1234; x_wconf 79' lang='lat' dir='ltr'><strong>elegantissimis</strong></span> <span class='ocrx_word' id='word_1_221' title='bbox 695 1200 769 1227; x_wconf 86' lang='lat' dir='ltr'><strong>hisce</strong></span> <span class='ocrx_word' id='word_1_222' title='bbox 777 1207 837 1227; x_wconf 91' lang='lat' dir='ltr'><strong>ear-</strong></span> 
     </span>
    </p>
   </div>
   <div class='ocr_carea' id='block_1_31' title="bbox 69 1234 573 1267">
    <p class='ocr_par' dir='ltr' id='par_1_31' title="bbox 69 1234 573 1267">
     <span class='ocr_line' id='line_1_31' title="bbox 69 1234 573 1267; baseline 0.004 -8"><span class='ocrx_word' id='word_1_223' title='bbox 69 1234 173 1261; x_wconf 86' lang='lat' dir='ltr'><strong>minibus</strong></span> <span class='ocrx_word' id='word_1_224' title='bbox 187 1235 232 1261; x_wconf 91' lang='lat' dir='ltr'><strong>lib.</strong></span> <span class='ocrx_word' id='word_1_225' title='bbox 250 1243 280 1267; x_wconf 91' lang='lat' dir='ltr'><strong>tt,</strong></span> <span class='ocrx_word' id='word_1_226' title='bbox 299 1235 334 1262; x_wconf 89' lang='lat' dir='ltr'><strong>el.</strong></span> <span class='ocrx_word' id='word_1_227' title='bbox 352 1235 396 1266; x_wconf 85' lang='grc'><strong>10,</strong></span> <span class='ocrx_word' id='word_1_228' title='bbox 413 1242 438 1261; x_wconf 83' lang='lat' dir='ltr'><strong>v.</strong></span> <span class='ocrx_word' id='word_1_229' title='bbox 455 1235 499 1266; x_wconf 83' lang='grc'>15,</span> <span class='ocrx_word' id='word_1_230' title='bbox 518 1235 550 1261; x_wconf 84' lang='grc'><strong>16</strong></span> <span class='ocrx_word' id='word_1_231' title='bbox 567 1244 573 1261; x_wconf 90' lang='lat'>:</span> 
     </span>
    </p>
   </div>
   <div class='ocr_carea' id='block_1_32' title="bbox 114 1280 784 1316">
    <p class='ocr_par' dir='ltr' id='par_1_32' title="bbox 114 1280 784 1316">
     <span class='ocr_line' id='line_1_32' title="bbox 114 1280 784 1316; baseline 0 -10"><span class='ocrx_word' id='word_1_232' title='bbox 114 1280 187 1307; x_wconf 81' lang='lat' dir='ltr'><strong>India</strong></span> <span class='ocrx_word' id='word_1_233' title='bbox 201 1289 277 1316; x_wconf 86' lang='lat' dir='ltr'><strong>qum,</strong></span> <span class='ocrx_word' id='word_1_234' title='bbox 294 1281 420 1315; x_wconf 79' lang='lat' dir='ltr'><strong>Auguste,</strong></span> <span class='ocrx_word' id='word_1_235' title='bbox 436 1285 479 1307; x_wconf 84' lang='lat' dir='ltr'><strong>tuo</strong></span> <span class='ocrx_word' id='word_1_236' title='bbox 494 1281 540 1307; x_wconf 88' lang='lat' dir='ltr'><strong>dat</strong></span> <span class='ocrx_word' id='word_1_237' title='bbox 557 1280 784 1316; x_wconf 19' lang='lat' dir='ltr'><strong>collartriumpho,</strong></span> 
     </span>
    </p>
   </div>
   <div class='ocr_carea' id='block_1_33' title="bbox 144 1315 683 1347">
    <p class='ocr_par' dir='ltr' id='par_1_33' title="bbox 144 1315 683 1347">
     <span class='ocr_line' id='line_1_33' title="bbox 144 1315 683 1347; baseline 0 -5"><span class='ocrx_word' id='word_1_238' title='bbox 144 1316 177 1342; x_wconf 79' lang='lat' dir='ltr'><strong>Et</strong></span> <span class='ocrx_word' id='word_1_239' title='bbox 189 1321 284 1342; x_wconf 79' lang='lat' dir='ltr'><strong>damus</strong></span> <span class='ocrx_word' id='word_1_240' title='bbox 300 1317 406 1343; x_wconf 68' lang='lat' dir='ltr'><strong>intactae</strong></span> <span class='ocrx_word' id='word_1_241' title='bbox 424 1321 447 1342; x_wconf 86' lang='lat' dir='ltr'><strong>te</strong></span> <span class='ocrx_word' id='word_1_242' title='bbox 465 1316 552 1342; x_wconf 84' lang='lat' dir='ltr'><strong>tremit</strong></span> <span class='ocrx_word' id='word_1_243' title='bbox 568 1315 683 1347; x_wconf 64' lang='lat' dir='ltr'><strong>Arabica,</strong></span> 
     </span>
    </p>
   </div>
   <div class='ocr_carea' id='block_1_34' title="bbox 70 1360 552 1397">
    <p class='ocr_par' dir='ltr' id='par_1_34' title="bbox 70 1360 552 1397">
     <span class='ocr_line' id='line_1_34' title="bbox 70 1360 552 1397; baseline 0.002 -10"><span class='ocrx_word' id='word_1_244' title='bbox 70 1360 97 1387; x_wconf 84' lang='lat' dir='ltr'><strong>Et</strong></span> <span class='ocrx_word' id='word_1_245' title='bbox 108 1361 247 1396; x_wconf 78' lang='lat' dir='ltr'><strong>lyricorum</strong></span> <span class='ocrx_word' id='word_1_246' title='bbox 262 1362 387 1397; x_wconf 85' lang='lat' dir='ltr'><strong>princeps</strong></span> <span class='ocrx_word' id='word_1_247' title='bbox 401 1361 528 1389; x_wconf 82' lang='lat' dir='ltr'><strong>Horatius</strong></span> <span class='ocrx_word' id='word_1_248' title='bbox 546 1370 552 1388; x_wconf 89' lang='lat'>:</span> 
     </span>
    </p>
   </div>
   <div class='ocr_carea' id='block_1_35' title="bbox 162 1406 438 1440">
    <p class='ocr_par' dir='ltr' id='par_1_35' title="bbox 162 1406 438 1440">
     <span class='ocr_line' id='line_1_35' title="bbox 162 1406 438 1440; baseline 0 -7"><span class='ocrx_word' id='word_1_249' title='bbox 162 1406 275 1434; x_wconf 81' lang='lat' dir='ltr'><strong>Intactis</strong></span> <span class='ocrx_word' id='word_1_250' title='bbox 291 1407 438 1440; x_wconf 79' lang='lat' dir='ltr'><strong>opulentior</strong></span> 
     </span>
    </p>
   </div>
   <div class='ocr_carea' id='block_1_36' title="bbox 162 1441 447 1469">
    <p class='ocr_par' dir='ltr' id='par_1_36' title="bbox 162 1441 447 1469">
     <span class='ocr_line' id='line_1_36' title="bbox 162 1441 447 1469; baseline 0 -1"><span class='ocrx_word' id='word_1_251' title='bbox 162 1441 304 1469; x_wconf 83' lang='lat' dir='ltr'><strong>Thesauris</strong></span> <span class='ocrx_word' id='word_1_252' title='bbox 322 1443 447 1468; x_wconf 81' lang='lat' dir='ltr'><strong>Arabum.</strong></span> 
     </span>
    </p>
   </div>
   <div class='ocr_carea' id='block_1_37' title="bbox 71 1475 836 1512">
    <p class='ocr_par' dir='ltr' id='par_1_37' title="bbox 71 1475 836 1512">
     <span class='ocr_line' id='line_1_37' title="bbox 71 1475 836 1512; baseline 0.001 -9"><span class='ocrx_word' id='word_1_253' title='bbox 71 1475 111 1503; x_wconf 85' lang='lat' dir='ltr'><strong>His</strong></span> <span class='ocrx_word' id='word_1_254' title='bbox 125 1477 219 1504; x_wconf 83' lang='lat' dir='ltr'><strong>addere</strong></span> <span class='ocrx_word' id='word_1_255' title='bbox 234 1485 383 1512; x_wconf 88' lang='lat' dir='ltr'><strong>possumus</strong></span> <span class='ocrx_word' id='word_1_256' title='bbox 397 1477 449 1504; x_wconf 82' lang='lat' dir='ltr'><strong>alia</strong></span> <span class='ocrx_word' id='word_1_257' title='bbox 463 1478 517 1505; x_wconf 94' lang='lat' dir='ltr'><strong>duo</strong></span> <span class='ocrx_word' id='word_1_258' title='bbox 533 1483 653 1506; x_wconf 87' lang='lat' dir='ltr'><strong>veterum</strong></span> <span class='ocrx_word' id='word_1_259' title='bbox 672 1477 836 1510; x_wconf 88' lang='lat' dir='ltr'><strong>testimonia,</strong></span> 
     </span>
    </p>
   </div>
   <div class='ocr_carea' id='block_1_38' title="bbox 69 1512 835 1547">
    <p class='ocr_par' dir='ltr' id='par_1_38' title="bbox 69 1512 835 1547">
     <span class='ocr_line' id='line_1_38' title="bbox 69 1512 835 1547; baseline 0.003 -10"><span class='ocrx_word' id='word_1_260' title='bbox 69 1519 96 1538; x_wconf 77' lang='lat' dir='ltr'><strong>ex</strong></span> <span class='ocrx_word' id='word_1_261' title='bbox 117 1512 210 1546; x_wconf 89' lang='lat' dir='ltr'><strong>quibus</strong></span> <span class='ocrx_word' id='word_1_262' title='bbox 233 1512 438 1539; x_wconf 87' lang='lat' dir='ltr'><strong>evidentissime</strong></span> <span class='ocrx_word' id='word_1_263' title='bbox 464 1517 545 1547; x_wconf 87' lang='lat' dir='ltr'><strong>patet,</strong></span> <span class='ocrx_word' id='word_1_264' title='bbox 570 1522 620 1541; x_wconf 90' lang='lat' dir='ltr'><strong>nec</strong></span> <span class='ocrx_word' id='word_1_265' title='bbox 644 1514 675 1541; x_wconf 69' lang='grc' dir='ltr'><strong>(Σ.</strong></span> <span class='ocrx_word' id='word_1_266' title='bbox 691 1513 835 1545; x_wconf 66' lang='grc'>(1111511111111,</span> 
     </span>
    </p>
   </div>
   <div class='ocr_carea' id='block_1_39' title="bbox 70 1547 838 1583">
    <p class='ocr_par' dir='ltr' id='par_1_39' title="bbox 70 1547 838 1583">
     <span class='ocr_line' id='line_1_39' title="bbox 70 1547 838 1583; baseline 0.001 -10"><span class='ocrx_word' id='word_1_267' title='bbox 70 1554 111 1574; x_wconf 86' lang='lat' dir='ltr'><strong>nec</strong></span> <span class='ocrx_word' id='word_1_268' title='bbox 124 1547 222 1574; x_wconf 67' lang='lat' dir='ltr'><strong>Elium</strong></span> <span class='ocrx_word' id='word_1_269' title='bbox 234 1547 413 1583; x_wconf 19' lang='lat' dir='ltr'><strong>Gallum,rqui</strong></span> <span class='ocrx_word' id='word_1_270' title='bbox 431 1547 458 1574; x_wconf 90' lang='lat' dir='ltr'><strong>in</strong></span> <span class='ocrx_word' id='word_1_271' title='bbox 470 1548 568 1583; x_wconf 71' lang='lat' dir='ltr'><strong>Arabia</strong></span> <span class='ocrx_word' id='word_1_272' title='bbox 580 1548 669 1576; x_wconf 86' lang='lat' dir='ltr'><strong>Felice</strong></span> <span class='ocrx_word' id='word_1_273' title='bbox 683 1549 773 1583; x_wconf 92' lang='lat' dir='ltr'><strong>populi</strong></span> <span class='ocrx_word' id='word_1_274' title='bbox 787 1547 838 1574; x_wconf 83' lang='lat' dir='ltr'><strong>Ro-</strong></span> 
     </span>
    </p>
   </div>
   <div class='ocr_carea' id='block_1_40' title="bbox 70 1582 835 1618">
    <p class='ocr_par' dir='ltr' id='par_1_40' title="bbox 70 1582 835 1618">
     <span class='ocr_line' id='line_1_40' title="bbox 70 1582 835 1618; baseline 0.003 -11"><span class='ocrx_word' id='word_1_275' title='bbox 70 1583 132 1618; x_wconf 81' lang='lat' dir='ltr'><strong>mani</strong></span> <span class='ocrx_word' id='word_1_276' title='bbox 146 1583 340 1618; x_wconf 20' lang='lat' dir='ltr'><strong>armaiprimus</strong></span> <span class='ocrx_word' id='word_1_277' title='bbox 356 1582 456 1615; x_wconf 87' lang='lat' dir='ltr'><strong>intulit,</strong></span> <span class='ocrx_word' id='word_1_278' title='bbox 469 1582 676 1618; x_wconf 55' lang='lat' dir='ltr'><strong>Homeritarum</strong></span> <span class='ocrx_word' id='word_1_279' title='bbox 683 1582 835 1618; x_wconf 75' lang='lat' dir='ltr'><strong>regionem,</strong></span> 
     </span>
    </p>
   </div>
   <div class='ocr_carea' id='block_1_41' title="bbox 70 1616 836 1652">
    <p class='ocr_par' dir='ltr' id='par_1_41' title="bbox 70 1616 836 1652">
     <span class='ocr_line' id='line_1_41' title="bbox 70 1616 836 1652; baseline 0.004 -10"><span class='ocrx_word' id='word_1_280' title='bbox 70 1616 91 1642; x_wconf 93' lang='grc'><strong>111</strong></span> <span class='ocrx_word' id='word_1_281' title='bbox 102 1624 149 1651; x_wconf 90' lang='lat' dir='ltr'><strong>qua</strong></span> <span class='ocrx_word' id='word_1_282' title='bbox 163 1617 212 1644; x_wconf 93' lang='lat' dir='ltr'><strong>hoc</strong></span> <span class='ocrx_word' id='word_1_283' title='bbox 223 1616 384 1652; x_wconf 82' lang='lat' dir='ltr'><strong>Emporium</strong></span> <span class='ocrx_word' id='word_1_284' title='bbox 396 1618 477 1644; x_wconf 90' lang='lat' dir='ltr'><strong>sitttm</strong></span> <span class='ocrx_word' id='word_1_285' title='bbox 492 1617 577 1645; x_wconf 77' lang='lat' dir='ltr'><strong>fuisse</strong></span> <span class='ocrx_word' id='word_1_286' title='bbox 589 1619 701 1651; x_wconf 81' lang='lat' dir='ltr'><strong>scimus,</strong></span> <span class='ocrx_word' id='word_1_287' title='bbox 711 1616 836 1652; x_wconf 80' lang='lat' dir='ltr'><strong>tiuspiam</strong></span> 
     </span>
    </p>
   </div>
   <div class='ocr_carea' id='block_1_42' title="bbox 70 1652 837 1691">
    <p class='ocr_par' dir='ltr' id='par_1_42' title="bbox 70 1652 837 1691">
     <span class='ocr_line' id='line_1_42' title="bbox 70 1652 837 1691; baseline 0.003 -14"><span class='ocrx_word' id='word_1_288' title='bbox 70 1652 189 1691; x_wconf 72' lang='lat' dir='ltr'><strong>attigisse.</strong></span> <span class='ocrx_word' id='word_1_289' title='bbox 205 1652 516 1691; x_wconf 72' lang='lat' dir='ltr'><strong>Strabo,___aptiquorttm</strong></span> <span class='ocrx_word' id='word_1_290' title='bbox 531 1654 746 1691; x_wconf 80' lang='lat' dir='ltr'><strong>geographorutu</strong></span> <span class='ocrx_word' id='word_1_291' title='bbox 761 1653 837 1687; x_wconf 88' lang='lat' dir='ltr'><strong>prin-</strong></span> 
     </span>
    </p>
   </div>
   <div class='ocr_carea' id='block_1_43' title="bbox 70 1686 836 1723">
    <p class='ocr_par' dir='ltr' id='par_1_43' title="bbox 70 1686 836 1723">
     <span class='ocr_line' id='line_1_43' title="bbox 70 1686 836 1723; baseline 0.001 -10"><span class='ocrx_word' id='word_1_292' title='bbox 70 1693 133 1723; x_wconf 60' lang='lat' dir='ltr'><strong>seps,</strong></span> <span class='ocrx_word' id='word_1_293' title='bbox 148 1686 294 1722; x_wconf 77' lang='lat' dir='ltr'><strong>Geograph.</strong></span> <span class='ocrx_word' id='word_1_294' title='bbox 308 1686 365 1723; x_wconf 67' lang='lat' dir='ltr'><strong>lib.‘</strong></span> <span class='ocrx_word' id='word_1_295' title='bbox 378 1695 440 1723; x_wconf 19' lang='lat' dir='ltr'><strong>VXVI,</strong></span> <span class='ocrx_word' id='word_1_296' title='bbox 465 1687 509 1714; x_wconf 90' lang='lat' dir='ltr'><strong>ubi</strong></span> <span class='ocrx_word' id='word_1_297' title='bbox 532 1686 836 1723; x_wconf 32' lang='lat' dir='ltr'><strong>agit’de&#39;Arahia,’pag.</strong></span> 
     </span>
    </p>
   </div>
   <div class='ocr_carea' id='block_1_44' title="bbox 71 1720 838 1756">
    <p class='ocr_par' dir='ltr' id='par_1_44' title="bbox 71 1720 838 1756">
     <span class='ocr_line' id='line_1_44' title="bbox 71 1720 838 1756; baseline 0.004 -10"><span class='ocrx_word' id='word_1_298' title='bbox 71 1720 137 1752; x_wconf 73' lang='lat'><strong>“26.</strong></span> <span class='ocrx_word' id='word_1_299' title='bbox 151 1726 176 1748; x_wconf 90' lang='lat' dir='ltr'><strong>et</strong></span> <span class='ocrx_word' id='word_1_300' title='bbox 190 1720 267 1756; x_wconf 79' lang='lat' dir='ltr'><strong>seqq.</strong></span> <span class='ocrx_word' id='word_1_301' title='bbox 282 1722 346 1749; x_wconf 82' lang='lat' dir='ltr'><strong>edit.</strong></span> <span class='ocrx_word' id='word_1_302' title='bbox 369 1720 562 1749; x_wconf 85' lang='lat' dir='ltr'><strong>Amstelodami</strong></span> <span class='ocrx_word' id='word_1_303' title='bbox 580 1723 643 1749; x_wconf 85' lang='lat' dir='ltr'><strong>anui</strong></span> <span class='ocrx_word' id='word_1_304' title='bbox 659 1723 737 1754; x_wconf 83' lang='grc'>1707,</span> <span class='ocrx_word' id='word_1_305' title='bbox 747 1720 838 1750; x_wconf 76' lang='lat' dir='ltr'><strong>aceti-</strong></span> 
     </span>
    </p>
   </div>
   <div class='ocr_carea' id='block_1_45' title="bbox 71 1757 836 1791">
    <p class='ocr_par' dir='ltr' id='par_1_45' title="bbox 71 1757 836 1791">
     <span class='ocr_line' id='line_1_45' title="bbox 71 1757 836 1791; baseline 0.003 -9"><span class='ocrx_word' id='word_1_306' title='bbox 71 1757 222 1783; x_wconf 72' lang='lat' dir='ltr'><strong>rarissimum</strong></span> <span class='ocrx_word' id='word_1_307' title='bbox 235 1757 319 1791; x_wconf 92' lang='lat' dir='ltr'><strong>hujus</strong></span> <span class='ocrx_word' id='word_1_308' title='bbox 336 1757 441 1784; x_wconf 90' lang='lat' dir='ltr'><strong>itineris</strong></span> <span class='ocrx_word' id='word_1_309' title='bbox 452 1758 676 1784; x_wconf 83' lang='lat' dir='ltr'><strong>commentarium</strong></span> <span class='ocrx_word' id='word_1_310' title='bbox 688 1758 836 1790; x_wconf 78' lang='lat' dir='ltr'><strong>contexuit,</strong></span> 
     </span>
    </p>
   </div>
   <div class='ocr_carea' id='block_1_46' title="bbox 71 1792 837 1827">
    <p class='ocr_par' dir='ltr' id='par_1_46' title="bbox 71 1792 837 1827">
     <span class='ocr_line' id='line_1_46' title="bbox 71 1792 837 1827; baseline 0.003 -10"><span class='ocrx_word' id='word_1_311' title='bbox 71 1792 141 1827; x_wconf 66' lang='lat' dir='ltr'><strong>quod</strong></span> <span class='ocrx_word' id='word_1_312' title='bbox 153 1793 176 1819; x_wconf 89' lang='lat' dir='ltr'><strong>si</strong></span> <span class='ocrx_word' id='word_1_313' title='bbox 199 1792 407 1827; x_wconf 73' lang='lat' dir='ltr'><strong>diligentissime</strong></span> <span class='ocrx_word' id='word_1_314' title='bbox 421 1793 631 1826; x_wconf 81' lang='lat' dir='ltr'><strong>perpendamus,</strong></span> <span class='ocrx_word' id='word_1_315' title='bbox 651 1797 744 1826; x_wconf 88' lang='lat' dir='ltr'><strong>aperte</strong></span> <span class='ocrx_word' id='word_1_316' title='bbox 762 1797 837 1827; x_wconf 80' lang='lat' dir='ltr'><strong>pate-</strong></span> 
     </span>
    </p>
   </div>
   <div class='ocr_carea' id='block_1_47' title="bbox 70 1825 836 1861">
    <p class='ocr_par' dir='ltr' id='par_1_47' title="bbox 70 1825 836 1861">
     <span class='ocr_line' id='line_1_47' title="bbox 70 1825 836 1861; baseline 0.003 -9"><span class='ocrx_word' id='word_1_317' title='bbox 70 1825 102 1852; x_wconf 79' lang='lat' dir='ltr'><strong>bit</strong></span> <span class='ocrx_word' id='word_1_318' title='bbox 128 1825 262 1854; x_wconf 72' lang='lat' dir='ltr'><strong>Romanos</strong></span> <span class='ocrx_word' id='word_1_319' title='bbox 283 1827 318 1853; x_wconf 88' lang='lat' dir='ltr'><strong>ab</strong></span> <span class='ocrx_word' id='word_1_320' title='bbox 340 1825 540 1861; x_wconf 74' lang='lat' dir='ltr'><strong>itttproliissitno</strong></span> <span class='ocrx_word' id='word_1_321' title='bbox 555 1827 634 1854; x_wconf 64' lang='lat' dir='ltr'><strong>Silaeo</strong></span> <span class='ocrx_word' id='word_1_322' title='bbox 650 1825 836 1854; x_wconf 69' lang='lat' dir='ltr'><strong>Nabataeorum</strong></span> 
     </span>
    </p>
   </div>
   <div class='ocr_carea' id='block_1_48' title="bbox 70 1862 837 1896">
    <p class='ocr_par' dir='ltr' id='par_1_48' title="bbox 70 1862 837 1896">
     <span class='ocr_line' id='line_1_48' title="bbox 70 1862 837 1896; baseline 0.003 -9"><span class='ocrx_word' id='word_1_323' title='bbox 70 1866 230 1893; x_wconf 84' lang='lat' dir='ltr'><strong>procuratore</strong></span> <span class='ocrx_word' id='word_1_324' title='bbox 255 1863 394 1896; x_wconf 79' lang='lat' dir='ltr'><strong>deceptas,</strong></span> <span class='ocrx_word' id='word_1_325' title='bbox 418 1870 472 1888; x_wconf 91' lang='lat' dir='ltr'><strong>tton</strong></span> <span class='ocrx_word' id='word_1_326' title='bbox 493 1862 563 1889; x_wconf 87' lang='lat' dir='ltr'><strong>ultra</strong></span> <span class='ocrx_word' id='word_1_327' title='bbox 587 1863 747 1889; x_wconf 84' lang='lat' dir='ltr'><strong>Marsiabam</strong></span> <span class='ocrx_word' id='word_1_328' title='bbox 762 1862 837 1889; x_wconf 80' lang='lat' dir='ltr'><strong>Rha-</strong></span> 
     </span>
    </p>
   </div>
   <div class='ocr_carea' id='block_1_49' title="bbox 70 1897 837 1932">
    <p class='ocr_par' dir='ltr' id='par_1_49' title="bbox 70 1897 837 1932">
     <span class='ocr_line' id='line_1_49' title="bbox 70 1897 837 1932; baseline 0.003 -10"><span class='ocrx_word' id='word_1_329' title='bbox 70 1897 219 1932; x_wconf 77' lang='lat' dir='ltr'><strong>tnanitarum</strong></span> <span class='ocrx_word' id='word_1_330' title='bbox 237 1897 332 1924; x_wconf 85' lang='lat' dir='ltr'><strong>urbem</strong></span> <span class='ocrx_word' id='word_1_331' title='bbox 350 1897 523 1931; x_wconf 86' lang='lat' dir='ltr'><strong>processisse,</strong></span> <span class='ocrx_word' id='word_1_332' title='bbox 533 1905 593 1932; x_wconf 65' lang='lat' dir='ltr'><strong>qua:</strong></span> <span class='ocrx_word' id='word_1_333' title='bbox 605 1897 720 1924; x_wconf 92' lang='lat' dir='ltr'><strong>duorum</strong></span> <span class='ocrx_word' id='word_1_334' title='bbox 732 1898 837 1924; x_wconf 92' lang='lat' dir='ltr'><strong>dierum</strong></span> 
     </span>
    </p>
   </div>
   <div class='ocr_carea' id='block_1_50' title="bbox 70 1929 837 1959">
    <p class='ocr_par' dir='ltr' id='par_1_50' title="bbox 70 1929 837 1959">
     <span class='ocr_line' id='line_1_50' title="bbox 70 1929 837 1959; baseline 0.005 -4"><span class='ocrx_word' id='word_1_335' title='bbox 70 1929 153 1958; x_wconf 80' lang='lat' dir='ltr'><strong>itinere</strong></span> <span class='ocrx_word' id='word_1_336' title='bbox 173 1933 206 1959; x_wconf 83' lang='lat' dir='ltr'><strong>ab</strong></span> <span class='ocrx_word' id='word_1_337' title='bbox 230 1929 407 1959; x_wconf 82' lang='lat' dir='ltr'><strong>aromatii‘cra</strong></span> <span class='ocrx_word' id='word_1_338' title='bbox 420 1929 628 1959; x_wconf 73' lang='lat' dir='ltr'><strong>lloniteriiaruut</strong></span> <span class='ocrx_word' id='word_1_339' title='bbox 641 1940 668 1959; x_wconf 88' lang='lat' dir='ltr'><strong>et</strong></span> <span class='ocrx_word' id='word_1_340' title='bbox 681 1932 837 1959; x_wconf 73' lang='lat' dir='ltr'><strong>Sabazorum</strong></span> 
     </span>
    </p>
   </div>
   <div class='ocr_carea' id='block_1_51' title="bbox 70 1967 838 2002">
    <p class='ocr_par' dir='ltr' id='par_1_51' title="bbox 70 1967 838 2002">
     <span class='ocr_line' id='line_1_51' title="bbox 70 1967 838 2002; baseline 0.004 -11"><span class='ocrx_word' id='word_1_341' title='bbox 70 1967 286 2002; x_wconf 19' lang='lat' dir='ltr'><strong>regioneraberat,</strong></span> <span class='ocrx_word' id='word_1_342' title='bbox 305 1967 355 1994; x_wconf 82' lang='lat' dir='ltr'><strong>loc.</strong></span> <span class='ocrx_word' id='word_1_343' title='bbox 370 1968 427 1999; x_wconf 82' lang='lat' dir='ltr'><strong>cit.,</strong></span> <span class='ocrx_word' id='word_1_344' title='bbox 454 1975 514 2002; x_wconf 87' lang='lat' dir='ltr'><strong>pag.</strong></span> <span class='ocrx_word' id='word_1_345' title='bbox 532 1967 609 1994; x_wconf 66' lang='grc'>1128.</span> <span class='ocrx_word' id='word_1_346' title='bbox 631 1967 757 1994; x_wconf 80' lang='lat' dir='ltr'><strong>Straboni</strong></span> <span class='ocrx_word' id='word_1_347' title='bbox 773 1968 838 1994; x_wconf 82' lang='lat' dir='ltr'><strong>sub-</strong></span> 
     </span>
    </p>
   </div>
   <div class='ocr_carea' id='block_1_52' title="bbox 70 2001 838 2037">
    <p class='ocr_par' dir='ltr' id='par_1_52' title="bbox 70 2001 838 2037">
     <span class='ocr_line' id='line_1_52' title="bbox 70 2001 838 2037; baseline 0.004 -11"><span class='ocrx_word' id='word_1_348' title='bbox 70 2002 152 2028; x_wconf 83' lang='lat' dir='ltr'><strong>scribit</strong></span> <span class='ocrx_word' id='word_1_349' title='bbox 165 2001 268 2029; x_wconf 78' lang='lat' dir='ltr'><strong>Plinius</strong></span> <span class='ocrx_word' id='word_1_350' title='bbox 287 2002 334 2029; x_wconf 87' lang='lat' dir='ltr'><strong>lib.</strong></span> <span class='ocrx_word' id='word_1_351' title='bbox 352 2011 388 2035; x_wconf 85' lang='lat' dir='ltr'><strong>Vl,</strong></span> <span class='ocrx_word' id='word_1_352' title='bbox 406 2001 466 2037; x_wconf 85' lang='lat' dir='ltr'><strong>cap.</strong></span> <span class='ocrx_word' id='word_1_353' title='bbox 481 2001 515 2029; x_wconf 73' lang='grc'>28</span> <span class='ocrx_word' id='word_1_354' title='bbox 529 2007 555 2030; x_wconf 88' lang='lat' dir='ltr'><strong>et</strong></span> <span class='ocrx_word' id='word_1_355' title='bbox 568 2003 613 2034; x_wconf 69' lang='lat'><strong>29,</strong></span> <span class='ocrx_word' id='word_1_356' title='bbox 639 2010 672 2029; x_wconf 81' lang='lat' dir='ltr'><strong>ex</strong></span> <span class='ocrx_word' id='word_1_357' title='bbox 688 2010 741 2037; x_wconf 91' lang='lat' dir='ltr'><strong>qll0</strong></span> <span class='ocrx_word' id='word_1_358' title='bbox 753 2003 838 2030; x_wconf 87' lang='lat' dir='ltr'><strong>dedu-</strong></span> 
     </span>
    </p>
   </div>
   <div class='ocr_carea' id='block_1_53' title="bbox 70 2036 836 2072">
    <p class='ocr_par' dir='ltr' id='par_1_53' title="bbox 70 2036 836 2072">
     <span class='ocr_line' id='line_1_53' title="bbox 70 2036 836 2072; baseline 0.003 -10"><span class='ocrx_word' id='word_1_359' title='bbox 70 2036 145 2064; x_wconf 84' lang='lat' dir='ltr'><strong>cimus</strong></span> <span class='ocrx_word' id='word_1_360' title='bbox 160 2037 264 2064; x_wconf 64' lang='lat' dir='ltr'><strong>zElium</strong></span> <span class='ocrx_word' id='word_1_361' title='bbox 287 2037 393 2064; x_wconf 84' lang='lat' dir='ltr'><strong>Gallum</strong></span> <span class='ocrx_word' id='word_1_362' title='bbox 420 2036 447 2064; x_wconf 84' lang='lat' dir='ltr'><strong>iti</strong></span> <span class='ocrx_word' id='word_1_363' title='bbox 470 2037 677 2064; x_wconf 69' lang='lat' dir='ltr'><strong>Homieritarum</strong></span> <span class='ocrx_word' id='word_1_364' title='bbox 700 2038 836 2072; x_wconf 83' lang='lat' dir='ltr'><strong>regionem</strong></span> 
     </span>
    </p>
   </div>
   <div class='ocr_carea' id='block_1_54' title="bbox 70 2073 838 2107">
    <p class='ocr_par' dir='ltr' id='par_1_54' title="bbox 70 2073 838 2107">
     <span class='ocr_line' id='line_1_54' title="bbox 70 2073 838 2107; baseline 0.004 -12"><span class='ocrx_word' id='word_1_365' title='bbox 70 2077 195 2105; x_wconf 87' lang='lat' dir='ltr'><strong>nunquam</strong></span> <span class='ocrx_word' id='word_1_366' title='bbox 210 2073 380 2107; x_wconf 86' lang='lat' dir='ltr'><strong>pervenisse,</strong></span> <span class='ocrx_word' id='word_1_367' title='bbox 395 2073 442 2100; x_wconf 85' lang='lat' dir='ltr'><strong>sed</strong></span> <span class='ocrx_word' id='word_1_368' title='bbox 456 2073 482 2099; x_wconf 95' lang='lat' dir='ltr'><strong>in</strong></span> <span class='ocrx_word' id='word_1_369' title='bbox 496 2081 588 2100; x_wconf 89' lang='lat' dir='ltr'><strong>eorum</strong></span> <span class='ocrx_word' id='word_1_370' title='bbox 605 2073 771 2107; x_wconf 86' lang='lat' dir='ltr'><strong>provinciam</strong></span> <span class='ocrx_word' id='word_1_371' title='bbox 788 2080 838 2099; x_wconf 82' lang='lat' dir='ltr'><strong>ex-</strong></span> 
     </span>
    </p>
   </div>
   <div class='ocr_carea' id='block_1_55' title="bbox 70 2106 839 2142">
    <p class='ocr_par' dir='ltr' id='par_1_55' title="bbox 70 2106 839 2142">
     <span class='ocr_line' id='line_1_55' title="bbox 70 2106 839 2142; baseline 0.004 -11"><span class='ocrx_word' id='word_1_372' title='bbox 70 2106 350 2139; x_wconf 33' lang='lat' dir='ltr'><strong>ploratores’misisse,</strong></span> <span class='ocrx_word' id='word_1_373' title='bbox 376 2115 408 2135; x_wconf 80' lang='lat' dir='ltr'><strong>ex</strong></span> <span class='ocrx_word' id='word_1_374' title='bbox 430 2109 529 2142; x_wconf 84' lang='lat' dir='ltr'><strong>quibus</strong></span> <span class='ocrx_word' id='word_1_375' title='bbox 550 2106 635 2134; x_wconf 77' lang='lat' dir='ltr'><strong>multa</strong></span> <span class='ocrx_word' id='word_1_376' title='bbox 657 2107 760 2140; x_wconf 89' lang='lat' dir='ltr'><strong>didicit,</strong></span> <span class='ocrx_word' id='word_1_377' title='bbox 778 2115 839 2141; x_wconf 71' lang='lat' dir='ltr'><strong>quae</strong></span> 
     </span>
    </p>
   </div>
   <div class='ocr_carea' id='block_1_56' title="bbox 69 2141 836 2177">
    <p class='ocr_par' dir='ltr' id='par_1_56' title="bbox 69 2141 836 2177">
     <span class='ocr_line' id='line_1_56' title="bbox 69 2141 836 2177; baseline 0.003 -10"><span class='ocrx_word' id='word_1_378' title='bbox 69 2141 192 2177; x_wconf 71' lang='lat' dir='ltr'><strong>describit.</strong></span> <span class='ocrx_word' id='word_1_379' title='bbox 211 2142 329 2170; x_wconf 74' lang='lat' dir='ltr'><strong>Domum</strong></span> <span class='ocrx_word' id='word_1_380' title='bbox 343 2143 392 2170; x_wconf 91' lang='lat' dir='ltr'><strong>Dio</strong></span> <span class='ocrx_word' id='word_1_381' title='bbox 405 2141 527 2173; x_wconf 71' lang='lat' dir='ltr'><strong>Cassius,</strong></span> <span class='ocrx_word' id='word_1_382' title='bbox 551 2143 597 2177; x_wconf 88' lang='lat' dir='ltr'><strong>qui</strong></span> <span class='ocrx_word' id='word_1_383' title='bbox 614 2143 665 2170; x_wconf 92' lang='lat' dir='ltr'><strong>sub</strong></span> <span class='ocrx_word' id='word_1_384' title='bbox 676 2142 836 2175; x_wconf 86' lang='lat' dir='ltr'><strong>Commodo,</strong></span> 
     </span>
    </p>
   </div>
   <div class='ocr_carea' id='block_1_57' title="bbox 69 2174 837 2212">
    <p class='ocr_par' dir='ltr' id='par_1_57' title="bbox 69 2174 837 2212">
     <span class='ocr_line' id='line_1_57' title="bbox 69 2174 837 2212; baseline 0.001 -10"><span class='ocrx_word' id='word_1_385' title='bbox 69 2174 205 2212; x_wconf 66' lang='lat' dir='ltr'><strong>Pertinace,</strong></span> <span class='ocrx_word' id='word_1_386' title='bbox 222 2178 340 2211; x_wconf 82' lang='lat' dir='ltr'><strong>aliisque</strong></span> <span class='ocrx_word' id='word_1_387' title='bbox 354 2174 660 2212; x_wconf 47' lang='lat' dir='ltr'><strong>imperatoribus-usque</strong></span> <span class='ocrx_word' id='word_1_388' title='bbox 674 2177 708 2204; x_wconf 90' lang='lat' dir='ltr'><strong>ad</strong></span> <span class='ocrx_word' id='word_1_389' title='bbox 721 2178 837 2204; x_wconf 78' lang='lat' dir='ltr'><strong>Alexan-</strong></span> 
     </span>
    </p>
   </div>
   <div class='ocr_carea' id='block_1_58' title="bbox 69 2210 836 2247">
    <p class='ocr_par' dir='ltr' id='par_1_58' title="bbox 69 2210 836 2247">
     <span class='ocr_line' id='line_1_58' title="bbox 69 2210 836 2247; baseline 0.003 -11"><span class='ocrx_word' id='word_1_390' title='bbox 69 2210 103 2237; x_wconf 83' lang='lat' dir='ltr'><strong>dri</strong></span> <span class='ocrx_word' id='word_1_391' title='bbox 118 2212 255 2240; x_wconf 65' lang='lat' dir='ltr'><strong>Mamtnezﬁ</strong></span> <span class='ocrx_word' id='word_1_392' title='bbox 281 2210 328 2239; x_wconf 79' lang='lat' dir='ltr'><strong>lilii</strong></span> <span class='ocrx_word' id='word_1_393' title='bbox 345 2210 463 2247; x_wconf 76' lang='lat' dir='ltr'><strong>tempora</strong></span> <span class='ocrx_word' id='word_1_394' title='bbox 479 2213 578 2245; x_wconf 82' lang='lat' dir='ltr'><strong>ﬂoruit,</strong></span> <span class='ocrx_word' id='word_1_395' title='bbox 605 2210 674 2239; x_wconf 77' lang='lat' dir='ltr'><strong>lianc</strong></span> <span class='ocrx_word' id='word_1_396' title='bbox 698 2212 836 2239; x_wconf 80' lang='lat' dir='ltr'><strong>Romano-</strong></span> 
     </span>
    </p>
   </div>
   <div class='ocr_carea' id='block_1_59' title="bbox 70 2247 837 2282">
    <p class='ocr_par' dir='ltr' id='par_1_59' title="bbox 70 2247 837 2282">
     <span class='ocr_line' id='line_1_59' title="bbox 70 2247 837 2282; baseline 0.003 -10"><span class='ocrx_word' id='word_1_397' title='bbox 70 2253 121 2272; x_wconf 85' lang='lat' dir='ltr'><strong>rum</strong></span> <span class='ocrx_word' id='word_1_398' title='bbox 135 2248 160 2274; x_wconf 90' lang='lat' dir='ltr'><strong>in</strong></span> <span class='ocrx_word' id='word_1_399' title='bbox 172 2248 273 2275; x_wconf 86' lang='lat' dir='ltr'><strong>Arabia</strong></span> <span class='ocrx_word' id='word_1_400' title='bbox 289 2247 377 2275; x_wconf 85' lang='lat' dir='ltr'><strong>Felice</strong></span> <span class='ocrx_word' id='word_1_401' title='bbox 388 2248 585 2282; x_wconf 83' lang='lat' dir='ltr'><strong>expeditionem</strong></span> <span class='ocrx_word' id='word_1_402' title='bbox 602 2248 757 2274; x_wconf 81' lang='lat' dir='ltr'><strong>describens</strong></span> <span class='ocrx_word' id='word_1_403' title='bbox 767 2266 774 2278; x_wconf 92' lang='lat'><strong>,</strong></span> <span class='ocrx_word' id='word_1_404' title='bbox 789 2254 837 2274; x_wconf 87' lang='lat' dir='ltr'><strong>eos</strong></span> 
     </span>
    </p>
   </div>
   <div class='ocr_carea' id='block_1_60' title="bbox 70 2283 835 2316">
    <p class='ocr_par' dir='ltr' id='par_1_60' title="bbox 70 2283 835 2316">
     <span class='ocr_line' id='line_1_60' title="bbox 70 2283 835 2316; baseline 0.003 -10"><span class='ocrx_word' id='word_1_405' title='bbox 70 2288 145 2315; x_wconf 63' lang='lat' dir='ltr'><strong>usque</strong></span> <span class='ocrx_word' id='word_1_406' title='bbox 165 2283 196 2309; x_wconf 86' lang='lat' dir='ltr'><strong>ad</strong></span> <span class='ocrx_word' id='word_1_407' title='bbox 213 2283 402 2310; x_wconf 88' lang='lat' dir='ltr'><strong>Atbrullorum</strong></span> <span class='ocrx_word' id='word_1_408' title='bbox 420 2284 511 2309; x_wconf 84' lang='lat' dir='ltr'><strong>urbem</strong></span> <span class='ocrx_word' id='word_1_409' title='bbox 532 2283 685 2316; x_wconf 87' lang='lat' dir='ltr'><strong>pervenisse</strong></span> <span class='ocrx_word' id='word_1_410' title='bbox 712 2286 835 2313; x_wconf 82' lang='lat' dir='ltr'><strong>testatur,</strong></span> 
     </span>
    </p>
   </div>
   <div class='ocr_carea' id='block_1_61' title="bbox 70 2315 835 2350">
    <p class='ocr_par' dir='ltr' id='par_1_61' title="bbox 70 2315 835 2350">
     <span class='ocr_line' id='line_1_61' title="bbox 70 2315 835 2350; baseline 0.003 -10"><span class='ocrx_word' id='word_1_411' title='bbox 70 2315 108 2342; x_wconf 86' lang='lat' dir='ltr'><strong>lib.</strong></span> <span class='ocrx_word' id='word_1_412' title='bbox 124 2325 167 2344; x_wconf 84' lang='lat' dir='ltr'>LIII</span> <span class='ocrx_word' id='word_1_413' title='bbox 183 2319 253 2345; x_wconf 85' lang='lat' dir='ltr'><strong>Hist.</strong></span> <span class='ocrx_word' id='word_1_414' title='bbox 275 2318 411 2348; x_wconf 75' lang='lat' dir='ltr'><strong>Rotuaute,</strong></span> <span class='ocrx_word' id='word_1_415' title='bbox 429 2318 456 2344; x_wconf 91' lang='lat' dir='ltr'><strong>itt</strong></span> <span class='ocrx_word' id='word_1_416' title='bbox 478 2315 582 2344; x_wconf 27' lang='lat' dir='ltr'><strong>Ctes’are</strong></span> <span class='ocrx_word' id='word_1_417' title='bbox 608 2318 736 2350; x_wconf 78' lang='lat' dir='ltr'><strong>Augusto,</strong></span> <span class='ocrx_word' id='word_1_418' title='bbox 762 2325 835 2343; x_wconf 90' lang='lat' dir='ltr'><strong>nunt.</strong></span> 
     </span>
    </p>
   </div>
   <div class='ocr_carea' id='block_1_62' title="bbox 69 2350 836 2387">
    <p class='ocr_par' dir='ltr' id='par_1_62' title="bbox 69 2350 836 2387">
     <span class='ocr_line' id='line_1_62' title="bbox 69 2350 836 2387; baseline -0.005 -6"><span class='ocrx_word' id='word_1_419' title='bbox 69 2350 107 2383; x_wconf 60' lang='grc' dir='ltr'><strong>ξε),</strong></span> <span class='ocrx_word' id='word_1_420' title='bbox 123 2360 147 2386; x_wconf 87' lang='lat' dir='ltr'><strong>p.</strong></span> <span class='ocrx_word' id='word_1_421' title='bbox 163 2353 213 2380; x_wconf 68' lang='lat'><strong>72‘.)</strong></span> <span class='ocrx_word' id='word_1_422' title='bbox 230 2354 278 2380; x_wconf 86' lang='lat' dir='ltr'><strong>cit.</strong></span> <span class='ocrx_word' id='word_1_423' title='bbox 298 2353 362 2380; x_wconf 87' lang='lat' dir='ltr'><strong>edit.</strong></span> <span class='ocrx_word' id='word_1_424' title='bbox 378 2353 525 2387; x_wconf 79' lang='lat' dir='ltr'><strong>Hamburgi</strong></span> <span class='ocrx_word' id='word_1_425' title='bbox 550 2352 614 2379; x_wconf 91' lang='lat' dir='ltr'><strong>attni</strong></span> <span class='ocrx_word' id='word_1_426' title='bbox 632 2352 709 2384; x_wconf 79' lang='grc'>1750,</span> <span class='ocrx_word' id='word_1_427' title='bbox 732 2356 796 2378; x_wconf 91' lang='lat' dir='ltr'><strong>tom.</strong></span> <span class='ocrx_word' id='word_1_428' title='bbox 816 2353 836 2381; x_wconf 78' lang='grc' dir='ltr'>Ι,</span> 
     </span>
    </p>
   </div>
   <div class='ocr_carea' id='block_1_63' title="bbox 69 2387 837 2422">
    <p class='ocr_par' dir='ltr' id='par_1_63' title="bbox 69 2387 837 2422">
     <span class='ocr_line' id='line_1_63' title="bbox 69 2387 837 2422; baseline 0.003 -10"><span class='ocrx_word' id='word_1_429' title='bbox 69 2394 121 2419; x_wconf 69' lang='lat' dir='ltr'><strong>quae</strong></span> <span class='ocrx_word' id='word_1_430' title='bbox 139 2388 214 2422; x_wconf 79' lang='lat' dir='ltr'><strong>juxta</strong></span> <span class='ocrx_word' id='word_1_431' title='bbox 241 2388 416 2419; x_wconf 83' lang='lat' dir='ltr'><strong>Strabonem,</strong></span> <span class='ocrx_word' id='word_1_432' title='bbox 440 2388 492 2415; x_wconf 87' lang='lat' dir='ltr'><strong>loc.</strong></span> <span class='ocrx_word' id='word_1_433' title='bbox 508 2388 566 2419; x_wconf 87' lang='lat' dir='ltr'><strong>cit.,</strong></span> <span class='ocrx_word' id='word_1_434' title='bbox 593 2395 618 2421; x_wconf 90' lang='lat' dir='ltr'><strong>p.</strong></span> <span class='ocrx_word' id='word_1_435' title='bbox 635 2387 713 2418; x_wconf 64' lang='lat'><strong>“‘28,</strong></span> <span class='ocrx_word' id='word_1_436' title='bbox 730 2387 837 2421; x_wconf 88' lang='lat' dir='ltr'><strong>longius</strong></span> 
     </span>
    </p>
   </div>
   <div class='ocr_carea' id='block_1_64' title="bbox 70 2422 837 2459">
    <p class='ocr_par' dir='ltr' id='par_1_64' title="bbox 70 2422 837 2459">
     <span class='ocr_line' id='line_1_64' title="bbox 70 2422 837 2459; baseline 0.003 -13"><span class='ocrx_word' id='word_1_437' title='bbox 70 2429 139 2454; x_wconf 81' lang='lat' dir='ltr'><strong>quam</strong></span> <span class='ocrx_word' id='word_1_438' title='bbox 155 2423 299 2459; x_wconf 81' lang='lat' dir='ltr'><strong>Marsyaba</strong></span> <span class='ocrx_word' id='word_1_439' title='bbox 312 2422 534 2449; x_wconf 79' lang='lat' dir='ltr'><strong>Rhamanitarum</strong></span> <span class='ocrx_word' id='word_1_440' title='bbox 548 2423 715 2459; x_wconf 66' lang='lat' dir='ltr'><strong>metropolis,</strong></span> <span class='ocrx_word' id='word_1_441' title='bbox 730 2423 764 2448; x_wconf 84' lang='lat' dir='ltr'><strong>ab</strong></span> <span class='ocrx_word' id='word_1_442' title='bbox 782 2422 837 2459; x_wconf 61' lang='lat' dir='ltr'><strong>llo-</strong></span> 
     </span>
    </p>
   </div>
   <div class='ocr_carea' id='block_1_65' title="bbox 70 2457 839 2494">
    <p class='ocr_par' dir='ltr' id='par_1_65' title="bbox 70 2457 839 2494">
     <span class='ocr_line' id='line_1_65' title="bbox 70 2457 839 2494; baseline 0.003 -13"><span class='ocrx_word' id='word_1_443' title='bbox 70 2457 349 2494; x_wconf 30' lang='lat' dir='ltr'><strong>tnaeritarutn‘regione</strong></span> <span class='ocrx_word' id='word_1_444' title='bbox 366 2459 460 2485; x_wconf 86' lang='lat' dir='ltr'><strong>dissita</strong></span> <span class='ocrx_word' id='word_1_445' title='bbox 476 2462 550 2489; x_wconf 82' lang='lat' dir='ltr'><strong>erat;</strong></span> <span class='ocrx_word' id='word_1_446' title='bbox 567 2459 665 2484; x_wconf 92' lang='lat' dir='ltr'><strong>etenim</strong></span> <span class='ocrx_word' id='word_1_447' title='bbox 678 2457 766 2483; x_wconf 60' lang='lat' dir='ltr'><strong>{Elius</strong></span> <span class='ocrx_word' id='word_1_448' title='bbox 777 2457 839 2484; x_wconf 87' lang='lat' dir='ltr'><strong>Gal-</strong></span> 
     </span>
    </p>
   </div>
   <div class='ocr_carea' id='block_1_66' title="bbox 71 2491 838 2527">
    <p class='ocr_par' dir='ltr' id='par_1_66' title="bbox 71 2491 838 2527">
     <span class='ocr_line' id='line_1_66' title="bbox 71 2491 838 2527; baseline 0.003 -10"><span class='ocrx_word' id='word_1_449' title='bbox 71 2491 105 2517; x_wconf 90' lang='lat' dir='ltr'><strong>lus</strong></span> <span class='ocrx_word' id='word_1_450' title='bbox 117 2494 187 2525; x_wconf 86' lang='lat' dir='ltr'><strong>prius</strong></span> <span class='ocrx_word' id='word_1_451' title='bbox 199 2491 355 2520; x_wconf 71' lang='lat' dir='ltr'><strong>Athritllam</strong></span> <span class='ocrx_word' id='word_1_452' title='bbox 377 2494 457 2527; x_wconf 81' lang='lat' dir='ltr'><strong>cepit,</strong></span> <span class='ocrx_word' id='word_1_453' title='bbox 481 2500 595 2527; x_wconf 88' lang='lat' dir='ltr'><strong>eamque</strong></span> <span class='ocrx_word' id='word_1_454' title='bbox 609 2493 733 2526; x_wconf 76' lang='lat' dir='ltr'><strong>prtesidio</strong></span> <span class='ocrx_word' id='word_1_455' title='bbox 748 2493 838 2519; x_wconf 88' lang='lat' dir='ltr'><strong>tirma-</strong></span> 
     </span>
    </p>
   </div>
   <div class='ocr_carea' id='block_1_67' title="bbox 71 2527 837 2561">
    <p class='ocr_par' dir='ltr' id='par_1_67' title="bbox 71 2527 837 2561">
     <span class='ocr_line' id='line_1_67' title="bbox 71 2527 837 2561; baseline 0.004 -11"><span class='ocrx_word' id='word_1_456' title='bbox 71 2527 113 2561; x_wconf 64' lang='lat' dir='ltr'><strong>vit,</strong></span> <span class='ocrx_word' id='word_1_457' title='bbox 137 2528 194 2561; x_wconf 89' lang='lat' dir='ltr'><strong>ipso</strong></span> <span class='ocrx_word' id='word_1_458' title='bbox 222 2529 368 2561; x_wconf 71' lang='lat' dir='ltr'><strong>Strabone,</strong></span> <span class='ocrx_word' id='word_1_459' title='bbox 394 2529 446 2555; x_wconf 89' lang='lat' dir='ltr'><strong>loc.</strong></span> <span class='ocrx_word' id='word_1_460' title='bbox 473 2528 532 2559; x_wconf 87' lang='lat' dir='ltr'><strong>eit.,</strong></span> <span class='ocrx_word' id='word_1_461' title='bbox 560 2532 638 2560; x_wconf 83' lang='lat' dir='ltr'><strong>teste,</strong></span> <span class='ocrx_word' id='word_1_462' title='bbox 667 2529 837 2561; x_wconf 88' lang='lat' dir='ltr'><strong>postmodum</strong></span> 
     </span>
    </p>
   </div>
   <div class='ocr_carea' id='block_1_68' title="bbox 72 2560 839 2598">
    <p class='ocr_par' dir='ltr' id='par_1_68' title="bbox 72 2560 839 2598">
     <span class='ocr_line' id='line_1_68' title="bbox 72 2560 839 2598; baseline 0 -10"><span class='ocrx_word' id='word_1_463' title='bbox 72 2568 79 2584; x_wconf 77' lang='grc' dir='ltr'>ι</span> <span class='ocrx_word' id='word_1_464' title='bbox 92 2560 240 2598; x_wconf 63' lang='lat' dir='ltr'><strong>Maréyabas</strong></span> <span class='ocrx_word' id='word_1_465' title='bbox 253 2564 395 2598; x_wconf 84' lang='lat' dir='ltr'><strong>processit,</strong></span> <span class='ocrx_word' id='word_1_466' title='bbox 421 2571 480 2597; x_wconf 77' lang='lat' dir='ltr'><strong>qua:</strong></span> <span class='ocrx_word' id='word_1_467' title='bbox 493 2563 609 2589; x_wconf 89' lang='lat' dir='ltr'><strong>duorum</strong></span> <span class='ocrx_word' id='word_1_468' title='bbox 625 2560 734 2598; x_wconf 81' lang='lat' dir='ltr'><strong>dierum</strong></span> <span class='ocrx_word' id='word_1_469' title='bbox 744 2563 839 2589; x_wconf 75' lang='lat' dir='ltr'><strong>itinci-e</strong></span> 
     </span>
    </p>
   </div>
   <div class='ocr_carea' id='block_1_69' title="bbox 70 2597 838 2633">
    <p class='ocr_par' dir='ltr' id='par_1_69' title="bbox 70 2597 838 2633">
     <span class='ocr_line' id='line_1_69' title="bbox 70 2597 838 2633; baseline 0.005 -13"><span class='ocrx_word' id='word_1_470' title='bbox 70 2597 163 2623; x_wconf 87' lang='lat' dir='ltr'><strong>tantum</strong></span> <span class='ocrx_word' id='word_1_471' title='bbox 177 2599 210 2624; x_wconf 82' lang='lat' dir='ltr'><strong>ah</strong></span> <span class='ocrx_word' id='word_1_472' title='bbox 225 2598 400 2625; x_wconf 79' lang='lat' dir='ltr'><strong>aromatifera</strong></span> <span class='ocrx_word' id='word_1_473' title='bbox 414 2598 524 2633; x_wconf 77' lang='lat' dir='ltr'><strong>regione</strong></span> <span class='ocrx_word' id='word_1_474' title='bbox 541 2607 550 2622; x_wconf 79' lang='grc'><strong>1</strong></span> <span class='ocrx_word' id='word_1_475' title='bbox 569 2598 670 2623; x_wconf 83' lang='lat' dir='ltr'><strong>aberat.</strong></span> <span class='ocrx_word' id='word_1_476' title='bbox 685 2597 737 2623; x_wconf 84' lang='lat' dir='ltr'><strong>Sed</strong></span> <span class='ocrx_word' id='word_1_477' title='bbox 749 2597 775 2623; x_wconf 90' lang='lat' dir='ltr'><strong>iti</strong></span> <span class='ocrx_word' id='word_1_478' title='bbox 789 2598 838 2624; x_wconf 82' lang='lat' dir='ltr'><strong>hac</strong></span> 
     </span>
    </p>
   </div>
   <div class='ocr_carea' id='block_1_70' title="bbox 70 2633 838 2667">
    <p class='ocr_par' dir='ltr' id='par_1_70' title="bbox 70 2633 838 2667">
     <span class='ocr_line' id='line_1_70' title="bbox 70 2633 838 2667; baseline 0.003 -10"><span class='ocrx_word' id='word_1_479' title='bbox 70 2634 309 2667; x_wconf 66' lang='lat' dir='ltr'><strong>rganteponendus</strong></span> <span class='ocrx_word' id='word_1_480' title='bbox 332 2638 375 2660; x_wconf 92' lang='lat' dir='ltr'><strong>est</strong></span> <span class='ocrx_word' id='word_1_481' title='bbox 397 2633 494 2660; x_wconf 82' lang='lat' dir='ltr'><strong>Strabo</strong></span> <span class='ocrx_word' id='word_1_482' title='bbox 511 2633 599 2664; x_wconf 90' lang='lat' dir='ltr'><strong>Dioni,</strong></span> <span class='ocrx_word' id='word_1_483' title='bbox 625 2637 713 2666; x_wconf 90' lang='lat' dir='ltr'><strong>utpote</strong></span> <span class='ocrx_word' id='word_1_484' title='bbox 735 2633 781 2666; x_wconf 89' lang='lat' dir='ltr'><strong>qui</strong></span> <span class='ocrx_word' id='word_1_485' title='bbox 805 2640 838 2659; x_wconf 78' lang='lat' dir='ltr'><strong>ex</strong></span> 
     </span>
    </p>
   </div>
   <div class='ocr_carea' id='block_1_71' title="bbox 70 2664 839 2702">
    <p class='ocr_par' dir='ltr' id='par_1_71' title="bbox 70 2664 839 2702">
     <span class='ocr_line' id='line_1_71' title="bbox 70 2664 839 2702; baseline 0.004 -11"><span class='ocrx_word' id='word_1_486' title='bbox 70 2664 134 2693; x_wconf 64' lang='lat' dir='ltr'><strong>Atilio</strong></span> <span class='ocrx_word' id='word_1_487' title='bbox 144 2664 219 2695; x_wconf 71' lang='lat' dir='ltr'><strong>Gallo</strong></span> <span class='ocrx_word' id='word_1_488' title='bbox 234 2669 358 2695; x_wconf 65' lang='lat' dir='ltr'><strong>Arabica:</strong></span> <span class='ocrx_word' id='word_1_489' title='bbox 373 2668 552 2702; x_wconf 74' lang='lat' dir='ltr'><strong>expeditionis</strong></span> <span class='ocrx_word' id='word_1_490' title='bbox 575 2664 661 2699; x_wconf 72' lang='lat' dir='ltr'><strong>duce,</strong></span> <span class='ocrx_word' id='word_1_491' title='bbox 681 2664 759 2701; x_wconf 73' lang='lat' dir='ltr'><strong>cujus</strong></span> <span class='ocrx_word' id='word_1_492' title='bbox 780 2672 839 2694; x_wconf 84' lang='lat' dir='ltr'><strong>erat</strong></span> 
     </span>
    </p>
   </div>
   <div class='ocr_carea' id='block_1_72' title="bbox 70 2702 839 2738">
    <p class='ocr_par' dir='ltr' id='par_1_72' title="bbox 70 2702 839 2738">
     <span class='ocr_line' id='line_1_72' title="bbox 70 2702 839 2738; baseline 0.001 -11"><span class='ocrx_word' id='word_1_493' title='bbox 70 2702 173 2733; x_wconf 78' lang='lat' dir='ltr'><strong>amicus,</strong></span> <span class='ocrx_word' id='word_1_494' title='bbox 189 2703 419 2738; x_wconf 84' lang='lat' dir='ltr'><strong>quemadmodum</strong></span> <span class='ocrx_word' id='word_1_495' title='bbox 436 2704 482 2730; x_wconf 90' lang='lat' dir='ltr'><strong>lib.</strong></span> <span class='ocrx_word' id='word_1_496' title='bbox 498 2707 544 2729; x_wconf 87' lang='lat' dir='ltr'><strong>Cll.</strong></span> <span class='ocrx_word' id='word_1_497' title='bbox 558 2710 612 2734; x_wconf 76' lang='lat' dir='ltr'><strong>xw,</strong></span> <span class='ocrx_word' id='word_1_498' title='bbox 629 2710 690 2736; x_wconf 85' lang='lat' dir='ltr'><strong>pag.</strong></span> <span class='ocrx_word' id='word_1_499' title='bbox 703 2702 782 2738; x_wconf 63' lang='lat' dir='ltr'><strong>U70,</strong></span> <span class='ocrx_word' id='word_1_500' title='bbox 799 2703 839 2737; x_wconf 94' lang='lat' dir='ltr'><strong>ip-</strong></span> 
     </span>
    </p>
   </div>
   <div class='ocr_carea' id='block_1_73' title="bbox 71 2737 839 2771">
    <p class='ocr_par' dir='ltr' id='par_1_73' title="bbox 71 2737 839 2771">
     <span class='ocr_line' id='line_1_73' title="bbox 71 2737 839 2771; baseline 0.003 -10"><span class='ocrx_word' id='word_1_501' title='bbox 71 2741 147 2763; x_wconf 86' lang='lat' dir='ltr'><strong>semet</strong></span> <span class='ocrx_word' id='word_1_502' title='bbox 160 2737 270 2770; x_wconf 74' lang='lat' dir='ltr'><strong>l‘aletur,</strong></span> <span class='ocrx_word' id='word_1_503' title='bbox 287 2739 343 2765; x_wconf 67' lang='lat' dir='ltr'><strong>ham</strong></span> <span class='ocrx_word' id='word_1_504' title='bbox 354 2738 463 2770; x_wconf 87' lang='lat' dir='ltr'><strong>didicit;</strong></span> <span class='ocrx_word' id='word_1_505' title='bbox 483 2738 594 2764; x_wconf 90' lang='lat' dir='ltr'><strong>ultimus</strong></span> <span class='ocrx_word' id='word_1_506' title='bbox 611 2738 691 2771; x_wconf 88' lang='lat' dir='ltr'><strong>igitur</strong></span> <span class='ocrx_word' id='word_1_507' title='bbox 702 2737 839 2764; x_wconf 79' lang='lat' dir='ltr'><strong>Romano-</strong></span> 
     </span>
    </p>
   </div>
   <div class='ocr_carea' id='block_1_74' title="bbox 71 2773 838 2808">
    <p class='ocr_par' dir='ltr' id='par_1_74' title="bbox 71 2773 838 2808">
     <span class='ocr_line' id='line_1_74' title="bbox 71 2773 838 2808; baseline 0.001 -10"><span class='ocrx_word' id='word_1_508' title='bbox 71 2777 123 2808; x_wconf 71' lang='lat' dir='ltr'><strong>[utn</strong></span> <span class='ocrx_word' id='word_1_509' title='bbox 134 2773 237 2800; x_wconf 86' lang='lat' dir='ltr'><strong>itineris</strong></span> <span class='ocrx_word' id='word_1_510' title='bbox 251 2773 280 2799; x_wconf 92' lang='lat' dir='ltr'><strong>in</strong></span> <span class='ocrx_word' id='word_1_511' title='bbox 291 2774 342 2800; x_wconf 87' lang='lat' dir='ltr'><strong>hac</strong></span> <span class='ocrx_word' id='word_1_512' title='bbox 356 2774 494 2808; x_wconf 85' lang='lat' dir='ltr'><strong>provincia</strong></span> <span class='ocrx_word' id='word_1_513' title='bbox 508 2773 639 2801; x_wconf 84' lang='lat' dir='ltr'><strong>terminus</strong></span> <span class='ocrx_word' id='word_1_514' title='bbox 652 2780 705 2800; x_wconf 87' lang='lat' dir='ltr'><strong>non</strong></span> <span class='ocrx_word' id='word_1_515' title='bbox 716 2773 838 2800; x_wconf 87' lang='lat' dir='ltr'><strong>Atbrulla</strong></span> 
     </span>
    </p>
   </div>
   <div class='ocr_carea' id='block_1_75' title="bbox 71 2803 351 2844">
    <p class='ocr_par' dir='ltr' id='par_1_75' title="bbox 71 2803 351 2844">
     <span class='ocr_line' id='line_1_75' title="bbox 71 2803 351 2844; baseline 0.025 -15"><span class='ocrx_word' id='word_1_516' title='bbox 71 2803 122 2837; x_wconf 83' lang='lat' dir='ltr'><strong>iuit,</strong></span> <span class='ocrx_word' id='word_1_517' title='bbox 138 2809 184 2835; x_wconf 84' lang='lat' dir='ltr'><strong>sed</strong></span> <span class='ocrx_word' id='word_1_518' title='bbox 198 2807 351 2844; x_wconf 68' lang='lat' dir='ltr'><strong>Harsyaba.</strong></span> 
     </span>
    </p>
   </div>
   <div class='ocr_carea' id='block_1_76' title="bbox 853 2161 875 2190">
    <p class='ocr_par' dir='ltr' id='par_1_76' title="bbox 853 2161 875 2190">
     <span class='ocr_line' id='line_1_76' title="bbox 853 2161 875 2190; baseline 0 0"><span class='ocrx_word' id='word_1_519' title='bbox 853 2161 875 2190; x_wconf 90' lang='lat' dir='ltr'><strong>D</strong></span> 
     </span>
    </p>
   </div>
   <div class='ocr_carea' id='block_1_77' title="bbox 435 88 1274 121">
    <p class='ocr_par' dir='ltr' id='par_1_77' title="bbox 435 88 1274 121">
     <span class='ocr_line' id='line_1_77' title="bbox 435 88 1274 121; baseline -0.001 0"><span class='ocrx_word' id='word_1_520' title='bbox 435 94 478 121; x_wconf 79' lang='lat' dir='ltr'><strong>DE</strong></span> <span class='ocrx_word' id='word_1_521' title='bbox 496 92 692 121; x_wconf 78' lang='lat' dir='ltr'><strong>PORTUENSI</strong></span> <span class='ocrx_word' id='word_1_522' title='bbox 714 93 743 120; x_wconf 88' lang='lat' dir='ltr'><strong>S.</strong></span> <span class='ocrx_word' id='word_1_523' title='bbox 763 88 946 120; x_wconf 70' lang='lat' dir='ltr'><strong>HlPPOLYTl</strong></span> <span class='ocrx_word' id='word_1_524' title='bbox 966 92 1061 120; x_wconf 78' lang='lat' dir='ltr'><strong>SEDE.</strong></span> <span class='ocrx_word' id='word_1_525' title='bbox 1081 107 1114 112; x_wconf 98' lang='lat'><strong>—</strong></span> <span class='ocrx_word' id='word_1_526' title='bbox 1133 91 1224 120; x_wconf 80' lang='lat' dir='ltr'><strong>PARS</strong></span> <span class='ocrx_word' id='word_1_527' title='bbox 1243 92 1274 120; x_wconf 89' lang='grc'>11.</span> 
     </span>
    </p>
   </div>
   <div class='ocr_carea' id='block_1_78' title="bbox 1614 93 1666 120">
    <p class='ocr_par' dir='ltr' id='par_1_78' title="bbox 1614 93 1666 120">
     <span class='ocr_line' id='line_1_78' title="bbox 1614 93 1666 120; baseline -0.019 0"><span class='ocrx_word' id='word_1_528' title='bbox 1614 93 1666 120; x_wconf 74' lang='lat'><strong>526</strong></span> 
     </span>
    </p>
   </div>
   <div class='ocr_carea' id='block_1_79' title="bbox 884 153 1665 189">
    <p class='ocr_par' dir='ltr' id='par_1_79' title="bbox 884 153 1665 189">
     <span class='ocr_line' id='line_1_79' title="bbox 884 153 1665 189; baseline 0 -9"><span class='ocrx_word' id='word_1_529' title='bbox 884 158 1020 188; x_wconf 86' lang='lat' dir='ltr'><strong>cupatam,</strong></span> <span class='ocrx_word' id='word_1_530' title='bbox 1035 161 1095 188; x_wconf 63' lang='lat' dir='ltr'><strong>qum</strong></span> <span class='ocrx_word' id='word_1_531' title='bbox 1114 162 1186 180; x_wconf 88' lang='lat' dir='ltr'><strong>nunc</strong></span> <span class='ocrx_word' id='word_1_532' title='bbox 1204 157 1315 181; x_wconf 84' lang='lat' dir='ltr'><strong>vocatur</strong></span> <span class='ocrx_word' id='word_1_533' title='bbox 1337 153 1423 185; x_wconf 85' lang='lat' dir='ltr'><strong>Aden,</strong></span> <span class='ocrx_word' id='word_1_534' title='bbox 1443 154 1521 189; x_wconf 85' lang='lat' dir='ltr'><strong>cujus</strong></span> <span class='ocrx_word' id='word_1_535' title='bbox 1544 155 1665 180; x_wconf 88' lang='lat' dir='ltr'><strong>mcmlntt</strong></span> 
     </span>
    </p>
   </div>
   <div class='ocr_carea' id='block_1_80' title="bbox 882 200 1663 235">
    <p class='ocr_par' dir='ltr' id='par_1_80' title="bbox 882 200 1663 235">
     <span class='ocr_line' id='line_1_80' title="bbox 882 200 1663 235; baseline 0.001 -8"><span class='ocrx_word' id='word_1_536' title='bbox 882 200 1013 227; x_wconf 84' lang='lat' dir='ltr'><strong>Abttll&#39;eda</strong></span> <span class='ocrx_word' id='word_1_537' title='bbox 1039 201 1065 227; x_wconf 91' lang='lat' dir='ltr'><strong>in</strong></span> <span class='ocrx_word' id='word_1_538' title='bbox 1090 200 1270 235; x_wconf 81' lang='lat' dir='ltr'><strong>Descriptioue</strong></span> <span class='ocrx_word' id='word_1_539' title='bbox 1284 200 1401 232; x_wconf 71' lang='lat' dir='ltr'><strong>Arabiw,</strong></span> <span class='ocrx_word' id='word_1_540' title='bbox 1418 205 1445 227; x_wconf 91' lang='lat' dir='ltr'><strong>et</strong></span> <span class='ocrx_word' id='word_1_541' title='bbox 1460 200 1561 228; x_wconf 81' lang='lat' dir='ltr'><strong>nostris</strong></span> <span class='ocrx_word' id='word_1_542' title='bbox 1583 201 1663 228; x_wconf 88' lang='lat' dir='ltr'><strong>etiam</strong></span> 
     </span>
    </p>
   </div>
   <div class='ocr_carea' id='block_1_81' title="bbox 882 245 1664 282">
    <p class='ocr_par' dir='ltr' id='par_1_81' title="bbox 882 245 1664 282">
     <span class='ocr_line' id='line_1_81' title="bbox 882 245 1664 282; baseline 0 -8"><span class='ocrx_word' id='word_1_543' title='bbox 882 246 1048 282; x_wconf 87' lang='lat' dir='ltr'><strong>temporibus</strong></span> <span class='ocrx_word' id='word_1_544' title='bbox 1063 247 1168 281; x_wconf 79' lang='lat' dir='ltr'><strong>insigne</strong></span> <span class='ocrx_word' id='word_1_545' title='bbox 1179 246 1296 273; x_wconf 80' lang='lat' dir='ltr'><strong>Arabum</strong></span> <span class='ocrx_word' id='word_1_546' title='bbox 1308 251 1334 273; x_wconf 91' lang='lat' dir='ltr'><strong>et</strong></span> <span class='ocrx_word' id='word_1_547' title='bbox 1345 245 1471 274; x_wconf 88' lang='lat' dir='ltr'><strong>Indorum</strong></span> <span class='ocrx_word' id='word_1_548' title='bbox 1483 249 1664 274; x_wconf 70' lang='lat' dir='ltr'><strong>mercatorum</strong></span> 
     </span>
    </p>
   </div>
   <div class='ocr_carea' id='block_1_82' title="bbox 920 324 1664 359">
    <p class='ocr_par' dir='ltr' id='par_1_82' title="bbox 920 324 1664 359">
     <span class='ocr_line' id='line_1_82' title="bbox 920 324 1664 359; baseline 0.001 -8"><span class='ocrx_word' id='word_1_549' title='bbox 920 324 1018 351; x_wconf 84' lang='lat' dir='ltr'><strong>Verum</strong></span> <span class='ocrx_word' id='word_1_550' title='bbox 1030 324 1148 359; x_wconf 75' lang='lat' dir='ltr'><strong>diligenti</strong></span> <span class='ocrx_word' id='word_1_551' title='bbox 1160 324 1393 352; x_wconf 83' lang='lat' dir='ltr'><strong>animadversione</strong></span> <span class='ocrx_word' id='word_1_552' title='bbox 1404 324 1591 359; x_wconf 84' lang='lat' dir='ltr'><strong>perpendenda</strong></span> <span class='ocrx_word' id='word_1_553' title='bbox 1600 329 1664 352; x_wconf 83' lang='lat' dir='ltr'><strong>sunt</strong></span> 
     </span>
    </p>
   </div>
   <div class='ocr_carea' id='block_1_83' title="bbox 884 359 1665 394">
    <p class='ocr_par' dir='ltr' id='par_1_83' title="bbox 884 359 1665 394">
     <span class='ocr_line' id='line_1_83' title="bbox 884 359 1665 394; baseline 0.001 -8"><span class='ocrx_word' id='word_1_554' title='bbox 884 360 980 386; x_wconf 88' lang='lat' dir='ltr'><strong>Dionis</strong></span> <span class='ocrx_word' id='word_1_555' title='bbox 1009 360 1089 386; x_wconf 76' lang='lat' dir='ltr'><strong>verba</strong></span> <span class='ocrx_word' id='word_1_556' title='bbox 1104 380 1110 390; x_wconf 87' lang='lat'><strong>,</strong></span> <span class='ocrx_word' id='word_1_557' title='bbox 1133 361 1179 394; x_wconf 90' lang='lat' dir='ltr'><strong>qui</strong></span> <span class='ocrx_word' id='word_1_558' title='bbox 1203 360 1295 387; x_wconf 90' lang='lat' dir='ltr'><strong>tnultis</strong></span> <span class='ocrx_word' id='word_1_559' title='bbox 1326 364 1386 394; x_wconf 83' lang='lat' dir='ltr'><strong>post</strong></span> <span class='ocrx_word' id='word_1_560' title='bbox 1415 359 1561 393; x_wconf 82' lang='lat' dir='ltr'><strong>Trajanum</strong></span> <span class='ocrx_word' id='word_1_561' title='bbox 1585 362 1665 387; x_wconf 86' lang='lat' dir='ltr'><strong>annis</strong></span> 
     </span>
    </p>
   </div>
   <div class='ocr_carea' id='block_1_84' title="bbox 883 395 1666 430">
    <p class='ocr_par' dir='ltr' id='par_1_84' title="bbox 883 395 1666 430">
     <span class='ocr_line' id='line_1_84' title="bbox 883 395 1666 430; baseline 0.001 -8"><span class='ocrx_word' id='word_1_562' title='bbox 883 395 960 426; x_wconf 75' lang='lat' dir='ltr'><strong>vixit,</strong></span> <span class='ocrx_word' id='word_1_563' title='bbox 971 400 996 421; x_wconf 90' lang='lat' dir='ltr'><strong>et</strong></span> <span class='ocrx_word' id='word_1_564' title='bbox 1010 395 1061 421; x_wconf 90' lang='lat' dir='ltr'><strong>loc.</strong></span> <span class='ocrx_word' id='word_1_565' title='bbox 1072 395 1196 428; x_wconf 84' lang='lat' dir='ltr'><strong>superius</strong></span> <span class='ocrx_word' id='word_1_566' title='bbox 1205 395 1296 423; x_wconf 77' lang='lat' dir='ltr'><strong>citato.</strong></span> <span class='ocrx_word' id='word_1_567' title='bbox 1307 399 1449 429; x_wconf 84' lang='lat' dir='ltr'><strong>postquam</strong></span> <span class='ocrx_word' id='word_1_568' title='bbox 1463 395 1544 429; x_wconf 87' lang='lat' dir='ltr'><strong>hujus</strong></span> <span class='ocrx_word' id='word_1_569' title='bbox 1556 397 1666 430; x_wconf 80' lang='lat' dir='ltr'><strong>expedi-</strong></span> 
     </span>
    </p>
   </div>
   <div class='ocr_carea' id='block_1_85' title="bbox 884 430 1663 464">
    <p class='ocr_par' dir='ltr' id='par_1_85' title="bbox 884 430 1663 464">
     <span class='ocr_line' id='line_1_85' title="bbox 884 430 1663 464; baseline 0.001 -7"><span class='ocrx_word' id='word_1_570' title='bbox 884 430 965 457; x_wconf 83' lang='lat' dir='ltr'><strong>tionis</strong></span> <span class='ocrx_word' id='word_1_571' title='bbox 981 430 1105 456; x_wconf 89' lang='lat' dir='ltr'><strong>morbum</strong></span> <span class='ocrx_word' id='word_1_572' title='bbox 1125 434 1151 456; x_wconf 89' lang='lat' dir='ltr'><strong>et</strong></span> <span class='ocrx_word' id='word_1_573' title='bbox 1166 431 1347 461; x_wconf 84' lang='lat' dir='ltr'><strong>incommoda,</strong></span> <span class='ocrx_word' id='word_1_574' title='bbox 1362 431 1461 464; x_wconf 91' lang='lat' dir='ltr'><strong>quibus</strong></span> <span class='ocrx_word' id='word_1_575' title='bbox 1474 431 1584 457; x_wconf 84' lang='lat' dir='ltr'><strong>obnoxii</strong></span> <span class='ocrx_word' id='word_1_576' title='bbox 1603 431 1663 458; x_wconf 79' lang='lat' dir='ltr'><strong>fue-</strong></span> 
     </span>
    </p>
   </div>
   <div class='ocr_carea' id='block_1_86' title="bbox 885 464 1664 500">
    <p class='ocr_par' dir='ltr' id='par_1_86' title="bbox 885 464 1664 500">
     <span class='ocr_line' id='line_1_86' title="bbox 885 464 1664 500; baseline 0.003 -9"><span class='ocrx_word' id='word_1_577' title='bbox 885 470 948 491; x_wconf 82' lang='lat' dir='ltr'><strong>runt</strong></span> <span class='ocrx_word' id='word_1_578' title='bbox 973 464 1099 495; x_wconf 76' lang='lat' dir='ltr'><strong>Romani,</strong></span> <span class='ocrx_word' id='word_1_579' title='bbox 1126 469 1280 500; x_wconf 80' lang='lat' dir='ltr'><strong>narrasset,</strong></span> <span class='ocrx_word' id='word_1_580' title='bbox 1305 465 1362 492; x_wconf 64' lang='lat' dir='ltr'><strong>haec</strong></span> <span class='ocrx_word' id='word_1_581' title='bbox 1383 465 1475 491; x_wconf 89' lang='lat' dir='ltr'><strong>addit:</strong></span> <span class='ocrx_word' id='word_1_582' title='bbox 1496 474 1505 490; x_wconf 88' lang='grc'><strong><em>‹</em></strong></span> <span class='ocrx_word' id='word_1_583' title='bbox 1523 465 1555 492; x_wconf 89' lang='lat' dir='ltr'><strong>Hi</strong></span> <span class='ocrx_word' id='word_1_584' title='bbox 1571 466 1664 500; x_wconf 87' lang='lat' dir='ltr'><strong>primi,</strong></span> 
     </span>
    </p>
   </div>
   <div class='ocr_carea' id='block_1_87' title="bbox 884 499 1665 534">
    <p class='ocr_par' dir='ltr' id='par_1_87' title="bbox 884 499 1665 534">
     <span class='ocr_line' id='line_1_87' title="bbox 884 499 1665 534; baseline 0.003 -7"><span class='ocrx_word' id='word_1_585' title='bbox 884 506 975 534; x_wconf 85' lang='lat' dir='ltr'><strong>atque,</strong></span> <span class='ocrx_word' id='word_1_586' title='bbox 999 504 1099 526; x_wconf 90' lang='lat' dir='ltr'><strong>utmea</strong></span> <span class='ocrx_word' id='word_1_587' title='bbox 1121 499 1172 526; x_wconf 81' lang='lat' dir='ltr'><strong>fert</strong></span> <span class='ocrx_word' id='word_1_588' title='bbox 1194 499 1336 531; x_wconf 74' lang='lat' dir='ltr'><strong>sententia,</strong></span> <span class='ocrx_word' id='word_1_589' title='bbox 1366 500 1416 526; x_wconf 85' lang='lat' dir='ltr'><strong>soli</strong></span> <span class='ocrx_word' id='word_1_590' title='bbox 1431 500 1511 526; x_wconf 88' lang='lat' dir='ltr'><strong>etiam</strong></span> <span class='ocrx_word' id='word_1_591' title='bbox 1528 499 1665 529; x_wconf 75' lang='grc' dir='ltr'>1101111111οο</span> 
     </span>
    </p>
   </div>
   <div class='ocr_carea' id='block_1_88' title="bbox 885 534 1663 570">
    <p class='ocr_par' dir='ltr' id='par_1_88' title="bbox 885 534 1663 570">
     <span class='ocr_line' id='line_1_88' title="bbox 885 534 1663 570; baseline 0.003 -8"><span class='ocrx_word' id='word_1_592' title='bbox 885 543 944 562; x_wconf 91' lang='lat' dir='ltr'><strong>rum</strong></span> <span class='ocrx_word' id='word_1_593' title='bbox 969 542 1089 569; x_wconf 83' lang='lat' dir='ltr'><strong>eousque</strong></span> <span class='ocrx_word' id='word_1_594' title='bbox 1107 534 1133 560; x_wconf 93' lang='lat' dir='ltr'><strong>in</strong></span> <span class='ocrx_word' id='word_1_595' title='bbox 1157 534 1255 561; x_wconf 88' lang='lat' dir='ltr'><strong>Arabia</strong></span> <span class='ocrx_word' id='word_1_596' title='bbox 1278 535 1328 561; x_wconf 89' lang='lat' dir='ltr'><strong>ista</strong></span> <span class='ocrx_word' id='word_1_597' title='bbox 1346 535 1416 561; x_wconf 91' lang='lat' dir='ltr'><strong>bello</strong></span> <span class='ocrx_word' id='word_1_598' title='bbox 1431 535 1565 570; x_wconf 78' lang='lat' dir='ltr'><strong>progressi</strong></span> <span class='ocrx_word' id='word_1_599' title='bbox 1589 541 1663 564; x_wconf 88' lang='lat' dir='ltr'><strong>sunt.</strong></span> 
     </span>
    </p>
   </div>
   <div class='ocr_carea' id='block_1_89' title="bbox 884 569 1665 604">
    <p class='ocr_par' dir='ltr' id='par_1_89' title="bbox 884 569 1665 604">
     <span class='ocr_line' id='line_1_89' title="bbox 884 569 1665 604; baseline 0.001 -7"><span class='ocrx_word' id='word_1_600' title='bbox 884 570 1069 597; x_wconf 90' lang='lat' dir='ltr'><strong>Athrullorum</strong></span> <span class='ocrx_word' id='word_1_601' title='bbox 1096 569 1288 604; x_wconf 86' lang='lat' dir='ltr'><strong>(Athlulorum)</strong></span> <span class='ocrx_word' id='word_1_602' title='bbox 1312 570 1383 596; x_wconf 88' lang='lat' dir='ltr'><strong>enim</strong></span> <span class='ocrx_word' id='word_1_603' title='bbox 1414 569 1502 602; x_wconf 78' lang='lat' dir='ltr'><strong>tenus,</strong></span> <span class='ocrx_word' id='word_1_604' title='bbox 1519 578 1579 604; x_wconf 59' lang='lat' dir='ltr'><strong>quae</strong></span> <span class='ocrx_word' id='word_1_605' title='bbox 1600 572 1665 598; x_wconf 85' lang='lat' dir='ltr'><strong>urbs</strong></span> 
     </span>
    </p>
   </div>
   <div class='ocr_carea' id='block_1_90' title="bbox 885 604 1666 639">
    <p class='ocr_par' dir='ltr' id='par_1_90' title="bbox 885 604 1666 639">
     <span class='ocr_line' id='line_1_90' title="bbox 885 604 1666 639; baseline 0.003 -8"><span class='ocrx_word' id='word_1_606' title='bbox 885 605 999 639; x_wconf 83' lang='lat' dir='ltr'><strong>insignis</strong></span> <span class='ocrx_word' id='word_1_607' title='bbox 1008 608 1058 637; x_wconf 82' lang='lat' dir='ltr'><strong>est,</strong></span> <span class='ocrx_word' id='word_1_608' title='bbox 1075 609 1261 639; x_wconf 84' lang='lat' dir='ltr'><strong>pervenerant.</strong></span> <span class='ocrx_word' id='word_1_609' title='bbox 1275 614 1284 629; x_wconf 85' lang='grc'><strong>›</strong></span> <span class='ocrx_word' id='word_1_610' title='bbox 1305 604 1342 631; x_wconf 70' lang='lat' dir='ltr'><strong>Ex</strong></span> <span class='ocrx_word' id='word_1_611' title='bbox 1359 605 1401 631; x_wconf 89' lang='lat' dir='ltr'><strong>his</strong></span> <span class='ocrx_word' id='word_1_612' title='bbox 1417 605 1488 631; x_wconf 90' lang='lat' dir='ltr'><strong>enim</strong></span> <span class='ocrx_word' id='word_1_613' title='bbox 1502 613 1556 632; x_wconf 89' lang='lat' dir='ltr'><strong>non</strong></span> <span class='ocrx_word' id='word_1_614' title='bbox 1570 606 1666 633; x_wconf 82' lang='lat' dir='ltr'><strong>obscu-</strong></span> 
     </span>
    </p>
   </div>
   <div class='ocr_carea' id='block_1_91' title="bbox 884 639 1665 674">
    <p class='ocr_par' dir='ltr' id='par_1_91' title="bbox 884 639 1665 674">
     <span class='ocr_line' id='line_1_91' title="bbox 884 639 1665 674; baseline 0.001 -7"><span class='ocrx_word' id='word_1_615' title='bbox 884 648 914 667; x_wconf 90' lang='lat' dir='ltr'><strong>re</strong></span> <span class='ocrx_word' id='word_1_616' title='bbox 929 640 1080 674; x_wconf 75' lang='lat' dir='ltr'><strong>colligimtts</strong></span> <span class='ocrx_word' id='word_1_617' title='bbox 1099 640 1210 666; x_wconf 83' lang='lat' dir='ltr'><strong>alteram</strong></span> <span class='ocrx_word' id='word_1_618' title='bbox 1223 639 1349 674; x_wconf 68' lang='lat' dir='ltr'><strong>Dodivelli</strong></span> <span class='ocrx_word' id='word_1_619' title='bbox 1360 640 1530 671; x_wconf 87' lang='lat' dir='ltr'><strong>sententiam,</strong></span> <span class='ocrx_word' id='word_1_620' title='bbox 1540 641 1585 674; x_wconf 88' lang='lat' dir='ltr'><strong>qtii</strong></span> <span class='ocrx_word' id='word_1_621' title='bbox 1598 642 1665 668; x_wconf 84' lang='lat' dir='ltr'><strong>Ara-</strong></span> 
     </span>
    </p>
   </div>
   <div class='ocr_carea' id='block_1_92' title="bbox 885 673 1665 709">
    <p class='ocr_par' dir='ltr' id='par_1_92' title="bbox 885 673 1665 709">
     <span class='ocr_line' id='line_1_92' title="bbox 885 673 1665 709; baseline 0 -6"><span class='ocrx_word' id='word_1_622' title='bbox 885 676 935 703; x_wconf 74' lang='lat' dir='ltr'><strong>bia:</strong></span> <span class='ocrx_word' id='word_1_623' title='bbox 951 674 1047 702; x_wconf 81' lang='lat' dir='ltr'><strong>Felicis</strong></span> <span class='ocrx_word' id='word_1_624' title='bbox 1062 673 1218 708; x_wconf 86' lang='lat' dir='ltr'><strong>Emporium</strong></span> <span class='ocrx_word' id='word_1_625' title='bbox 1236 683 1250 701; x_wconf 89' lang='lat' dir='ltr'><strong>a</strong></span> <span class='ocrx_word' id='word_1_626' title='bbox 1275 673 1392 709; x_wconf 85' lang='lat' dir='ltr'><strong>Trajano</strong></span> <span class='ocrx_word' id='word_1_627' title='bbox 1415 673 1582 702; x_wconf 76' lang='lat' dir='ltr'><strong>devastatum</strong></span> <span class='ocrx_word' id='word_1_628' title='bbox 1605 684 1665 703; x_wconf 87' lang='lat' dir='ltr'><strong>cre-</strong></span> 
     </span>
    </p>
   </div>
   <div class='ocr_carea' id='block_1_93' title="bbox 885 709 1666 744">
    <p class='ocr_par' dir='ltr' id='par_1_93' title="bbox 885 709 1666 744">
     <span class='ocr_line' id='line_1_93' title="bbox 885 709 1666 744; baseline 0.001 -7"><span class='ocrx_word' id='word_1_629' title='bbox 885 710 969 742; x_wconf 90' lang='lat' dir='ltr'><strong>didit,</strong></span> <span class='ocrx_word' id='word_1_630' title='bbox 993 714 1072 736; x_wconf 85' lang='lat' dir='ltr'><strong>caute</strong></span> <span class='ocrx_word' id='word_1_631' title='bbox 1093 709 1238 736; x_wconf 85' lang='lat' dir='ltr'><strong>admodum</strong></span> <span class='ocrx_word' id='word_1_632' title='bbox 1256 718 1315 736; x_wconf 88' lang='lat' dir='ltr'><strong>esse</strong></span> <span class='ocrx_word' id='word_1_633' title='bbox 1332 709 1517 744; x_wconf 86' lang='lat' dir='ltr'><strong>probandam,</strong></span> <span class='ocrx_word' id='word_1_634' title='bbox 1541 711 1666 743; x_wconf 82' lang='lat' dir='ltr'><strong>quamvis</strong></span> 
     </span>
    </p>
   </div>
   <div class='ocr_carea' id='block_1_94' title="bbox 885 744 1666 780">
    <p class='ocr_par' dir='ltr' id='par_1_94' title="bbox 885 744 1666 780">
     <span class='ocr_line' id='line_1_94' title="bbox 885 744 1666 780; baseline 0.001 -8"><span class='ocrx_word' id='word_1_635' title='bbox 885 746 942 780; x_wconf 81' lang='lat' dir='ltr'><strong>ipse</strong></span> <span class='ocrx_word' id='word_1_636' title='bbox 958 752 989 780; x_wconf 78' lang='lat' dir='ltr'><strong>eo</strong></span> <span class='ocrx_word' id='word_1_637' title='bbox 1001 744 1288 780; x_wconf 35' lang='lat' dir='ltr'><strong>potissimum‘nitatur</strong></span> <span class='ocrx_word' id='word_1_638' title='bbox 1304 749 1473 777; x_wconf 79' lang='lat' dir='ltr'><strong>argumento.</strong></span> <span class='ocrx_word' id='word_1_639' title='bbox 1487 745 1558 779; x_wconf 91' lang='lat' dir='ltr'><strong>qttod</strong></span> <span class='ocrx_word' id='word_1_640' title='bbox 1572 744 1666 780; x_wconf 84' lang='lat' dir='ltr'><strong>Traja-</strong></span> 
     </span>
    </p>
   </div>
   <div class='ocr_carea' id='block_1_95' title="bbox 886 778 1664 811">
    <p class='ocr_par' dir='ltr' id='par_1_95' title="bbox 886 778 1664 811">
     <span class='ocr_line' id='line_1_95' title="bbox 886 778 1664 811; baseline 0 -4"><span class='ocrx_word' id='word_1_641' title='bbox 886 778 947 810; x_wconf 84' lang='lat' dir='ltr'><strong>tius.</strong></span> <span class='ocrx_word' id='word_1_642' title='bbox 962 778 1044 806; x_wconf 58' lang='lat' dir='ltr'><strong>Sesto</strong></span> <span class='ocrx_word' id='word_1_643' title='bbox 1056 779 1126 806; x_wconf 81' lang='lat' dir='ltr'><strong>Rufo</strong></span> <span class='ocrx_word' id='word_1_644' title='bbox 1139 785 1165 806; x_wconf 88' lang='lat' dir='ltr'><strong>et</strong></span> <span class='ocrx_word' id='word_1_645' title='bbox 1177 778 1258 806; x_wconf 89' lang='lat' dir='ltr'><strong>Paulo</strong></span> <span class='ocrx_word' id='word_1_646' title='bbox 1270 779 1387 806; x_wconf 85' lang='lat' dir='ltr'><strong>Diacono</strong></span> <span class='ocrx_word' id='word_1_647' title='bbox 1404 778 1532 811; x_wconf 76' lang='lat' dir='ltr'><strong>testibus,</strong></span> <span class='ocrx_word' id='word_1_648' title='bbox 1549 778 1664 807; x_wconf 76' lang='lat' dir='ltr'><strong>classem</strong></span> 
     </span>
    </p>
   </div>
   <div class='ocr_carea' id='block_1_96' title="bbox 885 815 1666 850">
    <p class='ocr_par' dir='ltr' id='par_1_96' title="bbox 885 815 1666 850">
     <span class='ocr_line' id='line_1_96' title="bbox 885 815 1666 850; baseline 0 -8"><span class='ocrx_word' id='word_1_649' title='bbox 885 816 912 842; x_wconf 90' lang='lat' dir='ltr'><strong>in</strong></span> <span class='ocrx_word' id='word_1_650' title='bbox 925 815 1017 850; x_wconf 81' lang='lat' dir='ltr'><strong>Rubro</strong></span> <span class='ocrx_word' id='word_1_651' title='bbox 1032 815 1101 850; x_wconf 72' lang='lat' dir='ltr'><strong>mari</strong></span> <span class='ocrx_word' id='word_1_652' title='bbox 1113 815 1294 845; x_wconf 90' lang='lat' dir='ltr'><strong>constituerit,</strong></span> <span class='ocrx_word' id='word_1_653' title='bbox 1312 815 1384 850; x_wconf 54' lang='lat' dir='ltr'><strong>qugd</strong></span> <span class='ocrx_word' id='word_1_654' title='bbox 1398 815 1454 850; x_wconf 78' lang='lat' dir='ltr'><strong>ﬁeri</strong></span> <span class='ocrx_word' id='word_1_655' title='bbox 1468 823 1605 849; x_wconf 83' lang='lat' dir='ltr'><strong>nunquam</strong></span> <span class='ocrx_word' id='word_1_656' title='bbox 1618 823 1666 850; x_wconf 94' lang='lat' dir='ltr'><strong>po-</strong></span> 
     </span>
    </p>
   </div>
   <div class='ocr_carea' id='block_1_97' title="bbox 886 849 1667 884">
    <p class='ocr_par' dir='ltr' id='par_1_97' title="bbox 886 849 1667 884">
     <span class='ocr_line' id='line_1_97' title="bbox 886 849 1667 884; baseline 0.001 -7"><span class='ocrx_word' id='word_1_657' title='bbox 886 851 946 882; x_wconf 91' lang='lat' dir='ltr'><strong>tuit,</strong></span> <span class='ocrx_word' id='word_1_658' title='bbox 972 849 1059 883; x_wconf 85' lang='lat' dir='ltr'><strong>inquit</strong></span> <span class='ocrx_word' id='word_1_659' title='bbox 1087 849 1249 882; x_wconf 85' lang='lat' dir='ltr'><strong>Dodwellus,</strong></span> <span class='ocrx_word' id='word_1_660' title='bbox 1276 850 1329 876; x_wconf 89' lang='lat' dir='ltr'><strong>nisi</strong></span> <span class='ocrx_word' id='word_1_661' title='bbox 1357 849 1490 883; x_wconf 85' lang='lat' dir='ltr'><strong>Trajanus</strong></span> <span class='ocrx_word' id='word_1_662' title='bbox 1521 849 1667 884; x_wconf 85' lang='lat' dir='ltr'><strong>utrumque</strong></span> 
     </span>
    </p>
   </div>
   <div class='ocr_carea' id='block_1_98' title="bbox 885 883 1665 919">
    <p class='ocr_par' dir='ltr' id='par_1_98' title="bbox 885 883 1665 919">
     <span class='ocr_line' id='line_1_98' title="bbox 885 883 1665 919; baseline 0.001 -8"><span class='ocrx_word' id='word_1_663' title='bbox 885 885 968 912; x_wconf 87' lang='lat' dir='ltr'><strong>maris</strong></span> <span class='ocrx_word' id='word_1_664' title='bbox 991 883 1066 912; x_wconf 89' lang='lat' dir='ltr'><strong>littus</strong></span> <span class='ocrx_word' id='word_1_665' title='bbox 1085 890 1267 919; x_wconf 67' lang='lat' dir='ltr'><strong>pecupasset;</strong></span> <span class='ocrx_word' id='word_1_666' title='bbox 1293 885 1408 918; x_wconf 78' lang='lat' dir='ltr'><strong>ideoque</strong></span> <span class='ocrx_word' id='word_1_667' title='bbox 1429 885 1480 911; x_wconf 90' lang='lat' dir='ltr'><strong>sibi</strong></span> <span class='ocrx_word' id='word_1_668' title='bbox 1511 883 1665 918; x_wconf 84' lang='lat' dir='ltr'><strong>persuadet,</strong></span> 
     </span>
    </p>
   </div>
   <div class='ocr_carea' id='block_1_99' title="bbox 886 918 1666 954">
    <p class='ocr_par' dir='ltr' id='par_1_99' title="bbox 886 918 1666 954">
     <span class='ocr_line' id='line_1_99' title="bbox 886 918 1666 954; baseline 0 -7"><span class='ocrx_word' id='word_1_669' title='bbox 886 921 938 947; x_wconf 88' lang='lat' dir='ltr'><strong>hoc</strong></span> <span class='ocrx_word' id='word_1_670' title='bbox 951 925 1072 953; x_wconf 89' lang='lat' dir='ltr'><strong>tempore</strong></span> <span class='ocrx_word' id='word_1_671' title='bbox 1085 918 1222 946; x_wconf 77' lang='lat' dir='ltr'><strong>Romanos</strong></span> <span class='ocrx_word' id='word_1_672' title='bbox 1229 919 1436 947; x_wconf 89' lang='lat' dir='ltr'><strong>celeberrimum</strong></span> <span class='ocrx_word' id='word_1_673' title='bbox 1448 919 1497 947; x_wconf 92' lang='lat' dir='ltr'><strong>hoc</strong></span> <span class='ocrx_word' id='word_1_674' title='bbox 1510 919 1666 954; x_wconf 86' lang='lat' dir='ltr'><strong>Emporium</strong></span> 
     </span>
    </p>
   </div>
   <div class='ocr_carea' id='block_1_100' title="bbox 885 954 1666 990">
    <p class='ocr_par' dir='ltr' id='par_1_100' title="bbox 885 954 1666 990">
     <span class='ocr_line' id='line_1_100' title="bbox 885 954 1666 990; baseline 0.001 -9"><span class='ocrx_word' id='word_1_675' title='bbox 885 955 1000 989; x_wconf 89' lang='lat' dir='ltr'><strong>diripere</strong></span> <span class='ocrx_word' id='word_1_676' title='bbox 1025 954 1153 988; x_wconf 79' lang='lat' dir='ltr'><strong>potuisse.</strong></span> <span class='ocrx_word' id='word_1_677' title='bbox 1184 954 1326 990; x_wconf 30' lang='lat' dir='ltr'><strong>Nosivero</strong></span> <span class='ocrx_word' id='word_1_678' title='bbox 1352 959 1432 981; x_wconf 71' lang='lat' dir='ltr'><strong>rectte</strong></span> <span class='ocrx_word' id='word_1_679' title='bbox 1458 955 1555 981; x_wconf 81' lang='lat' dir='ltr'><strong>rationi</strong></span> <span class='ocrx_word' id='word_1_680' title='bbox 1580 955 1666 990; x_wconf 80' lang='lat' dir='ltr'><strong>magis</strong></span> 
     </span>
    </p>
   </div>
   <div class='ocr_carea' id='block_1_101' title="bbox 886 989 1666 1023">
    <p class='ocr_par' dir='ltr' id='par_1_101' title="bbox 886 989 1666 1023">
     <span class='ocr_line' id='line_1_101' title="bbox 886 989 1666 1023; baseline 0 -6"><span class='ocrx_word' id='word_1_681' title='bbox 886 996 1033 1017; x_wconf 84' lang='lat' dir='ltr'><strong>consonum</strong></span> <span class='ocrx_word' id='word_1_682' title='bbox 1060 996 1214 1020; x_wconf 81' lang='lat' dir='ltr'><strong>censemus,</strong></span> <span class='ocrx_word' id='word_1_683' title='bbox 1239 989 1385 1023; x_wconf 89' lang='lat' dir='ltr'><strong>Trajantttn</strong></span> <span class='ocrx_word' id='word_1_684' title='bbox 1411 997 1464 1016; x_wconf 91' lang='lat' dir='ltr'><strong>non</strong></span> <span class='ocrx_word' id='word_1_685' title='bbox 1488 991 1514 1016; x_wconf 91' lang='lat' dir='ltr'><strong>in</strong></span> <span class='ocrx_word' id='word_1_686' title='bbox 1535 997 1567 1016; x_wconf 80' lang='lat' dir='ltr'><strong>eo</strong></span> <span class='ocrx_word' id='word_1_687' title='bbox 1583 989 1666 1017; x_wconf 81' lang='lat' dir='ltr'><strong>maris</strong></span> 
     </span>
    </p>
   </div>
   <div class='ocr_carea' id='block_1_102' title="bbox 888 1024 1666 1058">
    <p class='ocr_par' dir='ltr' id='par_1_102' title="bbox 888 1024 1666 1058">
     <span class='ocr_line' id='line_1_102' title="bbox 888 1024 1666 1058; baseline 0 -7"><span class='ocrx_word' id='word_1_688' title='bbox 888 1025 971 1051; x_wconf 82' lang='lat' dir='ltr'><strong>Rubri</strong></span> <span class='ocrx_word' id='word_1_689' title='bbox 995 1028 1084 1051; x_wconf 88' lang='lat' dir='ltr'><strong>tractu</strong></span> <span class='ocrx_word' id='word_1_690' title='bbox 1107 1024 1224 1051; x_wconf 83' lang='lat' dir='ltr'><strong>classem</strong></span> <span class='ocrx_word' id='word_1_691' title='bbox 1250 1024 1409 1056; x_wconf 84' lang='lat' dir='ltr'><strong>instituisse,</strong></span> <span class='ocrx_word' id='word_1_692' title='bbox 1437 1024 1666 1058; x_wconf 55' lang='lat' dir='ltr'><strong>quetnilndicum</strong></span> 
     </span>
    </p>
   </div>
   <div class='ocr_carea' id='block_1_103' title="bbox 885 1059 1666 1094">
    <p class='ocr_par' dir='ltr' id='par_1_103' title="bbox 885 1059 1666 1094">
     <span class='ocr_line' id='line_1_103' title="bbox 885 1059 1666 1094; baseline 0.001 -8"><span class='ocrx_word' id='word_1_693' title='bbox 885 1059 1048 1094; x_wconf 85' lang='lat' dir='ltr'><strong>quandoque</strong></span> <span class='ocrx_word' id='word_1_694' title='bbox 1063 1067 1079 1086; x_wconf 90' lang='lat' dir='ltr'><strong>a</strong></span> <span class='ocrx_word' id='word_1_695' title='bbox 1093 1060 1229 1087; x_wconf 85' lang='lat' dir='ltr'><strong>veteribus</strong></span> <span class='ocrx_word' id='word_1_696' title='bbox 1251 1059 1413 1093; x_wconf 86' lang='lat' dir='ltr'><strong>appellatum</strong></span> <span class='ocrx_word' id='word_1_697' title='bbox 1437 1064 1553 1092; x_wconf 88' lang='lat' dir='ltr'><strong>constat,</strong></span> <span class='ocrx_word' id='word_1_698' title='bbox 1573 1061 1618 1087; x_wconf 87' lang='lat' dir='ltr'><strong>sed</strong></span> <span class='ocrx_word' id='word_1_699' title='bbox 1638 1061 1666 1087; x_wconf 90' lang='lat' dir='ltr'><strong>in</strong></span> 
     </span>
    </p>
   </div>
   <div class='ocr_carea' id='block_1_104' title="bbox 886 1094 1664 1128">
    <p class='ocr_par' dir='ltr' id='par_1_104' title="bbox 886 1094 1664 1128">
     <span class='ocr_line' id='line_1_104' title="bbox 886 1094 1664 1128; baseline 0.001 -7"><span class='ocrx_word' id='word_1_700' title='bbox 886 1096 946 1122; x_wconf 82' lang='lat' dir='ltr'><strong>sinu</strong></span> <span class='ocrx_word' id='word_1_701' title='bbox 963 1094 1083 1128; x_wconf 87' lang='lat' dir='ltr'><strong>ejusdem</strong></span> <span class='ocrx_word' id='word_1_702' title='bbox 1098 1094 1180 1121; x_wconf 87' lang='lat' dir='ltr'><strong>maris</strong></span> <span class='ocrx_word' id='word_1_703' title='bbox 1191 1115 1198 1126; x_wconf 93' lang='lat'><strong>,</strong></span> <span class='ocrx_word' id='word_1_704' title='bbox 1211 1102 1290 1128; x_wconf 88' lang='lat' dir='ltr'><strong>quem</strong></span> <span class='ocrx_word' id='word_1_705' title='bbox 1304 1094 1446 1121; x_wconf 82' lang='lat' dir='ltr'><strong>Arabicum</strong></span> <span class='ocrx_word' id='word_1_706' title='bbox 1465 1103 1664 1128; x_wconf 85' lang='lat' dir='ltr'><strong>nuncupamus,</strong></span> 
     </span>
    </p>
   </div>
   <div class='ocr_carea' id='block_1_105' title="bbox 886 1129 1666 1164">
    <p class='ocr_par' dir='ltr' id='par_1_105' title="bbox 886 1129 1666 1164">
     <span class='ocr_line' id='line_1_105' title="bbox 886 1129 1666 1164; baseline 0.003 -9"><span class='ocrx_word' id='word_1_707' title='bbox 886 1136 1021 1163; x_wconf 87' lang='lat' dir='ltr'><strong>quemque</strong></span> <span class='ocrx_word' id='word_1_708' title='bbox 1043 1129 1123 1155; x_wconf 85' lang='lat' dir='ltr'><strong>etiam</strong></span> <span class='ocrx_word' id='word_1_709' title='bbox 1146 1129 1320 1163; x_wconf 72' lang='lat' dir='ltr'><strong>plerique-ex</strong></span> <span class='ocrx_word' id='word_1_710' title='bbox 1343 1129 1463 1164; x_wconf 86' lang='lat' dir='ltr'><strong>antiquis</strong></span> <span class='ocrx_word' id='word_1_711' title='bbox 1487 1131 1666 1164; x_wconf 78' lang='lat' dir='ltr'><strong>scriptoribus</strong></span> 
     </span>
    </p>
   </div>
   <div class='ocr_carea' id='block_1_106' title="bbox 886 1163 1666 1199">
    <p class='ocr_par' dir='ltr' id='par_1_106' title="bbox 886 1163 1666 1199">
     <span class='ocr_line' id='line_1_106' title="bbox 886 1163 1666 1199; baseline 0.001 -8"><span class='ocrx_word' id='word_1_712' title='bbox 886 1164 1004 1191; x_wconf 55' lang='lat' dir='ltr'><strong>Rubrum</strong></span> <span class='ocrx_word' id='word_1_713' title='bbox 1021 1169 1161 1190; x_wconf 81' lang='lat' dir='ltr'><strong>vocarunt.</strong></span> <span class='ocrx_word' id='word_1_714' title='bbox 1186 1163 1317 1199; x_wconf 23' lang='lat' dir='ltr'><strong>Hicieuim</strong></span> <span class='ocrx_word' id='word_1_715' title='bbox 1334 1165 1410 1191; x_wconf 90' lang='lat' dir='ltr'><strong>sinus</strong></span> <span class='ocrx_word' id='word_1_716' title='bbox 1427 1163 1557 1192; x_wconf 76' lang='lat' dir='ltr'><strong>Romanis</strong></span> <span class='ocrx_word' id='word_1_717' title='bbox 1573 1166 1666 1199; x_wconf 64' lang='lat' dir='ltr'><strong>proxi«</strong></span> 
     </span>
    </p>
   </div>
   <div class='ocr_carea' id='block_1_107' title="bbox 888 1198 1666 1234">
    <p class='ocr_par' dir='ltr' id='par_1_107' title="bbox 888 1198 1666 1234">
     <span class='ocr_line' id='line_1_107' title="bbox 888 1198 1666 1234; baseline 0.001 -8"><span class='ocrx_word' id='word_1_718' title='bbox 888 1207 948 1226; x_wconf 88' lang='lat' dir='ltr'><strong>inus</strong></span> <span class='ocrx_word' id='word_1_719' title='bbox 972 1198 1023 1225; x_wconf 84' lang='lat' dir='ltr'><strong>fuit</strong></span> <span class='ocrx_word' id='word_1_720' title='bbox 1045 1199 1207 1232; x_wconf 83' lang='lat' dir='ltr'><strong>provinciis,</strong></span> <span class='ocrx_word' id='word_1_721' title='bbox 1228 1198 1343 1234; x_wconf 66' lang='lat' dir='ltr'><strong>Egypto</strong></span> <span class='ocrx_word' id='word_1_722' title='bbox 1357 1199 1476 1231; x_wconf 84' lang='lat' dir='ltr'><strong>scilicet,</strong></span> <span class='ocrx_word' id='word_1_723' title='bbox 1499 1198 1604 1227; x_wconf 71' lang='lat' dir='ltr'><strong>Arabia:</strong></span> <span class='ocrx_word' id='word_1_724' title='bbox 1616 1200 1666 1228; x_wconf 89' lang='lat' dir='ltr'><strong>Pe-</strong></span> 
     </span>
    </p>
   </div>
   <div class='ocr_carea' id='block_1_108' title="bbox 888 1234 1666 1269">
    <p class='ocr_par' dir='ltr' id='par_1_108' title="bbox 888 1234 1666 1269">
     <span class='ocr_line' id='line_1_108' title="bbox 888 1234 1666 1269; baseline 0.001 -9"><span class='ocrx_word' id='word_1_725' title='bbox 888 1240 970 1264; x_wconf 66' lang='lat' dir='ltr'><strong>trteae,</strong></span> <span class='ocrx_word' id='word_1_726' title='bbox 985 1241 1099 1267; x_wconf 86' lang='lat' dir='ltr'><strong>quarum</strong></span> <span class='ocrx_word' id='word_1_727' title='bbox 1116 1240 1280 1268; x_wconf 87' lang='lat' dir='ltr'><strong>postremam</strong></span> <span class='ocrx_word' id='word_1_728' title='bbox 1297 1234 1430 1269; x_wconf 81' lang='lat' dir='ltr'><strong>Trajauus</strong></span> <span class='ocrx_word' id='word_1_729' title='bbox 1458 1235 1533 1261; x_wconf 82' lang='lat' dir='ltr'><strong>urbis</strong></span> <span class='ocrx_word' id='word_1_730' title='bbox 1546 1235 1666 1269; x_wconf 82' lang='lat' dir='ltr'><strong>gentium</strong></span> 
     </span>
    </p>
   </div>
   <div class='ocr_carea' id='block_1_109' title="bbox 887 1269 1666 1304">
    <p class='ocr_par' dir='ltr' id='par_1_109' title="bbox 887 1269 1666 1304">
     <span class='ocr_line' id='line_1_109' title="bbox 887 1269 1666 1304; baseline 0.003 -10"><span class='ocrx_word' id='word_1_731' title='bbox 887 1269 1002 1295; x_wconf 68' lang='lat' dir='ltr'><strong>domina:</strong></span> <span class='ocrx_word' id='word_1_732' title='bbox 1012 1269 1124 1302; x_wconf 88' lang='lat' dir='ltr'><strong>itttperio</strong></span> <span class='ocrx_word' id='word_1_733' title='bbox 1132 1269 1269 1304; x_wconf 72' lang='lat' dir='ltr'><strong>adjunxit;</strong></span> <span class='ocrx_word' id='word_1_734' title='bbox 1287 1269 1400 1303; x_wconf 88' lang='lat' dir='ltr'><strong>ideoque</strong></span> <span class='ocrx_word' id='word_1_735' title='bbox 1408 1276 1441 1295; x_wconf 90' lang='lat' dir='ltr'><strong>ne</strong></span> <span class='ocrx_word' id='word_1_736' title='bbox 1450 1269 1570 1296; x_wconf 89' lang='lat' dir='ltr'><strong>barbaris</strong></span> <span class='ocrx_word' id='word_1_737' title='bbox 1580 1271 1666 1296; x_wconf 87' lang='lat' dir='ltr'><strong>rebel-</strong></span> 
     </span>
    </p>
   </div>
   <div class='ocr_carea' id='block_1_110' title="bbox 887 1304 1666 1338">
    <p class='ocr_par' dir='ltr' id='par_1_110' title="bbox 887 1304 1666 1338">
     <span class='ocr_line' id='line_1_110' title="bbox 887 1304 1666 1338; baseline 0.001 -9"><span class='ocrx_word' id='word_1_738' title='bbox 887 1304 958 1330; x_wconf 87' lang='lat' dir='ltr'><strong>lattdi</strong></span> <span class='ocrx_word' id='word_1_739' title='bbox 975 1304 1083 1330; x_wconf 81' lang='lat' dir='ltr'><strong>oecasio</strong></span> <span class='ocrx_word' id='word_1_740' title='bbox 1099 1304 1125 1330; x_wconf 91' lang='lat' dir='ltr'><strong>in</strong></span> <span class='ocrx_word' id='word_1_741' title='bbox 1139 1308 1264 1338; x_wconf 88' lang='lat' dir='ltr'><strong>promptu</strong></span> <span class='ocrx_word' id='word_1_742' title='bbox 1288 1309 1370 1335; x_wconf 88' lang='lat' dir='ltr'><strong>esset,</strong></span> <span class='ocrx_word' id='word_1_743' title='bbox 1397 1311 1451 1330; x_wconf 92' lang='lat' dir='ltr'><strong>non</strong></span> <span class='ocrx_word' id='word_1_744' title='bbox 1476 1304 1563 1331; x_wconf 89' lang='lat' dir='ltr'><strong>solutn</strong></span> <span class='ocrx_word' id='word_1_745' title='bbox 1582 1309 1666 1332; x_wconf 75' lang='lat' dir='ltr'><strong>terre-</strong></span> 
     </span>
    </p>
   </div>
   <div class='ocr_carea' id='block_1_111' title="bbox 887 1338 1666 1373">
    <p class='ocr_par' dir='ltr' id='par_1_111' title="bbox 887 1338 1666 1373">
     <span class='ocr_line' id='line_1_111' title="bbox 887 1338 1666 1373; baseline 0.003 -8"><span class='ocrx_word' id='word_1_746' title='bbox 887 1339 988 1365; x_wconf 89' lang='lat' dir='ltr'><strong>slribtts</strong></span> <span class='ocrx_word' id='word_1_747' title='bbox 1007 1338 1108 1372; x_wconf 87' lang='lat' dir='ltr'><strong>copiis,</strong></span> <span class='ocrx_word' id='word_1_748' title='bbox 1133 1339 1179 1366; x_wconf 87' lang='lat' dir='ltr'><strong>sed</strong></span> <span class='ocrx_word' id='word_1_749' title='bbox 1204 1341 1285 1366; x_wconf 84' lang='lat' dir='ltr'><strong>etiam</strong></span> <span class='ocrx_word' id='word_1_750' title='bbox 1311 1339 1446 1366; x_wconf 90' lang='lat' dir='ltr'><strong>maritima</strong></span> <span class='ocrx_word' id='word_1_751' title='bbox 1470 1340 1557 1366; x_wconf 85' lang='lat' dir='ltr'><strong>classe</strong></span> <span class='ocrx_word' id='word_1_752' title='bbox 1585 1340 1666 1373; x_wconf 85' lang='lat' dir='ltr'><strong>hujus</strong></span> 
     </span>
    </p>
   </div>
   <div class='ocr_carea' id='block_1_112' title="bbox 887 1373 1666 1408">
    <p class='ocr_par' dir='ltr' id='par_1_112' title="bbox 887 1373 1666 1408">
     <span class='ocr_line' id='line_1_112' title="bbox 887 1373 1666 1408; baseline 0.003 -9"><span class='ocrx_word' id='word_1_753' title='bbox 887 1373 1033 1408; x_wconf 72' lang='lat' dir='ltr'><strong>provinciae</strong></span> <span class='ocrx_word' id='word_1_754' title='bbox 1048 1381 1109 1400; x_wconf 86' lang='lat' dir='ltr'><strong>oras</strong></span> <span class='ocrx_word' id='word_1_755' title='bbox 1126 1374 1231 1401; x_wconf 88' lang='lat' dir='ltr'><strong>munire</strong></span> <span class='ocrx_word' id='word_1_756' title='bbox 1245 1374 1339 1407; x_wconf 79' lang='lat' dir='ltr'><strong>yoluit,</strong></span> <span class='ocrx_word' id='word_1_757' title='bbox 1363 1378 1392 1401; x_wconf 95' lang='lat' dir='ltr'><strong>ut</strong></span> <span class='ocrx_word' id='word_1_758' title='bbox 1415 1374 1488 1408; x_wconf 90' lang='lat' dir='ltr'><strong>ipsos</strong></span> <span class='ocrx_word' id='word_1_759' title='bbox 1502 1375 1536 1401; x_wconf 87' lang='lat' dir='ltr'><strong>ab</strong></span> <span class='ocrx_word' id='word_1_760' title='bbox 1547 1376 1666 1401; x_wconf 80' lang='lat' dir='ltr'><strong>externis</strong></span> 
     </span>
    </p>
   </div>
   <div class='ocr_carea' id='block_1_113' title="bbox 888 1408 1666 1443">
    <p class='ocr_par' dir='ltr' id='par_1_113' title="bbox 888 1408 1666 1443">
     <span class='ocr_line' id='line_1_113' title="bbox 888 1408 1666 1443; baseline 0.006 -9"><span class='ocrx_word' id='word_1_761' title='bbox 888 1408 995 1435; x_wconf 81' lang='lat' dir='ltr'><strong>auxiliis</strong></span> <span class='ocrx_word' id='word_1_762' title='bbox 1009 1410 1178 1435; x_wconf 83' lang='lat' dir='ltr'><strong>accersendis</strong></span> <span class='ocrx_word' id='word_1_763' title='bbox 1196 1409 1302 1443; x_wconf 87' lang='lat' dir='ltr'><strong>penitus</strong></span> <span class='ocrx_word' id='word_1_764' title='bbox 1319 1409 1479 1443; x_wconf 89' lang='lat' dir='ltr'><strong>prohiberet.</strong></span> <span class='ocrx_word' id='word_1_765' title='bbox 1497 1408 1666 1439; x_wconf 74' lang='lat' dir='ltr'><strong>Leucecotuii</strong></span> 
     </span>
    </p>
   </div>
   <div class='ocr_carea' id='block_1_114' title="bbox 889 1443 1668 1478">
    <p class='ocr_par' dir='ltr' id='par_1_114' title="bbox 889 1443 1668 1478">
     <span class='ocr_line' id='line_1_114' title="bbox 889 1443 1668 1478; baseline 0.001 -8"><span class='ocrx_word' id='word_1_766' title='bbox 889 1443 1033 1478; x_wconf 79' lang='lat' dir='ltr'><strong>siquidem,</strong></span> <span class='ocrx_word' id='word_1_767' title='bbox 1042 1444 1098 1470; x_wconf 89' lang='lat' dir='ltr'><strong>sire</strong></span> <span class='ocrx_word' id='word_1_768' title='bbox 1112 1443 1196 1471; x_wconf 80' lang='lat' dir='ltr'><strong>Albus</strong></span> <span class='ocrx_word' id='word_1_769' title='bbox 1208 1444 1284 1471; x_wconf 86' lang='lat' dir='ltr'><strong>vicus</strong></span> <span class='ocrx_word' id='word_1_770' title='bbox 1296 1443 1401 1470; x_wconf 87' lang='lat' dir='ltr'><strong>Arriatti</strong></span> <span class='ocrx_word' id='word_1_771' title='bbox 1416 1451 1473 1470; x_wconf 73' lang='lat' dir='ltr'><strong>3W0</strong></span> <span class='ocrx_word' id='word_1_772' title='bbox 1486 1444 1597 1471; x_wconf 88' lang='lat' dir='ltr'><strong>ultituus</strong></span> <span class='ocrx_word' id='word_1_773' title='bbox 1611 1443 1668 1472; x_wconf 77' lang='lat' dir='ltr'><strong>Ro-</strong></span> 
     </span>
    </p>
   </div>
   <div class='ocr_carea' id='block_1_115' title="bbox 889 1478 1666 1513">
    <p class='ocr_par' dir='ltr' id='par_1_115' title="bbox 889 1478 1666 1513">
     <span class='ocr_line' id='line_1_115' title="bbox 889 1478 1666 1513; baseline 0.003 -8"><span class='ocrx_word' id='word_1_774' title='bbox 889 1479 962 1506; x_wconf 88' lang='lat' dir='ltr'><strong>mani</strong></span> <span class='ocrx_word' id='word_1_775' title='bbox 989 1479 1095 1513; x_wconf 88' lang='lat' dir='ltr'><strong>itnperii</strong></span> <span class='ocrx_word' id='word_1_776' title='bbox 1111 1478 1136 1504; x_wconf 94' lang='grc'><strong>111</strong></span> <span class='ocrx_word' id='word_1_777' title='bbox 1153 1479 1251 1505; x_wconf 85' lang='lat' dir='ltr'><strong>Arabia</strong></span> <span class='ocrx_word' id='word_1_778' title='bbox 1275 1480 1351 1505; x_wconf 88' lang='lat' dir='ltr'><strong>limes</strong></span> <span class='ocrx_word' id='word_1_779' title='bbox 1365 1483 1436 1510; x_wconf 86' lang='lat' dir='ltr'><strong>erat,</strong></span> <span class='ocrx_word' id='word_1_780' title='bbox 1459 1483 1487 1505; x_wconf 89' lang='lat' dir='ltr'><strong>ut</strong></span> <span class='ocrx_word' id='word_1_781' title='bbox 1503 1484 1555 1505; x_wconf 89' lang='lat' dir='ltr'><strong>tam</strong></span> <span class='ocrx_word' id='word_1_782' title='bbox 1574 1485 1666 1507; x_wconf 91' lang='lat' dir='ltr'><strong>custo-</strong></span> 
     </span>
    </p>
   </div>
   <div class='ocr_carea' id='block_1_116' title="bbox 888 1514 1666 1548">
    <p class='ocr_par' dir='ltr' id='par_1_116' title="bbox 888 1514 1666 1548">
     <span class='ocr_line' id='line_1_116' title="bbox 888 1514 1666 1548; baseline 0.003 -8"><span class='ocrx_word' id='word_1_783' title='bbox 888 1514 949 1545; x_wconf 78' lang='lat' dir='ltr'><strong>diae,</strong></span> <span class='ocrx_word' id='word_1_784' title='bbox 975 1521 1055 1548; x_wconf 86' lang='lat' dir='ltr'><strong>quam</strong></span> <span class='ocrx_word' id='word_1_785' title='bbox 1080 1518 1183 1547; x_wconf 67' lang='lat' dir='ltr'><strong>quarta:</strong></span> <span class='ocrx_word' id='word_1_786' title='bbox 1196 1514 1280 1548; x_wconf 87' lang='lat' dir='ltr'><strong>partis</strong></span> <span class='ocrx_word' id='word_1_787' title='bbox 1296 1514 1437 1545; x_wconf 89' lang='lat' dir='ltr'><strong>mercium,</strong></span> <span class='ocrx_word' id='word_1_788' title='bbox 1460 1521 1520 1548; x_wconf 73' lang='lat' dir='ltr'><strong>qua:</strong></span> <span class='ocrx_word' id='word_1_789' title='bbox 1534 1514 1666 1548; x_wconf 86' lang='lat' dir='ltr'><strong>importa—</strong></span> 
     </span>
    </p>
   </div>
   <div class='ocr_carea' id='block_1_117' title="bbox 889 1548 1665 1582">
    <p class='ocr_par' dir='ltr' id='par_1_117' title="bbox 889 1548 1665 1582">
     <span class='ocr_line' id='line_1_117' title="bbox 889 1548 1665 1582; baseline 0.001 -7"><span class='ocrx_word' id='word_1_790' title='bbox 889 1549 1002 1580; x_wconf 87' lang='lat' dir='ltr'><strong>bantur,</strong></span> <span class='ocrx_word' id='word_1_791' title='bbox 1031 1548 1191 1582; x_wconf 72' lang='lat' dir='ltr'><strong>recipiendae</strong></span> <span class='ocrx_word' id='word_1_792' title='bbox 1216 1556 1316 1581; x_wconf 86' lang='lat' dir='ltr'><strong>causa,</strong></span> <span class='ocrx_word' id='word_1_793' title='bbox 1334 1553 1456 1576; x_wconf 89' lang='lat' dir='ltr'><strong>centurio</strong></span> <span class='ocrx_word' id='word_1_794' title='bbox 1469 1556 1529 1576; x_wconf 89' lang='lat' dir='ltr'><strong>eum</strong></span> <span class='ocrx_word' id='word_1_795' title='bbox 1547 1551 1665 1577; x_wconf 78' lang='lat' dir='ltr'><strong>exercitu</strong></span> 
     </span>
    </p>
   </div>
   <div class='ocr_carea' id='block_1_118' title="bbox 888 1582 1667 1612">
    <p class='ocr_par' dir='ltr' id='par_1_118' title="bbox 888 1582 1667 1612">
     <span class='ocr_line' id='line_1_118' title="bbox 888 1582 1667 1612; baseline 0.003 -2"><span class='ocrx_word' id='word_1_796' title='bbox 888 1584 1047 1610; x_wconf 87' lang='lat' dir='ltr'><strong>mitteretur.</strong></span> <span class='ocrx_word' id='word_1_797' title='bbox 1075 1583 1244 1610; x_wconf 80' lang='lat' dir='ltr'><strong>Saliaitarum</strong></span> <span class='ocrx_word' id='word_1_798' title='bbox 1269 1591 1333 1610; x_wconf 90' lang='lat' dir='ltr'><strong>vero</strong></span> <span class='ocrx_word' id='word_1_799' title='bbox 1352 1588 1378 1610; x_wconf 90' lang='lat' dir='ltr'><strong>et</strong></span> <span class='ocrx_word' id='word_1_800' title='bbox 1398 1582 1605 1611; x_wconf 74' lang='lat' dir='ltr'><strong>Humaeritarum</strong></span> <span class='ocrx_word' id='word_1_801' title='bbox 1625 1593 1667 1612; x_wconf 72' lang='lat' dir='ltr'><strong>re~</strong></span> 
     </span>
    </p>
   </div>
   <div class='ocr_carea' id='block_1_119' title="bbox 887 1617 1668 1653">
    <p class='ocr_par' dir='ltr' id='par_1_119' title="bbox 887 1617 1668 1653">
     <span class='ocr_line' id='line_1_119' title="bbox 887 1617 1668 1653; baseline 0.004 -8"><span class='ocrx_word' id='word_1_802' title='bbox 887 1619 993 1653; x_wconf 78' lang='lat' dir='ltr'><strong>gionetn</strong></span> <span class='ocrx_word' id='word_1_803' title='bbox 1010 1619 1080 1644; x_wconf 89' lang='lat' dir='ltr'><strong>haud</strong></span> <span class='ocrx_word' id='word_1_804' title='bbox 1093 1617 1223 1646; x_wconf 84' lang='lat' dir='ltr'><strong>Romanis</strong></span> <span class='ocrx_word' id='word_1_805' title='bbox 1244 1626 1301 1645; x_wconf 70' lang='lat' dir='ltr'><strong>aavo</strong></span> <span class='ocrx_word' id='word_1_806' title='bbox 1325 1626 1375 1646; x_wconf 90' lang='lat' dir='ltr'><strong>suo</strong></span> <span class='ocrx_word' id='word_1_807' title='bbox 1390 1618 1537 1652; x_wconf 88' lang='lat' dir='ltr'><strong>subjectam</strong></span> <span class='ocrx_word' id='word_1_808' title='bbox 1553 1619 1668 1648; x_wconf 80' lang='lat' dir='ltr'><strong>alllrmat</strong></span> 
     </span>
    </p>
   </div>
   <div class='ocr_carea' id='block_1_120' title="bbox 888 1653 1667 1689">
    <p class='ocr_par' dir='ltr' id='par_1_120' title="bbox 888 1653 1667 1689">
     <span class='ocr_line' id='line_1_120' title="bbox 888 1653 1667 1689; baseline 0.003 -10"><span class='ocrx_word' id='word_1_809' title='bbox 888 1654 1002 1689; x_wconf 73' lang='lat' dir='ltr'><strong>ipsemet</strong></span> <span class='ocrx_word' id='word_1_810' title='bbox 1017 1653 1163 1689; x_wconf 83' lang='lat' dir='ltr'><strong>Arrianus;</strong></span> <span class='ocrx_word' id='word_1_811' title='bbox 1187 1661 1248 1680; x_wconf 89' lang='lat' dir='ltr'><strong>cum</strong></span> <span class='ocrx_word' id='word_1_812' title='bbox 1264 1654 1450 1680; x_wconf 80' lang='lat' dir='ltr'><strong>Cltaribaeletu</strong></span> <span class='ocrx_word' id='word_1_813' title='bbox 1470 1655 1563 1680; x_wconf 86' lang='lat' dir='ltr'><strong>harum</strong></span> <span class='ocrx_word' id='word_1_814' title='bbox 1578 1655 1667 1689; x_wconf 78' lang='lat' dir='ltr'><strong>regio-</strong></span> 
     </span>
    </p>
   </div>
   <div class='ocr_carea' id='block_1_121' title="bbox 888 1688 1667 1723">
    <p class='ocr_par' dir='ltr' id='par_1_121' title="bbox 888 1688 1667 1723">
     <span class='ocr_line' id='line_1_121' title="bbox 888 1688 1667 1723; baseline 0.003 -9"><span class='ocrx_word' id='word_1_815' title='bbox 888 1695 952 1714; x_wconf 93' lang='lat' dir='ltr'><strong>num</strong></span> <span class='ocrx_word' id='word_1_816' title='bbox 974 1688 1119 1723; x_wconf 86' lang='lat' dir='ltr'><strong>Dynastam</strong></span> <span class='ocrx_word' id='word_1_817' title='bbox 1138 1688 1322 1723; x_wconf 71' lang='lat' dir='ltr'><strong>Romanorum</strong></span> <span class='ocrx_word' id='word_1_818' title='bbox 1345 1689 1531 1723; x_wconf 84' lang='lat' dir='ltr'><strong>imperatorum</strong></span> <span class='ocrx_word' id='word_1_819' title='bbox 1553 1688 1667 1716; x_wconf 74' lang='lat' dir='ltr'><strong>amicum</strong></span> 
     </span>
    </p>
   </div>
   <div class='ocr_carea' id='block_1_122' title="bbox 887 1722 1665 1752">
    <p class='ocr_par' dir='ltr' id='par_1_122' title="bbox 887 1722 1665 1752">
     <span class='ocr_line' id='line_1_122' title="bbox 887 1722 1665 1752; baseline 0.003 -3"><span class='ocrx_word' id='word_1_820' title='bbox 887 1722 1004 1750; x_wconf 84' lang='lat' dir='ltr'><strong>tantum</strong></span> <span class='ocrx_word' id='word_1_821' title='bbox 1019 1722 1104 1750; x_wconf 77' lang='lat' dir='ltr'><strong>fuisse</strong></span> <span class='ocrx_word' id='word_1_822' title='bbox 1129 1722 1201 1749; x_wconf 88' lang='lat' dir='ltr'><strong>dicat</strong></span> <span class='ocrx_word' id='word_1_823' title='bbox 1227 1723 1269 1750; x_wconf 91' lang='lat' dir='ltr'><strong>his</strong></span> <span class='ocrx_word' id='word_1_824' title='bbox 1294 1724 1382 1750; x_wconf 88' lang='lat' dir='ltr'><strong>verbis</strong></span> <span class='ocrx_word' id='word_1_825' title='bbox 1407 1723 1501 1750; x_wconf 86' lang='lat' dir='ltr'><strong>Latine</strong></span> <span class='ocrx_word' id='word_1_826' title='bbox 1528 1724 1665 1752; x_wconf 84' lang='lat' dir='ltr'><strong>redditis:</strong></span> 
     </span>
    </p>
   </div>
   <div class='ocr_carea' id='block_1_123' title="bbox 891 1756 1668 1794">
    <p class='ocr_par' dir='ltr' id='par_1_123' title="bbox 891 1756 1668 1794">
     <span class='ocr_line' id='line_1_123' title="bbox 891 1756 1668 1794; baseline 0.005 -11"><span class='ocrx_word' id='word_1_827' title='bbox 891 1767 900 1783; x_wconf 81' lang='grc'><strong>1</strong></span> <span class='ocrx_word' id='word_1_828' title='bbox 920 1757 994 1794; x_wconf 78' lang='lat' dir='ltr'><strong>Hane</strong></span> <span class='ocrx_word' id='word_1_829' title='bbox 1011 1756 1118 1793; x_wconf 92' lang='lat' dir='ltr'><strong>(nempe</strong></span> <span class='ocrx_word' id='word_1_830' title='bbox 1134 1757 1294 1794; x_wconf 75' lang='lat' dir='ltr'><strong>lllarpharlis</strong></span> <span class='ocrx_word' id='word_1_831' title='bbox 1318 1758 1464 1794; x_wconf 79' lang='lat' dir='ltr'><strong>regionem)</strong></span> <span class='ocrx_word' id='word_1_832' title='bbox 1487 1766 1582 1786; x_wconf 86' lang='lat' dir='ltr'><strong>novem</strong></span> <span class='ocrx_word' id='word_1_833' title='bbox 1611 1760 1668 1787; x_wconf 90' lang='lat' dir='ltr'><strong>die-</strong></span> 
     </span>
    </p>
   </div>
   <div class='ocr_carea' id='block_1_124' title="bbox 889 1793 1668 1828">
    <p class='ocr_par' dir='ltr' id='par_1_124' title="bbox 889 1793 1668 1828">
     <span class='ocr_line' id='line_1_124' title="bbox 889 1793 1668 1828; baseline 0.001 -8"><span class='ocrx_word' id='word_1_834' title='bbox 889 1800 949 1820; x_wconf 90' lang='lat' dir='ltr'><strong>rum</strong></span> <span class='ocrx_word' id='word_1_835' title='bbox 964 1793 1193 1828; x_wconf 19' lang='lat' dir='ltr'><strong>itinerersequitur</strong></span> <span class='ocrx_word' id='word_1_836' title='bbox 1207 1793 1299 1827; x_wconf 87' lang='lat' dir='ltr'><strong>Aphar</strong></span> <span class='ocrx_word' id='word_1_837' title='bbox 1312 1794 1485 1828; x_wconf 82' lang='lat' dir='ltr'><strong>metropolis,</strong></span> <span class='ocrx_word' id='word_1_838' title='bbox 1511 1794 1539 1820; x_wconf 88' lang='grc'><strong>111</strong></span> <span class='ocrx_word' id='word_1_839' title='bbox 1553 1801 1605 1828; x_wconf 89' lang='lat' dir='ltr'><strong>qua</strong></span> <span class='ocrx_word' id='word_1_840' title='bbox 1623 1803 1668 1821; x_wconf 86' lang='lat' dir='ltr'><strong>sc-</strong></span> 
     </span>
    </p>
   </div>
   <div class='ocr_carea' id='block_1_125' title="bbox 888 1827 1668 1863">
    <p class='ocr_par' dir='ltr' id='par_1_125' title="bbox 888 1827 1668 1863">
     <span class='ocr_line' id='line_1_125' title="bbox 888 1827 1668 1863; baseline 0.004 -10"><span class='ocrx_word' id='word_1_841' title='bbox 888 1828 948 1854; x_wconf 83' lang='lat' dir='ltr'><strong>(lem</strong></span> <span class='ocrx_word' id='word_1_842' title='bbox 962 1827 1182 1862; x_wconf 87' lang='lat' dir='ltr'><strong>domiciliumque</strong></span> <span class='ocrx_word' id='word_1_843' title='bbox 1199 1828 1280 1859; x_wconf 82' lang='lat' dir='ltr'><strong>habet</strong></span> <span class='ocrx_word' id='word_1_844' title='bbox 1295 1827 1435 1855; x_wconf 80' lang='lat' dir='ltr'><strong>Charibael</strong></span> <span class='ocrx_word' id='word_1_845' title='bbox 1461 1827 1597 1863; x_wconf 82' lang='lat' dir='ltr'><strong>legitimus</strong></span> <span class='ocrx_word' id='word_1_846' title='bbox 1613 1829 1668 1857; x_wconf 90' lang='lat' dir='ltr'><strong>Ho-</strong></span> 
     </span>
    </p>
   </div>
   <div class='ocr_carea' id='block_1_126' title="bbox 889 1863 1666 1897">
    <p class='ocr_par' dir='ltr' id='par_1_126' title="bbox 889 1863 1666 1897">
     <span class='ocr_line' id='line_1_126' title="bbox 889 1863 1666 1897; baseline 0.004 -9"><span class='ocrx_word' id='word_1_847' title='bbox 889 1863 1063 1895; x_wconf 71' lang='lat' dir='ltr'><strong>mzeritarum,</strong></span> <span class='ocrx_word' id='word_1_848' title='bbox 1081 1867 1108 1890; x_wconf 90' lang='lat' dir='ltr'><strong>et</strong></span> <span class='ocrx_word' id='word_1_849' title='bbox 1121 1863 1167 1897; x_wconf 90' lang='lat' dir='ltr'><strong>qtti</strong></span> <span class='ocrx_word' id='word_1_850' title='bbox 1181 1863 1223 1889; x_wconf 89' lang='lat' dir='ltr'><strong>his</strong></span> <span class='ocrx_word' id='word_1_851' title='bbox 1239 1864 1320 1890; x_wconf 83' lang='lat' dir='ltr'><strong>vicini</strong></span> <span class='ocrx_word' id='word_1_852' title='bbox 1335 1868 1409 1895; x_wconf 88' lang='lat' dir='ltr'><strong>sunt,</strong></span> <span class='ocrx_word' id='word_1_853' title='bbox 1423 1864 1593 1891; x_wconf 83' lang='lat' dir='ltr'><strong>Sabaitarutn</strong></span> <span class='ocrx_word' id='word_1_854' title='bbox 1608 1872 1666 1895; x_wconf 86' lang='lat' dir='ltr'><strong>rex,</strong></span> 
     </span>
    </p>
   </div>
   <div class='ocr_carea' id='block_1_127' title="bbox 889 1898 1668 1933">
    <p class='ocr_par' dir='ltr' id='par_1_127' title="bbox 889 1898 1668 1933">
     <span class='ocr_line' id='line_1_127' title="bbox 889 1898 1668 1933; baseline 0.003 -9"><span class='ocrx_word' id='word_1_855' title='bbox 889 1898 1082 1931; x_wconf 90' lang='lat' dir='ltr'><strong>imperatorum</strong></span> <span class='ocrx_word' id='word_1_856' title='bbox 1106 1903 1262 1925; x_wconf 88' lang='lat' dir='ltr'><strong>nostrorutn</strong></span> <span class='ocrx_word' id='word_1_857' title='bbox 1286 1899 1401 1930; x_wconf 85' lang='lat' dir='ltr'><strong>amicus;</strong></span> <span class='ocrx_word' id='word_1_858' title='bbox 1426 1899 1459 1925; x_wconf 88' lang='lat' dir='ltr'><strong>ad</strong></span> <span class='ocrx_word' id='word_1_859' title='bbox 1473 1907 1541 1933; x_wconf 91' lang='lat' dir='ltr'><strong>quos</strong></span> <span class='ocrx_word' id='word_1_860' title='bbox 1556 1900 1668 1927; x_wconf 83' lang='lat' dir='ltr'><strong>crebras</strong></span> 
     </span>
    </p>
   </div>
   <div class='ocr_carea' id='block_1_128' title="bbox 889 1933 1669 1968">
    <p class='ocr_par' dir='ltr' id='par_1_128' title="bbox 889 1933 1669 1968">
     <span class='ocr_line' id='line_1_128' title="bbox 889 1933 1669 1968; baseline 0.003 -9"><span class='ocrx_word' id='word_1_861' title='bbox 889 1933 1036 1967; x_wconf 86' lang='lat' dir='ltr'><strong>legationes</strong></span> <span class='ocrx_word' id='word_1_862' title='bbox 1057 1936 1083 1959; x_wconf 89' lang='lat' dir='ltr'><strong>et</strong></span> <span class='ocrx_word' id='word_1_863' title='bbox 1104 1940 1215 1959; x_wconf 90' lang='lat' dir='ltr'><strong>munera</strong></span> <span class='ocrx_word' id='word_1_864' title='bbox 1239 1933 1329 1960; x_wconf 89' lang='lat' dir='ltr'><strong>mittit.</strong></span> <span class='ocrx_word' id='word_1_865' title='bbox 1363 1933 1449 1968; x_wconf 88' lang='lat' dir='ltr'><strong>Supra</strong></span> <span class='ocrx_word' id='word_1_866' title='bbox 1465 1934 1572 1960; x_wconf 88' lang='lat' dir='ltr'><strong>laudata</strong></span> <span class='ocrx_word' id='word_1_867' title='bbox 1586 1934 1669 1967; x_wconf 44' lang='lat' dir='ltr'><strong>igitur</strong></span> 
     </span>
    </p>
   </div>
   <div class='ocr_carea' id='block_1_129' title="bbox 888 1967 1667 2003">
    <p class='ocr_par' dir='ltr' id='par_1_129' title="bbox 888 1967 1667 2003">
     <span class='ocr_line' id='line_1_129' title="bbox 888 1967 1667 2003; baseline 0.003 -9"><span class='ocrx_word' id='word_1_868' title='bbox 888 1967 996 1994; x_wconf 88' lang='lat' dir='ltr'><strong>Arriani</strong></span> <span class='ocrx_word' id='word_1_869' title='bbox 1007 1968 1088 1994; x_wconf 86' lang='lat' dir='ltr'><strong>verba</strong></span> <span class='ocrx_word' id='word_1_870' title='bbox 1103 1975 1164 1995; x_wconf 89' lang='lat' dir='ltr'><strong>cum</strong></span> <span class='ocrx_word' id='word_1_871' title='bbox 1177 1968 1282 1994; x_wconf 76' lang='lat' dir='ltr'><strong>excidio</strong></span> <span class='ocrx_word' id='word_1_872' title='bbox 1292 1968 1452 1995; x_wconf 72' lang='lat' dir='ltr'><strong>nobiilSsimi</strong></span> <span class='ocrx_word' id='word_1_873' title='bbox 1469 1969 1586 2003; x_wconf 80' lang='lat' dir='ltr'><strong>Emporii</strong></span> <span class='ocrx_word' id='word_1_874' title='bbox 1600 1969 1667 1996; x_wconf 87' lang='lat' dir='ltr'><strong>Tra-</strong></span> 
     </span>
    </p>
   </div>
   <div class='ocr_carea' id='block_1_130' title="bbox 887 2002 1669 2037">
    <p class='ocr_par' dir='ltr' id='par_1_130' title="bbox 887 2002 1669 2037">
     <span class='ocr_line' id='line_1_130' title="bbox 887 2002 1669 2037; baseline 0.004 -9"><span class='ocrx_word' id='word_1_875' title='bbox 887 2002 952 2037; x_wconf 89' lang='lat' dir='ltr'><strong>jano</strong></span> <span class='ocrx_word' id='word_1_876' title='bbox 980 2003 1116 2036; x_wconf 89' lang='lat' dir='ltr'><strong>adscripto</strong></span> <span class='ocrx_word' id='word_1_877' title='bbox 1134 2003 1277 2030; x_wconf 88' lang='lat' dir='ltr'><strong>convenire</strong></span> <span class='ocrx_word' id='word_1_878' title='bbox 1302 2011 1355 2030; x_wconf 90' lang='lat' dir='ltr'><strong>non</strong></span> <span class='ocrx_word' id='word_1_879' title='bbox 1372 2002 1582 2037; x_wconf 52' lang='lat' dir='ltr'><strong>poteruntfcui</strong></span> <span class='ocrx_word' id='word_1_880' title='bbox 1606 2012 1669 2031; x_wconf 91' lang='lat' dir='ltr'><strong>vero</strong></span> 
     </span>
    </p>
   </div>
   <div class='ocr_carea' id='block_1_131' title="bbox 889 2037 1667 2072">
    <p class='ocr_par' dir='ltr' id='par_1_131' title="bbox 889 2037 1667 2072">
     <span class='ocr_line' id='line_1_131' title="bbox 889 2037 1667 2072; baseline 0.003 -8"><span class='ocrx_word' id='word_1_881' title='bbox 889 2046 921 2064; x_wconf 76' lang='lat' dir='ltr'><strong>ex</strong></span> <span class='ocrx_word' id='word_1_882' title='bbox 943 2037 1073 2064; x_wconf 78' lang='lat' dir='ltr'><strong>Romanis</strong></span> <span class='ocrx_word' id='word_1_883' title='bbox 1097 2038 1304 2072; x_wconf 88' lang='lat' dir='ltr'><strong>imperatoribus</strong></span> <span class='ocrx_word' id='word_1_884' title='bbox 1321 2039 1494 2065; x_wconf 90' lang='lat' dir='ltr'><strong>tribuendum</strong></span> <span class='ocrx_word' id='word_1_885' title='bbox 1511 2040 1561 2071; x_wconf 87' lang='lat' dir='ltr'><strong>sit,</strong></span> <span class='ocrx_word' id='word_1_886' title='bbox 1588 2040 1667 2066; x_wconf 86' lang='lat' dir='ltr'><strong>nobis</strong></span> 
     </span>
    </p>
   </div>
   <div class='ocr_carea' id='block_1_132' title="bbox 888 2072 1666 2106">
    <p class='ocr_par' dir='ltr' id='par_1_132' title="bbox 888 2072 1666 2106">
     <span class='ocr_line' id='line_1_132' title="bbox 888 2072 1666 2106; baseline 0.004 -8"><span class='ocrx_word' id='word_1_887' title='bbox 888 2077 930 2099; x_wconf 88' lang='lat' dir='ltr'><strong>est</strong></span> <span class='ocrx_word' id='word_1_888' title='bbox 947 2073 1154 2106; x_wconf 88' lang='lat' dir='ltr'><strong>incompertum,</strong></span> <span class='ocrx_word' id='word_1_889' title='bbox 1172 2075 1296 2106; x_wconf 87' lang='lat' dir='ltr'><strong>quamvis</strong></span> <span class='ocrx_word' id='word_1_890' title='bbox 1308 2072 1475 2100; x_wconf 81' lang='lat' dir='ltr'><strong>Herodianus</strong></span> <span class='ocrx_word' id='word_1_891' title='bbox 1489 2074 1534 2101; x_wconf 91' lang='lat' dir='ltr'><strong>lib.</strong></span> <span class='ocrx_word' id='word_1_892' title='bbox 1549 2082 1579 2101; x_wconf 91' lang='lat' dir='ltr'><strong>ttt</strong></span> <span class='ocrx_word' id='word_1_893' title='bbox 1596 2074 1666 2101; x_wconf 80' lang='lat' dir='ltr'><strong>Hist.</strong></span> 
     </span>
    </p>
   </div>
   <div class='ocr_carea' id='block_1_133' title="bbox 889 2107 1667 2142">
    <p class='ocr_par' dir='ltr' id='par_1_133' title="bbox 889 2107 1667 2142">
     <span class='ocr_line' id='line_1_133' title="bbox 889 2107 1667 2142; baseline 0 -8"><span class='ocrx_word' id='word_1_894' title='bbox 889 2116 916 2134; x_wconf 92' lang='grc'>11.</span> <span class='ocrx_word' id='word_1_895' title='bbox 932 2107 976 2139; x_wconf 76' lang='grc'><strong>75,</strong></span> <span class='ocrx_word' id='word_1_896' title='bbox 997 2107 1136 2142; x_wconf 41' lang='grc' dir='ltr'><strong>ρδεηὸἳὸ,</strong></span> <span class='ocrx_word' id='word_1_897' title='bbox 1161 2107 1231 2134; x_wconf 91' lang='lat' dir='ltr'><strong>inter</strong></span> <span class='ocrx_word' id='word_1_898' title='bbox 1251 2107 1376 2135; x_wconf 71' lang='lat' dir='ltr'><strong>Romana</strong></span> <span class='ocrx_word' id='word_1_899' title='bbox 1392 2108 1508 2135; x_wconf 77' lang='lat' dir='ltr'><strong>historice</strong></span> <span class='ocrx_word' id='word_1_900' title='bbox 1529 2109 1667 2142; x_wconf 81' lang='lat' dir='ltr'><strong>scriptores</strong></span> 
     </span>
    </p>
   </div>
   <div class='ocr_carea' id='block_1_134' title="bbox 889 2141 1666 2177">
    <p class='ocr_par' dir='ltr' id='par_1_134' title="bbox 889 2141 1666 2177">
     <span class='ocr_line' id='line_1_134' title="bbox 889 2141 1666 2177; baseline 0.001 -8"><span class='ocrx_word' id='word_1_901' title='bbox 889 2141 1015 2169; x_wconf 77' lang='lat' dir='ltr'><strong>collectos</strong></span> <span class='ocrx_word' id='word_1_902' title='bbox 1026 2149 1048 2177; x_wconf 19' lang='lat' dir='ltr'><strong>Va</strong></span> <span class='ocrx_word' id='word_1_903' title='bbox 1061 2141 1356 2177; x_wconf 21' lang='lat' dir='ltr'><strong>FridericorSylburgio</strong></span> <span class='ocrx_word' id='word_1_904' title='bbox 1367 2143 1477 2169; x_wconf 88' lang='lat' dir='ltr'><strong>etlition.</strong></span> <span class='ocrx_word' id='word_1_905' title='bbox 1497 2141 1666 2170; x_wconf 69' lang='lat' dir='ltr'><strong>FratrCol‘ttrti</strong></span> 
     </span>
    </p>
   </div>
   <div class='ocr_carea' id='block_1_135' title="bbox 889 2176 1667 2211">
    <p class='ocr_par' dir='ltr' id='par_1_135' title="bbox 889 2176 1667 2211">
     <span class='ocr_line' id='line_1_135' title="bbox 889 2176 1667 2211; baseline 0.003 -8"><span class='ocrx_word' id='word_1_906' title='bbox 889 2177 952 2204; x_wconf 87' lang='lat' dir='ltr'><strong>antti</strong></span> <span class='ocrx_word' id='word_1_907' title='bbox 969 2176 1052 2207; x_wconf 85' lang='grc'>1590,</span> <span class='ocrx_word' id='word_1_908' title='bbox 1080 2178 1179 2204; x_wconf 83' lang='lat' dir='ltr'><strong>scribat</strong></span> <span class='ocrx_word' id='word_1_909' title='bbox 1195 2176 1338 2211; x_wconf 71' lang='lat' dir='ltr'><strong>Septimum</strong></span> <span class='ocrx_word' id='word_1_910' title='bbox 1355 2177 1486 2209; x_wconf 80' lang='lat' dir='ltr'><strong>Seuerum,</strong></span> <span class='ocrx_word' id='word_1_911' title='bbox 1504 2183 1564 2211; x_wconf 86' lang='lat' dir='ltr'><strong>post</strong></span> <span class='ocrx_word' id='word_1_912' title='bbox 1578 2182 1667 2205; x_wconf 89' lang='lat' dir='ltr'><strong>trans-</strong></span> 
     </span>
    </p>
   </div>
   <div class='ocr_carea' id='block_1_136' title="bbox 889 2211 1666 2247">
    <p class='ocr_par' dir='ltr' id='par_1_136' title="bbox 889 2211 1666 2247">
     <span class='ocr_line' id='line_1_136' title="bbox 889 2211 1666 2247; baseline 0.001 -9"><span class='ocrx_word' id='word_1_913' title='bbox 889 2220 1009 2246; x_wconf 83' lang='lat' dir='ltr'><strong>gressam</strong></span> <span class='ocrx_word' id='word_1_914' title='bbox 1025 2212 1153 2246; x_wconf 80' lang='lat' dir='ltr'><strong>regionem</strong></span> <span class='ocrx_word' id='word_1_915' title='bbox 1169 2211 1384 2238; x_wconf 79' lang='lat' dir='ltr'><strong>Interamnauam</strong></span> <span class='ocrx_word' id='word_1_916' title='bbox 1394 2233 1401 2243; x_wconf 54' lang='grc' dir='ltr'>ρ</span> <span class='ocrx_word' id='word_1_917' title='bbox 1425 2221 1566 2247; x_wconf 83' lang='lat' dir='ltr'><strong>agrumque</strong></span> <span class='ocrx_word' id='word_1_918' title='bbox 1581 2213 1666 2239; x_wconf 80' lang='lat' dir='ltr'><strong>Adia—</strong></span> 
     </span>
    </p>
   </div>
   <div class='ocr_carea' id='block_1_137' title="bbox 890 2247 1666 2280">
    <p class='ocr_par' dir='ltr' id='par_1_137' title="bbox 890 2247 1666 2280">
     <span class='ocr_line' id='line_1_137' title="bbox 890 2247 1666 2280; baseline 0.001 -8"><span class='ocrx_word' id='word_1_919' title='bbox 890 2249 1028 2278; x_wconf 73' lang='lat' dir='ltr'><strong>benorum,</strong></span> <span class='ocrx_word' id='word_1_920' title='bbox 1052 2247 1133 2273; x_wconf 82' lang='lat' dir='ltr'><strong>etiam</strong></span> <span class='ocrx_word' id='word_1_921' title='bbox 1158 2247 1185 2272; x_wconf 88' lang='lat' dir='ltr'><strong>in</strong></span> <span class='ocrx_word' id='word_1_922' title='bbox 1207 2248 1334 2274; x_wconf 81' lang='lat' dir='ltr'><strong>Arabiam</strong></span> <span class='ocrx_word' id='word_1_923' title='bbox 1359 2247 1472 2273; x_wconf 80' lang='lat' dir='ltr'><strong>Felicem</strong></span> <span class='ocrx_word' id='word_1_924' title='bbox 1495 2247 1666 2280; x_wconf 80' lang='lat' dir='ltr'><strong>excttrrisse;</strong></span> 
     </span>
    </p>
   </div>
   <div class='ocr_carea' id='block_1_138' title="bbox 889 2281 1666 2316">
    <p class='ocr_par' dir='ltr' id='par_1_138' title="bbox 889 2281 1666 2316">
     <span class='ocr_line' id='line_1_138' title="bbox 889 2281 1666 2316; baseline 0 -8"><span class='ocrx_word' id='word_1_925' title='bbox 889 2287 915 2308; x_wconf 81' lang='lat' dir='ltr'><strong>et</strong></span> <span class='ocrx_word' id='word_1_926' title='bbox 928 2281 1081 2308; x_wconf 83' lang='lat' dir='ltr'><strong>Herodtano</strong></span> <span class='ocrx_word' id='word_1_927' title='bbox 1104 2282 1234 2309; x_wconf 84' lang='lat' dir='ltr'><strong>assentire</strong></span> <span class='ocrx_word' id='word_1_928' title='bbox 1255 2283 1454 2316; x_wconf 85' lang='lat' dir='ltr'><strong>quodammodo</strong></span> <span class='ocrx_word' id='word_1_929' title='bbox 1479 2282 1600 2308; x_wconf 77' lang='lat' dir='ltr'><strong>videatur</strong></span> <span class='ocrx_word' id='word_1_930' title='bbox 1614 2281 1666 2308; x_wconf 88' lang='lat' dir='ltr'><strong>Z0-</strong></span> 
     </span>
    </p>
   </div>
   <div class='ocr_carea' id='block_1_139' title="bbox 891 2317 1669 2351">
    <p class='ocr_par' dir='ltr' id='par_1_139' title="bbox 891 2317 1669 2351">
     <span class='ocr_line' id='line_1_139' title="bbox 891 2317 1669 2351; baseline 0.001 -8"><span class='ocrx_word' id='word_1_931' title='bbox 891 2317 976 2344; x_wconf 84' lang='lat' dir='ltr'><strong>siinus</strong></span> <span class='ocrx_word' id='word_1_932' title='bbox 997 2317 1044 2343; x_wconf 89' lang='lat' dir='ltr'><strong>lib.</strong></span> <span class='ocrx_word' id='word_1_933' title='bbox 1063 2325 1070 2343; x_wconf 97' lang='lat' dir='ltr'><strong>t</strong></span> <span class='ocrx_word' id='word_1_934' title='bbox 1089 2317 1278 2347; x_wconf 75' lang='lat' dir='ltr'><strong>Historiarum,</strong></span> <span class='ocrx_word' id='word_1_935' title='bbox 1291 2324 1317 2351; x_wconf 87' lang='lat' dir='ltr'><strong>p.</strong></span> <span class='ocrx_word' id='word_1_936' title='bbox 1333 2317 1384 2343; x_wconf 79' lang='lat' dir='ltr'><strong>U57</strong></span> <span class='ocrx_word' id='word_1_937' title='bbox 1398 2317 1516 2351; x_wconf 82' lang='lat' dir='ltr'><strong>ejusdem</strong></span> <span class='ocrx_word' id='word_1_938' title='bbox 1531 2317 1669 2344; x_wconf 89' lang='lat' dir='ltr'><strong>collectio-</strong></span> 
     </span>
    </p>
   </div>
   <div class='ocr_carea' id='block_1_140' title="bbox 891 2351 1669 2386">
    <p class='ocr_par' dir='ltr' id='par_1_140' title="bbox 891 2351 1669 2386">
     <span class='ocr_line' id='line_1_140' title="bbox 891 2351 1669 2386; baseline 0 -9"><span class='ocrx_word' id='word_1_939' title='bbox 891 2353 943 2383; x_wconf 87' lang='lat' dir='ltr'><strong>ttis,</strong></span> <span class='ocrx_word' id='word_1_940' title='bbox 958 2352 1003 2386; x_wconf 89' lang='lat' dir='ltr'><strong>qtti</strong></span> <span class='ocrx_word' id='word_1_941' title='bbox 1022 2351 1146 2378; x_wconf 80' lang='lat' dir='ltr'><strong>Arabiam</strong></span> <span class='ocrx_word' id='word_1_942' title='bbox 1161 2351 1307 2378; x_wconf 81' lang='lat' dir='ltr'><strong>universam</strong></span> <span class='ocrx_word' id='word_1_943' title='bbox 1325 2360 1340 2377; x_wconf 88' lang='lat' dir='ltr'><strong>a</strong></span> <span class='ocrx_word' id='word_1_944' title='bbox 1358 2351 1449 2378; x_wconf 79' lang='lat' dir='ltr'><strong>Severo</strong></span> <span class='ocrx_word' id='word_1_945' title='bbox 1463 2352 1563 2378; x_wconf 68' lang='lat' dir='ltr'><strong>excidio</strong></span> <span class='ocrx_word' id='word_1_946' title='bbox 1578 2351 1669 2378; x_wconf 81' lang='lat' dir='ltr'><strong>datam</strong></span> 
     </span>
    </p>
   </div>
   <div class='ocr_carea' id='block_1_141' title="bbox 891 2386 1670 2420">
    <p class='ocr_par' dir='ltr' id='par_1_141' title="bbox 891 2386 1670 2420">
     <span class='ocr_line' id='line_1_141' title="bbox 891 2386 1670 2420; baseline 0 -8"><span class='ocrx_word' id='word_1_947' title='bbox 891 2388 1028 2413; x_wconf 77' lang='lat' dir='ltr'><strong>memoriae</strong></span> <span class='ocrx_word' id='word_1_948' title='bbox 1046 2387 1172 2420; x_wconf 89' lang='lat' dir='ltr'><strong>prodidit.</strong></span> <span class='ocrx_word' id='word_1_949' title='bbox 1193 2386 1289 2413; x_wconf 88' lang='lat' dir='ltr'><strong>Verum</strong></span> <span class='ocrx_word' id='word_1_950' title='bbox 1306 2386 1451 2413; x_wconf 84' lang='lat' dir='ltr'><strong>Herodiani</strong></span> <span class='ocrx_word' id='word_1_951' title='bbox 1467 2388 1546 2413; x_wconf 84' lang='lat' dir='ltr'><strong>verba</strong></span> <span class='ocrx_word' id='word_1_952' title='bbox 1559 2395 1591 2413; x_wconf 74' lang='lat' dir='ltr'><strong>ex</strong></span> <span class='ocrx_word' id='word_1_953' title='bbox 1607 2387 1670 2413; x_wconf 87' lang='lat' dir='ltr'><strong>Dio-</strong></span> 
     </span>
    </p>
   </div>
   <div class='ocr_carea' id='block_1_142' title="bbox 891 2421 1669 2455">
    <p class='ocr_par' dir='ltr' id='par_1_142' title="bbox 891 2421 1669 2455">
     <span class='ocr_line' id='line_1_142' title="bbox 891 2421 1669 2455; baseline 0.001 -8"><span class='ocrx_word' id='word_1_954' title='bbox 891 2429 925 2448; x_wconf 86' lang='lat' dir='ltr'><strong>ne</strong></span> <span class='ocrx_word' id='word_1_955' title='bbox 938 2422 1135 2455; x_wconf 85' lang='lat' dir='ltr'><strong>interpretanda</strong></span> <span class='ocrx_word' id='word_1_956' title='bbox 1143 2422 1269 2455; x_wconf 86' lang='lat' dir='ltr'><strong>sunt,qui</strong></span> <span class='ocrx_word' id='word_1_957' title='bbox 1282 2421 1327 2448; x_wconf 91' lang='lat' dir='ltr'><strong>lib.</strong></span> <span class='ocrx_word' id='word_1_958' title='bbox 1338 2430 1418 2452; x_wconf 76' lang='lat' dir='ltr'><strong>Lxxv,</strong></span> <span class='ocrx_word' id='word_1_959' title='bbox 1432 2429 1491 2455; x_wconf 79' lang='lat' dir='ltr'><strong>pag.</strong></span> <span class='ocrx_word' id='word_1_960' title='bbox 1502 2421 1570 2448; x_wconf 66' lang='grc'>1256</span> <span class='ocrx_word' id='word_1_961' title='bbox 1580 2423 1669 2448; x_wconf 61' lang='lat' dir='ltr'><strong>citata}</strong></span> 
     </span>
    </p>
   </div>
   <div class='ocr_carea' id='block_1_143' title="bbox 891 2457 1670 2485">
    <p class='ocr_par' dir='ltr' id='par_1_143' title="bbox 891 2457 1670 2485">
     <span class='ocr_line' id='line_1_143' title="bbox 891 2457 1670 2485; baseline 0 -3"><span class='ocrx_word' id='word_1_962' title='bbox 891 2457 1026 2485; x_wconf 85' lang='lat' dir='ltr'><strong>editionis.</strong></span> <span class='ocrx_word' id='word_1_963' title='bbox 1053 2464 1116 2482; x_wconf 89' lang='lat' dir='ltr'><strong>cum</strong></span> <span class='ocrx_word' id='word_1_964' title='bbox 1139 2457 1241 2482; x_wconf 85' lang='lat' dir='ltr'><strong>Arabes</strong></span> <span class='ocrx_word' id='word_1_965' title='bbox 1267 2457 1327 2483; x_wconf 89' lang='lat' dir='ltr'><strong>illos</strong></span> <span class='ocrx_word' id='word_1_966' title='bbox 1342 2464 1356 2483; x_wconf 90' lang='lat' dir='ltr'><strong>a</strong></span> <span class='ocrx_word' id='word_1_967' title='bbox 1372 2457 1470 2483; x_wconf 83' lang='lat' dir='ltr'><strong>Severo</strong></span> <span class='ocrx_word' id='word_1_968' title='bbox 1486 2457 1602 2483; x_wconf 90' lang='lat' dir='ltr'><strong>domitos</strong></span> <span class='ocrx_word' id='word_1_969' title='bbox 1619 2465 1670 2482; x_wconf 89' lang='lat' dir='ltr'><strong>tiu-</strong></span> 
     </span>
    </p>
   </div>
   <div class='ocr_carea' id='block_1_144' title="bbox 891 2490 1669 2525">
    <p class='ocr_par' dir='ltr' id='par_1_144' title="bbox 891 2490 1669 2525">
     <span class='ocr_line' id='line_1_144' title="bbox 891 2490 1669 2525; baseline -0.001 -7"><span class='ocrx_word' id='word_1_970' title='bbox 891 2499 986 2525; x_wconf 87' lang='lat' dir='ltr'><strong>squam</strong></span> <span class='ocrx_word' id='word_1_971' title='bbox 1008 2490 1105 2517; x_wconf 77' lang='lat' dir='ltr'><strong>Felicis</strong></span> <span class='ocrx_word' id='word_1_972' title='bbox 1130 2492 1236 2517; x_wconf 58' lang='lat' dir='ltr'><strong>Arabia:</strong></span> <span class='ocrx_word' id='word_1_973' title='bbox 1261 2492 1366 2518; x_wconf 82' lang='lat' dir='ltr'><strong>aceolas</strong></span> <span class='ocrx_word' id='word_1_974' title='bbox 1385 2492 1466 2521; x_wconf 85' lang='lat' dir='ltr'><strong>dicat,</strong></span> <span class='ocrx_word' id='word_1_975' title='bbox 1494 2492 1539 2517; x_wconf 88' lang='lat' dir='ltr'><strong>sed</strong></span> <span class='ocrx_word' id='word_1_976' title='bbox 1565 2491 1669 2517; x_wconf 78' lang='lat' dir='ltr'><strong>Arabes</strong></span> 
     </span>
    </p>
   </div>
   <div class='ocr_carea' id='block_1_145' title="bbox 892 2525 1670 2560">
    <p class='ocr_par' dir='ltr' id='par_1_145' title="bbox 892 2525 1670 2560">
     <span class='ocr_line' id='line_1_145' title="bbox 892 2525 1670 2560; baseline -0.001 -8"><span class='ocrx_word' id='word_1_977' title='bbox 892 2531 1006 2558; x_wconf 86' lang='lat' dir='ltr'><strong>tantum,</strong></span> <span class='ocrx_word' id='word_1_978' title='bbox 1032 2533 1132 2560; x_wconf 86' lang='lat' dir='ltr'><strong>eosque</strong></span> <span class='ocrx_word' id='word_1_979' title='bbox 1144 2559 1148 2560; x_wconf 23' lang='grc' dir='ltr'><em>ν</em></span> <span class='ocrx_word' id='word_1_980' title='bbox 1159 2533 1220 2552; x_wconf 87' lang='lat' dir='ltr'><strong>cum</strong></span> <span class='ocrx_word' id='word_1_981' title='bbox 1236 2525 1363 2553; x_wconf 88' lang='lat' dir='ltr'><strong>Osroenis</strong></span> <span class='ocrx_word' id='word_1_982' title='bbox 1376 2531 1402 2552; x_wconf 87' lang='lat' dir='ltr'><strong>et</strong></span> <span class='ocrx_word' id='word_1_983' title='bbox 1415 2525 1560 2552; x_wconf 85' lang='lat' dir='ltr'><strong>Adtabenis</strong></span> <span class='ocrx_word' id='word_1_984' title='bbox 1575 2532 1670 2552; x_wconf 91' lang='lat' dir='ltr'><strong>nume-</strong></span> 
     </span>
    </p>
   </div>
   <div class='ocr_carea' id='block_1_146' title="bbox 891 2559 1668 2588">
    <p class='ocr_par' dir='ltr' id='par_1_146' title="bbox 891 2559 1668 2588">
     <span class='ocr_line' id='line_1_146' title="bbox 891 2559 1668 2588; baseline -0.001 -1"><span class='ocrx_word' id='word_1_985' title='bbox 891 2566 931 2588; x_wconf 90' lang='lat' dir='ltr'><strong>ret</strong></span> <span class='ocrx_word' id='word_1_986' title='bbox 941 2562 982 2588; x_wconf 87' lang='lat' dir='ltr'><strong>liis</strong></span> <span class='ocrx_word' id='word_1_987' title='bbox 993 2561 1081 2588; x_wconf 87' lang='lat' dir='ltr'><strong>verbis</strong></span> <span class='ocrx_word' id='word_1_988' title='bbox 1094 2568 1101 2587; x_wconf 88' lang='lat'><strong>:</strong></span> <span class='ocrx_word' id='word_1_989' title='bbox 1119 2569 1128 2585; x_wconf 87' lang='grc'><strong><em>‹</em></strong></span> <span class='ocrx_word' id='word_1_990' title='bbox 1139 2559 1254 2588; x_wconf 87' lang='lat' dir='ltr'><strong>Severus</strong></span> <span class='ocrx_word' id='word_1_991' title='bbox 1267 2580 1275 2587; x_wconf 92' lang='lat'><strong>.</strong></span> <span class='ocrx_word' id='word_1_992' title='bbox 1291 2581 1298 2588; x_wconf 94' lang='lat'><strong>.</strong></span> <span class='ocrx_word' id='word_1_993' title='bbox 1312 2582 1318 2588; x_wconf 99' lang='lat'><strong>.</strong></span> <span class='ocrx_word' id='word_1_994' title='bbox 1337 2563 1484 2588; x_wconf 77' lang='lat' dir='ltr'><strong>exercitum</strong></span> <span class='ocrx_word' id='word_1_995' title='bbox 1499 2564 1592 2587; x_wconf 90' lang='lat' dir='ltr'><strong>contra</strong></span> <span class='ocrx_word' id='word_1_996' title='bbox 1607 2561 1668 2587; x_wconf 78' lang='lat' dir='ltr'><strong>bar-</strong></span> 
     </span>
    </p>
   </div>
   <div class='ocr_carea' id='block_1_147' title="bbox 891 2595 1666 2627">
    <p class='ocr_par' dir='ltr' id='par_1_147' title="bbox 891 2595 1666 2627">
     <span class='ocr_line' id='line_1_147' title="bbox 891 2595 1666 2627; baseline -0.004 -4"><span class='ocrx_word' id='word_1_997' title='bbox 891 2596 972 2623; x_wconf 82' lang='lat' dir='ltr'><strong>baros</strong></span> <span class='ocrx_word' id='word_1_998' title='bbox 987 2615 993 2627; x_wconf 91' lang='lat'><strong>,</strong></span> <span class='ocrx_word' id='word_1_999' title='bbox 1024 2596 1175 2626; x_wconf 88' lang='lat' dir='ltr'><strong>Osroeuos,</strong></span> <span class='ocrx_word' id='word_1_1000' title='bbox 1197 2596 1350 2623; x_wconf 82' lang='lat' dir='ltr'><strong>Adiabenos</strong></span> <span class='ocrx_word' id='word_1_1001' title='bbox 1379 2601 1406 2623; x_wconf 89' lang='lat' dir='ltr'><strong>et</strong></span> <span class='ocrx_word' id='word_1_1002' title='bbox 1425 2596 1527 2622; x_wconf 80' lang='lat' dir='ltr'><strong>Arabes</strong></span> <span class='ocrx_word' id='word_1_1003' title='bbox 1539 2595 1626 2627; x_wconf 82' lang='lat' dir='ltr'><strong>duxit,</strong></span> <span class='ocrx_word' id='word_1_1004' title='bbox 1657 2604 1666 2620; x_wconf 77' lang='lat' dir='ltr'><strong>I</strong></span> 
     </span>
    </p>
   </div>
   <div class='ocr_carea' id='block_1_148' title="bbox 892 2630 1669 2666">
    <p class='ocr_par' dir='ltr' id='par_1_148' title="bbox 892 2630 1669 2666">
     <span class='ocr_line' id='line_1_148' title="bbox 892 2630 1669 2666; baseline -0.003 -9"><span class='ocrx_word' id='word_1_1005' title='bbox 892 2632 972 2657; x_wconf 89' lang='lat' dir='ltr'><strong>ttobis</strong></span> <span class='ocrx_word' id='word_1_1006' title='bbox 986 2630 1187 2666; x_wconf 72' lang='lat' dir='ltr'><strong>quodammodo</strong></span> <span class='ocrx_word' id='word_1_1007' title='bbox 1214 2632 1351 2666; x_wconf 82' lang='lat' dir='ltr'><strong>patefacit,</strong></span> <span class='ocrx_word' id='word_1_1008' title='bbox 1378 2631 1506 2657; x_wconf 82' lang='lat' dir='ltr'><strong>Severum</strong></span> <span class='ocrx_word' id='word_1_1009' title='bbox 1530 2637 1669 2664; x_wconf 90' lang='lat' dir='ltr'><strong>nunqttam</strong></span> 
     </span>
    </p>
   </div>
   <div class='ocr_carea' id='block_1_149' title="bbox 891 2665 1670 2701">
    <p class='ocr_par' dir='ltr' id='par_1_149' title="bbox 891 2665 1670 2701">
     <span class='ocr_line' id='line_1_149' title="bbox 891 2665 1670 2701; baseline -0.001 -8"><span class='ocrx_word' id='word_1_1010' title='bbox 891 2666 1018 2693; x_wconf 87' lang='lat' dir='ltr'><strong>Arabiam</strong></span> <span class='ocrx_word' id='word_1_1011' title='bbox 1025 2665 1139 2692; x_wconf 87' lang='lat' dir='ltr'><strong>Feliccttt</strong></span> <span class='ocrx_word' id='word_1_1012' title='bbox 1148 2665 1297 2701; x_wconf 81' lang='lat' dir='ltr'><strong>subegisse,</strong></span> <span class='ocrx_word' id='word_1_1013' title='bbox 1309 2669 1354 2693; x_wconf 89' lang='lat' dir='ltr'><strong>sed</strong></span> <span class='ocrx_word' id='word_1_1014' title='bbox 1361 2666 1502 2696; x_wconf 64' lang='lat' dir='ltr'><strong>Petraeum,</strong></span> <span class='ocrx_word' id='word_1_1015' title='bbox 1514 2672 1546 2692; x_wconf 88' lang='lat' dir='ltr'><strong>ac</strong></span> <span class='ocrx_word' id='word_1_1016' title='bbox 1557 2665 1670 2692; x_wconf 66' lang='lat' dir='ltr'><strong>desertas</strong></span> 
     </span>
    </p>
   </div>
   <div class='ocr_carea' id='block_1_150' title="bbox 891 2701 1670 2735">
    <p class='ocr_par' dir='ltr' id='par_1_150' title="bbox 891 2701 1670 2735">
     <span class='ocr_line' id='line_1_150' title="bbox 891 2701 1670 2735; baseline 0.001 -8"><span class='ocrx_word' id='word_1_1017' title='bbox 891 2701 997 2727; x_wconf 68' lang='lat' dir='ltr'><strong>Arabiae</strong></span> <span class='ocrx_word' id='word_1_1018' title='bbox 1012 2705 1115 2734; x_wconf 90' lang='lat' dir='ltr'><strong>partetu</strong></span> <span class='ocrx_word' id='word_1_1019' title='bbox 1138 2701 1265 2728; x_wconf 85' lang='lat' dir='ltr'><strong>Usroenis</strong></span> <span class='ocrx_word' id='word_1_1020' title='bbox 1287 2710 1318 2728; x_wconf 87' lang='lat' dir='ltr'><strong>ac</strong></span> <span class='ocrx_word' id='word_1_1021' title='bbox 1332 2701 1476 2728; x_wconf 81' lang='lat' dir='ltr'><strong>Adiabenis</strong></span> <span class='ocrx_word' id='word_1_1022' title='bbox 1492 2701 1670 2735; x_wconf 71' lang='lat' dir='ltr'><strong>propinquas.</strong></span> 
     </span>
    </p>
   </div>
   <div class='ocr_carea' id='block_1_151' title="bbox 892 2733 1669 2770">
    <p class='ocr_par' dir='ltr' id='par_1_151' title="bbox 892 2733 1669 2770">
     <span class='ocr_line' id='line_1_151' title="bbox 892 2733 1669 2770; baseline -0.001 -8"><span class='ocrx_word' id='word_1_1023' title='bbox 892 2735 949 2762; x_wconf 89' lang='lat' dir='ltr'><strong>Hac</strong></span> <span class='ocrx_word' id='word_1_1024' title='bbox 974 2733 1056 2762; x_wconf 77' lang='lat' dir='ltr'><strong>etiam</strong></span> <span class='ocrx_word' id='word_1_1025' title='bbox 1081 2736 1301 2770; x_wconf 85' lang='lat' dir='ltr'><strong>interpretatione</strong></span> <span class='ocrx_word' id='word_1_1026' title='bbox 1325 2736 1450 2763; x_wconf 85' lang='lat' dir='ltr'><strong>donanda</strong></span> <span class='ocrx_word' id='word_1_1027' title='bbox 1478 2733 1551 2762; x_wconf 30' lang='lat' dir='ltr'><strong>sunt»</strong></span> <span class='ocrx_word' id='word_1_1028' title='bbox 1567 2733 1669 2762; x_wconf 71' lang='lat' dir='ltr'><strong>stitni</strong></span> 
     </span>
    </p>
   </div>
   <div class='ocr_carea' id='block_1_152' title="bbox 894 2770 1669 2804">
    <p class='ocr_par' dir='ltr' id='par_1_152' title="bbox 894 2770 1669 2804">
     <span class='ocr_line' id='line_1_152' title="bbox 894 2770 1669 2804; baseline -0.003 -7"><span class='ocrx_word' id='word_1_1029' title='bbox 894 2771 984 2803; x_wconf 73' lang='lat' dir='ltr'><strong>verba,</strong></span> <span class='ocrx_word' id='word_1_1030' title='bbox 997 2778 1057 2798; x_wconf 91' lang='lat' dir='ltr'><strong>cum</strong></span> <span class='ocrx_word' id='word_1_1031' title='bbox 1069 2775 1096 2797; x_wconf 84' lang='lat' dir='ltr'><strong>et</strong></span> <span class='ocrx_word' id='word_1_1032' title='bbox 1110 2771 1168 2804; x_wconf 83' lang='lat' dir='ltr'><strong>ipse</strong></span> <span class='ocrx_word' id='word_1_1033' title='bbox 1178 2773 1277 2798; x_wconf 82' lang='lat' dir='ltr'><strong>Arabes</strong></span> <span class='ocrx_word' id='word_1_1034' title='bbox 1290 2773 1402 2798; x_wconf 82' lang='lat' dir='ltr'><strong>sccnitas</strong></span> <span class='ocrx_word' id='word_1_1035' title='bbox 1416 2772 1467 2798; x_wconf 88' lang='lat' dir='ltr'><strong>loc.</strong></span> <span class='ocrx_word' id='word_1_1036' title='bbox 1485 2771 1531 2798; x_wconf 89' lang='lat' dir='ltr'><strong>cit.</strong></span> <span class='ocrx_word' id='word_1_1037' title='bbox 1547 2770 1669 2797; x_wconf 86' lang='lat' dir='ltr'><strong>disertim</strong></span> 
     </span>
    </p>
   </div>
   <div class='ocr_carea' id='block_1_153' title="bbox 895 2805 1671 2841">
    <p class='ocr_par' dir='ltr' id='par_1_153' title="bbox 895 2805 1671 2841">
     <span class='ocr_line' id='line_1_153' title="bbox 895 2805 1671 2841; baseline -0.003 -7"><span class='ocrx_word' id='word_1_1038' title='bbox 895 2808 1022 2834; x_wconf 85' lang='lat' dir='ltr'><strong>nominet.</strong></span> <span class='ocrx_word' id='word_1_1039' title='bbox 1049 2805 1210 2840; x_wconf 84' lang='lat' dir='ltr'><strong>Spartianus</strong></span> <span class='ocrx_word' id='word_1_1040' title='bbox 1228 2807 1255 2833; x_wconf 94' lang='lat' dir='ltr'><strong>in</strong></span> <span class='ocrx_word' id='word_1_1041' title='bbox 1274 2807 1365 2834; x_wconf 78' lang='lat' dir='ltr'><strong>Severo</strong></span> <span class='ocrx_word' id='word_1_1042' title='bbox 1381 2814 1440 2841; x_wconf 83' lang='lat' dir='ltr'><strong>pag.</strong></span> <span class='ocrx_word' id='word_1_1043' title='bbox 1458 2806 1488 2833; x_wconf 84' lang='grc'>71</span> <span class='ocrx_word' id='word_1_1044' title='bbox 1502 2805 1671 2833; x_wconf 69' lang='lat' dir='ltr'><strong>collectioni:</strong></span> 
     </span>
    </p>
   </div>
  </div>
