1857 3051
174 116 227 143 ῢΞΠ

571 112 612 139 DE
632 111 825 140 PORTUENSI
845 111 872 138 S.
895 111 1076 139 lllPPOLYTl
1098 111 1194 139 SEDE,
1215 127 1248 131 —
1268 112 1357 139 PARS
1376 112 1406 140 ll.

1742 115 1787 143 5°28

178 175 328 210 emporium
346 178 396 201 est.
413 173 449 200 De
469 173 518 200 hac
537 171 630 199 eadem
646 172 713 199 urbe
732 172 767 198 ita
785 172 880 200 scribit
892 172 956 199 Phi-
971 176 993 202 Α
1008 172 1150 207 ignoravit.
1168 172 1196 199 Si
1208 173 1312 208 antiqui
1331 174 1476 208 scriptores
1493 175 1561 201 hanc
1575 174 1669 202 urbem
1685 174 1787 202 Portum

179 222 268 256 lippus
289 220 429 247 Cluverius
451 218 505 252 (2i)
522 227 527 244 :
547 227 555 244 ‹
575 218 650 245 Aden
679 218 800 245 omnium
830 218 956 252 pulcher-

179 268 259 299 rima,
272 270 298 293 et
310 263 490 292 munitissima
505 263 538 290 ad
553 263 644 290 fauces
657 263 733 291 sinus
748 263 865 291 Arabiei.
882 263 957 290 Aden

177 321 257 342 suum
274 312 387 339 habebat
400 310 558 345 principem,
575 310 621 345 qui
639 310 733 337 fraude
752 309 889 346 Solyniaui
905 311 957 338 Be-

178 359 260 386 lierbe
273 356 416 392 Cayrensis
430 356 641 388 circumventus,
664 356 731 384 urbe
754 362 895 391 occupata,
911 365 957 385 oc-

175 406 249 433 cisus
272 409 323 431 est.
350 413 360 429 »
389 402 427 430 Ex
451 402 616 437 Geographie
638 402 790 430 Bleawiana
812 403 958 431 didicimus

175 451 250 477 Aden
267 457 340 476 nunc
360 456 420 476 esse
441 449 612 483 mctropolim
633 448 710 483 regni
723 448 843 482 ejusdem
865 450 957 476 nomi-

175 497 228 528 nis,
244 495 334 530 ibique
348 494 503 530 Emporium
528 494 727 522 nobilissimum
741 502 798 522 aevo
812 495 893 522 etiam
908 504 958 522 no-

174 535 231 569 stro
261 549 423 576 superesse,
453 540 605 567 lndicarum
635 548 725 568 rerum
758 541 956 568 mercatoribus

175 594 278 623 patens.
294 587 501 615 Exactissimam
517 587 637 621 ejusdem
656 587 731 614 urbis
742 587 955 622 descriptionem

174 634 253 660 nobis
272 633 383 660 exhibet
404 631 569 663 Ludovicus,
584 631 712 666 patricius
737 630 891 664 Romanus,
909 631 955 666 qui

174 680 272 707 ibidem
286 687 329 706 xvt
345 679 435 706 saeculi
458 678 535 705 initio
560 678 752 712 aliquantisper
773 682 956 705 commoratus

173 730 231 757 est;
257 725 434 752 recentiorem
454 731 518 750 vero
544 723 673 750 habemus
698 723 724 749 in
743 722 891 750 novissimo
907 723 955 749 At-

174 772 244 797 lante
258 770 382 796 historico
399 768 567 800 Godewillci,
583 773 609 795 et
625 768 651 794 in
674 768 841 802 amplissimo
859 768 954 796 Lezico

174 816 344 852 geographica
359 816 386 842 in
398 815 508 842 Batavia
525 823 608 849 nuper
625 814 650 841 in
664 815 751 841 lucem
767 815 867 842 emisso
886 815 952 849 (2'2).

209 862 260 889 Tot
276 861 356 896 igitur
373 860 551 895 argumentis,
563 867 622 894 qua:
636 860 776 894 hucusque
790 859 848 888 fuse
859 862 952 892 nimis,

174 915 255 943 quant
269 914 317 942 par
331 910 399 937 erat,
416 905 588 938 adduximus,
603 906 712 933 cuilibet
723 914 879 940 persuasum
895 915 955 935 esse

174 954 310 981 credimus
327 951 491 986 Stephanum
510 952 534 979 le
557 951 652 986 Moyne
676 951 810 979 levissima
833 961 864 980 ac
885 953 953 980 futili

173 999 328 1034 conjectura
357 998 478 1025 innixum
495 997 598 1032 opinari
617 997 645 1026 S.
658 997 829 1033 Hippolytum
846 999 954 1027 Arabiei

175 1043 380 1071 llomzeritarum
398 1042 526 1077 Emporii,
542 1042 575 1069 ad
599 1042 671 1077 quod
694 1043 811 1078 sequiori
834 1051 891 1071 alvo
907 1051 955 1079 ap-

174 1089 272 1124 pellere
296 1091 494 1116 consueverunt
516 1087 642 1123 Romani,
666 1088 821 1123 episcopum
849 1088 951 1123 fuisse;

175 1134 294 1169 Emporii
317 1134 388 1161 enim
408 1132 519 1160 Romani
535 1140 634 1160 nomen
645 1153 652 1165 ,
668 1134 739 1168 quod
757 1133 954 1169 Philostorgius

174 1181 238 1208 huic
260 1180 361 1207 civitati
386 1179 490 1212 tribuit,
507 1179 592 1214 ipsius
608 1180 764 1214 dignitatem
781 1188 813 1208 ac
824 1186 955 1215 prmstan-

173 1226 237 1254 tiam
262 1226 394 1261 designat.
409 1233 462 1251 non
487 1225 575 1252 locum
595 1229 642 1253 aut
661 1225 764 1259 urbem,
782 1234 850 1260 quas,
867 1225 953 1253 Ptole-

174 1279 242 1299 maeo
266 1276 293 1299 et
315 1272 429 1298 Arriano
456 1271 579 1302 testibus,
596 1270 695 1296 Arabia
711 1270 782 1298 dicta
800 1271 866 1304 fuit;
880 1272 953 1306 quod

172 1318 377 1353 Phllos:o;-gius,
402 1317 526 1352 quamvis
550 1320 609 1351 post
636 1317 708 1352 ipsos
733 1316 832 1351 ﬂoruit,
861 1317 952 1346 forsan

175 1409 276 1437 Histor.
297 1407 408 1443 August.
425 1408 546 1443 scriptor.
562 1406 667 1443 Claudii
685 1407 809 1435 Salmasii
823 1409 887 1437 edit.
902 1409 952 1438 Pa-

173 1444 295 1473 risiensis
310 1442 372 1470 ann.
389 1442 466 1473 H320,
479 1443 575 1468 Arabes
593 1450 607 1469 a
623 1442 725 1469 Severo
747 1443 775 1469 in
795 1444 953 1472 deditionem

171 1484 308 1513 acceptos,
328 1483 358 1513 ret
387 1477 531 1504 Adiabenos
556 1477 710 1513 triizutarios
737 1483 844 1506 coactos
869 1481 950 1507 etiarn

1009 217 1167 251 Romanum,
1183 218 1254 253 quod
1267 217 1368 246 Graecis
1383 219 1464 255 λιμήν
1477 219 1583 252 dicitur,
1599 220 1786 255 appellassent,

1008 263 1050 290 vel
1076 263 1104 289 S.
1124 262 1296 299 Hippolytum
1311 263 1430 299 Emporii
1443 265 1568 300 alicujus.
1581 273 1634 292 non
1649 274 1714 293 vero
1727 266 1788 293 Pur-

1009 314 1050 336 tus
1070 309 1182 337 Romani
1197 311 1352 345 episcopum
1376 311 1516 345 dixissent,
1540 313 1634 348 utique
1656 312 1787 349 Moynium

1008 362 1095 389 nugas
1116 355 1235 382 locutum
1262 363 1322 383 esse
1347 357 1458 384 minime
1477 362 1652 392 putaremus;
1671 359 1718 386 sed
1732 367 1789 386 cum

1008 401 1087 428 nobis
1104 401 1266 435 persuadere
1282 407 1394 429 conetur
1414 402 1442 429 S.
1463 402 1633 438 Hippolytum
1653 404 1680 431 in
1700 404 1788 432 ultima

1007 446 1105 473 Arabia
1129 446 1217 473 Felice
1238 448 1416 483 episcopalem
1437 449 1527 476 sedem
1550 449 1718 483 obtinuisse,
1744 450 1789 477 hoc

1007 496 1112 519 tantum
1128 498 1297 528 argumento,
1311 494 1382 528 quod
1407 494 1504 521 ibidem
1527 496 1678 530 emporium
1696 495 1788 524 Roma-

1007 546 1071 565 num
1089 539 1233 571 exstiterit,
1248 547 1316 566 vana
1334 540 1490 567 omnimodo
1508 540 1634 568 docuisse
1649 541 1787 568 existima-

1008 592 1077 610 mus.
1104 583 1153 612 llic
1174 584 1246 611 enim
1264 591 1317 611 non
1343 585 1462 620 emporia
1492 585 1612 612 Romana
1631 587 1786 620 qumrimus,

1006 637 1121 664 quorum
1140 630 1255 664 plurima
1274 631 1301 658 in
1319 635 1374 658 toto
1388 631 1454 658 orbe
1477 631 1606 658 Romanis
1629 632 1788 658 merratsrb

1005 675 1056 702 bus
1080 677 1170 710 pervia
1195 677 1332 704 exstitisse
1347 677 1515 711 exploratum
1531 682 1571 704 est
1585 687 1592 709 ;
1618 678 1666 705 sed
1683 678 1788 704 Portum

1004 719 1162 753 Romanum,
1180 721 1226 755 qui
1242 729 1295 748 non
1311 722 1405 756 procul
1421 722 1456 748 ab
1470 722 1542 749 Urbe
1557 722 1679 753 dissitus,
1697 723 1788 750 unicus

1005 765 1066 798 fuit,
1085 771 1111 793 et
1126 767 1152 793 in
1170 774 1224 800 quo
1240 767 1343 794 sedisse
1367 767 1395 794 S.
1415 767 1585 803 Hippolytum
1603 773 1712 796 veteres
1733 777 1787 796 om-

1005 819 1053 839 nes
1074 820 1130 840 uno
1154 821 1201 840 ore
1224 813 1357 847 fatentur;
1373 818 1399 840 et
1416 814 1439 840 si
1454 808 1503 841 hac
1517 815 1543 841 in
1559 823 1588 842 re
1601 814 1713 850 Moynio
1726 816 1788 844 ﬁdes

1006 858 1156 886 adhibenda
1172 864 1268 893 esset,
1296 867 1350 886 non
1372 860 1457 887 solum
1480 861 1590 892 Arabes,
1617 862 1664 888 sed
1692 861 1787 894 Perse,

1006 904 1157 939 Ethiopcs,
1178 905 1287 940 aliique,
1309 906 1353 933 ubi
1369 906 1551 933 Romanorum
1571 906 1682 934 fuerunt
1696 916 1788 943 empo-

1005 951 1055 982 ria.
1075 951 1104 978 S.
1129 950 1301 986 Hippolytum
1327 956 1455 987 tanquam
1476 953 1615 987 proprium
1629 954 1786 989 episcopum

1004 997 1055 1024 sibi
1072 997 1208 1025 vindicare
1224 998 1282 1025 sine
1304 997 1402 1033 injuria
1418 998 1510 1026 eodem
1527 1001 1679 1033 argumenti
1693 1008 1788 1035 genere

1004 1047 1124 1078 possent.
1559 1069 1569 1073 _

1004 1087 1085 1116 XXII.
1108 1088 1136 1116 S.
1154 1088 1249 1125 Petrus
1265 1088 1413 1116 Damiaims
1429 1089 1644 1125 Sallippolytum
1659 1091 1788 1119 Portuen-

1065 1132 1116 1150 sem
1134 1132 1193 1150 cum
1208 1123 1304 1151 Nomio
1323 1125 1441 1159 episcopo
1458 1123 1583 1152 Edisseno
1597 1127 1730 1161 confudit.

1039 1179 1104 1208 Post
1127 1179 1155 1207 S.
1171 1179 1306 1208 Gelasium
1319 1185 1346 1208 et
1359 1180 1569 1216 Philostorgium
1586 1181 1741 1217 Stephanus
1764 1183 1788 1210 le

1004 1226 1098 1261 Moyne
1113 1226 1168 1260 (25)
1186 1230 1309 1253 sanctum
1327 1225 1434 1253 Petrum
1448 1226 1607 1254 Damianum
1623 1228 1787 1262 conject-me

1004 1279 1059 1298 sum
1076 1276 1218 1306 patronum
1235 1280 1355 1299 asserere
1371 1280 1425 1298 non
1442 1272 1562 1306 dubitat;
1579 1273 1703 1301 scribens
1714 1275 1786 1302 enim

1005 1318 1032 1345 δ.
1050 1317 1196 1346 Damianus
1210 1319 1243 1346 ad
1257 1319 1396 1346 Nicolaum
1410 1318 1433 1346 ll
1448 1320 1502 1355 (‘24)
1524 1321 1679 1348 Romanum
1697 1322 1787 1356 ponti-

1003 1405 1092 1442 littora
1102 1405 1186 1442 alluit,
1195 1405 1221 1432 in
1235 1406 1333 1440 quibus
1345 1405 1450 1442 ambite
1462 1405 1617 1442 Emporium
1632 1413 1710 1442 erat;
1723 1417 1785 1436 cum

1003 1441 1061 1475 ipse
1078 1440 1196 1467 secundo
1219 1442 1331 1468 ﬂumine
1344 1441 1434 1476 Tigri,
1455 1440 1526 1476 quod
1546 1443 1572 1468 in
1594 1444 1655 1470 sinu
1675 1440 1786 1472 Persico

1003 1479 1185 1512 serex‘onerat,
1216 1477 1242 1502 ili
1258 1476 1395 1512 Oceanum
1414 1484 1467 1504 non
1483 1477 1589 1512 longius
1602 1481 1785 1511 processerit;

172 1510 276 1541 scribit.
314 1512 413 1539 Verum
436 1512 562 1548 Arabiam
586 1511 700 1548 Felicem
714 1520 852 1547 nunquam
868 1522 882 1541 a
898 1514 951 1542 Ro-
964 1517 985 1546 c
1002 1510 1123 1548 celeriter
1142 1511 1213 1548 enim
1231 1511 1481 1548 adhperdomandos
1495 1510 1656 1540 rebellantes
1670 1515 1786 1548 populos

172 1549 261 1576 manis
273 1549 299 1574 in
313 1547 477 1582 provinciam
500 1546 584 1573 fuisse
599 1547 734 1582 redactam
750 1546 952 1578 evidentlssime

171 1589 295 1614 constat;
314 1581 505 1609 Romanorum
522 1581 653 1615 siquidem
667 1581 764 1609 Arabia
778 1583 887 1610 eosdem
903 1585 951 1611 ha—

172 1618 230 1645 buit
244 1618 352 1650 limites,
367 1625 435 1651 quos
448 1616 556 1653 Petrzete
567 1616 670 1653 tribunt
680 1621 782 1653 veteres
794 1619 949 1653 geographi,

171 1653 295 1680 videlicet
308 1660 322 1679 a
337 1651 516 1686 septentrione
524 1650 740 1685 Enphratem,ab
754 1650 857 1679 oricnté
873 1650 950 1680 mon;

172 1694 213 1714 tes
239 1685 401 1722 Babyloniae,
429 1694 444 1713 a
468 1686 582 1722 meridie
606 1685 885 1722 Ai-abiaimFelicem,
916 1689 950 1717 ab

171 1719 455 1753 occidenteliidaeatn.
484 1720 550 1756 Vide
567 1719 710 1756 Panicirol;
720 1720 805 1748 Nolil.
824 1722 947 1756 dignitat.

172 1758 263 1791 imper.
283 1756 396 1788 0rienl.,
423 1764 480 1791 cap.
500 1755 559 1791 li'].
577 1754 627 1782 Sed
642 1755 675 1782 ad
690 1754 836 1790 Trajanum
853 1754 948 1785 ‘revcr-

171 1790 272 1824 tamur,
297 1792 343 1827 qui
366 1790 507 1827 postquam
529 1790 730 1827 Ctesiphontem
746 1791 948 1820 celeberrimam

170 1827 287 1862 Assyria:
307 1825 403 1854 urbem
427 1826 606 1862 expugnavit.»
625 1825 732 1862 longius
758 1834 839 1860 quam
858 1829 947 1856 caeleri

172 1860 346 1896 imperatores
370 1861 460 1887 studio
485 1860 588 1887 visendi
601 1860 730 1887 barbaras
744 1862 876 1895 regiones.
892 1862 944 1890 lio-

171 1895 244 1923 mani
260 1897 363 1931 imperii
378 1897 477 1922 limites
495 1895 624 1928 excessit;
651 1899 678 1922 et
698 1897 724 1931 in
749 1896 850 1923 Indiam
875 1899 948 1925 velut

169 1940 257 1959 novus
269 1930 419 1958 Alexander
434 1939 493 1958 sese
506 1930 674 1963 contulisset,
685 1930 736 1957 nisi
749 1931 948 1965 ingravesrcnte

167 1968 224 2002 jam
245 1971 323 1993 .etate
354 1966 511 2002 deterritus,
543 1965 829 2002 liyjus_eitpeditiouis
855 1968 947 1995 consi-

170 1999 236 2028 lium
253 2002 359 2036 penitus
375 2001 526 2035 abjecissct.
554 1999 606 2027 Sed
624 1999 731 2034 Trajani
754 2001 944 2036 peregrinatio,

169 2037 293 2072 quamvis
312 2036 480 2072 longissima.
508 2040 605 2072 tanteil
620 2043 667 2069 per
687 2042 734 2072 eas
750 2036 873 2070 regiones
888 2042 946 2064 tan-

170 2069 226 2099 tinn
241 2069 370 2099 instituta
383 2071 442 2102 fuit,
467 2078 528 2105 quae.
539 2070 573 2097 ab
584 2069 789 2105 liomazritarum
805 2072 945 2105 provincia

168 2107 248 2141 longo
265 2107 404 2134 intervallo
415 2104 709 2141 distabzuit.Trajanus
723 2104 865 2141 siquidem,
881 2106 945 2134 Dio-

170 2151 202 2168 ne
217 2139 282 2169 teste
296 2142 343 2168 lib.
371 2148 452 2168 LXVIII
468 2141 496 2166 in
511 2139 628 2174 Trajano
638 2159 645 2171 ,
669 2147 746 2166 nunt.
758 2140 792 2166 28
803 2161 809 2172 ,
824 2148 850 2174 p.
865 2141 944 2175 1145,

167 2181 310 2211 postquam
323 2176 523 2210 Ctesiphontem
536 2175 621 2211 cepit,
634 2175 727 2201 statuit
737 2182 811 2202 mare
822 2175 942 2204 Rubrum

168 2209 306 2247 traiicere,
327 2212 378 2238 hoc
391 2209 431 2238 est
444 2211 533 2247 sinum
547 2209 700 2242 Persicum,
716 2212 796 2247 nam};
819 2215 847 2237 ut
861 2212 942 2247 etiam

167 2245 283 2274 advertit
294 2247 434 2274 Gisbcrtus
447 2245 579 2279 Cupcrus,
592 2249 695 2280 veteres
708 2245 868 2280 quandoque
879 2245 941 2274 Per-

167 2283 253 2309 sicum
267 2282 356 2309 sinum
370 2280 453 2307 Rubri
467 2280 549 2306 maris
564 2279 942 2315 nomine_(lonarunt,rquem-

166 2317 311 2343 admodum
336 2317 416 2342 etiam
437 2314 649 2350 Christophorus
672 2313 803 2350 cellarius
829 2313 942 2350 Geogra-

166 2352 235 2385 p/iia:
251 2352 364 2385 antiquw
380 2351 427 2377 lib.
441 2357 480 2382 Ill,
494 2357 553 2383 cap.
568 2349 600 2375 l4
611 2357 666 2385 pag
681 2349 732 2375 600
757 2349 822 2376 edit.
845 2349 942 2385 Lipsize

165 2383 230 2413 anni
245 2383 324 2418 H82,
340 2389 358 2411 ι.
373 2385 393 2411 ll
409 2384 560 2411 adnotavit:
583 2393 591 2409 α
608 2383 714 2410 Meaene
728 2392 836 2418 quoque
853 2383 941 2412 insula

166 2421 293 2456 Tigridis,
321 2421 347 2447 i'n
369 2428 421 2455 qua
438 2419 588 2456 Atambilus
606 2419 744 2456 regnabat,
768 2420 942 2456 nullorlaboh

166 2454 220 2483 re)
237 2457 306 2483 idem
323 2455 467 2489 imperator
480 2454 581 2490 potitus
595 2458 654 2486 est,
671 2455 796 2490 deinceps
812 2455 856 2487 qui
873 2455 941 2490 Spa—

166 2491 218 2518 sini
244 2501 253 2516 ι
279 2490 395 2523 Vallum,
420 2490 512 2516 urbem
538 2489 572 2514 ita
595 2489 711 2520 dictam,
737 2489 909 2523 habitabant,
928 2501 937 2516 ι

165 2527 253 2560 ipsum
261 2526 347 2552 amice
356 2529 523 2560 receperunt.
535 2523 652 2560 Tandem
665 2524 738 2550 venit
748 2525 779 2551 ad
792 2526 938 2558 Oceanum,

165 2562 210 2588 sed
230 2561 338 2595 longius
355 2560 380 2595 in
395 2559 561 2594 Erythraaum
577 2559 665 2595 sinum
681 2560 805 2594 progredi
821 2567 874 2587 non
892 2568 940 2594 po-

163 2596 231 2628 tuit;
246 2593 310 2623 dum
324 2594 394 2621 enim
409 2593 515 2629 navigat
530 2601 621 2621 versus
635 2593 788 2630 Oceanum,
812 2593 940 2630 atqueide

163 2631 251 2657 reditu
269 2630 376 2665 cogitat,
395 2634 496 2665 gentes,
508 2637 576 2664 quas
590 2634 669 2655 antea
681 2629 877 2665 debellaverat.
892 2630 939 2657 de-

164 2665 260 2697 fecere,
284 2663 405 2699 ideoque’
418 2663 619 2699 Ctesiphontem
640 2664 728 2690 redire
740 2669 842 2699 quanto
858 2665 938 2692 citius

163 2701 292 2734 oportuit,
317 2705 343 2727 et
357 2699 485 2734 longioris
510 2699 689 2733 navigationis
704 2701 845 2726 consilium
861 2701 937 2734 peni-

164 2736 334 2770 tusevanuit.
355 2735 391 2761 Ex
405 2737 454 2761 hac
469 2735 550 2769 igitur
562 2734 654 2760 Dionis
669 2735 833 2767 narratione,
855 2743 937 2770 quam

162 2770 195 2804 de
210 2769 316 2804 Trajaui
332 2770 502 2804 navigatione
516 2773 569 2795 tam
586 2773 716 2804 accurate
728 2770 853 2801 instituit,
865 2769 938 2796 ditii-

162 2805 213 2831 eile
236 2803 312 2832 nobis
338 2803 442 2831 videtur
464 2804 559 2831 deduci
598 2811 678 2837 posse
704 2803 849 2838 Traianum
875 2813 936 2831 eum

162 2839 182 2865 Ε
199 2840 290 2875 ythraei
309 2840 391 2866 maris
409 2840 497 2867 sinum
515 2839 648 2873 attigisse,
663 2839 708 2874 qui
732 2838 936 2866 lloinmritarum

1002 1546 1028 1572 in
1044 1546 1210 1580 provinciam
1226 1546 1312 1573 redire
1323 1551 1432 1574 coactus
1446 1546 1509 1578 fuit;
1528 1546 1713 1580 quamobrem
1726 1557 1786 1576 rer-

999 1585 1028 1608 to
1042 1580 1120 1616 nobis
1137 1588 1295 1616 persuasum
1321 1586 1362 1608 est
1378 1581 1515 1608 Romanos
1539 1590 1679 1616 nunquam
1691 1588 1786 1610 extre-

1000 1623 1059 1642 mas
1075 1615 1156 1642 hasce
1169 1615 1376 1643 Homaeritarum
1392 1624 1454 1644 oras
1469 1615 1623 1645 victricibus
1643 1621 1731 1646 armis
1752 1620 1786 1646 il-

998 1650 1032 1678 lis
1045 1650 1210 1685 temporihus
1226 1651 1357 1685 attigisse.
1474 1673 1478 1682 ,

1037 1684 1114 1718 Quod
1131 1685 1163 1712 ad
1180 1684 1306 1719 sequ'ora
1328 1691 1447 1721 tempora
1471 1686 1575 1717 attinet,
1594 1693 1666 1721 saepe
1681 1686 1787 1715 citatus

1000 1719 1139 1747 Simonius
1152 1721 1337 1747 Assemannus
1350 1719 1457 1749 dissert.
1467 1721 1484 1748 4
1497 1722 1529 1748 ad
1551 1719 1654 1748 Chron.
1664 1721 1762 1749 Orlenl
1778 1743 1786 1755 ,

999 1755 1052 1789 5‘9.
1070 1761 1131 1789 pag.
1148 1755 1211 1787 255,
1237 1760 1263 1782 et
1279 1755 1292 1790 ἕ
1307 1755 1352 1787 28,
1370 1763 1430 1791 pag.
1444 1756 1505 1787 264,
1532 1761 1562 1782 ut
1579 1756 1648 1783 alias
1664 1757 1786 1791 scripto-

998 1797 1042 1818 res
1057 1791 1370 1827 prgtereamustscribit
1386 1791 1568 1827 ljomanorum
1583 1794 1785 1827 commercium

998 1823 1065 1851 cum'
1081 1823 1235 1852 Hommritis
1250 1825 1283 1852 ab
1297 1833 1368 1852 anno
1383 1825 1484 1853 Christi
1499 1825 1565 1857 554,
1590 1826 1617 1852 in
1634 1834 1691 1860 quo
1707 1823 1787 1853 (Jon-

998 1859 1114 1895 stantius
1126 1860 1286 1895 legationem
1299 1861 1399 1888 eisdem
1416 1862 1499 1893 misit,
1523 1867 1610 1894 usque
1624 1859 1660 1887 ad
1676 1869 1785 1889 annum

998 1894 1058 1926 520,
1073 1895 1223 1928 imperante
1232 1894 1348 1926 Justino,
1365 1896 1534 1930 perdurasse,
1551 1896 1576 1921 in
1590 1903 1647 1930 quo
1663 1895 1785 1923 Romani

997 1930 1299 1965 mercatorestdireptis
1315 1938 1408 1965 eorum
1427 1930 1611 1962 facultatibus,
1625 1930 1708 1965 jussu
1728 1932 1786 1958 Da-

997 1964 1081 2000 miani
1103 1971 1154 2000 seu
1170 1964 1302 1992 Dimionis
1325 1964 1532 1993 Hommritarum
1548 1964 1783 2000 regis'interfecti

998 1998 1117 2035 fuerunt.
1133 1998 1173 2025 Ex
1192 1999 1233 2027 his
1247 2000 1338 2034 igitur,
1349 2008 1415 2035 qua“.
1429 2000 1488 2027 fuse
1504 1998 1687 2032 narravimus,
1700 2009 1786 2035 appa-

996 2039 1038 2070 ret
1049 2034 1084 2070 S.
1092 2034 1226 2070 Hippolyti
1243 2040 1319 2061 relate
1336 2034 1695 2070 Homazritarumregionem
1711 2034 1786 2063 uan-

995 2069 1059 2096 dum
1077 2068 1206 2105 Romanis
1223 2070 1354 2104 paruisse,
1369 2071 1535 2105 proindeque
1546 2068 1572 2095 in
1586 2068 1618 2096 ea
1635 2075 1701 2098 tunc
1714 2076 1785 2098 tein—

995 2105 1068 2138 poris
1090 2104 1273 2131 Romanorum
1296 2104 1451 2139 Emporium
1468 2104 1521 2132 nun
1535 2105 1683 2132 exstitisse.
1717 2106 1784 2138 Quo

997 2140 1027 2165 lit
1040 2144 1069 2166 ut
1084 2143 1139 2166 tota
1155 2139 1179 2166 le
1191 2139 1290 2174 Moynii
1307 2140 1461 2174 conjectura
1478 2139 1583 2174 penitus
1595 2146 1717 2168 corruat.

1031 2174 1087 2234 (0:27”
1108 2173 1261 2201 Manuduct.
1276 2174 1310 2201 ad
1323 2173 1462 2210 geograph.
1478 2173 1633 2206 universal.,
1659 2183 1723 2211 pag.
1743 2176 1783 2203 66

995 2211 1021 2235 ct
1035 2210 1078 2235 07.

1029 2244 1083 2278 (22)
1094 2243 1225 2280 Legenda
1240 2248 1305 2280 sunt
1315 2252 1357 2275 ea,
1373 2251 1433 2279 quae
1445 2244 1471 2280 in
1488 2243 1655 2270 Dictionario
1666 2253 1783 2280 geogra—

992 2278 1067 2312 phica
1083 2279 1116 2305 de
1139 2278 1162 2306 la
1187 2279 1350 2313 Martiniére,
1367 2278 1432 2306 toni.
1450 2279 1469 2312 l,
1483 2286 1509 2313 p.
1528 2280 1563 2306 85
1579 2281 1645 2306 edit.
1666 2278 1783 2308 Veniet-aa

993 2314 1055 2339 anni
1076 2313 1152 2347 1757,
1169 2316 1251 2341 verbo
1266 2314 1339 2340 Aden
1354 2315 1535 2347 proferuntur.

1028 2349 1084 2383 (25)
1105 2349 1223 2376 Diatriba
1244 2352 1281 2384 de
1304 2349 1332 2376 S.
1353 2348 1504 2384 Hippolyto,
1520 2357 1546 2384 p.
1563 2348 1607 2381 50,
1626 2353 1713 2383 tergo,
1729 2350 1781 2377 ubi

992 2384 1139 2419 textumiS.
1156 2384 1226 2411 Petri
1242 2383 1362 2411 Damiani
1378 2383 1510 2419 integrum
1527 2385 1666 2411 describt.

1021 2418 1075 2454 (24)
1097 2418 1123 2445 lu
1139 2420 1270 2453 opusculo
1289 2419 1319 2446 t9
1334 2419 1370 2446 De
1386 2418 1551 2445 abdicatione
1561 2419 1727 2453 episcopatus
1738 2420 1779 2447 ad

991 2452 1129 2480 Nicolaum
1156 2452 1179 2480 ll
1209 2455 1358 2481 llomanuni
1387 2455 1550 2488 pontilieem,
1574 2452 1656 2488 quoi
1685 2460 1781 2482 exstat

991 2492 1057 2514 tom.
1076 2489 1107 2515 Ill
1123 2488 1239 2523 Operum
1267 2490 1295 2516 ὃ.
1311 2488 1381 2516 Petri
1406 2489 1539 2521 Damiani,
1562 2497 1622 2523 pag.
1639 2489 1689 2516 2H
1705 2490 1778 2516 edit.

990 2524 1159 2551 Constantini
1188 2525 1305 2558 Cajn-tani
1331 2523 1441 2551 Parisiis
1464 2532 1535 2550 anno
1552 2525 1632 2555 i745,
1664 2532 1724 2557 cap.
1746 2524 1776 2554 7,

990 2566 1017 2584 n.
1032 2558 1076 2591 2|,
1093 2567 1152 2594 pag.
1169 2560 1231 2591 '217,
1249 2560 1303 2585 haec
1316 2560 1353 2585 ait
1368 2568 1374 2585 :
1392 2569 1400 2583 ι
1417 2559 1514 2586 Beatus
1533 2567 1641 2594 quoque
1655 2558 1776 2585 Nonnus

989 2598 1101 2626 martyr,
1121 2595 1167 2628 qui
1187 2600 1214 2621 et
1233 2594 1400 2629 Hippolytus,
1424 2595 1562 2620 memoriae
1586 2599 1689 2621 nostra:
1715 2601 1775 2620 non

989 2630 1191 2662 praetereundus
1210 2628 1337 2657 occurrit.
1353 2629 1404 2661 Qui
1424 2630 1551 2656 nimirum
1573 2634 1717 2663 postquam
1733 2628 1776 2654 50

989 2663 1073 2690 millia
1090 2664 1285 2691 Saracenorum
1302 2665 1334 2691 ad
1356 2664 1456 2691 Christi
1477 2665 1556 2690 fidem
1578 2664 1775 2691 efﬁcacissima

987 2699 1176 2758 praedicatione
1201 2701 1341 2730 convertit,
1358 2704 1500 2734 postquam
1526 2700 1632 2725 beatam
1658 2705 1776 2732 quoque

1010 2733 1122 2758 elauiam
1144 2735 1177 2758 de
1201 2734 1375 2758 lunanaribus
1396 2735 1430 2758 ad
1457 2733 1583 2758 Ecclesizn
1607 2734 1775 2758 pudicitiam

1010 2733 1122 2765 elagiam
1144 2735 1177 2760 de
1201 2734 1375 2768 lupanaribus
1396 2735 1430 2760 ad
1457 2733 1583 2761 Ecclesia:
1607 2734 1775 2768 pudicitiam

987 2770 1153 2801 provocavit,
1166 2774 1309 2804 postquam
1322 2769 1437 2803 denique
1447 2770 1592 2796 nonnullos
1608 2774 1777 2796 sanctarum

988 2804 1185 2837 expositionum
1213 2805 1295 2831 libros
1325 2804 1472 2831 luculenter
1497 2804 1635 2838 explicuit,
1661 2803 1778 2830 tandem

987 2845 1170 2874 episcopatum
1185 2839 1321 2871 deseruit;
1339 2840 1370 2865 de
1386 2839 1558 2866 Antiochenis
1573 2839 1706 2873 partibus,
1718 2845 1778 2863 un.
