1857 3051
191 124 239 151 5ὖ1

577 120 621 148 DE
640 117 838 149 POIITUENSI
859 122 888 149 S.
909 118 1091 149 HIPPOLYTI
1110 120 1206 149 SEDE.
1226 137 1260 141 —
1278 121 1368 148 PARS
1386 121 1417 149 II.

1759 122 1803 149 533

191 181 335 217 nus[5£]),
354 182 424 207 intra
439 181 637 215 patriarchatus
653 181 815 209 Antiocheni
832 182 972 209 dioecesim
989 183 1009 210 A
1025 190 1075 214 me,
1090 187 1116 208 et
1131 182 1156 207 in
1172 181 1266 212 altero,
1283 181 1354 215 quod
1371 180 1463 207 laudat
1476 178 1617 207 Fabricius
1634 179 1802 215 ('59).V'eruin

190 228 242 255 sita
257 227 338 254 fuerit
352 226 418 261 (55),
432 232 457 253 et
472 234 533 253 cum
547 225 576 252 S.
595 226 742 254 Damianus
756 228 857 254 scribat
870 226 898 254 S.
910 227 976 260 Ilip-

190 274 310 308 polytum
324 273 508 307 episcopatum
521 272 554 298 de
571 271 747 299 AnllOtzllellIS
760 273 883 307 partibus
898 273 976 300 dese-

189 320 288 351 ruisse,
307 326 387 345 nemo
400 326 453 344 non
466 318 538 344 videt
551 318 607 345 liwc
619 318 770 353 Hippolyto,
789 323 818 345 ut
833 323 975 346 autumant

188 365 296 391 Arabiae
307 364 404 391 Felicis
419 365 556 399 episcopo,
573 364 652 398 cujus
669 365 795 392 dimcesis
807 365 975 399 patriarcha-

188 411 227 437 tui
243 410 425 437 Alexandrino
440 411 559 442 suberat,
575 411 720 438 convenire
743 418 796 437 non
816 418 906 445 posse,
927 411 973 438 sed

187 457 275 490 potius
284 455 379 484 Nonno
388 455 524 484 Edesseno
536 457 618 483 tribui
632 457 793 491 debere,qui
806 457 974 484 Antiocheno

187 502 347 537 patriarcha:
361 503 501 537 subjectus
516 502 576 529 fuit.
586 502 699 529 Ilemum
714 502 742 529 S.
752 502 850 530 Petrus
862 502 973 530 Damia-

186 557 238 576 nus
250 550 308 577 haec
321 549 425 582 omnia,
436 557 496 584 quae
509 549 542 576 de
554 548 582 575 S.
594 549 736 584 Hippolyto
752 549 842 581 habet,
855 557 888 576 ex
899 550 973 577 Actis

187 594 216 622 S.
231 595 328 622 Aureae
344 599 483 622 mutuatus
500 600 551 626 cst,
566 603 627 628 quae
640 595 786 621 immortali
802 595 860 622 viro
872 595 972 622 Ctesari

185 641 316 668 cardinali
332 640 449 667 Baronio
467 640 522 676 (36)
541 641 631 667 minus
645 641 821 674 placuerunt;
848 649 898 667 nec
923 641 973 667 im-

185 686 283 712 merito
309 694 424 721 magnus
442 687 482 713 vir
505 686 602 712 horum
624 686 752 714 Actorum
778 687 856 713 [idem
876 694 972 721 suspe-

185 735 256 758 ctam
271 731 382 764 habuit;
399 731 456 765 ipsa
472 731 555 762 enim,
569 736 598 758 ut
612 736 686 758 recte
699 732 805 759 monuit
822 731 970 759 Tillemon-

185 778 239 804 tius
257 776 323 811 (δῖ),
340 777 418 803 miris
432 781 536 804 scatent
556 776 667 810 fabulis,
683 785 843 812 summaque
865 782 970 812 tempo-

184 829 244 848 rum
270 821 429 849 confusione
457 822 597 855 laborant;
623 823 723 850 idcirco
745 822 810 857 ipsis
827 830 921 857 parum
937 823 963 849 li-

184 866 302 893 dendum
319 874 471 894 censemus.
491 866 591 895 Eadem
614 875 686 894 nunc
702 867 728 893 in
742 867 848 894 duobus
863 872 970 894 exstant

183 913 324 940 codicibus
346 918 388 940 sat
407 912 520 940 vetustis
534 933 540 944 ,
563 920 680 948 quorum
706 913 821 947 primus,
838 912 969 948 Aringhio

183 959 283 992 Indice,
306 959 333 985 iu
356 959 490 985 tabulario
506 958 682 987 Lateranensi
698 959 843 991 invenitur,
857 959 925 986 alter
941 959 968 986 in

182 1005 348 1032 bibliotheca
363 1005 548 1033 Vallicellana.
566 1006 778 1040 Papebrocbius,
793 1005 917 1033 Fabricio
933 1011 969 1033 te-

182 1056 224 1078 ste
251 1050 317 1086 (38),
343 1051 491 1079 sinceriora
520 1051 548 1079 S.
571 1052 667 1079 Aureae
691 1052 756 1079 Acta
781 1060 809 1079 se
833 1052 968 1086 reperisse

181 1096 286 1129 scribit,
303 1096 328 1122 in
343 1097 442 1131 quibus
457 1097 484 1123 S.
503 1096 660 1132 Hippolytus
676 1097 795 1124 Arabum
812 1097 968 1132 metropoli—

181 1146 262 1169 tanus
276 1141 385 1172 dicitur,
407 1146 433 1168 et
449 1141 578 1177 Cyriacus
595 1141 754 1170 Portuensis
768 1143 920 1178 episcopus.
938 1143 966 1170 Si

182 1187 338 1222 hujusmodi
353 1187 419 1214 Acta
435 1188 584 1215 doctissimi
601 1188 670 1215 socii
686 1187 855 1217 Bollandiani
872 1189 966 1223 vulga-

180 1233 259 1265 bunt,
275 1232 427 1260 videbimus
451 1232 478 1260 in
500 1233 600 1266 quibus
614 1241 628 1259 a
646 1232 828 1261 Vallicellanis
845 1239 872 1261 et
889 1234 967 1262 Late-

180 1279 342 1306 ranensibus
360 1279 495 1306 diﬂ‘erant.
514 1279 596 1307 Nobis
613 1285 701 1307 tamen
724 1281 965 1315 persuasissimum

179 1330 231 1356 est,
246 1325 342 1353 horum
356 1325 486 1353 Actorum
500 1327 689 1354 auctoritatem
707 1332 746 1354 tot
760 1328 881 1362 antiquis
898 1328 966 1355 scri-

178 1371 303 1405 ptoribus
326 1371 398 1398 haud
419 1379 478 1399 esse
501 1374 728 1407 anteponendam.
754 1372 783 1401 Si
807 1374 879 1401 enim
908 1374 966 1401 haec

179 1417 246 1444 Acta
269 1417 417 1445 sinceriora
432 1423 535 1450 essent,
555 1418 583 1446 S.
602 1418 774 1454 Hippolytum
791 1428 843 1447 non
858 1420 965 1448 Arabia:

178 1464 428 1498 metropolitanum,
453 1472 503 1492 nec
529 1464 671 1500 Cyriacum
695 1465 890 1500 Portuensem,
917 1467 964 1494 sed

178 1508 328 1537 Ostiensem
344 1509 502 1544 episcopum
522 1510 711 1544 appellassent.
737 1509 793 1537 Nec
818 1511 919 1538 mirum
939 1512 962 1539 si

178 1554 206 1580 S.
222 1554 320 1582 Petrus
346 1553 494 1581 Damianus
511 1554 540 1580 S.
557 1554 729 1590 Hippolytum
746 1555 836 1582 Nomii
853 1557 962 1586 nomine

176 1600 335 1635 insignivit;
360 1600 412 1627 hoc
432 1601 503 1627 enim
527 1601 584 1634 ipse
600 1601 639 1627 vel
665 1609 698 1628 ex
720 1600 794 1628 Actis
810 1600 839 1628 S.
855 1603 960 1635 Aureae,

176 1647 218 1673 vel
234 1654 266 1673 ex
284 1646 404 1680 antiquis
415 1645 615 1681 Martyrologiis
626 1646 732 1674 discere
746 1647 844 1681 potuit,
861 1647 886 1674 in
901 1649 961 1682 qui-

176 1691 228 1718 bus
241 1691 269 1718 S.
282 1691 442 1725 Hippolytus
459 1691 511 1718 hoc
523 1691 631 1718 nomine
644 1691 811 1726 designatur.
828 1693 961 1728 praecipue

177 1739 204 1766 in
225 1737 432 1772 Longobardico
448 1742 602 1772 pervetusto
623 1738 792 1766 bibliothecae
803 1737 961 1767 Ottobonia—

212 1826 268 1862 (54)
289 1826 430 1861 Legendus
445 1825 571 1854 Norisius
595 1827 633 1854 De
650 1828 752 1860 epos/iis
769 1827 960 1862 Syromacedo-

175 1869 239 1889 Itum
253 1862 361 1889 dissert.
375 1862 403 1892 2,
420 1862 499 1896 Oper.
518 1866 584 1888 tom.
598 1862 631 1895 ll,
654 1870 680 1896 p.
695 1863 746 1889 115
762 1863 808 1890 cit.
823 1864 888 1890 edit.

211 1896 266 1931 ('55)
286 1896 428 1933 Legendus
440 1897 555 1933 Garolus
572 1905 587 1924 a
600 1903 694 1924 sancto
708 1897 801 1933 Paulo,
814 1898 957 1933 Ceagraph.

174 1938 263 1963 sacra,
279 1938 340 1966 pag.
354 1931 417 1964 (292,
430 1936 455 1959 et
470 1931 590 1966 Lequien
607 1932 652 1959 cit.
672 1937 738 1959 tom.
753 1932 784 1964 ll,
796 1941 856 1969 pag.
867 1931 922 1961 7954
933 1939 959 1962 et

174 1974 250 1994 oena.

283 2000 438 2037 Adannum
454 2000 516 2033 29.9,
531 2009 606 2028 num.
620 2001 650 2037 r7,
665 2007 732 2029 tom.
749 2001 780 2035 Il,
800 2011 826 2037 p.
842 2003 890 2030 481
911 2005 956 2031 cit.

173 2036 239 2062 edit.
257 2045 263 2062 τ
286 2044 295 2072 ς
310 2035 371 2072 Haec
388 2040 486 2072 autem
512 2037 603 2063 omnia
619 2036 781 2071 locupletius
798 2035 897 2072 scripta
921 2037 958 2067 le:

174 2075 275 2109 guntur
288 2071 314 2097 in
324 2071 453 2109 ⁸αἱρεῖς-ξ.
465 2070 562 2097 Aurea:
576 2070 696 2109 martyrii
711 2072 794 2109 Actis,
805 2070 867 2109 qua:
880 2082 957 2101 men-

174 2106 216 2132 dis
232 2105 309 2139 plena
323 2105 349 2132 in
367 2106 459 2132 multis
473 2110 564 2132 essent
580 2107 755 2134 restituenda.
773 2117 781 2134 ι

285 2140 373 2168 Citato
389 2145 454 2167 tom.
472 2139 517 2172 lll,
535 2145 590 2168 not.
606 2141 623 2168 4
644 2150 690 2169 sur
710 2143 782 2170 saint
805 2142 956 2180 Hippolyte,

1027 227 1079 254 hoc
1102 226 1192 253 Nomii
1219 235 1326 259 nomen,
1343 227 1426 261 quod,
1455 230 1484 253 ut
1505 226 1633 258 diximus,
1651 226 1803 260 episcopum

1026 272 1161 306 primmva;
1177 271 1303 299 Ecclesiae
1318 272 1439 303 denotat,
1456 271 1484 299 S.
1499 271 1659 298 Damianum
1675 271 1765 298 forsan
1780 273 1803 298 iu

1025 326 1145 345 errorem
1160 318 1275 347 induxit.
1294 319 1357 345 dum
1374 323 1497 345 sanctum
1513 318 1687 353 Hippolytum
1707 318 1804 352 episco-

1025 372 1089 398 pum
1113 363 1239 391 Nonnum
1262 372 1323 391 cum
1345 363 1442 390 Nonno
1461 363 1597 391 Edesseno
1611 363 1748 395 confudit,
1762 363 1803 397 qui

1025 410 1111 437 tribus
1129 410 1240 444 integris
1256 410 1362 437 saaculis
1385 415 1446 444 post
1469 409 1497 436 S.
1518 409 1691 444 Hippolytum
1708 409 1802 436 ﬂoruit.

1025 453 1095 482 Num
1110 454 1192 489 igitur
1207 454 1235 481 S.
1249 454 1319 481 Petri
1336 454 1459 481 Damiani
1474 455 1657 481 testiinonium
1671 459 1709 481 tot
1724 454 1803 481 diser-

1026 501 1060 528 tis
1089 501 1208 535 antiquis
1231 500 1410 535 scriptoribus
1433 499 1630 534 praeferendum
1658 500 1706 533 sit,
1722 500 1804 529 doctis

1024 547 1090 574 viris
1107 547 1286 580 judicandum
1301 546 1488 581 relinquimus.

1040 604 1134 631 XXIII.
1158 605 1280 639 Origenes
1298 603 1326 631 S.
1345 603 1515 638 Hippolytum
1530 603 1555 628 in
1574 602 1657 629 Porta
1672 602 1790 630 Romano

1222 639 1396 673 alloquenlem
1413 639 1505 664 audire
1518 639 1612 672 potuit.

1058 683 1174 720 Objiciet
1197 685 1305 712 demum
1333 684 1440 718 aliquis,
1455 684 1484 711 S.
1501 683 1675 719 Hippolytum
1701 691 1754 710 non
1780 684 1804 710 in

1023 730 1177 764 Occidente,
1202 731 1248 758 sed
1273 731 1299 757 in
1324 729 1432 757 Oriente
1451 730 1606 764 episcopum
1631 729 1729 762 fuisse,
1745 730 1804 763 quia

1023 775 1163 812 Origenes,
1180 777 1226 810 qui
1244 777 1269 802 in
1282 775 1392 803 Oriente
1410 776 1485 805 vixit.
1505 774 1534 802 S.
1550 775 1727 810 Hippolytum
1742 776 1805 802 allo-

1023 827 1151 857 quentem
1178 822 1280 849 audivit
1298 821 1365 855 (£0).
1382 820 1532 848 Halloixius
1556 820 1683 856 Origenis
1708 821 1803 847 vindex

988 859 1008 885 Β
1023 868 1051 896 S.
1068 867 1241 903 Hippolytum
1258 867 1284 894 in
1300 867 1397 893 Arabia
1415 867 1449 893 ab
1461 866 1554 894 eodem
1570 867 1696 894 auditum
1714 867 1805 901 conje-

1021 919 1077 941 ctat
1093 914 1159 950 (41),
1175 922 1206 941 ea
1223 914 1355 941 adductus
1370 913 1483 945 ratione,
1499 913 1571 947 quod
1585 911 1719 947 Origenes
1736 918 1806 940 anno

1020 961 1121 988 Christi
1135 961 1197 994 217,
1213 965 1242 987 ut
1253 959 1425 987 Tillemontio
1441 959 1496 994 (42)
1508 959 1618 994 placuit,
1634 959 1662 985 in
1676 958 1804 985 Arabiam

1020 1014 1034 1033 a
1048 1006 1194 1040 provincia:
1208 1005 1334 1041 praefecto
1349 1009 1477 1032 evocatus
1494 1003 1735 1039 migravit.Verum
1750 1004 1805 1030 haec

1020 1050 1146 1078 Halloixii
1159 1052 1315 1085 conjectura
1329 1050 1500 1077 Tillemontio
1516 1058 1611 1084 parum
1624 1049 1728 1077 arridet
1740 1049 1803 1084 (45).

1018 1096 1160 1133 Origeucm
1190 1096 1303 1124 Romam
1333 1104 1362 1124 se
1384 1096 1531 1123 contulisse
1555 1100 1662 1123 certum
1693 1095 1803 1122 omnino

1017 1149 1059 1171 est
1073 1143 1128 1179 (M)
1141 1152 1148 1176 ;
1167 1147 1332 1178 quapropter
1345 1143 1368 1169 si
1385 1141 1519 1169 Halloixio
1539 1142 1615 1169 licuit
1630 1150 1700 1176 pura
1715 1141 1804 1176 conje-

1018 1194 1093 1216 ctura
1107 1196 1229 1215 asserere
1243 1187 1271 1215 S.
1289 1187 1424 1223 Hippolyti
1443 1188 1580 1214 homiliam
1597 1187 1631 1214 ab
1647 1186 1768 1222 Origene
1781 1188 1806 1215 ill

1017 1234 1117 1261 Arabia
1132 1234 1253 1261 auditam
1270 1234 1371 1267 fuisse;
1392 1233 1470 1260 nobis
1484 1241 1603 1268 quoque,
1617 1233 1665 1267 qui
1681 1237 1805 1260 veterum

1017 1281 1178 1308 testimoniis
1196 1281 1368 1316 probavimus
1382 1279 1411 1306 S.
1425 1279 1598 1314 Hippolytum
1621 1278 1725 1306 Portus
1753 1278 1806 1304 Ro-

1017 1326 1090 1353 mani
1107 1334 1161 1353 non
1173 1326 1200 1353 in
1215 1325 1334 1358 Oriente,
1348 1325 1395 1352 sed
1410 1325 1437 1352 in
1456 1324 1600 1352 Occidente
1613 1325 1805 1359 episcopatum

1016 1372 1177 1404 obtinuisse,
1195 1371 1286 1398 licebit
1310 1371 1427 1404 ﬁrmare,
1445 1370 1617 1405 Hippolytum
1637 1370 1680 1396 vel
1700 1369 1806 1402 Roma,

1015 1418 1056 1444 vel
1081 1418 1108 1444 in
1132 1417 1274 1445 Portuensi
1286 1417 1410 1450 ecclesia,
1428 1421 1560 1452 praesente
1574 1415 1705 1452 Origene,
1720 1417 1806 1444 fuisse

1015 1464 1146 1492 locutum.

976 1534 997 1562 C
1014 1531 1108 1558 XXIV.
1131 1532 1160 1558 S.
1186 1531 1323 1566 Hippolyti
1348 1538 1523 1558 marmoreum
1550 1534 1755 1556 monumentum
1782 1530 1806 1556 in

1050 1576 1113 1602 agro
1131 1565 1334 1602 Verano'prope
1357 1567 1413 1601 ejus
1437 1566 1610 1592 cwmeterium
1631 1565 1666 1602 ull
1686 1565 1807 1602 antiquis

1050 1600 1149 1629 Christi
1163 1600 1283 1636 ﬁdelibus
1300 1602 1468 1632 collocatum,
1486 1602 1625 1636 antiquam
1646 1600 1807 1626 Portuensi:

1051 1635 1176 1664 Ecclesia:
1193 1637 1360 1664 traditionem
1375 1637 1484 1670 miri/ica
1497 1635 1659 1670 comprobat.

1050 1693 1169 1722 Tandem
1188 1693 1326 1721 nonnullis
1342 1693 1370 1720 S.
1389 1692 1522 1728 Hippolyti
1545 1692 1722 1726 episcopatus
1739 1691 1808 1718 Por-

1015 1739 1120 1766 tuensis
1133 1738 1224 1766 minus
1239 1739 1349 1771 arridet,
1365 1746 1398 1764 ex
1410 1746 1442 1765 eo
1451 1738 1523 1772 quod
1537 1737 1624 1772 ipsius
1642 1746 1809 1765 monumen-

1013 1829 1144 1865 rabatur)
1161 1830 1290 1858 accidisse
1305 1830 1380 1862 illud,
1400 1829 1470 1864 quod
1491 1829 1524 1857 de
1542 1829 1571 1856 S.
1590 1828 1742 1865 Hippolyto
1764 1838 1808 1856 re-

1012 1864 1110 1900 fertur,
1130 1873 1226 1900 nempe
1247 1866 1310 1892 dum
1326 1865 1484 1891 concionem
1500 1865 1532 1891 ad
1549 1865 1682 1899 populum
1698 1866 1734 1891 de
1753 1865 1808 1891 Do-

1013 1899 1080 1926 mini
1097 1899 1247 1927 Salvaloris
1263 1900 1342 1927 laude
1359 1900 1479 1930 haberet.
1496 1904 1577 1933 atque
1595 1899 1621 1925 in
1637 1905 1807 1933 praesentem

1012 1933 1154 1969 Origenem
1172 1935 1266 1961 oculos
1280 1935 1447 1967 intendisset,
1460 1935 1519 1969 ejus
1530 1936 1707 1969 prtesentiam
1724 1935 1810 1961 audi-

1012 1970 1118 1996 toribus
1133 1969 1276 2001 indicasse,
1291 1977 1338 1996 seu
1356 1970 1428 2004 quod
1445 1977 1507 1996 eum
1524 1970 1604 1996 dictis
1622 1969 1683 1996 suis
1701 1977 1806 1996 asseu-

1011 2004 1123 2040 tientem
1143 2004 1253 2040 videret,
1264 2012 1314 2040 seu
1340 2004 1417 2040 quod,
1432 2004 1506 2040 plebi
1527 2004 1618 2040 talem,
1636 2009 1808 2040 tantumque

1011 2038 1175 2074 declarando
1192 2039 1335 2074 hospitem,
1351 2038 1499 2074 gratiﬁcari
1513 2038 1600 2065 vellet.
1618 2048 1627 2064 ι

1047 2074 1103 2108 (42)
1123 2073 1200 2100 Tom.
1213 2073 1256 2105 Ill,
1274 2074 1301 2100 in
1318 2073 1442 2108 Origene,
1458 2079 1509 2100 art.
1524 2074 1568 2105 15,
1583 2081 1609 2108 p.
1625 2073 1691 2101 521.

1047 2108 1103 2144 (45)
1124 2108 1188 2135 Loc.
1210 2109 1268 2140 cit.,
1295 2117 1320 2143 p.
1338 2109 1390 2136 5'22
1407 2118 1414 2135 :
1432 2118 1441 2133 ι
1456 2108 1523 2135 Mais
1536 2116 1604 2144 pour
1618 2108 1643 2135 le
1663 2109 1720 2135 lien
1737 2114 1767 2136 et
1783 2110 1808 2136 le

1011 2148 1109 2177 temps,
1119 2144 1136 2170 il
1153 2148 1194 2171 est
1209 2143 1315 2171 dilllcile
1328 2144 1385 2170 il‘en
1401 2143 1458 2170 rien
1473 2144 1531 2170 dire
1545 2143 1578 2169 de
1591 2143 1709 2176 certain,
1720 2152 1808 2178 parce

1011 2186 1065 2214 que
1082 2186 1151 2205 nous
1173 2185 1207 2205 ne
1223 2186 1321 2206 savons
1335 2178 1412 2213 point
1426 2186 1459 2205 ea
1476 2178 1539 2213 quel
1560 2185 1628 2213 pays
1643 2178 1720 2205 saint
1737 2179 1808 2214 Hip-

209 2209 372 2250 (t’i8)_\0per_._
383 2210 428 2250 ελ
436 2209 651 2250 Hippolytiutomn.
670 2210 690 2242 I,
705 2220 764 2247 pag.
779 2213 886 2250 2|,ﬁubi
902 2215 958 2242 lure
975 2211 996 2238 ι)
1011 2209 1100 2250 polyte
1115 2213 1180 2250 etait
1195 2213 1306 2250 evéque.
1324 2224 1334 2239 ο

171 2244 259 2272 verba
271 2244 389 2271 Danielis
409 2244 587 2278 Papebrobhii
603 2244 755 2274 referuntur
772 2257 778 2274 :
795 2257 804 2273 ‹
820 2248 956 2277 Habemus

172 2279 481 2318 sinecriora-S.Aurete
502 2281 603 2318 pariter
615 2289 704 2318 passte
719 2283 793 2318 Acta,
809 2284 836 2310 in
857 2285 956 2318 quibus

172 2322 216 2340 res
231 2319 286 2353 tota
299 2315 444 2353 ascribitur
459 2319 578 2349 tempore
591 2316 735 2344 Alexandri
751 2318 817 2353 imp.
831 2315 890 2353 ipso
905 2327 955 2346 an-

173 2356 208 2387 tro
231 2349 351 2387 ﬂgiti“
362 2349 440 2375 Mart.
471 2357 582 2387 regnare
607 2352 706 2387 exorsi,
730 2349 956 2387 quo'priedictus

172 2383 309 2422 Hippolyti
332 2383 427 2423 Oanon
452 2383 620 2423 te‘riiiinatur,
636 2392 662 2413 et
676 2383 834 2416 Port'uensis
852 2397 901 2423 pro
922 2397 956 2416 eo

171 2419 294 2459 tempore
307 2419 450 2459 episcopus
464 2419 517 2459 illic
530 2422 678 2459 appellatur
691 2422 834 2458 Cyriaeus,
851 2419 954 2459 Hippo-

171 2454 323 2492 ηιμ-ἦγε·ξο
338 2455 487 2492 appellatur
500 2455 618 2482 Arabum
636 2454 871 2492 mctropolilan'us.
886 2454 898 2484 ἱ

208 2487 524 2529 (5-1?)_Tom.rl‘0p_ernm
548 2493 641 2529 sancti»
655 2487 800 2529 Hippblyti,
818 2502 877 2529 pag.
890 2494 930 2529 7‘20
945 2501 953 2521 :

174 2533 182 2547 ι
201 2531 216 2564 ξ
233 2523 292 2563 Kal.
310 2523 426 2564 S'tlpt.'lll
442 2524 523 2564 P_ortu
539 2526 613 2554 urbis
625 2523 716 2554 Rom-ae
732 2523 830 2556 natalis
844 2523 873 2557 ἕ.
888 2528 954 2564 Ilip-

172 2558 267 2592 polyti,
283 2558 329 2591 qui
345 2559 443 2586 dicitur
455 2559 576 2592 Nonnus,
593 2569 655 2588 cum
671 2563 753 2590 sociis
769 2565 836 2590 suis.
854 2574 862 2590 ι

206 2591 366 2630 (λρλεδβ.
381 2593 543 2630 Hieronymo
557 2597 638 2623 ctiam
654 2598 704 2625 hoc
718 2599 849 2626 discimus
864 2599 890 2625 in
905 2599 950 2626 lib.

170 2626 210 2669 He
224 2628 286 2669 viris
298 2627 458 2669 illustrious,
522 2631 571 2669 61,»
583 2630 665 2666 Oper.
689 2637 755 2660 tom.
774 2633 804 2667 ll,
819 2642 880 2669 pag.
900 2635 952 2661 886

169 2662 420 2704 εἱι.ει11ι.ῖ;111ξινδὶ-ἰ
434 2673 440 2690 ;
457 2662 670 2704 [Ηίρρσξιγξὺβμ.
680 2662 953 2704 δεμ-ἰρδὶι.’..”ει”προσ-

169 2695 279 2739 omittat:
297 2699 333 2737 de
355 2695 562 2739 laude_Domi:ni
576 2695 743 2739 'Salvatoris:
759 2704 784 2739 in
803 2695 867 2738 qua,
883 2695 951 2739 prte-

171 2731 513 2772 benteporigcnetseuloqui
529 2736 557 2772 in
572 2737 686 2763 ecclesia
701 2731 844 2772 significat.
859 2731 868 2764 ἱ

206 2766 375 2805 (il)ul_’etrus
387 2766 502 2805 Halloii,
521 2769 645 2804 Origenes
657 2766 788 2805 defensus,
811 2772 878 2800 Vita:
889 2773 950 2800 Ori-

170 2803 240 2841 gegi;
264 2802 311 2830 lib.
322 2811 347 2841 ἰ,
369 2811 394 2830 c.
409 2803 452 2841 10,
467 2813 527 2838 pag.
543 2802 577 2833 29
590 2806 653 2841 edit.
667 2802 758 2833 Leodii
774 2802 837 2834 anni
857 2809 925 2836 l6l8
942 2817 949 2836 :

172 2835 184 2863 ὶ
197 2835 271 2865 Tunc
283 2838 390 2875 quidem
406 2835 516 2876 (nempe
525 2848 586 2868 cum
597 2840 725 2877 Origenes
739 2843 766 2870 in
779 2843 877 2871 Arabia
893 2835 950 2871 mo;

1044 2247 1100 2282 (2H)
1120 2247 1147 2275 Id
1162 2249 1234 2275 enim
1250 2247 1349 2275 diserte
1365 2248 1448 2275 tradit
1459 2247 1592 2275 Eusebius
1608 2248 1656 2275 lib.
1673 2256 1702 2275 vt
1723 2248 1805 2276 Hist.

1007 2284 1082 2315 θεώ,
1100 2290 1124 2318 c.
1145 2283 1187 2315 M,
1204 2291 1262 2318 pag.
1282 2283 1352 2310 “.274:
1368 2293 1377 2308 ε
1394 2283 1572 2318 Adamantius
1586 2291 1651 2310 vero
1666 2283 1707 2317 (id
1725 2285 1807 2310 enim

1007 2317 1209 2353 etiainiOrigeni
1228 2317 1325 2345 nomen
1335 2318 1408 2352 luit),
1423 2317 1575 2353 Zephyrino
1590 2326 1638 2352 per
1652 2319 1712 2346 haec
1730 2323 1808 2345 lem-

1016 2360 1073 2379 )ora
1089 2352 1238 2379 Romanam
1253 2353 1399 2380 Ecclesiam
1418 2352 1595 2388 gubernante,
1609 2361 1639 2379 se
1656 2355 1684 2379 in
1701 2354 1807 2381 urbem

1032 2395 1122 2414 omam
1137 2389 1277 2415 advenisse
1293 2389 1396 2420 scribit,
1414 2395 1476 2415 cum
1491 2388 1541 2415 sibi
1560 2388 1586 2414 in
1603 2388 1672 2415 votis
1687 2388 1806 2420 fuisset.

1006 2423 1079 2450 sicut
1106 2423 1219 2457 ipsemet
1245 2423 1343 2450 alicubi
1369 2424 1445 2456 dicit,
1465 2423 1615 2449 Romanam
1642 2423 1808 2450 Ecclesiam

1006 2457 1127 2484 omnium
1141 2458 1358 2492 antiquissimam
1373 2466 1465 2485 coram
1483 2458 1584 2493 videre.
1604 2458 1642 2484 lbi
1654 2459 1808 2493 paulisper

1006 2498 1138 2522 moratus.
1165 2493 1356 2520 Alexandriam
1386 2494 1464 2520 redit.
1481 2503 1490 2518 ι
1512 2492 1637 2527 Legenda
1663 2498 1731 2519 sunt
1754 2492 1808 2526 Ea,

1005 2536 1065 2562 quae
1079 2536 1093 2554 a
1111 2527 1218 2555 Valesio
1242 2528 1406 2555 adnotantur
1420 2528 1453 2554 ad
1473 2529 1546 2554 hunc
1565 2528 1676 2554 Eusebii
1692 2529 1806 2560 locum,

1004 2564 1051 2598 qui
1075 2564 1199 2598 quamvis
1222 2563 1323 2591 invitus
1339 2563 1456 2590 Baronio
1476 2563 1616 2596 concedat,
1634 2563 1805 2598 hujusmodi

1005 2599 1148 2625 adventum
1168 2606 1241 2624 anno
1266 2598 1318 2625 “220
1337 2599 1493 2632 contigisse,
1511 2599 1549 2624 illi
1567 2603 1659 2625 tamen
1678 2606 1733 2625 non
1760 2607 1809 2626 as-

1004 2633 1127 2666 sentitur,
1140 2634 1264 2661 eumdem
1278 2635 1374 2660 iterum
1391 2633 1504 2660 Romam
1517 2634 1625 2660 venisse
1638 2641 1714 2660 anno
1729 2634 1805 2666 245,

1003 2673 1030 2695 et
1054 2669 1202 2695 secundum
1220 2670 1365 2695 adventum
1391 2671 1423 2696 de
1447 2669 1532 2696 altero
1553 2667 1672 2703 Origene
1690 2669 1805 2696 intelli—

1003 2704 1119 2738 gendum
1136 2705 1273 2731 observat.
1288 2703 1354 2730 Vide
1367 2704 1447 2731 etiam
1464 2703 1555 2730 Alloix
1575 2702 1644 2730 Vita:
1669 2703 1806 2738 Origem's

1002 2739 1051 2765 lib.
1062 2746 1091 2773 Vl,
1112 2747 1137 2766 (ι.
1155 2739 1181 2770 7,
1196 2747 1223 2773 p.
1235 2739 1280 2770 20,
1295 2744 1322 2765 et
1335 2739 1537 2765 'l‘illemontium
1553 2743 1621 2765 tom.
1640 2738 1684 2770 Ill,
1698 2746 1758 2765 art.
1773 2742 1805 2771 8,

1002 2774 1036 2808 de
1054 2772 1178 2808 Origene,
1197 2772 1265 2808 pag.
1283 2774 1335 2801 510
1349 2779 1376 2801 et
1390 2782 1478 2808 seqq,
1493 2774 1539 2800 ubi
1553 2775 1637 2800 etiam
1655 2774 1689 2801 de
1703 2774 1807 2808 ipsius

1004 2807 1119 2836 Romam
1135 2807 1263 2841 adventu,
1279 2814 1304 2837 et
1324 2817 1395 2836 anno
1412 2807 1497 2836 multa
1515 2809 1627 2836 habent.
