1857 3051
58 134 101 162 535
424 134 467 161 DE
487 133 682 162 PORTUENSI
701 135 728 162 S.
751 133 932 162 HIPPOLYTI
951 135 1046 162 SEDE.
1067 149 1101 156 -—
1121 135 1213 162 PARS
1232 134 1262 162 11.

1609 139 1660 164 5ὂῶ

58 197 105 220 tum
121 199 171 219 non
185 192 211 219 in
226 193 368 220 Parmensi
393 194 517 226 ecelesia,
531 195 574 222 cui
592 195 649 229 ipse
665 195 823 229 prmluit,ab
839 198 860 224 A
874 195 902 222 S.
919 195 1090 231 Hippolytum
1107 195 1147 223 vel
1158 194 1306 222 Tiburtinis
1319 196 1455 223 immerito
1468 196 1597 229 tribuere,
1607 199 1658 231 vel,

57 239 122 265 illius
142 238 291 265 cultoribus
310 240 427 273 positum
445 248 476 267 ac
489 241 650 267 collocatum
668 241 756 272 fuerit.
777 242 824 268 sed

57 291 111 318 agro
126 281 238 312 Verano.
256 285 373 319 Hujusce
385 285 423 312 rei
440 286 461 312 si
477 286 566 320 aliqua
586 286 731 313 haberetur
744 287 823 320 ratio,

57 329 214 366 Hippolytus,
227 338 280 358 non
297 331 465 364 Portuensis,
484 332 530 359 sed
547 331 706 359 Tiburtinus
719 333 824 367 episco-

56 384 175 411 pus,cum
189 376 325 412 Scaligero
336 378 467 405 dicendus
481 377 727 405 essethrumtam
745 379 823 413 longe

56 424 130 455 abest,
149 427 177 450 ut
192 423 346 458 bujusmodi
360 428 548 457 argumentum
566 432 622 451 rem
637 429 756 451 nostram
784 425 824 451 in-

55 467 159 503 fringere
173 469 213 495 vel
230 469 371 495 minimum
386 470 482 502 valeat,
499 470 621 505 quinimo
636 476 750 498 veterem
767 470 820 497 Ro-

55 522 130 542 manae
145 514 271 542 Ecclesia:
285 515 457 542 traditionem
473 516 506 542 de
521 515 662 543 Portucnsi
684 516 712 542 S.
726 515 823 550 Hippo-

55 560 94 595 lyti
110 560 168 587 sede
183 568 263 594 quam
288 561 405 588 maxime
419 561 572 588 conﬁrmet.
588 561 695 589 Etenim
720 562 825 596 insigne

55 605 109 632 Illud
131 606 195 632 tanti
221 607 348 641 martyris
367 612 571 634 monumentum
590 608 615 634 in
634 615 698 642 agro
717 606 823 634 Verauo

55 651 155 686 positum
171 656 196 678 et
210 657 346 686 repertum
363 651 424 684 fuit,
445 653 508 686 quia
533 653 630 680 ibidem
650 653 678 679 S.
699 653 823 688 martyris

55 698 169 732 reliquim,
184 703 212 724 ut
225 697 388 726 Prudentius
406 707 456 726 nos
471 699 576 731 docuit,
591 708 605 726 a
621 699 783 727 Christianis
796 701 823 726 in

55 744 193 770 cmmeterio
209 744 325 771 condita:
343 744 462 776 fuerunt,
477 745 547 779 quod
575 750 668 780 postca
694 753 747 772 una
762 753 822 772 cum

55 789 150 816 adicula
165 789 192 816 S.
207 789 343 825 Hippolyti
360 791 469 818 nomine
485 790 540 818 Deo
557 791 608 817 fuit
620 791 738 818 dicatum
756 791 821 827 (45);

56 842 101 868 quo
112 834 136 861 in
149 835 206 862 loco
219 843 282 863 cum
296 835 367 863 Deus
381 840 437 870 opt.
449 844 523 863 max.
537 837 604 864 tanti
618 837 744 873 martyris
759 845 820 872 pre-

55 879 120 907 cibus
149 881 349 916 quamplurima
388 882 519 909 miracula
557 882 663 917 operari
692 882 818 917 dignare-

56 925 164 960 ιυιιμϐ),
188 926 305 954 Romani
331 928 470 962 exterique
498 935 595 963 magna
621 927 772 963 frequentia
792 929 820 957 S.

55 971 164 1005 martyris
179 971 313 998 tumulum
331 972 544 1005 venerabantur;
561 973 632 1000 unde
649 972 821 1007 Prudentius,

55 1015 92 1049 qui
106 1015 191 1044 Romae
204 1015 257 1044 fuit
273 1021 300 1044 et
313 1018 473 1052 populorum
488 1019 687 1046 multitudinem
704 1027 821 1054 prmscns

56 1061 188 1096 conspexit,
203 1063 260 1090 haec
277 1063 371 1090 scribit
386 1063 440 1098 (47)
457 1072 463 1090 :

98 1118 168 1145 Mane
181 1119 330 1146 salutatum
345 1121 520 1153 concurritur,
537 1122 621 1148 omnis
639 1122 733 1149 adorat

128 1153 215 1191 Pullis,
227 1160 301 1191 eunt,
318 1155 425 1191 redeunt
437 1155 499 1182 solis
513 1156 546 1182 ad
563 1165 643 1191 usque
657 1157 767 1184 obitum.

98 1187 232 1227 Conglobat
242 1190 272 1227 in
285 1198 394 1227 cuneum
405 1189 497 1227 Latios
508 1187 633 1223 simulfet
646 1193 794 1227 peregrinas

127 1223 277 1251 Permistim
293 1224 402 1259 populos
420 1225 554 1260 religionis
570 1223 654 1253 amari

56 1278 179 1314 Etvpaucis
197 1280 348 1315 intcrjectis
367 1282 454 1309 sancti
475 1281 611 1318 Hippolyti
626 1283 697 1310 diem
721 1283 819 1312 festum

56 1323 131 1352 Idibus
155 1325 269 1360 Augusti
296 1327 426 1354 celebrari
453 1328 562 1356 solitum
590 1329 758 1363 describens,
783 1331 821 1357 in-

56 1369 104 1403 quit
117 1368 167 1404 (is)
183 1379 190 1397 ;

99 1427 157 1467 [Ινρρ
168 1433 280 1463 augusta
291 1437 352 1467 suos
363 1429 441 1467 vomit
453 1429 612 1467 effunditque
622 1432 740 1467 quirites,

130 1463 182 1500 Una
192 1469 216 1491 et
227 1465 355 1500 patricios
368 1464 508 1500 ambitione
523 1463 591 1500 pari,

101 1497 235 1537 Copfundit
246 1499 348 1534 plebeia
359 1499 475 1532 phalanx
486 1497 639 1537 umbonibus
650 1503 730 1537 inquis

128 1533 268 1571 Discrimen
278 1542 424 1571 procerum,
435 1536 614 1569 prwcipitaute
623 1533 690 1571 ﬁde';

99 1567 240 1605 Negmiuus
252 1570 364 1596 Albanis
378 1567 446 1596 acies
458 1579 484 1596 se
494 1567 607 1597 candida
619 1567 700 1605 portis

129 1603 258 1639 Explicat,
271 1609 295 1631 et
309 1604 393 1639 longis
404 1605 511 1632 ducitur
522 1603 666 1634 ordinibus.

98 1637 227 1674 Exsultant
238 1637 362 1674 fremitus
372 1641 505 1666 variarunt
515 1641 574 1667 hinc
585 1642 643 1668 inde
654 1643 764 1673 viarum.

127 1673 258 1708 Indigena,
273 1679 297 1701 et
310 1675 412 1706 Picens,
424 1675 496 1709 plebs
507 1681 531 1702 et
544 1675 657 1703 Etrusca
668 1679 746 1705 venit.

97 1706 210 1735 Convenit
221 1709 354 1736 Samnitis
365 1706 442 1736 atrox
453 1711 596 1743 habitator,
606 1716 631 1738 ct
642 1712 703 1739 alue

127 1743 393 1780 CatnpanusrCaputc,
404 1745 513 1780 jamque
525 1745 646 1774 Nolanus
657 1748 739 1775 adest.

97 1776 201 1815 Quisque
209 1787 257 1805 sua
269 1776 346 1806 [tctus
357 1776 413 1806 cuni
425 1776 543 1815 conjuge,
554 1781 674 1809 dulcibus
685 1789 708 1810 et
723 1792 782 1810 cum

129 1813 283 1851 Pignorribus
295 1815 416 1851 rapidum
427 1813 532 1850 carpere
544 1817 619 1851 gestit
631 1817 697 1849 iter;

102 1846 354 1888 Vis-{capiuntpatuli
365 1846 519 1888 populorum
531 1846 627 1888 gizudia
638 1846 740 1888 canipi;

127 1882 210 1910 Hazret
221 1888 246 1910 et
258 1885 286 1910 in
298 1882 403 1921 magnis
409 1885 490 1912 densa
501 1882 592 1913 cohors
603 1882 706 1921 spatiis:

99 1919 231 1955 Angustum
245 1920 327 1955 tantis
340 1919 406 1946 illud
418 1929 508 1955 specus
519 1930 573 1949 esse
588 1919 696 1950 catervis

151 1953 200 1980 aud
214 1953 325 1980 dubium
341 1959 391 1988 est,
404 1953 494 1990 ampla
505 1957 581 1991 fauce
592 1958 652 1984 licet
662 1963 761 1993 pateat.

56 2006 109 2034 Cum
122 2008 195 2044 igitur
213 2017 366 2038 marmorea
384 2010 412 2038 S.
431 2011 566 2048 Hippolyti
592 2014 720 2042 cathedra
746 2016 815 2043 inter

57 2051 150 2085 hujusce
170 2057 317 2083 cmmeterii
331 2057 428 2084 rudera
449 2057 546 2085 effossa
564 2058 655 2092 fuerit,
671 2068 750 2088 nemo
763 2069 815 2088 nou

56 2097 113 2125 videt
124 2098 284 2136 Scaligerum
297 2102 419 2137 aliosque
431 2102 501 2130 futili
513 2104 668 2132 coniectura
678 2106 815 2142 deceptos,

84 2187 174 2230 (_-55)‘In
191 2191 277 2230 citato
291 2191 400 2230 _hymno
425 2191 606 2230 _S_._Hippolyti
630 2198 813 2224 cmmeterium
832 2199 852 2226 D

56 2220 126 2259 ipsius
137 2225 170 2252 ita
183 2220 328 2259 describit:
336 2235 408 2255 vers.
425 2228 473 2255 151
489 2237 496 2255 :

98 2257 167 2298 Haud
181 2261 269 2298 procul
281 2257 397 2298 extrema
410 2263 483 2289 culta
494 2263 529 2289 ad
541 2265 666 2298 pomwria
678 2266 746 2293 vallo

128 2293 208 2333 llcrsa
222 2296 361 2333 latebrosis
376 2303 468 2332 crypta
483 2293 553 2332 pach
568 2299 656 2333 foveis.

100 2326 174 2370 Hujus
187 2331 212 2356 in
228 2331 359 2370 occultum
371 2326 496 2370 gradibus
508 2334 549 2359 via
562 2326 645 2370 prona
660 2336 762 2370 reﬂexis

135 2366 166 2404 [re
180 2373 223 2400 per
239 2366 377 2404 anfractus
391 2367 448 2394 luce
462 2366 658 2397 latente’docet.

99 2395 191 2439 Primos
207 2395 396 2439 naméuelfores
410 2411 513 2439 summo
527 2409 599 2430 tenus
611 2395 696 2432 intrat
711 2406 795 2439 hiatu,

127 2432 292 2470 llluslratque
306 2432 360 2463 dies
374 2437 467 2464 limina
482 2439 612 2467 vestibuli.

97 2467 152 2507 Inde
164 2470 205 2496 ubi
217 2467 356 2507 progressu
370 2472 445 2506 facili
460 2473 603 2507 nigrescere
618 2475 673 2502 visa
689 2482 725 2503 est

128 2502 182 2530 No:
197 2502 317 2545 obscura,
330 2502 381 2545 loci
393 2515 438 2541 per
452 2502 542 2545 apert-us
558 2502 725 2545 ambiguum;

99 2535 232 2577 Occurrunt
245 2535 471 2577 Acelsi'srimn'tensa'
481 2535 702 2577 foraminuri’ec’tis

128 2571 298 2612 Qutejaciunt
313 2576 397 2603 claros
411 2571 489 2604 antra
504 2587 580 2612 super
596 2571 695 2607 radios.

98 2605 232 2645 Quamlibet
248 2611 374 2645 ancipites
389 2616 478 2639 texant
493 2605 553 2640 1ιίηό
570 2605 758 2644 maluimus

127 2641 201 2682 arcta
213 2645 259 2670 sub
270 2641 405 2682 umbrosis
419 2649 489 2674 atria
500 2649 643 2682 porticibus
655 2659 663 2677 :

99 2674 206 2713 Allgmett
219 2680 299 2707 excisi
312 2683 401 2708 subter
417 2691 480 2709 cava
494 2674 591 2711 iiscera
604 2687 699 2713 montis

119 2711 217 2752 .Crcbra
230 2716 356 2752 terebrato
370 2718 469 2750 fornice
482 2718 528 2744 lux
545 2711 672 2752 penetrat.

100 2742 226 2786 Sicndatur
240 2749 353 2786 absentis
368 2742 413 2786 per
427 2742 596 2781 subterra'nca
610 2742 671 2781 solis.

128 2782 229 2824 gernere
243 2782 582 2824 fulgorem,luminibusque
596 2790 659 2823 frui.

59 2808 82 2837 ῖι
94 2815 163 2856 tigillo
255 2808 531 2850 Q’e’ré'iié’iii'ééi'i'iti

102 2847 195 2880 Talibus
208 2847 445 2891 llippolyticoi'pus
460 2847 600 2886 mandatur
612 2861 707 2895 apertis

875 242 947 276 quod
973 243 1049 276 pejus
1065 246 1117 274 est,
1136 250 1185 268 nec
1202 243 1227 268 iu
1241 241 1394 273 Portucnsi,
1411 250 1459 269 nec
1476 243 1502 269 in
1522 243 1574 270 alia
1593 253 1660 278 qua-

875 288 916 314 vis
935 286 1089 315 Occidentis
1111 286 1228 314 Ecclesia
1249 288 1351 314 sedisse
1372 296 1433 314 cutn
1455 288 1564 322 Moynio
1582 295 1660 315 CiL'lt'-

876 334 966 367 risque
981 341 1121 368 perperam
1138 341 1243 368 negare.
1263 334 1371 368 Antiqui
1389 342 1454 368 ergo
1469 335 1570 362 (lhristi
1593 336 1660 362 ﬁde-

875 379 914 404 les
932 382 1049 404 statuam
1069 377 1096 404 S.
1115 377 1250 413 Hippolyti
1267 379 1375 405 nomine
1397 379 1530 414 insignem
1549 381 1575 407 in
1595 389 1659 416 agro

876 422 982 449 Vcrano
1008 423 1057 450 via:
1081 423 1229 450 Tiburtiuze
1249 425 1376 459 contiguo
1399 425 1580 457 collocarunt,
1605 435 1658 453 non

875 469 945 503 quod
959 469 1015 503 ipse
1026 468 1184 496 Tiburtinus
1199 469 1281 496 fuerit
1294 470 1448 504 episcopus,
1463 471 1510 498 scd
1524 472 1585 506 quia
1599 479 1659 505 prc-

875 513 1026 540 tiosissima‘
1041 513 1106 540 tanti
1127 513 1255 548 martyris
1269 513 1390 547 pignora,
1406 521 1420 540 a
1436 513 1517 540 Portu
1535 515 1658 541 Homano

875 557 1121 592 translataJihidem
1139 557 1247 584 fuerunt
1263 558 1376 591 sepulta.
1394 558 1573 594 Quapropter,
1591 567 1659 594 pne-

875 608 915 630 ter
946 603 997 630 hoc
1021 603 1219 630 nobilissimum
1237 604 1321 638 ipsius
1338 610 1555 637 monumentum,
1570 606 1654 632 miuo-

875 657 918 676 res
930 649 1012 676 etiam
1027 649 1205 684 imagunculae
1221 650 1388 685 anaglyphici
1404 651 1494 684 operis
1505 651 1603 678 ibidem
1615 651 1659 679 de-

875 699 950 721 tecta:
968 699 1074 729 patrum
1093 700 1246 722 llOSll‘Ol‘HHl
1260 696 1389 722 memoria
1405 695 1524 729 fuerunt,
1540 705 1656 731 quarum

874 745 978 774 ectypa,
1008 745 1037 767 ut
1066 740 1133 768 alias
1158 741 1373 773 observavimus,
1399 742 1478 768 nobis
1506 743 1658 777 suppeditat

874 786 1027 821 Aringhius.
1043 786 1071 813 S.
1089 786 1222 822 Hippolyti
1236 787 1316 822 igitur
1328 793 1534 815 monumentum
1551 789 1577 816 in
1592 797 1658 824 agro

873 832 982 860 Verano
999 838 1134 868 repertum
1154 842 1292 869 nunquam
1315 839 1354 862 tot
1367 835 1530 870 scriptorum
1544 836 1577 863 de
1592 835 1659 863 Por-

873 878 961 905 tucnsi
987 879 1050 906 sedc
1075 880 1160 914 ipsius
1188 881 1349 907 sententiam
1379 881 1516 910 inﬁrmare
1542 883 1657 916 poterit;

873 924 928 951 imo
942 924 1000 959 ipsa
1015 932 1047 951 cx
1067 925 1117 952 hoc
1135 926 1202 952 miro
1215 925 1326 952 fulcitur
1338 927 1504 958 testimonio,
1520 935 1581 954 cum
1598 935 1658 954 mo-

873 974 1031 995 numentum
1048 969 1122 1001 illud,
1135 970 1206 1004 quod
1220 970 1248 996 S.
1263 969 1399 1005 Hippolyti
1414 971 1533 1006 episcopi
1544 977 1570 998 et
1586 980 1658 998 mar-

874 1013 941 1048 tyris
963 1022 1023 1040 CSSC
1048 1022 1127 1041 llUHlO
1150 1022 1268 1049 unquam
1289 1023 1388 1051 negare
1409 1024 1492 1043 ausus
1508 1022 1559 1050 851,
1576 1024 1658 1051 prope

872 1060 1057 1086 conneterium
1075 1059 1205 1087 eﬁossum
1223 1061 1268 1092 sit,
1287 1061 1332 1088 ubi
1350 1065 1424 1088 certo
1432 1062 1534 1089 scimus
1547 1061 1576 1089 S.
1592 1061 1657 1097 Hip—

872 1104 955 1139 polyti
987 1104 1128 1139 reliquias,
1152 1113 1183 1132 ex
1209 1104 1291 1132 Portu
1320 1105 1444 1134 Romano
1474 1108 1657 1141 translatas,a

873 1150 972 1178 Christi
986 1151 1110 1178 ﬁdelibus
1127 1150 1211 1178 fuisse
1226 1152 1371 1186 repositas.

873 1208 1098 1245 ΧΧνί-Μονηὶιιε
1117 1208 1267 1237 Parmensis
1282 1209 1408 1237 Ecclesia:
1423 1211 1609 1245 antiquitatem
1625 1209 1654 1238 S.

949 1243 1087 1278 Hippulyli
1103 1253 1156 1272 amo
1173 1245 1300 1279 a’qualem
1313 1253 1450 1279 perperam
1464 1243 1576 1280 negavit.

906 1289 982 1316 Nunc
998 1289 1132 1324 reliquum
1145 1295 1196 1323 est,
1213 1295 1240 1317 ut
1255 1291 1346 1324 aliqua
1370 1291 1403 1318 de
1428 1290 1588 1319 Portuensis
1607 1291 1657 1319 Ec-

871 1336 959 1363 clesiae
973 1336 1134 1370 antiquitate
1149 1335 1250 1362 cursim
1273 1335 1431 1369 delibcmus,
1450 1345 1482 1363 ne
1501 1337 1562 1372 quis
1579 1338 1657 1366 nobis

871 1382 981 1416 ohjiciat
997 1389 1057 1408 cmn
1074 1380 1191 1416 Moynio,
1207 1380 1235 1407 S.
1253 1380 1426 1416 llippolytmn
1443 1382 1562 1417 ejusdem
1584 1383 1656 1410 sedis

870 1426 1025 1460 episcopum
1043 1433 1102 1453 esse
1117 1433 1170 1453 non
1187 1426 1320 1460 potuisse,
1335 1434 1367 1453 eo
1382 1427 1454 1461 quod
1472 1428 1590 1462 scquiori
1609 1435 1656 1462 po-

871 1471 925 1498 tius
946 1478 1013 1503 azvo,
1028 1478 1109 1504 quam
1124 1471 1321 1505 antiquissimis
1337 1471 1365 1497 S.
1380 1472 1506 1507 martyris
1522 1473 1651 1507 tempori-

870 1517 921 1545 bus
936 1517 1013 1543 sedes
1027 1515 1184 1543 Portuensis
1199 1516 1321 1544 instituta
1336 1525 1396 1544 esse
1411 1517 1622 1551 virlcatur.Quod
1632 1519 1654 1545 si

869 1562 1047 1590 Portuensem
1082 1560 1230 1588 Ecclesium
1261 1561 1460 1596 antiquissimis
1489 1563 1654 1597 temporibus

869 1615 934 1634 suos
950 1607 1094 1641 episcopos
1112 1607 1241 1634 habuisse
1267 1607 1344 1634 nobis
1362 1608 1477 1642 probare
1500 1609 1655 1644 contigerit,

870 1654 984 1688 ipsemet
1004 1653 1128 1689 Moynius
1152 1662 1249 1681 manus
1264 1655 1349 1682 victas
1366 1655 1450 1688 dabit,
1465 1660 1491 1682 et
1509 1654 1538 1682 S.
1555 1655 1655 1690 Hippo-

869 1699 965 1734 lytum,
989 1706 1069 1734 quem
1093 1699 1195 1726 dudum
1220 1698 1374 1727 Homzeritis
1398 1700 1517 1728 tribuere
1540 1706 1655 1728 conatus

868 1750 920 1777 est,
952 1745 1095 1773 Portucnsi
1125 1745 1254 1772 Ecclesia:
1284 1745 1417 1773 restituet.
1446 1745 1484 1772 En
1512 1746 1654 1781 ipsiusmet

868 1791 968 1827 Moynii
983 1791 1064 1818 verba
1081 1791 1135 1826 (49)
1154 1801 1159 1818 :
1179 1800 1188 1816 ι
1203 1792 1321 1826 lngcnue
1346 1796 1435 1818 tamen
1459 1792 1596 1826 proﬁteor,
1611 1801 1654 1820 me

868 1845 929 1865 cum
944 1837 1035 1865 multis
1050 1837 1127 1864 facile
1149 1837 1344 1870 admissurum,
1362 1837 1534 1873 Hippolytum
1551 1839 1653 1866 dictum

868 1883 1024 1918 episcopum
1043 1882 1207 1915 Romanum,
1219 1883 1282 1918 quia
1296 1883 1393 1910 Portus
1410 1884 1436 1910 iu
1451 1883 1573 1911 Romana
1586 1885 1653 1912 dice-

869 1929 923 1955 cesi
938 1933 997 1955 erat
1011 1928 1165 1963 episcopus,
1182 1929 1205 1956 si
1221 1933 1357 1956 constaret
1370 1928 1480 1956 Portum
1496 1929 1580 1957 fuisse
1593 1931 1652 1965 epi-

868 1979 1008 2009 scopatum
1026 1978 1145 2009 tempore
1159 1973 1306 2010 Hippolyti,
1320 1981 1348 2002 et
1363 1976 1492 2011 episcopo
1509 1977 1652 2005 Portuensi

868 2019 960 2046 eadem
977 2019 1121 2053 permissa,
1136 2027 1197 2054 quae
1214 2021 1411 2054 posterioribus
1431 2021 1597 2055 temporibus
1614 2022 1652 2049 illi

867 2064 1000 2099 permissa
1015 2068 1078 2091 sunt
1091 2064 1117 2091 in
1129 2064 1224 2091 ordine
1239 2065 1428 2099 cardinalium,
1444 2067 1471 2093 in
1483 2067 1653 2095 ordinatione

867 2115 894 2137 et
908 2111 1111 2138 consecratione
1127 2110 1261 2146 pontiﬁcis
1277 2110 1402 2143 Romani,
1419 2116 1445 2139 et
1455 2112 1482 2138 in
1494 2114 1579 2140 sacris
1590 2114 1653 2148 qui-

956 2198 1068 2233 Propter
1081 2199 1125 2225 ubi
1139 2200 1260 2234 apposita
1274 2204 1312 2226 est
1325 2209 1373 2226 ara
1388 2201 1477 2226 dicata
1491 2201 1554 2228 Deo.

920 2233 973 2270 Illa
987 2235 1147 2270 sacramenti
1161 2235 1287 2261 donatrix
1301 2243 1399 2267 mensa,
1417 2235 1557 2270 eademque

954 2269 1048 2296 Custos
1061 2269 1117 2303 [ida
1133 2270 1175 2296 sui
1191 2271 1316 2303 martyris
1332 2271 1464 2304 apposita,

919 2303 1010 2340 Servat
1023 2308 1056 2330 ad
1073 2305 1165 2331 aztemi
1180 2303 1359 2340 spcmludicis
1367 2303 1432 2332 ossa
1442 2306 1561 2340 sepulcro
1570 2327 1577 2338 ,

953 2338 1045 2366 Pascit
1059 2340 1121 2366 item
1136 2340 1234 2366 sanctis
1252 2339 1396 2366 Tibricolas
1411 2338 1533 2374 dapibus.

901 2385 957 2423 (Mi)
978 2385 1075 2423 lugens
1101 2386 1294 2423 miraculorum
1321 2387 1396 2423 copia
1419 2387 1496 2423 ads.
1512 2387 1650 2423 Hippolyti-

866 2421 1035 2457 tumulunra
1048 2421 1104 2457 Deo
1115 2421 1293 2455 patratorum,
1311 2422 1393 2448 etiam
1410 2422 1444 2448 ab
1455 2422 1514 2457 ipso
1528 2421 1649 2450 Pruden-

865 2455 902 2481 tio
922 2455 1083 2482 describitur
1096 2456 1148 2482 loc.
1165 2459 1210 2483 cit.
1225 2464 1295 2484 vers.
1311 2456 1361 2484 175
1374 2467 1382 2483 ι

917 2500 988 2537 Mira
999 2500 1050 2537 loci
1060 2501 1153 2535 pietas,
1165 2507 1190 2528 et
1201 2507 1321 2537 prompta
1332 2503 1497 2537 precantibus
1509 2512 1554 2530 aro

953 2536 1016 2570 Spes
1027 2535 1159 2562 hominum
1170 2535 1280 2571 placida
1288 2535 1459 2572 prosperitate
1465 2538 1550 2572 juvat.

917 2569 970 2608 Ilio
974 2569 1131 2608 corruptelis
1143 2569 1276 2606 animique
1285 2569 1310 2598 et
1320 2569 1436 2607 corporis
1448 2569 1529 2608 (eger,

951 2605 1031 2633 Oravi
1042 2606 1141 2640 quoties
1151 2605 1261 2638 stratus,
1274 2616 1348 2641 opem
1358 2605 1452 2635 merui.

917 2640 991 2677 ngd
1001 2641 1075 2677 [letor
1086 2641 1183 2677 reditu,
1194 2643 1263 2676 quod
1277 2647 1310 2674 te,
1322 2644 1465 2670 venerande
1475 2645 1606 2677 sacerdos,

948 2676 1089 2715 tiontplecti
1101 2676 1201 2715 licitum
1212 2683 1261 2715 est,
1273 2677 1357 2715 scribo
1369 2679 1437 2713 quod
1447 2679 1503 2715 [truc
1512 2679 1614 2715 eadem,

915 2711 1057 2746 Hippolyto
1069 2712 1122 2738 scio
1134 2720 1173 2738 nte
1183 2712 1294 2739 debere:
1307 2711 1428 2739 Deus'cui
1440 2714 1559 2741 Christus

950 2746 1031 2773 Posse
1042 2747 1123 2780 dedit,
1135 2747 1203 2782 quod
1214 2749 1271 2782 quis
1282 2749 1393 2783 postulet
1416 2757 1539 2777 annuere.

901 2792 956 2825 (47)
977 2792 1040 2819 Loc.
1058 2793 1105 2819 cit.
1124 2801 1195 2821 vers.
1214 2794 1276 2822 190.

897 2827 953 2859 (48)
973 2827 1039 2854 Loc.
1056 2828 1102 2854 cit.
1121 2837 1192 2856 vers.
1209 2828 1272 2857 200.

898 2829 942 2859 (48
973 2829 1039 2854 Loc.
1056 2829 1102 2854 cit.
1121 2837 1192 2856 vers.
1209 2829 1272 2857 200.

898 2829 953 2898 (ως
975 2862 1009 2891 Dc
1024 2863 1051 2890 S.
1068 2863 1211 2901 Hippolyto
1226 2865 1350 2900 diatriba,
1365 2875 1389 2902 p.
1409 2867 1454 2901 29,
1472 2871 1538 2903 terg.
