1857 3051
192 93 246 121 5'55

587 91 630 118 DE
648 88 844 117 PORTUENSI
863 89 891 116 S.
913 88 1099 117 HIPPOLYTI
1119 89 1215 116 SEDE.
1233 103 1267 109 ——
1283 87 1374 116 PARS
1393 88 1426 115 ll.

1765 83 1813 112 536

193 153 306 180 busdam
321 152 454 180 obeundis
465 152 491 178 in
500 151 582 178 variis
595 151 688 178 Romae
697 150 803 178 sacellis
814 155 841 177 et
850 150 980 177 basilicis.
999 153 1017 179 Α
1034 150 1134 178 nemini
1150 150 1261 177 dubium
1275 149 1336 176 erit.
1355 148 1479 184 Moynius
1495 147 1576 174 nimis
1591 145 1771 175 conﬁdenter,
1787 154 1815 171 ne

193 197 245 226 Sed
263 199 312 227 ista
329 203 393 225 sunt
408 197 543 232 sequioris
559 197 618 228 aevi,
633 204 683 224 nec
698 195 797 223 Portus
810 196 983 230 episcopatus

192 249 267 272 tanta
285 253 312 271 se
330 248 418 278 potest
430 247 565 270 vetustate
584 242 787 269 commendare.
801 251 809 267 I
824 241 983 269 Porluensis

192 291 364 325 episcopatus
385 289 574 323 antiquitatem
592 287 717 322 Moynius
730 287 803 314 facili
819 287 927 322 negotio
943 287 984 313 in-

193 337 297 371 spicere
307 340 423 370 poterat,
432 335 454 362 si
468 335 640 362 notissimum
656 334 827 369 Geograpltite
838 342 922 361 sacrm
934 342 968 361 vo
977 349 984 354 -

193 382 282 409 lumen
291 390 305 408 a
320 381 422 408 Carolo
431 389 446 408 a
461 380 563 408 Sancto
574 381 660 407 Paulo
671 380 839 407 elaboratum
852 380 984 415 tantisper

193 428 385 460 consuluisset,
413 436 464 455 nec
487 428 544 456 solo
564 427 670 463 Ugbelli
694 427 852 454 testimonio
876 427 986 462 acquie-

193 483 269 502 scere
293 474 444 507 maluisset,
473 474 520 509 qui
548 477 637 500 tamcu
663 481 718 500 non
746 473 893 500 admodum
922 481 984 501 sero

193 521 387 548 Portuensium
412 521 604 555 episcoporum
633 521 731 547 seriem
755 520 893 548 inchoavit
915 520 983 556 (50).

193 568 309 596 Carolus
324 576 338 594 a
357 567 386 594 S.
401 567 485 594 Paulo
496 567 551 603 (51)
564 566 724 601 Gregorium
739 567 843 599 laudat,
857 567 903 602 qui
919 575 985 595 con-

193 615 258 641 cilio
274 614 426 640 Arelatensi
444 613 534 648 primo
551 613 674 640 interfuit
688 617 716 640 et
734 613 897 648 subscripsit
910 613 984 648 (52);

195 659 326 693 Ughcllus
352 658 507 685 Romanum
536 658 692 693 subjuugit,
720 658 851 693 quicirca
881 666 983 686 annum

197 705 304 732 Domini
323 705 375 732 570
391 705 468 736 vixit.
485 709 512 732 et
527 705 655 739 deinceps
679 709 811 740 utrosque
831 709 984 740 sequuntur

195 751 304 784 Petrus,
319 751 429 782 Castus,
444 751 554 786 aliique.
578 751 598 780 A
622 750 767 779 Portucnsi
782 751 909 785 episcopo
927 751 984 778 Ro-

195 806 307 826 manum
324 798 481 833 pontificem
498 797 665 830 consecrari,
679 805 722 825 res
737 805 790 824 non
807 797 874 825 adeo
888 805 984 825 recens

1033 197 1158 223 dicamus
1186 200 1301 228 temere,
1326 194 1411 230 ipsius
1436 193 1624 228 antiquitatem
1655 192 1682 218 in
1707 191 1814 218 dubium

1034 250 1161 270 revocare
1187 250 1272 269 ausus
1294 246 1345 272 est,
1367 245 1394 268 et
1417 247 1479 267 cum
1496 239 1644 274 Gregorius
1663 238 1749 272 ipsius
1765 239 1816 271 epi-

1035 297 1134 324 seopus
1142 289 1258 316 concilio
1267 287 1419 315 Arelatensi
1435 286 1601 317 interfuerit,
1611 285 1708 320 paucis
1720 284 1817 311 scilicet

1035 334 1114 361 annis
1142 338 1203 369 post
1231 333 1364 360 redditam
1389 331 1531 359 catholicte
1554 331 1684 358 Ecclesia:
1709 338 1815 365 pacem,

1036 379 1141 405 nullum
1155 378 1309 413 ambigendi
1323 378 1412 404 locum
1426 383 1569 411 superesse
1585 383 1742 407 censomus,
1756 374 1816 409 quin

1036 424 1194 452 Portuensis
1224 424 1398 459 episcopatus
1432 422 1581 458 primordia
1614 422 1650 449 ab
1680 420 1817 456 Hippolon

1035 471 1182 506 repetenda
1214 479 1274 498 esse
1305 470 1469 500 credamus,
1492 469 1615 503 aliosque
1642 472 1707 503 post
1735 468 1816 502 ipsum

1036 520 1179 554 episoopos
1195 517 1373 545 Portuensem
1393 517 1542 544 Ecclesiam
1558 523 1644 550 usque
1666 515 1701 542 ad
1721 514 1817 549 Grego-

1036 565 1107 592 rium
1137 564 1306 596 obtinuisse,
1336 564 1530 599 quinquaginta
1555 562 1660 590 scilicet
1691 568 1819 588 annorum

1035 610 1188 638 intervallo.
1202 617 1320 646 quorum
1344 609 1455 637 nomina.
1476 615 1627 644 temporum
1650 607 1752 642 injuria
1765 614 1819 642 pcr—

1036 657 1126 683 ieruut
1139 656 1206 691 (56).

1039 702 1136 730 XXVI.
1160 703 1263 738 Moyuii
1278 703 1407 730 divinatio
1421 703 1453 730 de
1468 703 1577 738 antiqua
1593 702 1696 735 Portus
1716 700 1821 729 Romani

1223 739 1292 766 acris
1307 739 1493 765 iusalubrt'tate
1504 738 1632 773 rejicitur.

1071 791 1126 819 Nec
1144 793 1268 826 insurgat
1285 791 1410 828 Moynius
1425 791 1478 819 loc.
1501 790 1626 825 proxime
1647 789 1734 816 citato
1758 787 1821 822 obji-

194 850 255 877 est;
273 829 335 871 naui
353 852 386 870 ex
402 843 504 870 Dim-rw
527 843 706 870 Romanarum
725 843 889 878 pontiﬁcatu,
903 851 983 878 quem
1001 829 1023 858 Β
1037 838 1135 866 ciendo
1143 837 1252 865 Portum
1265 837 1487 870 Romanum,aeri
1499 835 1655 863 inclementi
1664 834 1821 864 obnoxium,

195 890 338 918 collectum
357 894 418 924 post
435 897 535 916 annum
548 890 601 916 685
618 889 713 916 scribit
726 889 786 924 ejus
802 890 890 927 editor
904 889 988 916 Joan-

196 941 244 960 nes
264 932 429 964 Garnerius,
457 937 565 960 constat
586 933 642 967 jam
671 938 735 960 tunc
760 934 890 969 temporis
914 935 987 961 hunc

196 987 298 1006 murem
320 979 477 1012 invaluisse,
494 984 524 1006 ut
544 980 687 1014 episcopus
708 979 867 1008 Portueasis
889 987 985 1008 cause-

197 1025 310 1052 orationi
336 1025 452 1052 Romani
476 1026 614 1060 pontiﬁcis
638 1026 781 1053 interesset
799 1026 868 1061 (55).
901 1026 936 1052 At
963 1027 986 1054 si

197 1071 291 1099 sedulo
307 1079 363 1097 rem
383 1072 469 1106 ipsam
487 1071 677 1106 inspiciamtts,
701 1071 817 1106 hujusce
839 1072 909 1099 ritus
930 1072 986 1106 pri-

197 1118 301 1145 mordia
316 1118 342 1144 in
357 1116 481 1144 Romana
501 1117 620 1144 Ecclesia
635 1118 820 1145 vetustissima
836 1125 896 1145 esse
907 1126 988 1145 neruo

198 1163 347 1196 dubitabit,
367 1171 428 1190 cum
446 1162 476 1190 S.
498 1162 643 1190 Cornelius
662 1171 730 1198 papa
751 1164 822 1198 apud
838 1163 986 1191 Eusebium

201 1218 210 1234 ι
221 1209 408 1236 adumbratam
424 1209 497 1236 inani
511 1209 629 1244 quadam
644 1217 776 1236 manuum
789 1209 964 1244 impositiorte
976 1220 985 1236 ι

197 1254 342 1281 Novatiaui
356 1255 556 1282 ordinationem
584 1255 699 1290 appellet
715 1255 782 1291 (54),
804 1263 837 1282 eo
859 1256 941 1291 quod,
959 1262 988 1284 ut.

200 1301 288 1335 inquit
305 1300 440 1328 Henricus
457 1300 583 1329 Valesius
594 1321 602 1334 ,
632 1302 702 1328 facta
728 1307 802 1329 esset
819 1302 853 1329 ab
877 1303 988 1330 alterius

201 1348 347 1381 provinciae
370 1348 523 1382 episcopis,
546 1356 600 1374 non
613 1349 647 1375 ab
674 1348 707 1375 iis
737 1349 783 1382 qui
809 1349 987 1376 consecrandi

200 1394 335 1428 pontilicis
351 1393 469 1420 Romani
488 1394 535 1428 jus
550 1395 686 1422 habebant
708 1396 775 1431 (55).
791 1395 858 1423 Hinc
878 1401 989 1430 apparet

200 1448 280 1474 quam
298 1440 433 1468 immenso
452 1441 596 1468 vetustatis
618 1441 759 1470 intervallo
781 1441 987 1469 llomreritarum

200 1487 335 1514 Ecclesias
347 1486 508 1514 Portuensis
524 1487 683 1519 antecellat;
699 1487 802 1515 idcirco
817 1488 902 1523 ipsam
917 1488 987 1515 inter

200 1533 407 1568 antiquissimas
421 1533 505 1560 totius
523 1532 605 1560 Italia:
622 1533 700 1561 sedes
717 1535 910 1562 recensendam
927 1541 987 1561 esse

239 1665 294 1701 (50)
317 1665 381 1693 Ital.
396 1674 478 1697 θαι-νη
496 1670 561 1693 tom.
578 1665 599 1697 Ι,
615 1673 676 1700 pag.
695 1665 711 1692 5
731 1666 796 1693 edit.
815 1665 924 1693 Venetze
939 1675 989 1693 an-

203 1703 229 1728 ni
247 1702 325 1729 ΗΠ.
341 1706 403 1735 post
418 1701 447 1728 S.
464 1701 635 1736 Hippolytum
659 1701 812 1727 Romanum
833 1702 988 1736 episcopum

203 1744 275 1764 anno
295 1736 347 1763 570
364 1738 509 1772 recensuit,
525 1736 651 1770 quamvis
664 1736 813 1764 Lucentius
828 1736 988 1772 Gregorium

204 1771 301 1798 deinde
314 1771 482 1805 produxerit.

239 1807 295 1837 (Si)
316 1806 464 1840 Geograph.
477 1816 546 1834 sacr.
566 1806 666 1840 Italiw,
680 1814 706 1842 p.
719 1807 764 1834 47.

239 1842 296 1875 (52)
316 1841 416 1873 Mausi,
435 1841 538 1869 Cauril.
560 1847 578 1869 t.
595 1843 614 1868 I.

241 1877 296 1910 (55)
316 1877 344 1903 lu
359 1876 428 1902 libro
443 1877 542 1904 Diurno
553 1878 729 1904 Romanorum
747 1877 911 1911 pontiﬁcum,
923 1885 947 1904 c.
960 1877 988 1912 2,

205 1912 312 1939 articul.
327 1912 358 1943 8,
382 1911 451 1939 ritus
474 1913 615 1940 ordinandi
641 1913 796 1947 pontiﬁcis:
817 1922 826 1938 ‹
840 1911 917 1939 Tunc
932 1913 990 1946 epi-

205 1955 305 1981 scopus
321 1947 483 1982 Albauensis
506 1948 552 1975 dat
575 1949 726 1974 orationem
744 1947 874 1982 primam;
892 1948 990 1975 deinde

205 1982 349 2016 episcopus
379 1981 539 2010 Portuensis
565 1983 611 2010 dat.
641 1981 793 2010 orationem
818 1983 986 2013 secundant;

205 2018 378 2052 postmodum
394 2017 566 2044 addttcuutur
582 2018 735 2052 Evangelia.
753 2022 779 2044 et
793 2018 952 2052 aperiuntur
964 2023 990 2046 ct

206 2057 331 2080 tenentur
342 2059 425 2086 super
441 2059 523 2086 caput
536 2053 613 2080 electi
632 2062 645 2079 a
659 2053 831 2080 diaconibus.
846 2063 855 2079 )

243 2087 298 2122 (54)
319 2086 358 2113 En
371 2088 453 2114 verba
465 2088 574 2115 Eusebii
587 2088 681 2115 Latine
696 2089 799 2115 reddita
817 2089 861 2115 lib.
875 2096 901 2114 vt
917 2088 988 2116 Hist.

205 2123 366 2154 ecclesiast.,
382 2130 441 2157 cap.
457 2124 510 2156 45,
525 2132 586 2158 pag.
603 2124 651 2150 5H
665 2133 670 2150 :
693 2133 702 2149 ‹
719 2123 772 2150 Eos
792 2124 956 2158 (episcopos)
974 2132 989 2151 a

207 2158 369 2192 quibusdam
389 2158 430 2184 sui
450 2159 597 2190 similibus,
615 2166 684 2193 quos
706 2159 738 2185 ad
757 2159 782 2185 id
803 2158 989 2193 (Novatianus)

207 2198 426 2228 comparaverat,
444 2194 566 2221 inclusos
586 2194 652 2220 hora
676 2194 779 2220 decima
793 2213 800 2223 ,
826 2194 989 2221 temulentos

207 2233 234 2255 et
245 2229 355 2263 crapula
375 2236 530 2262 oppressos,
544 2229 705 2255 adumbrata
724 2229 852 2262 quadam,
868 2233 895 2255 et
915 2229 988 2256 inani

208 2272 337 2291 nianuum
356 2263 538 2297 impositione,
558 2264 744 2297 episcopatum
758 2264 808 2291 sibi
823 2264 930 2291 tradere
944 2272 990 2298 per

209 2299 317 2324 fraudes
326 2302 408 2332 atque
423 2299 534 2325 insidias
548 2298 696 2325 vindicata‘
952 2313 963 2321 ν

244 2334 300 2368 (55)
321 2333 349 2359 1n
367 2333 438 2359 notis
453 2334 485 2360 ad
506 2334 578 2360 hunc
594 2335 681 2361 locum
696 2343 703 2360 :
724 2343 733 2359 ι
748 2334 943 2360 Adumbratam
964 2338 991 2361 et

209 2376 315 2395 caSsam
332 2369 404 2394 illam
421 2369 564 2395 Novatiani
579 2369 777 2396 ordinationem
797 2374 876 2396 vocat
889 2369 990 2396 Corne-

209 2404 272 2436 lius,
288 2403 360 2437 quod
378 2403 447 2439 facta
462 2409 533 2431 esset
547 2405 581 2430 ah
595 2405 706 2431 alterius
723 2404 867 2439 provincias
882 2405 989 2438 episco-

208 2439 261 2472 pis,
281 2447 332 2464 non
347 2439 381 2464 ab
398 2438 430 2465 iis
451 2439 496 2472 qui
517 2440 693 2466 consecrandi
716 2440 829 2466 Romani
855 2440 990 2473 pontiﬁcis

207 2473 252 2508 jus
267 2474 415 2506 habebant;
431 2474 564 2508 ejusmodi
580 2480 638 2501 erat
655 2474 799 2507 Ostiensis,
819 2474 986 2506 Tiburtinus,

209 2515 236 2535 et
253 2509 309 2538 alii.
325 2518 334 2534 ›
349 2514 400 2535 etc.
415 2508 451 2536 De
466 2510 518 2536 ritu
535 2510 709 2537 consecrandi
724 2510 839 2537 Romani
854 2510 989 2544 pontiﬁcis

209 2544 244 2570 ab
271 2544 424 2578 episcopis,
447 2545 516 2572 inter
540 2554 608 2579 quos
632 2545 790 2573 Portuensis
817 2550 988 2578 numeratur,

210 2580 339 2614 legendus
354 2579 525 2616 Christianus
540 2580 629 2615 Lupus
644 2582 724 2616 Oper.
744 2587 810 2608 tom.
830 2580 874 2613 Vl,
891 2589 918 2616 p.
937 2581 988 2608 515

209 2618 237 2649 et
251 2621 339 2647 seqq.,
353 2615 398 2640 ubi
414 2616 467 2647 agit
483 2616 516 2642 dc
539 2617 718 2644 conciliabulo
737 2615 905 2649 Brixinensi,
921 2617 987 2644 edit.

210 2647 318 2675 Venetae
332 2649 395 2675 anni
412 2650 490 2682 1725,
512 2656 538 2677 et
552 2652 697 2678 Calalanus
718 2652 744 2678 in
766 2647 945 2679 Connuentar.
961 2653 989 2678 in

209 2692 313 2711 aerem.
329 2690 428 2712 suurtw
440 2686 564 2722 ilomauw
578 2686 713 2719 Ecclus-iw,
727 2687 773 2713 lib.
790 2695 807 2719 ι,
820 2688 884 2722 §15,
897 2696 923 2722 p.
937 2688 988 2714 109

209 2725 236 2746 et
249 2727 336 2757 seqq"
357 2721 420 2747 edit.
442 2721 535 2748 lionne
551 2722 615 2748 anni
631 2722 709 2753 17b0,
728 2721 828 2756 aliique
849 2721 986 2757 permulti,

210 2762 279 2788 quos
293 2756 406 2782 libenter
418 2758 596 2790 praeterimus,
612 2758 657 2791 qui
671 2757 704 2784 de.
719 2765 747 2784 re
763 2758 830 2784 satis
851 2756 915 2785 nota
932 2766 988 2784 ser-

211 2797 318 2827 tuoucm
344 2791 528 2827 instituerunt.
560 2791 731 2819 Tiburtinum
760 2793 917 2827 episcopum
942 2793 988 2827 jus

211 2824 339 2854 habuisse
363 2826 390 2854 in
416 2828 619 2855 consecratione
647 2827 761 2855 Romani
778 2824 988 2863 'pontiticis,‘ut

1009 2193 1026 2218 D

1039 885 1220 920 paucissimos
1232 892 1339 918 semper
1352 883 1455 911 aluisse
1468 883 1643 910 habitatores.
1661 890 1670 907 ι
1683 880 1751 907 Erat
1763 879 1822 906 Por-

1040 936 1083 958 tus
1099 929 1233 958 Ostiensis
1247 938 1261 957 a
1281 929 1394 957 Claudio
1408 933 1598 961 constructus,
1616 935 1630 954 a
1649 927 1771 961 Trajano
1787 933 1822 952 re-

1040 982 1161 1012 paratus,
1179 977 1255 1012 gravi
1269 981 1297 1004 et
1317 976 1473 1003 inclementi
1487 975 1542 1002 acri
1565 974 1716 1006 obnoxius,
1741 977 1769 999 et
1783 972 1822 1007 (ιιιί

1039 1024 1222 1059 paucissimos
1246 1032 1353 1059 semper
1374 1023 1442 1050 aluit
1468 1023 1607 1058 indigenas
1634 1025 1661 1048 et
1687 1021 1821 1048 incolas.»

1039 1071 1118 1097 Aeris
1132 1070 1204 1097 enim
1223 1070 1404 1102 inclementia,
1421 1077 1482 1104 qua:
1502 1076 1574 1096 nunc
1594 1076 1642 1103 per
1658 1075 1759 1102 agrum
1774 1066 1823 1093 llo-

1039 1125 1150 1144 manum
1164 1117 1199 1144 ob
1215 1117 1363 1151 neglectam
1383 1117 1469 1151 ipsius
1481 1116 1617 1143 culturam
1629 1115 1714 1148 longe
1725 1114 1822 1148 latequ“

1043 1167 1199 1198 grassatur,
1226 1162 1254 1191 S.
1280 1162 1413 1198 Hippolyti
1444 1169 1501 1189 aevo
1526 1160 1659 1188 Romanis
1675 1160 1823 1193 exterisque

1039 1210 1160 1237 inaudita
1179 1210 1239 1237 fuit.
1255 1209 1386 1237 Minutius
1407 1209 1482 1236 Felix
1496 1208 1524 1237 S.
1543 1207 1681 1243 Hippolyti
1699 1206 1815 1242 synchro

1039 1265 1091 1284 ntts
1116 1257 1315 1283 vindemiarum
1344 1261 1464 1290 tempore
1487 1263 1534 1290 per
1550 1256 1633 1283 otium
1660 1253 1770 1280 Ostiam
1790 1259 1817 1278 se

1040 1303 1121 1331 cessit
1135 1311 1195 1330 eum
1211 1301 1325 1329 Octavio
1340 1310 1372 1330 ac
1387 1302 1496 1330 Ctecilio
1516 1300 1616 1334 Natali,
1632 1300 1783 1335 ipsamque
1795 1299 1822 1325 oh

1040 1349 1111 1376 acris
1133 1349 1319 1375 salubritatem
1344 1353 1424 1383 atque
1446 1347 1616 1375 clementiam
1635 1347 1742 1374 eximie
1757 1353 1822 1373 com-

1041 1395 1161 1421 mendat.
1177 1394 1216 1421 Eu
1239 1395 1306 1422 tanti
1334 1394 1474 1429 scriptoris
1489 1394 1570 1421 verba
1593 1392 1670 1427 (57):
1694 1402 1705 1418 ι
1730 1392 1823 1419 Plaeui'

1042 1441 1144 1468 Ostiam
1163 1446 1262 1476 petere,
1278 1441 1485 1468 amantissimam
1502 1440 1648 1470 civitatem,
1668 1438 1748 1473 quod
1764 1442 1823 1465 csse'

1042 1489 1148 1522 corpori
1163 1495 1224 1515 meo
1239 1488 1375 1515 siccandis
1390 1487 1550 1514 [tumoribus
1567 1487 1603 1514 de
1620 1486 1744 1512 marinis
1762 1485 1819 1512 lava

1040 1535 1094 1562 cris
1110 1534 1208 1562 blanda
1224 1540 1251 1562 et
1273 1534 1398 1569 apposita
1413 1534 1538 1566 curatio;
1553 1542 1562 1558 ι
1579 1537 1606 1559 et
1628 1532 1730 1567 paucis
1752 1531 1820 1558 inter

1040 1667 1134 1694 scribit
1156 1667 1257 1695 citatus
1273 1666 1410 1700 Valesius,
1430 1666 1524 1693 uullibi
1541 1666 1620 1694 nobis
1643 1667 1772 1702 reperire.
1786 1667 1825 1694 da-

1040 1707 1096 1730 tum
1112 1708 1162 1730 est.

1076 1738 1132 1772 (56)
1154 1737 1311 1764 Portuensis
1323 1737 1451 1764 Ecrlesia:
1466 1737 1616 1771 antiquitas
1630 1738 1673 1764 vel
1696 1738 1783 1766 etiam
1798 1739 1826 1765 ab

1039 1781 1072 1800 co
1089 1773 1380 1809 emnprobatur,quod
1404 1773 1604 1809 antiquissimis
1623 1774 1710 1800 etiam
1729 1779 1827 1809 tempo-

1041 1809 1116 1836 ribus
1132 1808 1280 1834 Christiani
1296 1808 1321 1834 iu
1341 1808 1421 1844 Portu
1439 1808 1562 1834 Romano
1575 1809 1749 1842 exstiterint,
1767 1818 1827 1844 qur»

1039 1851 1101 1879 rum
1123 1843 1253 1879 nonnulli
1264 1843 1386 1879 martyrii
1406 1844 1522 1877 palmam
1544 1848 1609 1870 sunt
1627 1843 1825 1879 assecuti,rqui

1040 1878 1067 1905 in
1082 1878 1274 1913 Martyrologio
1292 1878 1415 1906 Romano
1429 1883 1494 1906 suttt
1517 1878 1657 1913 descripti.
1685 1880 1748 1906 Sub
1767 1878 1826 1906 Tra-

1037 1914 1103 1948 jano
1128 1914 1292 1948 imperatore
1313 1913 1494 1949 Hyacinthum
1521 1919 1668 1948 martyrem
1695 1915 1726 1942 in
1749 1915 1823 1942 Porto

1041 1949 1168 1984 ltotnauo
1185 1949 1287 1977 obiisse
1307 1949 1333 1975 in
1358 1949 1551 1984 Martyrologio
1577 1949 1708 1977 Romano
1728 1951 1773 1978 die
1797 1951 1825 1977 $6

1040 1983 1103 2010 Julii
1120 1983 1246 2018 legimus,
1267 1984 1300 2019 de
1316 1991 1371 2018 quo
1394 1983 1475 2011 etiam
1499 1985 1555 2019 agit
1579 1984 1738 2016 Usuardus.
1762 1986 1823 2018 Δύο,

1041 2018 1263 2052 Martyrologium
1278 2018 1421 2049 Fuldcnsc.
1438 2024 1465 2046 et
1478 2018 1527 2046 alii
1537 2021 1718 2048 recentiores.
1733 2021 1825 2049 Viden-

1041 2049 1203 2090 dus_Ciorgi
1218 2055 1244 2081 in
1268 2055 1341 2090 notis
1363 2055 1394 2081 ad
1414 2054 1634 2090 Martyrologium
1659 2055 1771 2083 Adonis
1788 2058 1824 2083 die

1041 2089 1075 2125 26
1092 2088 1167 2118 Julii.
1184 2097 1210 2123 p.
1227 2090 1289 2121 555,
1309 2088 1500 2117 Tillentonlius
1518 2088 1584 2117 toni.
1609 2090 1648 2120 ιι..
1667 2098 1698 2125 p.
1717 2092 1788 2123 575,
1803 2096 1824 2117 et

1041 2124 1209 2151 Bollaudiaui
1236 2126 1301 2152 socii
1327 2126 1370 2151 dic
1394 2125 1429 2152 ‘26
1460 2125 1527 2158 Ju|.,
1551 2125 1611 2152 Act.
1642 2126 1696 2153 SS.
1729 2128 1824 2154 mensis

1041 2158 1116 2190 Julii,
1137 2166 1203 2186 tom.
1225 2159 1267 2191 Vl,
1282 2168 1342 2194 pag.
1369 2160 1421 2187 ’505
1440 2161 1506 2188 edit.
1532 2160 1638 2188 Venet-te
1660 2163 1730 2189 anni
1751 2162 1822 2190 1749.

1041 2195 1240 2231 Quinquaginla
1258 2196 1357 2222 milites
1373 2201 1504 2231 martyres
1519 2196 1545 2223 in
1563 2199 1759 2230 persecutione
1778 2197 1823 2223 Va-

1042 2231 1136 2257 leriani
1155 2231 1180 2256 in
1195 2230 1276 2257 Pot-tu
1298 2231 1421 2257 Humano
1439 2230 1545 2258 occisos
1565 2231 1648 2258 refert
1667 2233 1742 2260 idem
1759 2233 1824 2259 Mar-

1040 2265 1204 2302 tyrologium
1226 2265 1438 2302 Romanuntgdic
1457 2266 1473 2293 8
1493 2265 1568 2298 Julii,
1591 2272 1616 2293 et
1634 2268 1678 2294 die
1701 2269 1735 2295 l5
1757 2270 1823 2302 ejus-

1040 2301 1251 2327 demineodem
1274 2300 1357 2328 I’ortu
1387 2300 1509 2328 Romano
1537 2303 1636 2329 natalis
1665 2300 1821 2330 sanetoium

1041 2340 1190 2370 martyrum
1207 2335 1346 2371 Eutropii,
1374 2336 1490 2363 Zosinne
1508 2343 1534 2364 et
1561 2337 1678 2364 Donusa:
1699 2346 1821 2366 sororum

1040 2371 1212 2398 describitur.
1245 2372 1310 2398 ltem
1340 2372 1376 2398 2‘2
1403 2372 1518 2406 Augusti
1550 2372 1576 2398 in
1615 2373 1715 2400 eodem
1745 2373 1820 2400 Portu

1041 2406 1164 2433 Romano
1179 2407 1309 2442 memoria
1323 2412 1478 2434 sanctorum
1506 2413 1655 2442 martyrum
1682 2409 1820 2439 Martialis,

1042 2441 1192 2471 Saturnini.
1207 2441 1337 2476 Epicteti,
1355 2442 1475 2477 Maprilis
1490 2449 1516 2469 et
1542 2442 1640 2470 FciICiS
1661 2452 1726 2471 Cum
1745 2445 1821 2471 soeiis

1040 2485 1146 2508 eorum,
1164 2478 1287 2504 habetur.
1306 2477 1429 2504 Secunda
1444 2478 1532 2504 Martii
1551 2478 1577 2504 in
1598 2478 1683 2505 Portu
1700 2479 1821 2506 Romano

1040 2517 1148 2548 sanctos
1162 2517 1294 2548 martyres
1312 2513 1435 2546 Paulum,
1453 2512 1618 2545 llcraclium,
1635 2513 1818 2542 Secundillam

1040 2552 1067 2574 et
1093 2546 1251 2574 .lanuarium
1277 2555 1384 2575 notatos
1416 2549 1593 2581 invenimus;
1624 2550 1668 2577 die
1692 2551 1730 2576 24
1761 2549 1817 2577 Maii

1041 2581 1252 2620 >S.>\'tnccnlium
1266 2590 1419 2620 martyrem,
1429 2588 1456 2610 et
1467 2586 1559 2619 quinta
1570 2585 1688 2619 denique
1701 2586 1819 2620 Septem-

1039 2618 1244 2655 brisﬂsanctum
1273 2618 1699 2655 Herculanumﬂmartyrem.’De
1725 2618 1818 2655 quibus

1039 2654 1166 2681 omnibus
1178 2654 1280 2690 legendi
1291 2660 1354 2682 sunt
1367 2655 1448 2686 Beda,
1461 2654 1612 2688 Usuardus,
1623 2656 1692 2688 Ado,
1709 2654 1816 2690 aliique.

1040 2696 1163 2726 necnon
1177 2689 1314 2726 liaronius
1328 2691 1355 2717 in
1377 2692 1448 2718 notis
1465 2691 1498 2717 ad
1515 2690 1752 2726 Martyrologium,
1768 2689 1817 2716 Do-

1040 2724 1155 2762 minicus
1170 2724 1265 2762 Giorgi
1281 2726 1307 2752 in
1332 2727 1389 2752 suis
1405 2726 1437 2752 ad
1461 2726 1563 2762 Adonis
1582 2724 1816 2762 Martyrologium,

1041 2758 1171 2795 Sollerius
1188 2761 1220 2786 ad
1240 2758 1461 2795 Martyrologium
1486 2761 1601 2788 Usuardi
1622 2758 1816 2792 notatiotiibus,

1038 2799 1064 2821 ct
1083 2793 1249 2821 Bollaudiaui
1268 2793 1334 2823 socii
1350 2797 1375 2822 in
1391 2793 1516 2830 superius
1533 2797 1675 2824 recensitis
1693 2798 1800 2824 dit-bus.

1074 2830 1129 2866 (57)
1151 2830 1206 2864 ᾗδὲ,
1223 2839 1282 2864 pag.
1297 2832 1329 2858 Μ
1342 2832 1403 2859 cdit.
1420 2832 1598 2865 Cantabrigitc
1613 2840 1658 2859 an.
1676 2832 1745 2859 Πυῖ
