1857 3051
40 99 88 127 537

444 101 488 129 DE
507 101 704 130 PORTUENSI
722 102 750 130 S.
772 101 954 130 HIPPOLYTI
974 102 1069 130 SEDE.
1086 118 1120 123 —
1137 101 1228 130 PARS
1246 102 1277 130 ll.

1611 104 1663 132 538

35 161 115 194 jectis
130 170 136 187 :
155 170 165 186 ι
181 160 276 196 Itaque
289 169 351 189 cum
367 162 486 190 diluculo
497 163 530 191 ad
547 170 621 191 mare
632 163 825 191 inambulando
840 165 862 194 Α
875 171 936 198 quae
950 164 983 191 de
998 163 1157 198 huiusmodi
1171 163 1347 199 antiquorum
1359 163 1481 199 collegiis
1494 164 1545 193 vir.i
1560 164 1662 192 doctis-

37 207 126 234 littore
141 215 330 242 pergeremus,
343 213 372 236 ut
384 214 409 236 et
420 217 486 236 aura
498 209 622 244 aspirans
633 209 728 237 leniter
738 217 826 238 mem-

36 254 84 280 bra
101 258 249 288 vegetaret,
264 260 291 281 et
305 263 366 282 cum
381 255 479 283 eximia
497 256 633 291 voluptate
651 256 726 283 molli
744 258 826 284 vesti-

36 300 79 334 gio
105 300 209 327 cedens
223 308 305 328 arena
330 301 522 330 subsisteret...
538 311 547 327 ι
574 301 719 336 Perpensis
743 303 826 337 igitur

35 345 147 372 nimiis
169 346 244 373 hisce
260 346 366 374 Minutii
381 347 479 379 verbis,
495 348 556 382 quis
574 356 693 383 unquam
705 349 737 375 de
753 349 827 375 salu-

36 392 137 418 britate
153 391 252 420 Portus
265 391 380 420 Romani
396 393 478 420 Ostiae
493 394 600 421 finitimi
615 398 687 421 recte
703 394 827 422 dubitare

37 438 163 471 poterit?
179 438 349 474 Quapropter
363 439 424 474 jure
448 448 479 467 ac
500 441 597 468 merito
617 440 735 468 Jacobus
755 440 825 468 Gro-

37 485 138 511 novius
162 485 382 518 patentissimum
406 485 506 522 Moynii
532 487 638 521 lapsum
665 487 777 522 castigat
799 487 826 513 in

36 531 109 557 notis
121 531 157 558 ad
171 531 244 558 hunc
261 531 367 558 Minutii
385 532 474 559 locum
489 533 531 560 his
542 533 646 561 verbis:
662 543 670 559 ι
682 533 750 560 Cum
763 541 827 560 vero

36 576 142 604 Ostiam
162 578 199 604 ita
216 578 355 606 cernimus
369 579 403 606 ab
416 584 527 606 auctore
540 579 716 614 descriptam,
731 585 760 606 ut
773 587 826 606 non

36 623 120 650 modo
147 624 364 651 amoenissimam
386 633 485 652 vocare
506 625 651 658 censuerit,
675 625 721 653 sed
745 626 826 652 etiam

36 670 289 704 commendaverit;
304 676 361 698 tum
382 680 397 699 a
416 673 531 700 marinis
553 672 656 700 balneis
667 692 674 705 ,
689 676 746 699 tum
763 680 827 699 vero

36 717 70 743 ab
86 724 175 749 aura;
201 717 265 744 hinc
285 717 363 745 fateri
384 726 477 754 cogor,
494 726 536 745 me
551 720 675 752 nescire,
701 726 736 745 an
758 718 827 745 ratio

37 770 87 790 sua
117 763 272 791 constiterit
302 764 488 791 eruditissimo
521 765 657 800 quondam
684 768 779 792 nostro
803 763 827 791 ie

36 808 146 844 Moyne,
163 817 225 837 cum
239 810 265 836 in
279 809 481 846 Prolegomenis
496 811 528 837 ad
545 810 628 837 Varia
640 819 726 843 sacra,
741 818 769 846 p.
779 810 824 842 20,

37 855 168 889 scripsit:
189 865 199 881 ε
219 854 283 882 Erat
311 855 410 884 Portus
434 856 568 884 Ostiensis
592 865 607 884 a
624 856 737 884 Claudio
762 865 829 884 con-

40 910 48 924 c
69 904 206 932 structus,
231 908 246 927 a
273 900 393 935 Trojano
415 905 572 936 reparatus,
599 901 673 936 gravi
698 906 724 928 et
745 902 828 929 incle-

40 955 48 971 ι
71 946 157 973 menti
172 946 228 973 aeri
243 947 394 979 obnoxius,
411 951 438 974 et
452 947 498 982 qui
521 947 702 982 paucissimos
723 955 829 982 semper

39 1001 48 1017 ι
69 992 141 1019 aluit
169 992 311 1027 indigenas
335 997 363 1020 et
387 993 501 1021 incolas.
516 1003 526 1019 ι
552 993 641 1021 Credo
663 992 829 1028 frequentio-

39 1046 95 1064 rem
112 1037 220 1065 Ostiam
238 1038 333 1072 fuisse,
346 1046 396 1066 nec
417 1043 509 1066 tamen
534 1038 699 1074 Procopius,
722 1045 768 1067 aut
784 1040 828 1066 alii

38 1083 158 1114 Ostiam.
176 1084 218 1111 vel
242 1084 353 1111 Portum
377 1085 417 1112 sic
435 1085 601 1120 deprimunt.
614 1095 623 1112 ι
643 1084 705 1112 llam
724 1085 829 1113 Grono-

39 1129 109 1155 vitis.
130 1128 232 1156 Verum
250 1130 273 1156 si
290 1130 350 1164 quis
373 1138 429 1157 rem
443 1130 525 1158 altius
537 1130 700 1165 disquirere,
715 1134 743 1157 et
757 1130 829 1158 aeris

39 1175 223 1202 ilzcit'lnelllize
250 1175 403 1210 originem,
427 1183 480 1210 qua
504 1184 577 1203 nunc
603 1183 666 1211 ager
688 1175 828 1204 Romanus

39 1221 159 1253 laborat,
174 1222 340 1255 perscrutari
352 1222 439 1255 vellet,
456 1222 536 1257 legat,
555 1222 578 1250 si
595 1222 678 1255 lubet,
690 1222 827 1249 eruditum

37 1266 153 1294 Joannis
166 1266 294 1302 Baptistae
304 1267 382 1295 Donii
395 1269 516 1295 libellum
527 1268 564 1295 De
574 1268 759 1295 insalubrimte
771 1269 828 1303 agri

40 1313 172 1345 Romani,
197 1318 225 1340 et
250 1314 444 1348 sapientissimi
480 1314 531 1340 viri
558 1313 722 1341 Ferdinandi
752 1315 827 1342 card.

39 1359 131 1394 Nuptii
144 1359 366 1394 disquisitionem
380 1359 418 1387 De
432 1360 545 1387 Romani
559 1361 617 1396 agri
634 1360 738 1388 cultura
753 1362 830 1388 resti-

40 1405 159 1431 tuenda:
181 1404 255 1439 quod
284 1412 350 1431 vero
375 1405 535 1439 paucissimi
564 1405 693 1433 mortales
716 1405 827 1433 Portum

39 1449 196 1476 Romanum
222 1454 288 1477 tunc
311 1450 443 1485 temporis
466 1450 631 1483 habitarent,
649 1451 700 1478 hoc
725 1452 828 1478 nemini

39 1497 157 1531 probare
169 1496 268 1531 poterit
283 1495 422 1532 Moynlus;
436 1496 498 1531 quis
512 1497 585 1523 enim
600 1496 650 1524 sibi
667 1497 828 1532 persuadeat

38 1542 250 1570 Celeberrimum
267 1542 360 1570 mundi
376 1548 485 1577 portum
497 1543 530 1570 ad
542 1550 622 1582 quem
639 1551 751 1576 merces,
767 1551 828 1578 qua:

38 1596 71 1615 ex
87 1593 147 1615 toto
161 1593 299 1615 terrarum
314 1589 383 1615 orbe
408 1587 523 1616 Romam
547 1589 666 1624 gentium
690 1589 827 1617 dominam

39 1635 305 1670 comportabantur,
323 1635 457 1670 appellere
474 1643 586 1663 necesse
607 1641 676 1668 erat,
697 1636 764 1663 adeo
785 1636 828 1663 in-

39 1682 105 1708 colis
122 1681 298 1714 destitutum,
323 1687 353 1708 ut
368 1681 548 1716 paucissimos
570 1686 674 1708 tantum
702 1683 829 1710 mortales

39 1727 141 1755 aluisse
152 1727 320 1755 credendum
330 1727 387 1754 sit?
404 1726 431 1754 Si
443 1728 569 1762 antiquos
582 1727 684 1762 lapides
699 1728 829 1763 tantisper

40 1773 223 1805 consulimus,
238 1781 293 1799 non
306 1773 421 1807 exiguus
438 1774 529 1800 statim
541 1773 682 1801 hominum
700 1782 829 1802 numerus

41 1819 166 1854 emergit,
184 1819 232 1853 qui
251 1818 368 1853 publicis
388 1819 577 1846 tantummodo
601 1819 700 1847 Portus
713 1820 828 1847 Romani

41 1865 138 1892 usibus
150 1865 281 1892 destinati
297 1864 382 1897 fuere,
400 1872 516 1899 quorum
531 1873 656 1900 corpora,
671 1866 728 1893 sive
749 1866 828 1893 colle-

41 1911 83 1945 gia
99 1911 127 1938 in
146 1911 246 1938 iisdem
263 1911 446 1939 monumentis
458 1919 529 1946 stepe
543 1916 739 1945 memorantur,
757 1913 831 1939 scili-

41 1962 81 1984 cet
100 1956 245 1984 fabrorum
257 1977 264 1990 ,
290 1957 468 1991 tignariorum
480 1978 487 1990 ,
512 1957 708 1991 ferrariorum,
726 1959 830 1986 tabula-

42 2004 157 2035 riornnl,
174 2011 345 2035 mL‘IISOI‘UIH,
367 2003 507 2031 fabrorum
525 2004 661 2031 navalium
675 2005 744 2039 (58),
763 2005 830 2032 alio-

42 2057 170 2085 rumque,
187 2057 304 2084 quorum
318 2055 461 2077 numerum
479 2057 512 2077 ex
524 2050 558 2077 iis
571 2050 697 2086 colligere
719 2050 760 2078 fas
776 2055 829 2084 est,

77 2159 136 2193 (58)
157 2159 230 2193 Lege
247 2159 390 2187 Gruterum
407 2168 434 2195 p.
446 2160 510 2193 457,
529 2169 604 2188 num.
619 2161 646 2194 2,
665 2161 711 2189 ubi
730 2162 756 2189 in
771 2162 829 2190 basi

44 2188 139 2221 stature
152 2188 268 2228 reperta:
278 2203 322 2222 an.
337 2188 513 2223 1590.05tiae':
533 2188 658 2223 Fabruni.
674 2188 829 2225 Novaiiitiii.
847 2188 870 2218 ι)

46 2230 166 2257 Partem.
193 2229 305 2263 Corpus.
336 2229 464 2258 Fubrnm.
495 2231 639 2258 Nat-alium
665 2232 778 2260 Ostiens.
804 2238 831 2260 et

45 2265 144 2302 p.461,
156 2274 184 2292 n.
199 2265 210 2290 1
222 2274 234 2302 Ξ
250 2265 390 2302 Mensores.
406 2265 472 2302 (Vos.
484 2266 650 2302 l’orluenses.
661 2267 732 2302 quib.
745 2273 828 2295 vetus.

46 2296 92 2336 fuit
116 2309 187 2326 rum.
215 2299 385 2327 Caudicariis
405 2301 594 2336 Diuturnumq.
617 2296 771 2329 Luétamen.
793 2302 830 2330 De

46 2335 166 2372 collegiis
192 2336 386 2372 suprascriptis
409 2337 491 2364 multa
509 2335 627 2371 rrperies
643 2338 714 2372 apud
731 2337 829 2365 Grute-

47 2377 104 2396 ruin
117 2371 244 2404 aliosque
260 2371 467 2405 inscriptionum
483 2372 650 2399 collectores.

79 2406 137 2442 (59)
153 2405 218 2442 Lib.
237 2413 292 2435 xiv,
304 2405 430 2442 rtit.2‘2,f
445 2407 496 2442 leg.
512 2407 523 2433 1
537 2427 544 2438 ,
568 2415 627 2442 pag.
645 2407 709 2440 295,
729 2412 795 2434 tom.
807 2407 830 2435 V

46 2441 109 2467 edit.
129 2440 229 2474 Lipsize
245 2441 406 2468 anni'HM.
423 2441 457 2468 De
472 2440 634 2469 calidicariis
651 2447 677 2469 et
693 2444 829 2470 mensori-

47 2475 93 2502 bus
101 2475 300 2512 Portuensibus
311 2477 399 2510 agitur
410 2477 503 2503 eodem
519 2477 566 2504 lib.
580 2485 634 2509 xiv,
648 2478 723 2506 litui.
738 2479 788 2512 leg.
801 2479 828 2511 9,

46 2516 105 2546 pag.
119 2512 184 2541 200,
203 2511 248 2538 ubi
268 2511 326 2544 lege
338 2519 399 2546 qua:
415 2513 467 2539 hoc
486 2513 546 2539 loco
561 2517 587 2539 et
606 2513 670 2540 alibi
688 2521 703 2540 a
725 2511 829 2541 Gotho-

47 2546 119 2572 fredo
136 2547 315 2573 adnotantur.

81 2582 134 2613 (60)
151 2581 184 2608 In
196 2581 337 2612 Paratitl.,
349 2581 395 2607 lib.
409 2589 464 2614 xiv,
481 2582 521 2608 tit.
533 2582 558 2613 Ι,
568 2581 659 2617 leget,
672 2583 705 2609 de
720 2583 828 2614 suat-iis,

48 2618 190 2649 pot-uariis.
208 2617 460 2653 et__susceptoribus
475 2619 541 2650 vnii,
556 2619 716 2653 ueterisque
730 2626 829 2653 corpo-

49 2653 123 2682 ralis,
141 2658 206 2678 toin.
228 2651 336 2687 V,pag.
356 2652 416 2678 188.

83 2687 137 2719 (6|)
158 2687 218 2714 Lib.
237 2687 292 2719 x'ir,
315 2688 356 2714 tit.
373 2687 418 2718 25,
436 2687 486 2721 leg.
507 2688 532 2718 l,
555 2688 581 2714 in
603 2688 696 2714 eodem
715 2692 780 2715 tom.
796 2689 828 2720 γ,

51 2722 183 2781 (rasili.
202 2722 267 2749 Vide
281 2724 362 2749 etiam
381 2731 442 2757 qua:
456 2723 507 2750 hoc
521 2724 547 2750 in
569 2724 628 2751 loco
647 2724 830 2752 Gothofredus

62 2765 97 2781 lat
109 2765 123 2781 ll
137 2763 164 2781 tl.

52 2758 164 2783 tradidit.

85 2793 136 2818 (ﬂii
158 2793 184 2818 In
203 2792 275 2818 notis
295 2792 328 2818 ad
353 2793 462 2819 citatum
487 2794 576 2822 locum
601 2793 704 2821 Miuutii
721 2794 828 2825 Felicis.

55 2824 68 2860 ς
90 2826 114 2854 2.
138 2827 296 2862 Sc2apideln
322 2828 468 2863 uonlonge
493 2837 508 2856 a
533 2828 615 2860 Portu
647 2828 771 2858 Romano
796 2831 829 2858 ad

879 208 941 236 simi
961 209 1140 237 tradiderunt.
1165 208 1213 237 His
1229 209 1311 236 etiam
1332 209 1462 244 iungendi
1482 215 1545 237 sunt
1567 211 1661 237 caudi-

879 254 957 288 carii,
975 255 1088 282 saccarii
1104 254 1203 282 Portus
1222 254 1330 286 Romae,
1353 262 1470 289 quorum
1491 255 1593 282 mentio
1615 255 1663 282 ba-

878 300 957 328 betur
971 301 998 327 in
1013 300 1108 327 Codice
1123 300 1316 329 Theodosiano
1335 300 1404 336 (59).
1419 299 1522 328 Horum
1547 307 1663 335 corpora

878 353 1024 372 numerosa
1052 345 1137 373 fuisse
1157 349 1230 373 recte
1257 350 1350 373 monet
1374 345 1493 373 Jacobus
1517 345 1664 372 Gothofre-

878 391 929 419 dus
953 391 1020 426 (60),
1043 395 1138 426 utpote
1165 392 1211 426 qui
1237 399 1376 418 annonam
1404 391 1527 426 aliasque
1557 398 1663 418 merces

881 436 960 464 Urbis
980 437 1076 465 usibus
1099 437 1249 465 destinatas
1269 438 1357 465 saccis
1369 441 1396 464 et
1415 437 1569 465 minoribus
1587 438 1664 465 navi-

878 484 929 518 giis
949 484 1136 519 asportabant.
1155 485 1310 519 Praecipuos
1337 485 1420 512 etiam
1442 485 1619 520 magistratus
1635 485 1663 511 in

878 529 961 556 Portu
975 529 1100 556 Romano
1115 529 1265 557 destinatos
1276 529 1355 557 nobis
1367 529 1521 564 suppeditat
1534 529 1664 558 idemmet

878 576 966 604 Codex
983 576 1203 610 Tlieodosianus,
1214 576 1241 604 in
1259 585 1314 612 quo
1336 581 1426 604 exstat
1448 577 1545 605 titulus
1561 576 1599 604 De
1615 585 1664 612 pa-

879 622 961 648 tronis
990 623 1146 649 horreorum
1168 621 1357 649 Portuensium
1379 622 1453 657 (6i),
1473 622 1519 656 qui
1549 629 1664 649 annonae

877 672 1027 703 praeerant;
1053 673 1244 703 procuratores
1266 668 1366 695 Portus
1381 667 1516 695 Ostiensis
1535 668 1664 696 exhibent

877 715 959 741 etiam
977 714 1096 749 antiquae
1117 714 1326 749 inscriptiones;
1347 714 1503 742 sacerdotes
1525 714 1664 748 Serapidis

878 760 952 787 cultu
972 760 1141 795 mancipatos
1155 760 1272 795 legimus
1289 760 1316 787 in
1337 768 1420 794 supra
1437 760 1546 787 laudata
1566 759 1665 786 inscri-

878 806 971 840 ptione
992 806 1063 841 apud
1084 806 1215 841 Sponium
1229 827 1236 839 ,
1257 806 1336 842 cujus
1357 807 1502 841 genuinam
1519 806 1664 833 lectionem

879 853 1015 880 immerito
1026 853 1052 880 in
1063 853 1175 880 dubium
1190 858 1286 881 vocant
1302 853 1437 886 nonnulli,
1449 852 1495 888 qui
1508 859 1556 887 pro
1568 852 1663 885 Porto,

878 899 994 926 Pontum
1015 899 1157 935 legendum
1182 907 1242 926 esse
1266 903 1426 930 autumant,
1452 899 1527 926 nullo
1554 898 1664 934 quidem

878 946 992 974 rationis
1010 950 1160 978 momento,
1177 953 1233 980 quo
1256 945 1373 980 primam
1399 945 1496 980 Spouii
1519 945 1663 972 lectionem

878 989 1075 1016 immutandani
1089 996 1149 1016 esse
1164 989 1250 1016 doctis
1262 989 1328 1016 viris
1344 989 1535 1024 persuadeant.
1546 989 1663 1019 Etenim,

878 1039 908 1062 ut
924 1035 991 1062 scite
1004 1035 1130 1062 observat
1144 1034 1263 1062 Iacobus
1280 1034 1510 1070 Gronovius(62),
1526 1034 1664 1070 Serapidis

878 1082 1008 1116 templum
1036 1089 1090 1108 non
1117 1081 1200 1109 modo
1223 1082 1294 1117 apud
1329 1082 1495 1116 Sinopenses
1520 1082 1547 1109 in
1575 1082 1664 1110 Ponto

877 1127 989 1160 exstitit,
1003 1135 1096 1154 verum
1109 1128 1191 1154 etiam
1212 1136 1266 1154 non
1286 1128 1365 1163 longe
1387 1136 1402 1155 a
1421 1127 1505 1155 Portu
1527 1128 1663 1161 Romano,

878 1174 1108 1209 quemadmodum
1129 1182 1160 1202 ex
1185 1174 1300 1202 Minutio
1319 1175 1496 1208 deducimus,
1517 1175 1564 1210 qui
1582 1174 1664 1202 Sera-

877 1220 949 1255 pidis
964 1220 1142 1248 simulacrum
1157 1228 1212 1248 non
1236 1221 1315 1256 longe
1336 1221 1370 1249 ab
1397 1220 1473 1249 Ostia
1497 1228 1665 1249 commemo-

878 1271 931 1294 rat.

914 1312 943 1340 S.
956 1312 1147 1349 Hieronymus,
1161 1313 1187 1340 in
1203 1312 1316 1348 epistola
1332 1312 1364 1340 ad
1374 1311 1578 1339 Pammachium
1596 1312 1663 1347 (65),

879 1360 1081 1388 xenodoehium
1108 1360 1142 1387 ab
1169 1361 1222 1387 boe
1244 1359 1416 1388 nobilissimo
1439 1359 1498 1386 viro
1527 1359 1555 1386 in
1580 1358 1664 1386 Porta

878 1405 1004 1434 Romano
1024 1410 1193 1434 exstructum
1223 1410 1367 1432 memorat.
1387 1404 1415 1432 S.
1431 1404 1594 1432 Ambrosius
1607 1404 1665 1439 (64)

879 1460 971 1487 operas
983 1451 1140 1478 Portuenses
1153 1451 1286 1482 nominat,
1302 1455 1329 1477 et
1341 1450 1538 1485 Pliilostorgius
1549 1451 1617 1485 (65),
1631 1451 1665 1478 de

879 1498 988 1526 Alarico
1004 1498 1129 1532 loquens,
1148 1496 1193 1532 qui
1216 1496 1327 1524 Portum
1344 1496 1498 1524 Romanum
1521 1501 1548 1523 et
1568 1496 1664 1524 urbem

879 1544 964 1580 ipsam
985 1543 1162 1571 Portuensem
1183 1544 1241 1571 dira
1260 1543 1402 1571 obsidione
1419 1543 1529 1574 devicit,
1546 1543 1603 1569 haec
1623 1542 1666 1569 in-

878 1590 954 1625 quit:
975 1599 984 1615 ε
1001 1589 1051 1617 Hic
1073 1598 1139 1617 vero
1163 1588 1309 1618 confestim
1325 1589 1438 1616 Portum
1458 1589 1611 1623 occupavit.
1636 1588 1664 1616 ld

879 1641 970 1663 autem
987 1640 1029 1663 est
1051 1636 1202 1663 maximum
1227 1635 1326 1663 navale
1353 1635 1429 1663 urbis
1458 1634 1562 1667 Romae;
1577 1634 1666 1662 tribus

878 1682 1013 1717 portubus
1025 1686 1165 1716 constans,
1176 1687 1202 1709 et
1218 1682 1244 1708 in
1255 1689 1345 1716 parva:
1363 1682 1438 1709 urbis
1451 1681 1665 1716 magnitudinem

880 1732 1034 1756 extensum.
1051 1738 1060 1754 ι
1085 1727 1234 1763 Procopius
1250 1728 1317 1762 (66),
1337 1728 1385 1762 qui
1402 1727 1472 1755 bello
1494 1727 1609 1755 Gothico
1623 1726 1666 1753 in-

879 1775 974 1802 terfuit
984 1779 1010 1801 et
1024 1774 1136 1801 Portum
1154 1773 1307 1801 Romanum
1319 1781 1438 1808 praesens
1452 1773 1545 1801 forsan
1562 1773 1664 1806 invisit,

879 1819 1062 1846 disertissime
1076 1823 1191 1846 testatur
1206 1819 1278 1854 apud
1293 1819 1418 1846 eumdem
1433 1818 1528 1846 urbem
1549 1818 1634 1846 fuisse
1649 1827 1666 1846 a

880 1865 1013 1892 Romanis
1035 1865 1192 1892 conditam:
1212 1874 1222 1891 ι
1242 1864 1319 1892 Ultra
1347 1866 1420 1893 istud
1443 1873 1486 1898 os,
1518 1865 1551 1892 ad
1576 1865 1666 1900 ripam

879 1911 1021 1948 (Tiberis)
1045 1911 1228 1939 condiderunt
1250 1912 1345 1939 urbem
1370 1912 1434 1939 olim
1452 1911 1581 1944 Romani,
1604 1919 1666 1946 quae

879 1957 1017 1985 mcenibus
1028 1957 1118 1984 cincta
1132 1960 1173 1984 est
1190 1956 1382 1989 validissimis,
1401 1956 1538 1990 ductoque
1553 1963 1568 1982 a
1585 1959 1665 1990 portu

879 2003 1014 2030 vocabulo
1028 2001 1126 2029 Portus
1138 2002 1247 2030 dicitur.
1264 2001 1340 2029 Hanc
1351 2001 1486 2029 civitatem
1503 2009 1519 2029 a
1532 2000 1666 2035 Procopio

879 2052 1059 2076 memoratam
1086 2047 1188 2076 inlimis
1216 2048 1298 2076 etiam
1329 2047 1498 2083 temporibus
1529 2047 1668 2075 exstitisse

882 2162 966 2190 maris
976 2162 1053 2189 littus
1064 2160 1242 2189 simulacrum
1256 2160 1397 2193 habuisse,
1409 2160 1467 2194 ipse
1480 2159 1609 2187 Minutius
1623 2160 1667 2188 his

883 2197 974 2224 verbis
989 2202 1106 2224 testatur
1119 2197 1214 2224 eodem
1240 2197 1318 2223 loco:
1338 2205 1347 2221 ‹
1368 2195 1494 2223 Caecilius
1519 2195 1667 2222 simulacro

885 2231 1024 2267 Serapidis
1039 2232 1178 2264 denotato,
1196 2235 1226 2258 ut
1247 2231 1344 2265 vulgus
1362 2229 1569 2267 superstitiosus
1587 2231 1665 2264 solet,

883 2275 995 2294 manum
1007 2268 1047 2294 ori
1065 2267 1225 2299 admovens,
1241 2267 1366 2293 osculum
1380 2266 1458 2292 labiis
1478 2266 1586 2300 pressit.
1603 2275 1612 2290 ι

920 2302 975 2337 (63)
996 2302 1081 2337 Epist.
1096 2302 1141 2333 66,
1154 2302 1230 2337 juxta
1245 2301 1391 2328 editionem
1405 2300 1540 2337 Vallarsii,
1555 2300 1666 2337 p.599,

884 2335 1047 2372 Operﬁtom.
1062 2337 1081 2370 l,
1101 2335 1167 2372 editi.
1191 2335 1305 2364 Veronae
1324 2336 1389 2372 anni
1407 2336 1492 2362 1754:
1512 2346 1520 2361 ι
1537 2336 1626 2363 Audio
1641 2340 1668 2363 te

884 2370 1082 2400 xénodocliium
1098 2372 1124 2399 in
1139 2371 1223 2399 Portu
1246 2372 1343 2399 fecisse
1363 2370 1497 2402 Romano,
1519 2376 1547 2398 et
1562 2372 1668 2406 virgam

883 2408 917 2435 de
931 2408 1027 2435 arbore
1040 2407 1178 2434 Abraham
1194 2407 1221 2433 in
1241 2406 1363 2434 Ausonio
1375 2407 1512 2439 plantasse
1529 2406 1638 2439 littore;
1655 2416 1668 2431 ι

884 2443 910 2470 id
935 2443 1016 2470 etiam
1033 2443 1130 2477 repetit
1151 2441 1230 2476 epist.
1253 2442 1297 2475 76,
1315 2442 1348 2469 ad
1370 2441 1507 2469 Oceanum
1527 2441 1561 2468 de
1580 2447 1668 2468 morte

883 2477 1012 2511 Fabiolw,
1029 2484 1093 2505 toni.
1110 2478 1157 2510 cit,
1173 2485 1199 2511 ι).
1214 2477 1275 2504 Mil.

919 2513 976 2549 (64)
996 2513 1025 2540 in
1052 2513 1131 2547 epist.
1154 2513 1187 2549 ad
1213 2511 1372 2549 Eusebium,
1389 2520 1450 2548 quze
1474 2516 1516 2549 est
1537 2519 1613 2538 num.
1632 2511 1668 2549 54

881 2547 971 2583 juxta'
994 2549 1140 2575 editionem
1168 2547 1347 2574 Parisiensem
1380 2547 1576 2583 monachorum
1606 2548 1665 2583 0rd.

885 2584 914 2611 S.
935 2583 1072 2611 Benedicti
1095 2591 1111 2610 e
1134 2583 1345 2617 congregatione
1368 2583 1396 2610 S.
1412 2582 1497 2609 Mauri
1518 2591 1563 2609 an.
1586 2582 1666 2613 1690,

883 2619 963 2652 Oper.
978 2624 1044 2646 toni.
1058 2619 1088 2650 ll,
1104 2626 1130 2653 p.
1145 2618 1232 2646 1005:
1250 2628 1258 2643 ι
1274 2618 1419 2653 Apparitor
1432 2617 1606 2652 praefecturae,
1620 2618 1668 2652 qui

884 2660 993 2689 propter
1019 2662 1117 2689 operas
1140 2653 1302 2681 Portuenses
1325 2653 1456 2681 oﬂensaiu
1482 2657 1666 2686 contraxerat,

882 2691 938 2724 jam
955 2690 981 2716 in
996 2689 1079 2716 Portu
1097 2690 1215 2724 navigat.
1234 2699 1242 2715 ι

922 2724 979 2785 (65)
996 2724 1195 2785 ffclesiasticw
1211 2724 1284 2753 Hist.
1302 2725 1348 2753 lib.
1372 2733 1421 2757 xu,
1437 2732 1513 2752 num.
1532 2724 1558 2757 5,
1572 2732 1598 2760 p.
1614 2725 1668 2752 ΒΗ

923 2768 937 2785 a
953 2780 959 2785 .
980 2768 994 2785 c
1016 2768 1023 2785 ι
1039 2779 1045 2785 .

884 2760 959 2788 citat.
980 2760 1045 2786 edit.

900 2795 975 2859 d(:i6)
997 2795 1034 2823 De
1048 2794 1114 2823 bello
1140 2795 1249 2824 Cat/tiro
1262 2797 1309 2825 lib.
1325 2804 1344 2831 ι,
1363 2804 1422 2832 cap.
1439 2795 1485 2830 26,
1498 2804 1524 2831 p.
1548 2795 1578 2823 18
1592 2796 1666 2824 citat.

919 2839 926 2857 |
943 2851 949 2858 .

884 2837 949 2859 ean.
