1857 3051
216 109 293 136 ’545

628 107 671 134 ι)Ε
690 104 884 135 PORTUENSl
905 107 934 136 S.
954 106 1134 134 HH’POLYTI
1154 106 1251 134 SEDE.
1272 121 1306 126 --
1326 105 1415 132 PARS
1434 105 1465 132 ll.

1792 106 1831 134 5H

241 172 299 194 tum
315 173 457 202 martyrem
476 167 614 194 celebrant
633 176 642 191 ι
660 167 718 194 sine
732 167 783 193 ulla
799 168 935 194 soeiorum
947 175 1022 194 men-
1037 169 1059 197 Α
1074 171 1195 193 tuensem
1210 166 1365 200 episcopum
1381 170 1405 192 ct
1429 168 1573 200 martyrem
1595 164 1733 192 Prudentii
1748 167 1830 192 carmi-

241 213 325 242 tione,
338 216 385 238 aut
398 211 486 245 aliqua
509 210 618 244 speciali
638 215 712 242 nota,
727 219 787 244 qua:
801 211 888 245 ipsum
905 210 934 237 S.
949 209 1022 236 Lau—

241 258 320 285 rentii
337 257 451 289 socium,
470 261 516 283 attt
537 256 650 282 alterum
669 255 754 283 fuisse
769 256 900 291 designet.
919 266 928 282 t
955 256 1020 289 Quae

239 311 302 332 cum
321 304 354 335 ita
371 303 435 335 sint,
447 309 526 329 nemo
541 309 594 328 non
618 301 690 328 videt
706 301 734 328 S.
761 301 933 337 Hippolytum
956 301 1020 329 Por-

240 398 306 427 tom.
322 391 342 426 l,
357 392 479 426 Liturgia
495 391 714 427 Romanarvetus,
730 399 790 426 pag.
807 391 858 417 400
873 400 879 418 :
902 390 966 418 Vere
978 392 1019 418 di—

239 436 328 463 gnum,
345 433 398 454 etc.
426 427 484 453 Tibi
505 428 584 459 enim,
606 426 727 459 Domine,
748 427 841 461 festiva
866 426 1018 463 splemttitas

239 460 337 497 agitur,
358 463 404 489 tibi
417 462 472 488 dies
485 467 591 488 sacrato
605 460 760 494 celebratur,
777 469 855 495 quam
870 460 898 488 S.
917 461 1019 496 Hippo-

237 498 285 531 lyti
308 498 431 531 ttmrtyris
455 498 494 523 tui
509 497 616 531 sanguis
640 497 666 522 in
682 497 800 523 veritatis
819 501 869 522 tute
889 497 1017 530 testiﬁco-

238 533 306 559 tione
320 534 442 566 profusus
458 532 594 566 magniﬁce
607 532 717 557 nominis
732 531 770 557 tui
783 532 878 558 honore
893 531 1016 567 signavit.

273 566 328 602 (86)
352 567 467 602 insignis
490 574 596 602 setttper
618 567 721 602 exstitit
740 566 876 602 prateipuo
890 567 1016 602 ,quodam

236 603 318 629 modo
339 602 364 628 in
384 601 467 628 Portu
494 601 617 628 Humano
642 601 670 628 S.
694 601 829 636 Hippolyti
853 601 972 636 episcopi
991 606 1018 629 et

238 637 363 671 martyris
381 636 522 662 memoria.
539 636 593 663 Deo
609 636 635 662 in
653 636 772 670 ejusdem
790 636 910 670 episcopi
932 637 1016 663 hono-

237 680 293 699 rem
314 672 440 705 templum
458 671 484 698 itt
500 671 594 698 eodem
609 671 691 698 Portu
708 671 830 697 Romano
843 671 926 698 fuisse
945 671 1017 698 exci-

238 711 323 733 tatum
334 715 365 732 ex
380 706 578 740 antiquissitnis
592 706 775 733 monumentis
787 710 889 732 certum
905 707 1015 733 omnino

236 747 287 773 est,
303 742 373 775 quod
387 741 477 768 adhuc
491 745 610 775 tempore
624 740 652 767 S.
667 741 765 768 Leonis
780 740 830 767 PP.
845 740 888 772 ill,
905 742 950 775 qui
967 741 1016 768 Pe—

237 777 270 803 tri
301 776 458 803 cathedram
486 783 558 803 anno
584 775 635 803 795
663 776 794 808 ascendit,
821 777 953 808 exstabat,
971 777 1014 803 cui

235 811 356 845 pontifex
378 815 460 837 uestes
484 811 516 837 de
541 810 665 838 Stauraci
680 811 747 838 duas
762 811 833 837 dono
847 810 929 843 dedit,
948 816 1015 839 teste

234 846 378 873 Anastasio
402 845 608 872 Bibliothecario
623 846 648 872 in
672 845 731 873 Vita
752 846 871 880 ejusdem
894 845 923 872 S.
947 845 1014 880 Leo-

234 882 278 908 nis
304 880 347 912 Ill,
364 884 427 907 tom.
451 881 460 906 l
486 880 549 907 edit.
567 881 704 908 lilanchini
726 881 790 907 anni
808 880 886 913 1718,
909 880 1011 914 Rontze,

234 923 295 950 pag.
310 915 362 942 288
382 925 387 942 :
406 924 415 940 ι
436 915 508 942 Fecit
520 921 608 942 autem
621 916 690 943 idem
706 915 839 942 altniﬁcus
853 915 970 950 pontifex
984 917 1010 943 in

233 951 346 977 basilica
364 950 438 977 Beati
463 950 598 986 Hippolyti
621 951 747 986 martyris
773 951 923 977 incivitate
946 950 1011 978 1⁷61·-

235 986 323 1012 tuensi
340 990 428 1012 vestes
444 986 477 1012 de
495 985 616 1012 Slauiaei
632 985 710 1017 duas,
723 993 803 1012 uuam
821 993 902 1019 super
914 993 1012 1020 corpus

233 1021 303 1054 ejus,
319 1026 345 1046 et
371 1020 451 1046 aliam
466 1020 492 1046 in
509 1020 587 1047 altari
612 1020 718 1055 majori.
737 1030 746 1046 ι
765 1020 794 1047 S.
815 1019 870 1047 Leo
884 1019 1012 1047 etiam’lV

233 1063 306 1081 anno
328 1054 379 1081 817
395 1063 518 1082 summus
531 1054 660 1089 pontifex
675 1056 854 1087 renuntiatus,
873 1055 924 1082 alia
941 1056 1012 1083 dona

233 1090 261 1117 in
277 1090 390 1117 ecclesia
414 1089 443 1116 S.
460 1089 606 1125 Hippolyti,
624 1098 684 1124 quae
706 1090 732 1116 in
758 1090 846 1117 insula
870 1090 1010 1118 Portuensi

232 1130 290 1151 erat
303 1129 448 1156 exstructa,
462 1124 621 1157 cumulavit,
634 1125 727 1152 eodem
738 1124 880 1151 Anastasio
890 1129 1010 1157 auctore,

233 1160 259 1194 in
275 1167 307 1186 ro
322 1168 381 1194 pag.
394 1159 446 1186 585
457 1160 504 1186 cit.
516 1160 580 1186 edit.
594 1169 599 1187 :
612 1159 729 1187 «Obtulit
739 1165 766 1187 et
776 1160 803 1186 in
814 1160 927 1186 ecclesia
938 1159 1011 1187 Beati

232 1193 367 1229 Hippolyti
379 1195 513 1229 martyris,
525 1202 585 1228 quae
596 1196 704 1229 ponitur
717 1195 743 1221 in
756 1195 843 1221 insula
857 1195 1008 1228 Portuensi,

232 1237 292 1262 quae
307 1233 479 1263 nuncupatur
492 1229 578 1261 Arsis,
593 1235 693 1257 vestem
715 1230 749 1257 de
769 1229 891 1260 fundato.
907 1229 1010 1257 haben-

230 1267 284 1290 teut
301 1265 469 1298 gammadias
484 1272 517 1291 ex
533 1270 644 1299 argento
670 1269 767 1297 textas,
786 1272 877 1296 unam,
894 1265 951 1291 vela
971 1265 1009 1299 Vde

230 1299 342 1325 fundato
357 1307 471 1326 nutttero
491 1304 618 1333 quatuor.
633 1310 642 1325 ο
659 1299 787 1326 Summus
798 1300 879 1325 etiatn
890 1298 1010 1333 pontifex

229 1333 405 1361 Portuensem
422 1334 556 1361 civitatem
575 1335 700 1366 munivit,
718 1340 744 1361 et
763 1334 891 1369 profugos
908 1333 1007 1362 Corsos

230 1369 256 1395 iu
274 1369 346 1395 illam
361 1369 501 1404 recepittt
520 1377 664 1403 quousque
678 1374 778 1396 sanctae
792 1370 863 1396 sellis
884 1369 1008 1404 prtesuli-

229 1404 290 1434 bus,
308 1404 460 1438 populoque
477 1403 599 1430 Romano
621 1405 647 1431 itt
669 1404 774 1431 cunctis
799 1403 954 1431 obedientes
977 1411 1009 1431 ac

227 1439 319 1466 titlelcs
333 1439 506 1470 exsisterent,
523 1448 532 1464 t
544 1444 573 1466 ut
584 1439 721 1466 Anastasii
735 1439 823 1466 verbis
835 1443 944 1466 utamur
955 1439 1006 1465 loc.

228 1474 286 1513 cit.,
308 1481 369 1513 pag.
469 1473 544 1500 Hanc
566 1475 676 1513 quidem
698 1475 840 1501 ecclesiam
871 1474 1008 1513 multoties

227 1509 261 1545 ait
277 1508 409 1542 episcopis
431 1508 625 1545 Portuensibus
650 1513 828 1545 restauratam
851 1509 939 1545 adhuc
961 1516 1042 1545 ex-c

194 1550 196 1554 '
227 1543 323 1570 sistere
344 1544 456 1570 scimus.
475 1543 512 1569 De
530 1551 561 1569 ea
575 1543 771 1571 recentioribus
789 1544 954 1577 temporibus
979 1545 1007 1571 in

226 1578 431 1604 visitationiltus
446 1579 646 1612 episcoporum,
663 1586 724 1612 qua:
748 1579 774 1604 in
789 1579 922 1606 tabulario
936 1579 1006 1606 dioe-

225 1620 325 1640 cesano
344 1612 432 1639 Castri
447 1612 512 1639 Novi
529 1613 622 1646 patria:
637 1618 737 1640 nostra).
749 1613 899 1640 exsistente
917 1621 1006 1640 asser-

225 1653 332 1678 vantur,
348 1655 438 1674 sermo
456 1647 617 1674 instituitur.
631 1647 780 1674 Nottnullas
796 1648 923 1681 indicare,
938 1656 1006 1682 quas

226 1682 343 1716 propriis
358 1682 444 1709 oculis
459 1683 642 1717 lustravitnus,
657 1683 682 1709 in
699 1683 790 1709 animo
801 1687 852 1715 est,
866 1684 892 1709 in
907 1685 1006 1717 quibus

225 1718 344 1743 oratoria
362 1723 517 1744 sanctorum
535 1716 681 1752 Hippolyti,
697 1717 780 1744 Blasii
800 1722 826 1744 et
840 1716 1005 1745 sanctissimi

226 1752 353 1778 Crucilixi
366 1757 441 1778 extra
452 1752 587 1779 civitatem
602 1752 778 1779 Portnensem
792 1752 983 1779 describuntur
995 1763 1002 1780 :

225 1793 323 1820 nempe
334 1786 416 1814 Marci
424 1787 533 1813 Antonii
543 1786 649 1814 Totnati
657 1787 777 1821 episcopi
788 1787 851 1814 olim
862 1787 1003 1822 Bitecten.,

225 1825 252 1848 et
282 1822 430 1848 visitatoris
461 1822 602 1855 apostolici
632 1822 788 1849 Portuensis
819 1830 884 1849 ann.
915 1823 1002 1855 1661,

224 1863 285 1890 pag.
308 1855 372 1892 250,
394 1857 540 1884 cartlinalis
563 1856 651 1892 Martii
676 1856 774 1884 Ginetti
795 1858 915 1892 episcopi
937 1856 1004 1884 Por-

225 1891 328 1918 tueusis
342 1899 387 1917 an.
404 1891 482 1923 1667,
497 1899 558 1926 pag.
580 1892 604 1922 7,
618 1891 722 1919 Nicolai
746 1891 897 1919 cardinalis
912 1891 1004 1926 Ludo-

225 1900 328 1918 tuensts
342 1900 387 1917 illi.
404 1900 482 1923 IUDI,
584 1900 604 1922 Ι,
618 1900 722 1919 ιηροιίιι
746 1900 892 1919 Clll'tllllalls
912 1900 1004 1926 1-4]υο-

223 1925 286 1952 visii
300 1933 345 1952 an.
363 1926 442 1958 1682,
457 1934 517 1961 pag.
532 1930 542 1940 θ
554 1927 584 1953 14
598 1935 605 1959 ;
622 1928 647 1953 in
662 1934 717 1961 quo
730 1928 893 1954 cardinalem
906 1927 1004 1955 Bai-be-

223 1960 314 1987 riuum
329 1969 359 1987 ru
366 1961 446 1988 ralem
460 1962 530 1988 hanc
543 1962 634 1988 Sancti
651 1960 785 1996 Hippolyti
799 1963 881 1989 aedem
895 1967 1000 1989 restau-

225 2002 300 2022 rasse
323 1996 489 2030 perhibetur,
511 2001 538 2023 et
555 1997 588 2022 de
604 2002 683 2031 puteo
705 1997 731 2023 S.
756 1997 890 2032 Hippolyti
911 2005 1002 2024 sermo

222 2035 275 2063 est,
289 2031 367 2065 cujus
381 2031 462 2058 etiant
476 2031 534 2065 jam
549 2032 711 2060 meminerat
730 2031 864 2060 Bai-auius
887 2033 914 2058 in
929 2033 1001 2061 notis

223 2065 256 2101 ad
271 2065 492 2101 Martyrologium
508 2066 660 2094 Romanum
673 2068 716 2094 die
732 2075 787 2094 xxn
801 2067 870 2101 Aug.
885 2067 927 2094 his
944 2075 1002 2094 ver-

221 2099 264 2127 bis
280 2109 287 2127 :
306 2109 315 2125 t
346 2099 431 2135 Viget‘
445 2102 534 2128 adltuc
558 2101 584 2128 itt
607 2102 690 2129 Portu
719 2099 857 2129 Romano'
868 2103 1000 2130 memoria

223 2134 252 2162 S.
269 2134 404 2170 Hippolyti
418 2137 549 2170 episcopi,
567 2137 665 2172 illaque
678 2137 844 2172 conspicitur
855 2137 908 2164 alta
923 2138 999 2165 fovea

222 2172 301 2204 aquis
314 2173 402 2205 plena,
418 2172 444 2197 in
460 2179 541 2205 quam
558 2172 694 2206 projectus
706 2173 864 2207 martyrium
875 2180 1001 2200 consum-

221 2206 667 2244 mavit.“t_Exstant__visitationes
688 2206 817 2244 Alderani
837 2209 911 2244 card.
926 2209 1000 2244 Cybo

221 2241 285 2267 antti
297 2241 376 2274 1685,
388 2249 447 2275 pag.
459 2241 503 2272 95,
515 2246 541 2268 et.
555 2242 674 2275 ejusdem
690 2243 832 2270 cardinalis
845 2243 909 2270 anni
921 2241 1000 2276 1687,

240 2276 367 2312 ag.7190;
385 2276 456 2312 Petri
469 2277 543 2312 card.
561 2278 688 2304 Uttoboui
704 2278 767 2304 anni
780 2278 858 2310 1689,
876 2286 936 2312 pag.
949 2279 999 2312 55;

237 2286 282 2310 tog.
300 2286 367 2309 HN;
385 2286 456 2302 rem
469 2286 543 2303 cura.
561 2286 688 2304 υιιυυοιιι
704 2286 767 2304 anni
780 2286 858 2310 Ἀυδυ,
876 2286 908 2312 pa
930 2298 936 2304 .
949 2286 999 2312 00;

237 2309 304 2337 ‘latii
321 2312 405 2347 _t:ard.
433 2310 518 2347 Chisii
544 2312 608 2338 anni
634 2311 713 2346 169i,
734 2320 795 2347 pag.
822 2313 890 2346 817;
907 2286 1001 2341 iacchi

222 2347 295 2383 card.
320 2345 458 2383 Fransoni
475 2346 537 2372 anni
560 2347 639 2379 1696,
659 2356 720 2382 pag.
734 2345 806 2381 1‘21;
823 2353 904 2383 atque
925 2353 954 2375 ut
967 2349 1001 2376 de

222 2379 283 2406 aliis
308 2379 730 2418 ι’ςᾳειὶιωτῇὺυξ-ειλιρδιιύνῶιι
746 2379 897 2418 temporum
921 2384 1002 2410 silea—

221 2421 295 2453 mus,
317 2416 468 2453 gementis.
486 2416 537 2443 PP.
563 2416 598 2443 X1
611 2418 684 2453 _anni
707 2418 785 2450 1705,
801 2416 858 2453 iper
880 2418 1000 2446 Marcum

222 2448 584 2488 Battaglinum“episcopum
611 2448 782 2480 Nucerinum
806 2448 866 2488 pag.
887 2454 948 2484 116,
973 2455 1000 2480 itt

215 2485 321 2518 quibus
345 2486 472 2523 omnibus
497 2485 611 2514 ecclesia
629 2487 657 2514 ὃ.
676 2485 813 2523 Hippolyti
836 2485 918 2523 prope
934 2488 1001 2516 Por-

223 2521 506 2558 titcnseItLcivitatem
527 2523 698 2558 tlescnibitqr.
711 2521 749 2550 lu
767 2521 876 2551 civitate
887 2521 1001 2558 totaque

222 2554 482 2594 dtmcesigl’ortuensi
496 2557 592 2594 festum
608 2558 635 2584 S.
654 2555 789 2594 Hippolyti
817 2559 859 2586 die
882 2559 917 2585 22
930 2554 998 2594 Aug.

221 2597 283 2629 cunt
299 2591 392 2629 cilicio
408 2596 448 2629 _et_
466 2593 549 2619 missa
574 2593 604 2619 de
626 2591 760 2620 comm—uni
774 2596 850 2620 unius
875 2591 1000 2629 martyris

220 2626 268 2650 sub
281 2626 333 2650 ritu
349 2626 448 2660 duplici
459 2628 618 2656 celebratur.
633 2630 725 2663 vigore
741 2629 880 2664 sequentis
897 2626 956 2656 deci
963 2634 1000 2656 ett

221 2665 430 2699 sactsemrltuutn
458 2664 696 2699 congregationis,
725 2665 798 2698 quod
826 2672 859 2691 ex
886 2665 1000 2699 regestis

220 2695 284 2733 anni
301 2695 440 2733 1676,_l‘ol.
457 2697 501 2729 54,
513 2695 638 2732 ejusdem
657 2695 1000 2733 S.'eoitgregationis~edu-

220 2731 308 2756 ximus
325 2739 332 2757 :
350 2742 358 2756 ι
383 2731 579 2760 Sauctisslmus
604 2733 735 2760 Dominus
754 2731 852 2761 noster
874 2735 999 2762 Clemens

218 2763 318 2805 PII’ZXI,
332 2767 364 2805 ad
380 2768 443 2805 pias
456 2775 550 2805 preces
560 2769 768 2805 eminentissimi
783 2773 811 2796 et
828 2770 999 2796 reverendis—

219 2801 281 2825 sittti
295 2801 395 2837 domini
412 2801 529 2829 Ulucrici
545 2804 662 2837 episcopi
678 2803 837 2831 Portucnsis
854 2805 999 2831 cardinalis

220 2836 353 2870 Larptnei,
371 2845 401 2864 ac
412 2838 536 2875 prmi'ccti
558 2836 778 2874 congregationis
802 2847 942 2867 sacrorum
960 2840 998 2867 ri-

1073 213 1153 239 nibns
1169 212 1344 244 celebratum,
1362 211 1388 237 in
1412 210 1602 237 vetustissimis
1618 211 1692 237 hisce
1711 211 1831 239 catholico

1071 257 1197 284 Eoi-iusim
1214 256 1395 283 monumentis
1410 256 1552 282 memorari
1568 255 1635 291 (86).
1651 256 1688 282 Ex
1705 257 1745 283 Itis
1756 257 1829 291 igitur,

1071 311 1131 338 qua
1140 304 1281 338 hucusque
1293 303 1399 330 duabus
1410 303 1607 330 dissertationis
1620 308 1720 329 nostrtc
1728 305 1830 337 partibus

1070 395 1144 417 tuttm
1161 390 1275 425 benigne
1294 391 1415 422 indutstt,
1431 394 1460 417 nt
1478 392 1504 417 in
1525 395 1662 424 posterum
1680 391 1706 417 in
1721 391 1828 425 praedicta

1069 426 1179 453 dioecesi
1203 426 1345 453 Portucnsi
1367 426 1480 460 singulis
1501 426 1580 452 annis
1594 426 1638 452 die
1655 434 1712 452 xxtt
1734 426 1828 459 Augusti

1068 461 1198 487 celebrari
1215 461 1301 496 possit
1320 461 1417 488 festum
1435 460 1462 487 S.
1477 460 1610 496 Hippolyti
1627 462 1752 496 martyris
1765 463 1827 494 primi

1068 496 1187 530 episcopi
1213 495 1371 523 Portuensis
1394 504 1453 523 cum
1480 496 1567 523 ollicio
1586 501 1613 522 et
1629 496 1712 522 inissa
1728 496 1759 522 de
1771 504 1829 522 Ctlln-

1068 531 1143 557 nntni
1155 531 1236 557 unius
1246 531 1373 566 martyris
1388 531 1438 558 sub
1453 531 1504 557 ritu
1517 531 1616 564 duplici
1628 530 1662 557 ab
1677 530 1795 557 omnibus
1805 533 1829 558 tle

1068 565 1141 592 clero
1160 571 1213 592 tam
1228 565 1447 600 saaculariqnam
1469 565 1586 601 regulari
1606 566 1749 599 utriusque
1764 573 1829 593 sexus

1069 601 1227 636 respective,
1243 601 1290 636 qui
1311 601 1344 627 ad
1364 601 1446 628 horas
1465 601 1612 627 canonicas
1629 605 1764 632 tenentur,
1780 603 1829 636 qni-

1069 609 1227 634 rcspecuve,
1243 609 1290 636 qut
1311 609 1344 627 au
1364 609 1446 628 noras
1465 609 1612 627 canontcas
1629 609 1764 632 tenentur,
1780 609 1829 661 qui~

1067 634 1226 669 buscnnque
1251 636 1278 662 in
1307 637 1472 662 contrarium
1499 643 1552 662 non
1582 636 1763 662 obstantibus.
1796 635 1830 662 lac

1068 670 1111 697 die
1133 671 1159 697 6.
1188 670 1251 697 Maii
1279 670 1354 697 1676.
1382 680 1390 696 t
1416 670 1483 697 Hinc
1506 670 1550 696 Fr.
1572 669 1693 697 Joannes
1715 671 1830 697 Antonius

1067 705 1141 732 card.
1155 705 1306 740 Guadagni,
1322 706 1466 740 episcopus
1481 705 1638 732 Portucnsis
1650 710 1677 732 et
1692 704 1722 732 S.
1734 705 1829 735 Huiins‘,

1065 740 1107 767 cui
1123 741 1267 774 plurimum
1286 741 1358 767 cives
1376 741 1426 768 mei
1449 741 1484 767 ob
1509 740 1601 773 patrim
1624 745 1726 767 noui-ir.
1749 741 1829 767 collata

1066 775 1195 802 beneficia
1223 776 1321 802 debere
1337 775 1464 806 fatentur,
1491 776 1534 802 die
1548 774 1583 801 26
1600 774 1768 809 Septembris
1781 777 1830 802 anni

1066 810 1134 837 1756
1151 811 1230 842 cavit,
1247 815 1277 837 ut
1294 810 1446 845 ltujusmodi
1463 811 1599 837 decretum
1617 811 1732 837 omnino
1756 818 1830 837 serva-

1031 839 1050 866 Β
1065 850 1148 878 retur,
1172 839 1311 880 proposito
1325 839 1405 872 etiam
1417 846 1506 873 edicto
1523 845 1592 880 typis
1608 846 1756 880 itnpresso,
1772 847 1829 881 quod

1063 885 1105 908 est
1122 882 1223 908 tettoris
1238 881 1376 915 sequentis
1391 889 1398 907 :

1376 943 1529 963 DECRETUM.

1100 982 1194 1009 Frater
1216 982 1330 1008 Joannes
1348 982 1477 1018 Antonius
1486 983 1675 1018 imiseratiﬁone
1684 983 1774 1009 divino
1786 985 1831 1018 epi-

1063 1026 1155 1053 scopus
1181 1017 1356 1048 Portttcttsis,
1378 1023 1403 1044 et
1428 1017 1457 1044 S.
1482 1017 1585 1051 Ruﬁno:
1607 1017 1636 1045 S.
1658 1017 1694 1044 R.
1719 1018 1751 1044 Ε.
1770 1020 1829 1046 card.

1064 1052 1213 1087 Cuttdognt'.
1231 1053 1391 1079 sanctissimi
1411 1053 1511 1079 demitti
1531 1053 1613 1079 nostri
1635 1061 1715 1087 popa:
1734 1054 1830 1080 vicarius

1062 1088 1383 1122 generalis,Iiomuntvque
1398 1088 1488 1118 curiw,
1497 1088 1602 1122 ejusque
1615 1088 1755 1115 districtus
1762 1088 1830 1121 judaz

1063 1123 1223 1149 ordinarius.
1242 1122 1367 1149 Omnibus
1385 1127 1410 1149 et
1425 1122 1536 1157 singulis
1550 1123 1733 1149 sacerdotibus
1749 1128 1771 1149 et
1791 1124 1830 1149 cle-

1062 1159 1135 1190 ricis,
1153 1159 1197 1192 qui
1222 1157 1268 1184 sub
1286 1163 1382 1184 nostra:
1398 1157 1552 1184 Parmensis
1572 1163 1595 1183 et
1612 1157 1642 1185 S.
1658 1157 1766 1192 Ηιιῇηιε
1778 1158 1830 1184 ὀξα-

1062 1194 1126 1219 cest's
1146 1193 1332 1227 juriadictione
1357 1193 1435 1218 horas
1462 1193 1602 1219 canonicos
1631 1194 1767 1219 communi
1783 1194 1831 1226 jure

1062 1228 1171 1254 recitare
1187 1233 1314 1259 tenentur,
1327 1227 1509 1288 ltrwcipitttus,
1525 1233 1549 1254 et
1564 1228 1743 1261 prwcipiendo
1756 1229 1830 1254 stricte

1062 1263 1227 1288 mandamus.
1244 1267 1272 1288 ut
1295 1271 1324 1288 su
1369 1262 1409 1288 die
1423 1262 1458 1288 22
1478 1263 1590 1288 Anausti
1613 1263 1756 1288 cuiuslibet
1781 1264 1830 1288 mini

1061 1263 1227 1292 mandamus.
1244 1267 1272 1288 ut
1295 1262 1340 1288 sub
1369 1262 1409 1288 die
1423 1262 1458 1288 ‘22
1478 1263 1590 1297 Augusti
1613 1263 1756 1296 cujuslibet
1781 1264 1830 1289 mini

1060 1298 1235 1332 unusquisque
1249 1297 1358 1332 clericus
1373 1298 1483 1331 officium
1498 1303 1522 1322 et
1534 1297 1642 1332 quilibet
1655 1300 1779 1325 sacerdos
1793 1299 1831 1332 ρῇ-

1060 1341 1130 1358 ctum
1154 1338 1177 1359 et
1201 1333 1307 1358 missam
1331 1331 1360 1359 S.
1381 1332 1518 1366 Hippolyti
1539 1331 1618 1366 primi
1639 1334 1757 1367 episcopi
1778 1333 1830 1359 Por-

1061 1367 1159 1394 tuensis
1182 1375 1227 1394 UTI
1251 1375 1364 1394 PATRONI
1386 1375 1482 1394 TO'l'lUS
1504 1375 1635 1394 DlWCESIS
1658 1369 1691 1394 de
1715 1369 1831 1395 comttnnti

1060 1403 1138 1428 unius
1162 1403 1287 1436 martyris
1308 1407 1332 1428 et
1353 1403 1483 1436 ponti/tots
1499 1403 1604 1428 omnino
1626 1403 1751 1436 celebret,
1765 1409 1786 1429 et
1803 1412 1831 1428 re-

1059 1439 1169 1470 spective
1183 1437 1312 1472 perstlvat
1327 1438 1374 1464 sub
1393 1438 1446 1464 ritu
1468 1437 1561 1471 prima:
1585 1437 1680 1464 classis
1711 1446 1765 1464 una
1784 1446 1830 1464 cum

1060 1477 1152 1499 octaua
1168 1473 1194 1498 in
1207 1472 1396 1499 exsecutionem
1414 1480 1497 1499 sacra:
1515 1472 1613 1498 rituum
1632 1474 1830 1507 congregationis

1059 1507 1156 1543 decreti
1167 1507 1219 1543 diei
1236 1508 1251 1534 6
1264 1507 1356 1543 Martii
1381 1508 1419 1542 (in
1440 1512 1546 1543 regesto
1571 1507 1600 1534 S.
1622 1509 1830 1543 congregationis

1060 1542 1174 1569 ltabetur
1191 1541 1264 1576 Maii)
1291 1542 1370 1572 1676,
1390 1547 1466 1577 utque
1484 1542 1510 1568 id
1533 1542 1640 1575 facilius
1665 1541 1832 1577 aoinipleatur

1059 1578 1087 1603 in
1101 1577 1256 1612 quibuslibet
1271 1577 1386 1604 ecclesia
1403 1577 1528 1604 sacrariis
1550 1577 1705 1611 ltttjusmodi
1725 1583 1830 1604 nostrum

1059 1611 1190 1638 decretum
1202 1613 1269 1647 typis
1281 1612 1378 1639 editum
1392 1620 1436 1647 per
1444 1612 1580 1646 pororltos,
1591 1612 1724 1646 aliosque,
1734 1613 1767 1639 ad
1778 1621 1831 1647 quas

1059 1652 1168 1682 spectat,
1187 1656 1286 1681 semper
1303 1647 1409 1682 alituum
1431 1647 1536 1673 retineri
1545 1647 1669 1681 jubentus
1692 1648 1742 1674 sub
1762 1649 1831 1681 pastus

1059 1682 1180 1714 arbitrio,
1193 1687 1243 1708 etc.
1259 1682 1322 1708 Dat.
1337 1681 1425 1709 Roma-
1436 1689 1468 1708 επ
1488 1683 1587 1708 (edibus
1618 1683 1720 1709 nostris
1753 1684 1792 1709 die
1808 1683 1831 1709 lli

1058 1716 1217 1751 Septembris
1239 1717 1317 1750 1756,
1333 1716 1362 1743 F.
1385 1717 1409 1743 .l.
1427 1718 1457 1743 A.
1474 1724 1552 1743 cano.
1569 1716 1722 1750 GUADAGNI,
1742 1725 1832 1744 EPISCO-

1058 1759 1106 1779 Pus
1130 1752 1306 1779 PouTUENsts.
1329 1751 1508 1779 Bertmrdinus
1533 1751 1639 1778 Εἰσεοηὶ
1665 1754 1832 1779 concellorius

1057 1787 1224 1821 episcopalis.
1240 1787 1344 1814 Saeculo
1365 1788 1458 1821 elapso
1481 1786 1590 1813 Flavius
1605 1787 1760 1815 cardinalis
1778 1787 1831 1815 Gin-

1057 1823 1115 1849 sius
1132 1827 1224 1849 noster
1245 1822 1390 1856 episcopus
1416 1821 1546 1848 lectiones
1575 1829 1701 1856 proprias
1731 1822 1831 1850 secundi

1057 1857 1182 1883 nocturni
1218 1857 1252 1884 de
1277 1856 1305 1884 S.
1335 1856 1477 1892 Hippolyto
1503 1857 1664 1890 compilatus
1690 1857 1723 1884 S.
1743 1859 1830 1884 rituum

1056 1892 1273 1926 congregationis
1284 1894 1400 1919 examini
1417 1891 1540 1926 subjecit,
1554 1899 1613 1925 qua:
1621 1893 1707 1919 etiam
1725 1893 1752 1919 in
1768 1893 1832 1919 tabu-

1056 1926 1124 1953 lario
1151 1927 1305 1954 dimcesano
1331 1932 1525 1959 asservantur;
1555 1934 1671 1961 quaeque
1699 1929 1797 1955 deinde
1818 1936 1828 1953 τι

1055 1963 1130 1989 card.
1145 1961 1285 1989 Fransono
1296 1961 1437 1989 Portnensi
1454 1961 1580 1996 episcopo
1590 1963 1615 1988 in
1628 1963 1714 1989 aliam
1727 1963 1831 1989 fortnam

1055 1996 1186 2029 redacta,
1214 1997 1289 2024 card.
1317 1996 1459 2024 Colloredo
1487 2003 1536 2031 pio
1566 1997 1705 2025 revisioue
1733 1999 1827 2025 tradita:

1055 2031 1148 2065 luere;
1163 2033 1195 2059 de
1211 2032 1254 2059 his
1269 2036 1370 2063 tamen,
1383 2031 1476 2058 forsan
1488 2032 1645 2058 eorumdem
1659 2033 1831 2060 cardinalium

1056 2066 1129 2094 obitu
1146 2067 1296 2099 ereniente,
1314 2068 1387 2094 nulla
1410 2067 1528 2100 amplius
1548 2066 1678 2094 instantia
1702 2068 1730 2095 in
1749 2069 1831 2095 eadem

1057 2102 1087 2129 δ.
1111 2102 1320 2137 congregatione
1339 2107 1491 2129 restaurata
1508 2101 1569 2128 fuit.
1591 2101 1752 2136 Optandum
1770 2107 1831 2130 certe

1057 2142 1139 2170 esset,
1156 2136 1186 2164 ut
1202 2137 1300 2168 aliquis
1315 2136 1473 2164 Portuensis
1496 2137 1640 2171 episcopus
1662 2140 1789 2172 proprias
1803 2139 1832 2164 le-

1053 2173 1156 2200 utiones
1167 2174 1199 2199 de
1212 2176 1285 2199 tanto
1300 2173 1414 2207 praesule
1426 2172 1459 2208 ab
1473 2176 1567 2199 eadem
1584 2173 1612 2199 b‘.
1625 2174 1831 2208 congregatione

1054 2208 1216 2241 approbatas
1236 2206 1394 2241 reportaret.
1418 2206 1452 2234 ad
1474 2207 1641 2234 celeberrimi
1667 2206 1792 2242 episcopi
1812 2212 1832 2233 τι

1054 2243 1181 2278 martyris
1193 2242 1296 2269 cultum
1314 2243 1341 2269 in
1358 2246 1452 2278 nostra
1466 2243 1577 2270 dioecesi
1602 2243 1630 2269 in
1654 2243 1717 2270 dies
1741 2251 1832 2277 augen-

1053 2276 1133 2310 dum;
1162 2279 1310 2312 praesertim
1338 2286 1400 2305 cum
1430 2276 1458 2304 S.
1488 2277 1648 2312 Hippolytus
1674 2276 1831 2305 Portneiisis

1052 2313 1178 2340 (litecrsis
1202 2313 1237 2338 sit
1261 2318 1403 2347 patronus,
1426 2317 1453 2339 et
1478 2313 1529 2339 liae
1556 2313 1665 2346 quidem
1695 2314 1732 2340 de
1758 2321 1831 2339 causa

1052 2348 1084 2375 S.
1113 2348 1251 2383 Hippolyti
1276 2347 1406 2374 Ecclesiu'
1421 2348 1591 2382 episcopatus
1623 2348 1789 2375 l’ortuensis
1810 2349 1831 2373 in

1052 2384 1190 2410 nonnullis
1216 2384 1400 2410 monumentis
1425 2383 1582 2418 nominatus
1606 2383 1758 2418 reperitur,
1775 2391 1832 2418 pra:-

1051 2419 1144 2445 sertim
1170 2419 1199 2445 in
1229 2419 1302 2445 bulla
1332 2418 1455 2452 Gregorii
1480 2417 1532 2444 PP.
1558 2417 1604 2451 lx,
1624 2417 1681 2445 dat.
1700 2417 1786 2445 Reate
1810 2426 1831 2444 l\'

1051 2453 1143 2481 Nonas
1158 2454 1271 2488 Augusti
1289 2461 1361 2480 anno
1382 2453 1458 2485 1256,
1476 2460 1530 2488 qua
1545 2454 1636 2480 omnia
1655 2454 1797 2488 privilegia
1810 2457 1832 2479 et

1050 2489 1110 2523 jura
1127 2497 1142 2515 a
1159 2487 1315 2521 Benedicto,
1331 2488 1420 2515 Leone.
1433 2493 1459 2515 et
1471 2487 1575 2515 Joanne
1593 2487 1730 2516 Romanis
1751 2487 1832 2523 ponti-

1052 2524 1148 2551 licibus
1172 2524 1307 2558 episcopis
1332 2523 1527 2550 I’ortuensibus
1549 2531 1691 2555 concessa,
1714 2524 1831 2551 Rotuauo

1051 2558 1193 2586 Portuensi
1222 2559 1349 2594 episeopo
1374 2559 1554 2591 conlirmavit,
1574 2559 1643 2593 apud
1668 2558 1830 2593 Ughelliutu,

1052 2599 1118 2621 tom.
1139 2594 1159 2626 1,
1176 2602 1235 2629 pag.
1254 2594 1301 2621 151
1316 2593 1409 2621 Ἱιαιὶω
1425 2601 1509 2622 sacra:
1521 2595 1594 2620 citat.
1615 2595 1695 2627 edit.,
1717 2596 1761 2621 his
1776 2602 1829 2620 xer-

1053 2630 1116 2657 bis:
1148 2639 1157 2655 α
1186 2629 1284 2657 Felicis
1307 2635 1396 2656 autent
1417 2630 1555 2656 memoria:
1578 2637 1674 2664 papam
1699 2630 1830 2666 Calixtutn

1051 2669 1252 2692 antecessorem
1265 2670 1388 2691 nostrum
1404 2671 1430 2692 et
1444 2666 1571 2698 temporis
1581 2665 1715 2700 qualitas,
1733 2670 1761 2692 ct
1772 2671 1831 2690 vict-

1053 2701 1124 2726 nitas
1139 2700 1260 2727 locorum
1283 2701 1398 2732 induxit,
1413 2701 1484 2727 sicut
1502 2701 1528 2726 in
1546 2708 1596 2728 suo
1616 2700 1763 2735 privilegio
1777 2707 1830 2734 per.

1052 2736 1189 2769 speximns
1214 2735 1355 2765 contineri.
1373 2740 1401 2762 ut
1429 2735 1683 2762 Partuensambeati
1710 2735 1830 2770 martyris

1052 2770 1200 2805 Hippolyti,
1214 2775 1240 2797 et
1256 2769 1305 2797 SS.
1323 2775 1470 2805 martyrum
1492 2770 1596 2798 Hutime
1610 2775 1636 2797 et
1658 2769 1795 2799 Secunda:
1808 2777 1829 2796 tn

1053 2805 1131 2840 Sylva
1147 2805 1267 2832 Candida
1282 2807 1370 2833 uniret
1383 2805 1526 2839 Ecclesias,
1540 2811 1567 2833 et
1577 2807 1628 2833 sub
1639 2807 1726 2833 unius
1739 2809 1831 2841 guber-

1052 2840 1159 2868 natione
1175 2841 1302 2868 antistitis
1327 2842 1463 2877 perpetuis
1487 2843 1653 2877 temporibus
1673 2840 1830 2870 decernent
