1857 3051
15 124 56 151 iii?)

17 183 118 217 iusius,
144 192 230 220 quam
257 192 303 220 par
328 188 396 217 erat,
410 183 443 212 de
467 184 557 219 magni
584 183 717 220 Hippolyti
737 185 795 220 epi-

17 230 83 264 scopi
102 235 132 257 et
148 231 279 266 martyris
291 230 498 266 disputavimus,
515 230 581 258 satis
599 237 732 264 superque
746 237 796 256 no-

16 274 49 300 bis
73 274 216 308 probasse
238 274 394 306 suademus.
412 274 535 302 eumdem
561 282 616 302 non
631 273 750 307 Oriente,
767 278 797 302 ut

13 320 202 354 Tillemontio,
219 321 260 347 vel
277 321 303 347 in
319 321 418 348 Arabia
436 320 536 352 Felice,
560 325 588 348 ut
612 320 748 355 Stephano
771 321 796 348 le

12 365 105 402 Hoyne
120 366 215 393 visum
233 365 293 398 fuit,
310 366 356 393 sed
369 366 395 392 in
412 366 493 392 Porlu
510 365 628 392 Romano
644 373 726 400 prope
742 364 795 392 Ur-

12 413 63 439 bem
83 413 278 448 episcopatum
292 411 462 446 _obtinnisse.
479 411 595 447 Ideoque
611 412 638 438 in
655 411 796 446 episcopo-

12 467 63 486 rum
82 458 283 486 Portuensium
298 458 368 486 serie
386 457 573 486 collocandum
587 465 666 485 nemo
688 458 736 485 ibit
750 458 794 484 in-

12 504 92 532 ﬁcias.
106 504 213 532 Decem
227 505 299 532 enim
314 509 341 532 et
356 505 447 539 plures
457 504 544 532 aetatis
555 509 635 531 certae
649 505 795 539 scriptores

11 551 55 578 hoc
69 551 162 578 nobis
183 551 362 583 tradiderunt,
380 551 449 578 inter
465 558 533 586 quos
544 550 663 578 eminent
674 550 795 577 Pruden-

10 597 67 627 tius,
79 596 231 628 Leontius,
240 596 402 624 Anastasius
412 596 630 632 Apocrysiarius,
642 596 793 631 Syncellus,

10 642 128 677 aliique,
161 650 278 677 quorum
305 643 457 670 testimonia
485 643 573 677 prima
597 643 795 670 dissertationis

9 694 78 722 parte
89 689 297 724 congessimus.
309 687 363 716 Nec
374 688 472 716 desunt
486 692 606 716 veterum
620 689 744 716 codicum
757 689 795 715 in-

9 733 176 768 scriptiones
199 737 228 760 et
251 738 340 766 natae;
358 733 522 760 Catenarum
544 738 571 760 et
586 733 794 769 Martyrologiu—

8 787 63 805 rum
79 779 256 812 testimonia,
269 787 301 806 ex
312 780 412 814 quibus
428 780 456 807 S.
473 779 647 816 Hippolytum
659 780 794 808 Portuen-

8 832 58 851 sem
85 825 252 859 episcopum
278 825 364 852 fuisse
389 825 608 853 constantissime
629 826 790 854 evincimus.

6 870 67 902 Quae
91 871 209 905 quidem
234 871 325 898 omnia
350 870 459 899 Eusebii
482 879 514 899 ac
533 870 562 898 S.
579 870 734 907 Hieronymi
758 872 791 899 de

7 916 32 942 S.
47 915 193 952 Hippolyti
219 917 281 944 sede
296 917 404 948 silentio
427 918 614 952 anteponenda
630 925 709 945 nemo
726 926 791 953 pru-

650 121 677 150 S.
699 121 877 150 lll-PPOLYTI
897 122 988 151 ACTA

1574 126 1625 152 διδ

810 190 833 216 Α
849 184 942 212 codice
965 184 1115 211 Sorbonico
1133 183 1271 212 Marianas
1290 183 1426 213 Victorius
1442 186 1542 220 legerat
1556 185 1623 222 (87),

846 231 887 257 vel
906 238 939 257 ex
960 230 1074 258 sinceris
1095 228 1125 257 S.
1141 230 1268 266 martyris
1287 230 1372 264 Actis,
1389 239 1450 266 quae
1472 236 1623 266 temporum

846 275 945 311 injuria
969 276 1174 308 interciderunt,
1198 277 1303 304 discere
1327 277 1457 311 potuisse,
1475 285 1538 304 cum
1560 286 1624 304 eru-

845 323 902 350 dito
927 322 1060 350 monacho
1082 321 1185 350 Joanne
1213 322 1332 357 Lyronio
1351 330 1406 350 non
1429 331 1484 350 uno
1499 324 1623 358 exemplo

845 369 960 404 probare
977 369 1066 396 conati
1087 377 1192 396 sumus.
1207 368 1334 401 Quinimo
1356 369 1470 403 ipsemet
1481 368 1511 396 S.
1528 368 1624 396 Hiero-

845 422 953 449 nymus,
970 414 1016 448 qui
1042 413 1177 449 egregiam
1204 415 1325 450 martyrii
1352 414 1465 449 gloriam
1494 414 1522 442 in
1544 414 1625 442 toties

845 460 953 487 laudato
969 459 1094 495 Catalogo
1117 460 1220 493 reticet,
1238 461 1300 488 alibi
1317 461 1345 488 S.
1363 461 1504 496 Hippolyto
1526 462 1625 497 praeci-

845 512 897 539 pue
915 504 1047 532 attribuit.
1063 505 1140 537 Quod
1156 505 1264 539 quidem
1281 506 1380 532 mirum
1401 506 1428 532 in
1443 507 1554 534 modum
1572 515 1623 534 no-

845 554 928 578 stram
942 551 1019 585 juvat
1033 551 1204 578 sententiam.
1222 550 1350 586 Stephani
1366 551 1477 586 insuper
1491 552 1515 578 le
1527 551 1623 587 Moyne

845 595 1031 630 conjecturam
1051 595 1162 622 omnino
1186 596 1390 630 itnprobabilem
1412 596 1551 623 nonnullis
1576 604 1622 623 ra-

844 642 925 669 tionis
947 643 1091 669 momcntis
1115 642 1141 668 in
1163 642 1281 669 medium
1300 641 1389 669 allatis
1404 641 1581 673 ostendimus,
1597 646 1624 669 ct

847 695 879 714 ex
900 687 1042 722 ipsinsmet
1066 686 1239 722 Philostorgii
1267 687 1420 714 testimonio
1442 686 1623 720 evangelicum

843 734 930 760 lucem
943 737 1077 760 extremas
1094 724 1300 760 Homzeritarum
1318 740 1393 764 oras,
1410 733 1436 759 in
1451 733 1551 767 quibus
1565 732 1624 759 Etu-

843 780 948 815 porium
965 779 1118 806 Romanum
1135 779 1215 806 situm
1233 783 1301 809 erat,
1315 783 1423 806 centum
1436 782 1496 813 post
1512 777 1541 805 S.
1558 778 1623 814 Hip-

843 826 963 861 polytum
989 833 1075 852 annos
1104 830 1270 860 penetrasse,
1296 828 1323 851 et
1350 823 1517 858 episcopales
1544 824 1623 851 sedes

844 876 978 900 trecentos
989 872 1043 899 fere
1059 876 1120 906 post
1137 879 1222 898 annos
1237 871 1334 898 ibidem
1348 878 1409 898 esse
1420 869 1545 904 coepisse,
1563 877 1624 896 cer-

843 918 877 946 tis
893 918 1014 945 deductis
1028 917 1193 952 argumentis
1207 917 1380 944 deduximus.
1401 916 1572 951 Quapropter
1585 916 1623 943 nil

6 961 69 989 dens
83 961 211 997 negabit.
222 961 412 997 Supralandati
424 964 495 991 enim
507 964 716 999 scriptores,qui
733 969 793 998 post
807 969 828 997 Β
843 964 915 991 aliud
939 967 1032 996 restat,
1050 963 1102 990 nisi
1121 963 1333 990 vetustissimam
1348 962 1479 989 Romanae
1492 961 1621 989 Ecclesia:

7 1006 161 1034 Eusebium
178 1012 206 1034 et
218 1006 248 1034 S.
264 1007 457 1044 Hieronymum
473 1009 609 1043 vixerunt,
627 1017 680 1036 non
693 1015 793 1038 temere

6 1052 60 1080 haec
73 1054 233 1086 dictarunt,
244 1054 291 1081 sed
308 1053 364 1081 hac
379 1054 470 1082 omnia
482 1062 514 1082 ex
529 1055 654 1090 genuinis
671 1057 792 1090 ejusdem

8 1099 34 1126 S.
58 1099 204 1136 Hippolyti
228 1108 340 1135 operum
366 1101 460 1133 titulis,
477 1105 504 1128 et
527 1109 560 1128 ex
580 1101 698 1134 antiquis
721 1103 793 1130 notis

5 1146 151 1174 codicibus
172 1146 314 1181 appositis,
342 1155 457 1182 quarum
479 1155 561 1176 unam
587 1148 614 1175 in
642 1147 793 1177 Parisiensi

6 1239 182 1270 permanere.
203 1241 213 1258 ι
232 1232 406 1270 Episcopium
435 1232 592 1270 Portuense»
610 1233 639 1262 S.
658 1234 794 1270 Hippolyti

3 1268 180 1301 episcopium
214 1268 296 1295 etiam
329 1273 441 1296 vocatur
478 1269 505 1295 in
548 1268 620 1295 bulla
658 1268 794 1298 Benedicti

4 1302 54 1329 PP.
72 1302 145 1333 V'lll,
163 1303 234 1336 apud
255 1302 358 1338 Ughell.
378 1308 443 1330 tom.
461 1302 482 1336 l,
500 1311 526 1337 p.
543 1304 594 1331 “6
613 1313 619 1331 :
637 1313 646 1330 (
664 1304 795 1332 Concedi—

3 1345 65 1364 mus
81 1343 112 1364 et
124 1339 322 1365 conﬁrmamus
336 1339 414 1365 vobis
425 1340 577 1373 vestrisque
590 1340 794 1368 successoribus

3 1373 29 1408 in
48 1377 217 1406 perpetuum
234 1373 391 1407 praedictum
404 1374 569 1408 episcopium
591 1373 619 1401 S.
637 1374 794 1402 Portuensis

3 1406 158 1444 Ecclesiae,
173 1406 246 1442 quod
263 1409 380 1444 positum
405 1406 464 1436 esse
481 1406 587 1436 videtur
610 1409 677 1436 foris
699 1411 795 1444 pra:di-

1 1447 76 1469 ctam
104 1442 245 1469 civitatem
269 1443 466 1476 Portuensem,
491 1444 535 1471 cui
560 1442 721 1471 vocabulum
752 1450 795 1472 est

46 1477 222 1516 Hippolyti,
242 1488 251 1504 ›
267 1482 294 1505 et
309 1478 336 1504 in
350 1479 434 1516 altera
447 1478 545 1516 Leonis
560 1478 606 1511 IX,
621 1481 690 1516 apqu
705 1481 794 1514 ipsutn

4 1511 116 1549 Ughelli
131 1511 186 1539 loc.
200 1514 238 1540 cit
252 1534 259 1545 ,
273 1521 333 1548 pag.
346 1513 391 1540 ηπ
410 1523 416 1540 :
435 1523 443 1538 ι
465 1513 521 1541 [Iac
535 1515 616 1549 igitur
630 1511 658 1542 re
671 1511 792 1542 inclinati

1 1547 183 1574 decrevimus
199 1547 322 1582 petitioni
339 1553 391 1575 tua:
402 1547 570 1581 satisfacerE,
584 1549 687 1576 scilicet
699 1554 728 1576 ut
743 1550 792 1577 tibi

2 1583 118 1616 tuisque
125 1584 331 1610 sucu-ssoribus
338 1583 603 1618 ipsuml’ortuensem
610 1585 795 1619 episcopatum

1 1620 215 1654 εοιιιὶιίῐηεηιιιε,
229 1619 301 1652 qttod
316 1620 407 1654 utique
422 1619 535 1646 libenter
549 1618 680 1654 rfaciuius.
696 1618 728 1646 Et
742 1621 797 1654 pri-

0 1660 81 1679 mum
89 1652 182 1686 ipsum
190 1652 375 1689 episcopatum
383 1653 538 1681 Portuensis
545 1653 679 1686 Ecclesia},
687 1652 748 1689 quae
753 1663 797 1689 po-

2 1689 54 1714 sita
67 1695 132 1714 esse
147 1689 255 1715 videtur
266 1688 332 1716 foris
349 1690 500 1723 praedictam
512 1689 685 1717 Portuensem
696 1688 795 1717 ’civita-

1 1727 71 1762 ἔξω,
86 1722 132 1749 cui
146 1722 577 1762 vocabulumestS.Hippolyti...
589 1725 770 1762 concedimus.
782 1735 792 1762 ξ

0 1757 75 1793 Qua;
87 1757 183 1793 omnia
206 1759 348 1793 antiquum
367 1757 467 1786 cultum
489 1757 669 1787 inPortuensi
683 1761 794 1788 dioecesi

0 1793 32 1819 ὃ.
45 1791 206 1829 Hippolyto
226 1791 377 1829 ρηρβιὶιυηι
395 1795 461 1822 satis
475 1802 611 1829 superque
622 1796 793 1823 conﬁrmant.

38 1826 240 1866 (87)‘lta’i_pse
264 1828 401 1866 Marianus
422 1826 617 1866 Victorius-ad
639 1829 795 1866 Catalogum

0 1863 34 1888 de
53 1863 235 1900 scriptoribus
258 1864 451 1900 ecclesiasticis,
475 1865 501 1891 in
533 1864 562 1891 S.
582 1863 794 1900 Hippolytoite-

0 1903 98 1935 statur
108 1899 147 1935 ad
162 1898 245 1925 verba
259 1899 304 1925 illa
321 1897 350 1925 S.
364 1899 519 1935 Hieronymi
533 1909 540 1926 :
557 1909 566 1925 ι
581 1897 795 1935 Νῡῖιῇθηῖίιυῑρρθ

0 1934 86 1970 urbis
107 1933 182 1960 scire
203 1941 257 1960 non
273 1934 362 1968 potui;
380 1944 389 1960 ι
414 1933 473 1962 boc‘
484 1936 563 1962 modo
581 1944 587 1961 ;
608 1943 618 1960 ί
637 1933 794 1970 llippolylits

0 1967 174 1996 Portuensis
189 1967 333 2003 episcopus
348 1970 408 2001 fuit,
421 1976 449 1996 ut
463 1970 489 1996 in
504 1974 608 1997 vetusto
625 1967 718 1998 codice
733 1967 792 1997 ina-

842 1010 874 1037 de
889 1009 1030 1036 Parmensi
1046 1008 1076 1036 S.
1094 1008 1230 1044 Hippolyti
1245 1009 1303 1035 sede
1318 1008 1491 1036 traditionem
1512 1008 1623 1043 optimis

842 1055 897 1082 nixi
913 1055 1062 1082 rationibus
1078 1055 1267 1085 defendamus,
1281 1058 1307 1080 et
1324 1053 1501 1081 Portuensem
1515 1054 1622 1088 episco—

841 1108 905 1135 pum
916 1108 997 1135 prope
1010 1099 1122 1127 Romam
1139 1099 1344 1127 celeberrimum
1360 1099 1462 1126 Christi
1475 1104 1622 1134 martyrem

843 1146 872 1174 S.
888 1146 1058 1183 Hippolytum
1082 1146 1218 1174 exstitisse
1241 1146 1377 1173 tutissime
1401 1145 1621 1180 pronuntiemus.

843 1235 1064 1271 nuscriptoapud
1081 1235 1241 1271 Sorbonam_
1249 1233 1431 1271 Parisiensem
1448 1233 1509 1271 legi,
1527 1242 1536 1271 ξ
1553 1232 1624 1271 Qpe-

843 1279 904 1298 rum
975 1268 1132 1306 Hieronymi
1149 1275 1214 1297 tom.
1233 1269 1252 1301 l,
1267 1269 1364 1306 57568
1377 1270 1445 1306 edit_._
1459 1268 1546 1306 ejusd.
1567 1268 1624 1295 Ma-

844 1307 913 1333 riani
924 1305 1033 1333 Victorii
1045 1303 1157 1332 Parisiis
1172 1312 1242 1331 anno
1255 1303 1333 1337 {579,
1346 1304 1416 1338 apud
1430 1303 1623 1330 Sebastianum

843 1341 976 1369 Nivellum
998 1341 1049 1368 sub
1070 1340 1189 1367 Ciconiis
1212 1340 1256 1366 via
1271 1337 1405 1366 Jacobaza.
1423 1337 1476 1364 Pro
1487 1338 1623 1370 coronide

844 1377 932 1411 placet
958 1377 1050 1411 etiam
1071 1375 1305 1411 adjungere__qu.e
1336 1373 1431 1411 scribit
1461 1372 1625 1411 Franciscus

843 1408 1023 1438 Combeﬁsius
1034 1408 1203 1437 Bibliot/tecm
1219 1409 1370 1436 ercorum
1384 1408 1496 1434 Patrum
1510 1408 1621 1434 Auctar.

845 1446 997 1479 novissim.,
1021 1453 1081 1480 pag.
1106 1445 1140 1471 65
1166 1445 1253 1480 citata:
1276 1444 1346 1480 edit,
1365 1442 1526 1480 Parisiensis
1551 1450 1624 1469 anno

846 1481 924 1514 1672,
944 1477 995 1516 qui
1005 1477 1069 1507 n'on—
1079 1480 1164 1507 solum
1181 1479 1302 1516 Mariano
1316 1478 1438 1516 Victorio
1451 1477 1532 1516 tidem
1553 1485 1623 1512 pra;-

845 1516 899 1547 bct,
922 1513 1015 1543 verum
1039 1516 1119 1542 etiam
1139 1522 1199 1548 qum
1216 1515 1282 1540 alias
1299 1522 1312 1541 a
1337 1513 1416 1548 nobis
1442 1513 1524 1539 relata
1549 1517 1623 1548 sunt,

849 1551 949 1578 mirum
967 1551 994 1578 in
1015 1551 1123 1577 modum
1140 1546 1301 1577 conﬁrmat:
1319 1557 1328 1573 ί
1347 1547 1459 1574 Factum
1471 1554 1535 1582 esse
1546 1546 1624 1582 (Hip-

846 1586 979 1621 polytum)
994 1585 1169 1621 Portucnsem
1182 1585 1349 1621 episcopum,
1364 1584 1457 1621 sicque
1470 1581 1624 1621 Romanum

848 1618 1007 1652 antistitem,
1031 1620 1160 1647 Romana:
1185 1619 1288 1646 scilicet
1309 1618 1417 1653 proprie
1443 1618 1625 1653 metropoleos

848 1656 1062 1690 sull‘raganeum.
1094 1660 1124 1681 ut
1156 1659 1266 1686 vocant,
1296 1652 1624 1690 aecornprovineialem,

848 1691 917 1718 ultra
933 1687 1014 1724 Quam
1036 1694 1093 1717 erat
1112 1689 1233 1716 Romana
1247 1688 1356 1723 propria
1373 1688 1510 1724 dimcesis,
1529 1687 1562 1724 in
1572 1695 1625 1721 qua

848 1721 988 1753 Romanus
1004 1725 1126 1759 pontifex
1139 1721 1400 1759 creabat'cpiscopos
1413 1721 1625 1759 peculiarijure,

809 1748 829 1775 θ
843 1748 1477 1796 gl‘uﬁa'c'aiao'itaaipi'msgugtm’tristitia;
1492 1765 1507 1783 a
1529 1748 1625 1796 Gallis,

843 1792 982 1830 Hispanis,
1009 1792 1132 1828 aliisque»
1147 1795 1173 1820 in
1191 1794 1286 1830 quavis
1311 1793 1447 1830 provincia
1465 1792 1625 1830 metropoli-

843 1827 901 1858 tico
909 1833 980 1866 jure,
998 1838 1029 1857 ex
1043 1827 1185 1866 Canonunt
1201 1827 1371 1855 Nicaenorum
1387 1827 1565 1866 dispositione
1582 1834 1626 1866 ora

843 1862 932 1893 dinari
947 1866 1043 1898 solitis,
1060 1865 1195 1891 nonnullis
1208 1868 1411 1897 nuneupantur,
1421 1862 1505 1888 Graeci
1522 1862 1626 1896 signiti-

844 1905 916 1933 cant,
941 1901 1012 1935 quod
1028 1901 1064 1926 ita
1079 1900 1163 1926 citant
1191 1907 1205 1935 :7
1226 1898 1448 1935 sicque__legisse_
1464 1901 1558 1923 auctor
1583 1901 1626 1923 est

843 1932 980 1963 Marianos
998 1935 1088 1962 Victor
1102 1935 1130 1961 in
1146 1934 1264 1967 antiquo
1277 1932 1370 1960 codice
1389 1932 1528 1959 Sorbonze.
1541 1941 1551 1958 ι

528 2085 1606 2098 ..---,-..-.-----

335 2174 393 2229 S.
439 2173 797 2231 HIPPOLYT

629 2291 775 2337 ACTA

807 2175 825 2230 l
868 2138 1308 2232 POBTUENSIS

808 2290 1030 2335 LATINA

185 2392 268 2429 Quae
282 2390 358 2421 olim
377 2390 411 2420 in
427 2389 563 2421 ecclesia
578 2388 767 2428 legebantur
780 2387 819 2418 ad
835 2387 921 2418 diem
945 2395 980 2417 xx
1001 2386 1070 2417 Kal.
1090 2385 1284 2425 Septembris
1301 2384 1395 2425 (Aug.
1414 2384 1478 2425 22).

0 2487 73 2519 tzbe
83 2484 321 2519 sinentsindcm
345 2483 531 2519 Martwrud
545 2482 612 2519 οεέέα
625 2481 740 2519 Tiberina
751 2482 804 2519 sub,
813 2480 914 2519 Claudi?
925 2480 1143 2519 σριηὲεοςηῐιοξηξῖν
1157 2479 1478 2519 1,795..iere-eoeo,
1488 2479 1629 2519 ρςέδβιίβξ

31 2516 127 2541 codice
142 2511 309 2541 YallicEIIauo
320 2523 344 2539 n.
358 2523 398 2545 vn,
409 2511 451 2540 Tol.
466 2515 520 2538 25%.
532 2529 562 2533 ——
574 2515 657 2537 Monet
666 2514 746 2537 editor
762 2515 822 2538 Acta
836 2515 891 2541 ista,
902 2512 927 2536 in
939 2514 1006 2537 Actis
1024 2512 1068 2545 ξε.
1081 2511 1311 2545 Bolland._ad_ttiem
1326 2511 1430 2545 Augusti
1448 2511 1479 2533 22
1491 2511 1540 2540 jam
1549 2511 1629 2545 _edita,

32 2554 89 2579 pro
105 2549 196 2572 merito
209 2549 328 2572 aestimata
345 2541 486 2576 non't‘uisse,
500 2546 596 2577 quando
613 2547 707 2569 constat
721 2545 853 2568 vetustiora
864 2550 919 2568 esse
931 2542 1090 2568 translatione
1103 2542 1210 2573 corporis
1221 2542 1348 2573 Hippo.yti
1359 2542 1470 2572 adeoque
1481 2541 1571 2565 saeculo
1584 2546 1628 2571 ut.)

847 2693 905 2720 nire
919 2695 1022 2727 poterat
1041 2691 1228 2718 curiosissime
1247 2689 1410 2725 requirebat,
1432 2687 1524 2723 ibique
1536 2687 1621 2722 dignat

849 2739 903 2767 Deo
919 2739 1011 2766 laudes
1034 2738 1163 2768 referens,
1178 2738 1221 2764 die
1235 2740 1370 2771 noctuque
1386 2735 1555 2762 orationibus
1570 2742 1634 2769 per:

849 2785 970 2813 sistebat.
986 2784 1159 2811 Postmodum
1175 2792 1239 2810 vero
1250 2784 1282 2810 ad
1294 2782 1404 2810 Portum
1419 2782 1574 2817 Tyberiana:
1587 2789 1631 2807 ur-

850 2831 892 2858 bis
904 2839 1059 2866 properans,
1076 2830 1192 2865 Spiritus
1207 2829 1292 2856 sancti
1311 2829 1396 2863 gratia
1413 2828 1546 2855 revelante
1564 2825 1631 2853 Ver-

40 2694 150 2722 Beatus
168 2694 294 2730 Ypolitns
304 2694 350 2729 qui
361 2698 388 2722 et
399 2693 493 2722 Nonus
508 2694 617 2726 dicitur,
631 2694 708 2729 cujus
724 2701 794 2728 pric-

0 2741 152 2768 dicatione
166 2741 330 2778 Alexandria
348 2748 479 2767 conversa
504 2741 600 2773 fuerat,
622 2740 716 2767 limina
728 2747 795 2774 apo-

0 2786 148 2813 stolorum
159 2785 269 2812 visitare
283 2786 405 2819 cupiens,
420 2785 531 2812 Romam
541 2784 614 2813 adiit.
635 2785 794 2812 Sanctorum

0 2830 143 2866 sepulcra
154 2831 310 2866 ubicunque
325 2832 351 2858 in
366 2832 431 2859 locis
450 2832 492 2859 vel
507 2832 534 2858 in
545 2832 706 2859 coamcteriis
720 2832 795 2859 inve-
