1857 3051
178 86 231 114 555

859 82 887 110 S.
919 80 1097 109 HlPPOLYTl

1737 82 1789 110 556

179 147 206 174 in
223 145 352 182 praediolo
367 152 417 173 suo
431 144 551 172 vacabat.
569 143 631 171 Haec
641 129 765 179 quotidie
779 143 813 170 ad
829 147 932 171 sanctul

1027 143 1184 178 πομείνασα,
1199 144 1245 170 καὶ
1256 144 1491 176 καταδικασθιίσα,
1507 144 1574 179 μετὰ
1595 144 1700 180 ἀνδρῶν
1712 144 1789 171 εὐλα-

178 192 359 219 Censurinum
375 191 419 218 die
443 194 578 224 noctuque
592 190 704 217 veniens
723 189 814 217 omnia
829 189 957 216 victualia

179 238 349 265 ministrabat
365 247 371 264 :
393 236 472 271 cujus
488 242 515 264 et
535 236 643 263 vincula
664 243 746 263 manu
761 243 811 264 sua
827 236 955 269 abluens,

177 285 271 312 oculos
280 289 306 311 et
313 283 406 310 faciem
415 290 490 310 suam
501 282 529 318 (l.
538 282 610 318 ejus)
622 282 737 309 lavabat.
753 281 837 309 Eram
848 282 918 309 enim
927 285 953 308 et

178 330 204 356 in
219 330 312 356 eodem
326 328 385 355 loco
402 332 512 355 sanctus
525 327 658 355 Maximus
667 327 807 362 presbyter
820 331 846 354 et
855 327 956 354 Arche-

178 377 236 402 laus
262 375 408 407 diaconus;
435 374 482 408 qui
511 374 632 409 quotidie
658 373 789 400 sacrilicia
813 373 867 400 Deo
893 380 955 400 cum

177 420 283 456 hymnis
309 425 335 447 et
360 419 488 446 laudibus
514 419 671 446 ollerebaut.
703 419 834 446 Praeterea
859 419 955 446 beatus

175 466 310 493 Maximus
329 467 471 501 presbyter
488 469 561 492 tanta
583 465 718 492 mirabilia
733 466 760 492 in
777 465 885 493 nomine
902 465 955 492 Do-

174 511 241 539 mini
256 511 320 539 Jesu
335 511 437 538 Chriin
452 510 596 538 exercebat
610 519 616 537 :
633 514 661 537 ut
675 510 740 537 dum
754 510 815 545 quis
829 510 857 545 (l.
874 510 956 545 is)in-

173 557 282 585 troisset
294 557 326 584 ad
342 557 451 584 beatum
468 556 667 588 Censurinum,
690 556 783 583 statim
799 556 906 583 vincula
922 556 954 583 de

173 603 301 630 manibus
317 606 344 629 et
360 602 474 636 pedibus
488 602 513 628 ei
533 601 718 629 solvebantur.
734 600 810 629 Tunc
830 601 954 636 aperiens

174 657 205 676 os
227 656 308 676 suum
332 649 429 676 beatus
445 647 580 675 Maximus
602 648 685 682 coepit
700 647 790 675 dicere
809 647 843 674 ad
859 652 952 674 custo-

173 695 221 721 des
234 703 240 720 :
256 692 375 725 Fratres,
394 692 574 727 derelinquite
588 692 725 719 daemones
740 696 768 719 et
779 692 848 719 idola
861 693 951 724 varia;

172 744 200 766 et
216 739 371 773 cognoscite
386 737 530 765 Dominum
545 736 637 765 Jesum
646 737 783 764 Christum
792 741 950 772 perpetuum

173 793 275 820 regem,
293 785 339 819 qui
357 784 409 811 l‘uit
424 788 489 812 ante
504 784 601 811 saecula
617 789 643 811 et
657 788 707 816 est,
727 789 753 811 et
768 790 897 811 venturus
910 788 951 811 est

171 831 294 865 judicare
317 830 393 857 vivos
413 835 440 857 et
455 834 577 857 mortuos
595 835 621 857 et
637 830 766 857 swculum
785 837 833 866 per
848 830 947 864 ignem.
964 826 986 853 Β

172 875 239 903 Nam
254 876 353 903 coelum
371 880 397 902 et
414 881 485 902 terra
505 879 659 908 transeunt;
680 875 810 902 Dominus
825 882 888 902 vero
905 874 949 902 Je-

171 930 220 950 Lus
235 930 312 949 meus
334 921 458 948 Christus
476 928 548 947 nunc
562 925 589 948 et
605 928 712 955 semper
729 925 756 948 et
776 920 802 947 in
819 924 948 948 aeternum

171 967 233 995 erit.
246 966 379 994 Custodes
394 966 522 993 dixerunt
532 965 564 992 ad
579 964 725 992 Maximum
740 965 927 1000 presbyterum
940 974 947 992 :

171 1010 205 1037 Et
218 1010 284 1045 quid
303 1009 446 1042 faciemus,
461 1013 491 1036 ut
505 1016 702 1044 cognoscamus
722 1009 804 1042 hunc,
825 1017 904 1044 quem
920 1015 949 1036 tu

171 1055 319 1090 praedicas?
344 1054 478 1082 Maximus
504 1054 645 1089 presbyter
671 1054 739 1082 dixit
763 1064 770 1081 :
796 1054 949 1090 Baptizetur

173 1101 360 1136 unusquisque
372 1105 509 1134 vestrum;
525 1105 552 1128 ct
571 1100 672 1127 credite
686 1099 823 1127 Christum
844 1100 947 1134 Deum;

171 1153 198 1175 et
214 1148 285 1175 idola
310 1155 378 1174 vana
395 1147 585 1182 derelinquite,
608 1151 635 1174 et
653 1147 839 1181 paenitentiam
857 1147 947 1182 agite:

170 1192 235 1228 quia
244 1193 396 1221 nescientes
406 1192 615 1227 blasphemastis
629 1200 727 1219 nomen
735 1192 794 1227 ejus
806 1196 947 1226 sanctum;

171 1243 199 1265 et
220 1238 318 1265 multos
337 1241 447 1265 sanctos
463 1236 550 1271 ipsius
564 1236 750 1264 interemistis.
769 1235 846 1264 Tunc
862 1236 947 1269 Felix,

170 1282 315 1315 Maximus,
328 1281 475 1313 Taurinus,
487 1280 667 1313 Herculanus,
683 1280 813 1313 Novinus,
831 1280 959 1310 Histora-.

170 1330 260 1361 cinus,
276 1327 383 1360 Menna,
398 1327 584 1360 Commodius,
600 1326 717 1360 Hermis,
733 1327 853 1359 Maurus,
867 1326 950 1354 Euse<

171 1375 242 1406 hius,
264 1373 403 1403 Rusticus,
419 1372 571 1404 Mouaxius,
595 1372 772 1404 Amandinus,
793 1371 948 1407 Olympiusj,

171 1420 270 1455 Eipros
280 1419 346 1455 (ll),
355 1424 382 1446 et
393 1418 562 1449 Theodorus,
571 1418 684 1450 tribuni,
697 1417 727 1453 (l.
743 1417 890 1453 tribunus),
900 1419 949 1446 de-

170 1475 227 1495 cem
242 1471 384 1501 et-septem
404 1465 537 1493 miserunt
553 1472 582 1491 se
597 1463 631 1491 ad
654 1463 735 1498 pedes
748 1463 818 1491 beati
838 1463 947 1491 Maximi

170 1519 200 1541 ut
213 1514 430 1548 baptizareutur;
454 1511 501 1546 qui
524 1518 586 1537 mox
605 1509 754 1537 secundum
774 1510 949 1538 consuetudi-
962 1492 984 1522 α

170 1568 231 1587 nem
246 1563 273 1587 et
286 1558 413 1593 baptizati
430 1561 503 1589 sunt,
519 1560 544 1584 et
559 1559 722 1590 acceperunt
737 1556 852 1590 gratiam
870 1556 949 1583 Chri-

170 1607 214 1634 sti.
244 1605 321 1632 Tunc
347 1607 457 1631 sanctus
475 1602 620 1635 Quiriaeus
638 1601 782 1636 episcopus
801 1601 858 1637 (l2)
877 1602 949 1630 chri-

169 1656 257 1680 smate
274 1650 374 1678 Christi
392 1656 439 1677 eos
455 1655 626 1684 perunguens
649 1647 764 1683 signavit
777 1647 838 1676 illos
859 1647 948 1676 verbis

169 1698 242 1724 lidei.

1001 189 1072 221 ιϐὦν,
1084 190 1131 216 καὶ
1145 189 1284 225 παρθένων
1292 191 1320 216 ἐν
1332 190 1370 226 τῷ
1388 190 1444 226 ἰδίῳ
1459 191 1542 226 αὐτῆς
1555 190 1645 226 χωρίῳ
1657 189 1788 225 ὲτύγχοιι

1009 235 1172 270 σχολάζουσα
1189 236 1254 271 (15).
1268 236 1340 272 Αὕτη
1358 238 1400 271 ἐφ’
1415 237 1532 272 ἑκάστης
1544 237 1649 272 ἡμέρας
1662 236 1703 271 τῷ
1721 236 1789 271 ἁγίῳ

1008 281 1178 317 Κενσουρίνῳ
1192 282 1296 309 υἷκοοεν
1309 282 1392 318 αὐτῆς
1406 282 1454 314 τὰς
1469 282 1570 318 τροφὰς
1584 283 1710 318 ἐχορήγει
1721 290 1728 297 ·
1746 280 1790 309 οὒ-

1006 335 1077 359 τινος
1096 327 1130 354 τὰ
1144 328 1229 363 δεσμὰ
1251 330 1310 360 ταῖς
1325 329 1438 360 οἰκείαις
1461 329 1551 364 χερσὶν
1566 328 1642 354 ὕδατι
1663 329 1788 354 ἀποπλυ-

1007 373 1097 405 νοῦσα,
1129 374 1190 406 τοὺς
1213 374 1366 410 ὀφθαλμοὺς
1397 376 1444 401 καὶ
1464 375 1495 401 τὸ
1518 375 1661 410 πρόσωπον
1677 374 1789 409 ἀπείλη-

1007 428 1055 454 φεν
1068 420 1090 454 (1
1096 420 1131 453 4).
1153 421 1195 447 Ἐν
1207 420 1281 456 αὐτῷ
1296 420 1335 456 τῷ
1347 421 1420 455 τόπῳ
1434 421 1554 456 ὑπῆρχον
1568 422 1582 448 ὃ
1597 430 1626 447 τε
1640 420 1790 455 ἁγιώτατος

1005 465 1128 501 Μάξιμος
1142 467 1156 492 ὁ
1171 466 1363 502 πρεσϐύτερος,
1378 468 1425 494 καὶ
1450 467 1593 503 Ἀρχέλαος
1605 467 1739 498 διάκονος,
1751 467 1786 493 οἶ-

978 547 981 554 ν
1004 520 1076 544 τινες
1089 513 1131 546 ἐφ’
1150 513 1266 548 ἑκάστης
1286 513 1391 549 ἡμέρας
1407 514 1560 549 ἱερουργίας
1576 514 1614 549 τῷ
1636 513 1697 548 Θεῷ
1721 513 1789 548 μετὰ

1005 557 1095 593 ὕμνων
1121 559 1166 584 καὶ
1189 558 1272 585 αἴνων
1287 559 1481 595 προσεκόμιζον
1500 560 1559 586 ἐκεῖ
1575 559 1641 594 (15).
1660 560 1742 585 Ὥστε
1757 559 1790 595 (ὁ

1004 603 1224 639 μακαριώτατος)
1240 604 1364 640 Μάξιμος
1387 605 1569 641 πρεσϐύτερος
1588 604 1708 631 τοσαῦτα
1725 604 1788 631 θαυ-

1004 649 1087 684 μάσια
1100 651 1128 676 ὲν
1140 649 1178 684 τῷ
1191 650 1302 685 ὀνόματι
1322 650 1367 677 τοῦ
1383 650 1487 686 Κυρίου
1504 650 1581 686 ἡμῶν
1611 650 1698 685 Ἰησοῦ
1721 649 1788 686 Χρι-

1003 695 1064 721 στοῦ
1082 695 1206 728 ὲξετέλει,
1236 695 1304 722 ὥστε
1328 696 1439 722 εἰσιέναι
1454 696 1535 723 αὑτὸν
1550 696 1618 732 πρὸς
1641 697 1688 722 τὸν
1712 697 1788 730 ἅγιον

1002 743 1186 778 Κενσουρῖνον,
1207 743 1255 769 καὶ
1266 743 1435 778 παραχρῆμα
1458 742 1491 769 τὰ
1513 742 1600 778 δεσμὰ
1613 742 1669 768 τῶν
1688 742 1788 778 χειρῶν

1001 789 1116 815 καὶτῶν
1137 788 1224 815 ποδῶν
1244 788 1326 815 αὐτοῦ
1343 788 1508 827 διαλυθῆναι.
1532 789 1598 815 Τότε
1623 788 1733 820 ἀνοίξας
1758 788 1789 814 τὸ

1001 833 1086 868 στόμα
1101 833 1183 860 αὺτοῦ
1205 834 1234 868 (ὁ
1252 833 1472 869 μακαριώτατος)
1490 833 1614 868 Μάξιμος
1631 834 1645 859 ὁ
1661 832 1787 868 πρεσϐύ-

998 885 1076 913 τερος
1091 876 1166 905 εἶπεν
1182 878 1249 913 πρὸς
1265 879 1345 905 αὑτὸν
1361 879 1408 905 καὶ
1426 880 1488 910 τοὺς
1503 878 1640 913 φύλακας·
1665 878 1790 912 Ἀδελςοὶ

999 923 1212 958 ὲγκαταλείψατε
1240 924 1302 956 τοὺς
1329 923 1458 959 δαίμονας
1488 924 1535 950 καὶ
1567 923 1616 954 τὰς
1651 924 1788 959 προσκαί-

1001 977 1062 1005 ρους
1085 969 1264 1005 ήδυπαθείας,
1291 969 1338 996 καὶ
1357 969 1490 1004 ἐπιγνωτε
1517 969 1561 996 τὸν
1587 969 1690 1005 Κύριον
1709 970 1790 1005 ἡμῶν

1006 1013 1107 1049 Ἰησοῦν
1132 1013 1258 1049 Χριστὸν,
1280 1014 1324 1040 τὸν
1342 1013 1453 1049 διηνεκῆ
1481 1014 1601 1049 βασιλέα,
1621 1014 1651 1046 ὃς
1674 1012 1709 1050 ἦν
1734 1014 1790 1050 πρὸ

999 1058 1053 1085 τῶν
1078 1058 1193 1090 αἰώνων,
1210 1059 1254 1085 τὸν
1271 1059 1416 1094 ἐρχόμενον
1440 1060 1531 1095 κρῖναι
1559 1059 1662 1091 ζῶντας
1681 1060 1730 1086 καὶ
1745 1068 1790 1086 νε-

1000 1105 1092 1140 κροὺς,
1110 1105 1155 1131 καὶ
1172 1105 1217 1131 τὸν
1233 1104 1318 1131 αἰῶνα
1327 1106 1422 1131 τοῦτον
1440 1104 1485 1131 διὰ
1496 1105 1589 1139 πυρός.
1607 1105 1679 1131 mea
1692 1106 1708 1130 ὁ
1719 1105 1790 1139 ἡμέ-

998 1158 1078 1185 τερος
1086 1149 1151 1176 αἰὼν
1162 1149 1337 1185 παρέρχεται,
1353 1150 1398 1176 καὶ¹
1411 1149 1425 1174 ὁ
1439 1148 1550 1184 οὐρανὸς
1562 1148 1609 1174 καὶ
1623 1149 1639 1183 ὴ
1660 1148 1695 1183 γῆ
1710 1156 1790 1183 παρ-

998 1193 1148 1220 ελεύσεται·
1169 1193 1183 1218 ὁ
1204 1193 1233 1219 δὲ
1256 1193 1356 1229 Κύριος
1383 1193 1460 1228 ἡμῶν
1479 1192 1582 1228 Ἰησοῦς
1601 1193 1719 1228 Χριστὸς
1743 1194 1792 1219 ἀεὶ

998 1239 1081 1271 ἐστὶν,
1099 1239 1146 1266 καὶ
1168 1239 1181 1265 ὁ
1201 1239 1279 1271 αὐτὸς
1296 1239 1379 1266 ἔσται.
1395 1239 1426 1265 Οἱ
1439 1239 1467 1265 δὲ
1493 1239 1610 1273 φύλακες
1632 1239 1691 1274 (16)
1710 1236 1791 1265 εἷπον

999 1285 1067 1320 πρὸς
1082 1285 1126 1311 τὸν
1151 1283 1283 1320 μακάριον
1299 1285 1423 1320 Μάξιμον
1440 1285 1484 1311 τὸν
1506 1285 1711 1321 πρεσϐύτερον
1732 1286 1792 1312 Καὶ

975 1340 978 1344 ’
999 1331 1025 1357 τί
1040 1332 1197 1366 ποιήσωμεν
1218 1331 1282 1366 περὶ
1302 1326 1396 1357 τόύτου
1421 1327 1506 1367 οὗπερ
1523 1332 1555 1358 σὺ
1573 1332 1736 1367 κηρύττεις,
1760 1332 1792 1358 ὃν

1000 1376 1046 1402 καὶ
1065 1376 1220 1410 ἐπέγνωμεν
1238 1375 1282 1402 διὰ
1296 1376 1349 1402 τῶν
1369 1375 1537 1412 λαληθέντων
1551 1376 1626 1412 παρὰ
1649 1376 1709 1408 σοῦ,
1736 1378 1793 1404 καὶ

999 1421 1031 1447 δι’
1046 1421 1134 1448 αὐτῶν
1157 1421 1304 1456 γινομένων
1327 1422 1356 1448 ἐν
1369 1421 1408 1457 τῷ
1422 1421 1533 1457 ὀνόματι
1548 1422 1629 1448 αὑτοῦ
1647 1422 1792 1458 σημείων,

999 1468 1039 1494 ὅτι
1056 1469 1084 1493 ὲν
1096 1468 1129 1502 τῇ
1143 1465 1254 1501 δυνάμει
1270 1466 1363 1498 αὐτοῦ,
1374 1467 1421 1494 καὶ
1437 1467 1495 1498 ταῖς
1510 1468 1568 1498 σαῖς
1585 1467 1679 1502 εὐχαῖς
1698 1467 1795 1502 δεσμὰ

1000 1512 1160 1539 διαλύονται.
1185 1511 1332 1547 Ἀπεκρίθη
1349 1512 1417 1547 πρὸς
1432 1512 1528 1542 αὐτοὺς
1547 1512 1561 1537 ὀ
1575 1512 1711 1548 μακάριος
1726 1512 1794 1538 Μά-

1001 1557 1076 1592 ξιμος
1091 1558 1105 1583 ὁ
1121 1557 1304 1593 πρεσϐύτερος
1318 1557 1364 1583 καὶ
1378 1555 1468 1583 εἶπεν·
1488 1557 1545 1583 Ἵνα
1561 1556 1696 1592 βαπτισοῇ
1708 1558 1722 1583 ὁ
1739 1566 1795 1584 κα-

1001 1603 1056 1634 θεῖς
1073 1602 1149 1638 ὑμῶν
1175 1604 1221 1630 καὶ
1239 1603 1372 1639 πιστεύσῃ
1396 1604 1436 1634 εἰς
1453 1603 1570 1640 Χριστὸν
1593 1603 1639 1628 τὸν
1657 1603 1721 1629 Υἱὺν
1740 1604 1794 1630 τοῦ

1000 1648 1079 1681 Θεοῦ,
1094 1649 1139 1675 καὶ
1152 1648 1185 1675 τὰ
1201 1649 1301 1684 μάταια
1313 1648 1409 1675 εἴδωλα
1421 1648 1604 1684 ὲγχαταλείψῃ
1614 1668 1621 1679 ,
1636 1649 1685 1674 καὶ
1703 1657 1793 1684 μετα-

1001 1695 1083 1731 νοήσῃ
1094 1704 1100 1709 ·
1118 1696 1158 1722 ὅτι
1176 1695 1334 1729 ἀγνοοῦντες
1345 1694 1572 1730 ἐϐλασφημήσατε
1587 1694 1618 1720 τὸ
1629 1695 1716 1730 ὄνομα
1739 1695 1796 1721 αὑ.

169 1743 226 1774 τοῦ,
243 1742 283 1769 διὸ
297 1741 359 1773 τοὺς
374 1740 468 1774 ἁγίους
483 1738 669 1766 ἒθασανίσατε-
690 1739 756 1765 Τότε
768 1738 935 1776 ὁμοθυμαδὸν
953 1741 1070 1773 ἂπαντες
1082 1741 1180 1774 αὐτῶν,
1204 1742 1218 1768 ὅ
1233 1750 1263 1768 τε
1285 1741 1375 1776 Φῆλιξ,
1392 1741 1526 1776 Μάξιμος,
1559 1740 1703 1777 Ταυρῖνος,
1725 1740 1795 1776 Ἐρ-

171 1851 256 1879 simos
272 1853 382 1884 putasse
397 1848 430 1876 de
441 1853 505 1876 nota
521 1848 650 1884 inscripta
663 1847 794 1884 inrl‘ronte
807 1848 842 1876 -S.
855 1849 952 1877 Aurea;

170 1887 216 1913 hic
237 1883 294 1912 ﬁeri
314 1891 475 1916 sermonem,
490 1888 509 1910 t.
523 1883 569 1915 IV,
593 1883 659 1918 Aug.
684 1883 738 1919 die,
751 1891 825 1915 xxtv,
841 1892 868 1919 p.
886 1884 947 1912 757.

171 1921 240 1948 Hinc
255 1919 379 1947 novimus
396 1918 512 1945 Auream
531 1919 598 1945 adeo
618 1922 708 1952 aperte
722 1918 882 1946 Christiana:
904 1927 948 1946 re-

171 1955 265 1991 ligioni
285 1958 452 1991 vacasse,»ut
469 1953 568 1991 saepius
590 1953 616 1979 in
630 1961 660 1991 _s_e
672 1961 839 1991 paganorum
855 1954 947 1991 odium

171 1988 335 2022 concitaret;
361 1989 428 2015 nihil
446 1989 519 2014 enim
542 1988 575 2014 de
601 1988 709 2015 talionis
737 1996 816 2022 paena
841 1989 949 2016 solliciti

170 2031 258 2065 erant,
275 2024 321 2065 qui
334 2031 390 2051 suae
403 2023 582 2065 inscriptionis
595 2023 688 2050 vadem
701 2023 831 2064 haberent
852 2029 950 2063 marty-

171 2068 227 2088 rem
238 2057 416 2094 designatam.
431 2057 636 2094 Inscriptionum
647 2058 766 2094 cognitio
776 2059 884 2093 propria
892 2057 950 2086 erat

171 2096 263 2122 vicarii
276 2092 511 2121 uFbanLCassiod.
534 2092 595 2120 Var.
608 2101 645 2124 vr,
657 2093 690 2120 15
704 2102 711 2120 :
729 2092 788 2120 νὶεέ
799 2092 875 2120 sacra
890 2102 949 2120 sen-

172 2132 281 2158 tentiam
294 2129 372 2162 dicis,
383 2128 487 2163 etquod
501 2129 623 2155 maxima:
633 2128 694 2162 ﬁdei
706 2128 808 2162 signant
818 2134 855 2154 est
865 2129 892 2155 in
907 2129 948 2155 in-

172 2151 372 2200 ἐῖἱὲᾗῖὁῶᾘᾲἕ
384 2151 695 2200 ἶιὲιϊῐῶίῗᾶιὶἰῆιῖιὶἰῖιὶἓ
707 2151 946 2199 Ἱὶῦἧῆὶὶὶιῖἱιζᾜιὶὁὶι
964 2151 985 2178 ι)

171 2199 239 2228 inter
252 2199 374 2226 mortales
388 2202 490 2224 constat
502 2206 556 2224 esse
567 2199 718 2232 pretiosum.

208 2236 267 2271 (11)
283 2235 396 2271 Cyprus,
414 2233 454 2260 vel
463 2232 584 2271 Cyprius.

207 2267 265 2305 (12)
290 2267 418 2296 omnium
430 2269 534 2305 primus
552 2268 621 2305 inter
647 2267 783 2305 Ostienses
806 2268 947 2305 episcopos

171 2302 313 2338 Qu’iriacus
329 2305 461 2338 occurrit.)
474 2302 587 2334 Maron.,
601 2302 638 2329 De
651 2311 691 2337 ep.
708 2302 776 2335 Οτι,
791 2302 859 2338 ιιί9.
871 2302 946 2331 Grae-

170 2337 211 2368 eis
224 2344 266 2368 est
281 2337 428 2374 Κυριακός,
443 2337 581 2374 Cyr-incus,
601 2345 680 2372 quem
698 2337 864 2365 nostra’hzee
881 2338 947 2366 Acta

171 2375 302 2408 martyrio
315 2372 473 2408 coronatum
490 2372 573 2400 fuisse
585 2378 733 2408 testantur;
746 2373 858 2408 ejusque
872 2379 948 2400 nata-

171 2411 205 2438 lis
217 2407 274 2438 dies
292 2410 318 2436 in
333 2408 442 2443 Martyr.
454 2407 531 2443 Rom.
546 2416 572 2434 ιιι
583 2407 640 2434 Kal.
653 2407 726 2443 Sept.
742 2407 783 2435 eét
793 2407 945 2436 adnotatus.

207 2445 263 2478 (l3)
279 2442 438 2478 Exemplum
469 2442 497 2471 S.
517 2443 612 2470 Aurea:
631 2442 734 2471 nobiles
745 2443 804 2470 alia:
818 2443 948 2471 Romamn

172 2477 272 2508 secutae
285 2484 361 2506 sunt.
375 2477 547 2514 Suburbanus
566 2486 627 2514 ager
639 2480 709 2505 vobis
724 2487 771 2514 pro
788 2479 946 2505 monasterio

173 2516 234 2550 fuit,
244 2520 268 2541 et
280 2522 324 2540 rus
335 2514 444 2540 electum
454 2521 500 2550 pro
509 2513 668 2550 solitudine:
682 2513 814 2548 multoque
827 2514 865 2540 ita
878 2514 947 2540 vixi-

174 2551 223 2576 stis
240 2554 368 2583 tempore,
391 2554 417 2575 ut
439 2556 470 2575 ex
489 2549 635 2575 imitatione
651 2549 729 2575 vestri
748 2554 772 2576 et
783 2550 947 2575 conuersione

172 2584 324 2616 multarunt,
335 2584 504 2618 gauderemus
515 2583 624 2610 Romam
632 2584 730 2618 factam
743 2583 944 2618 Jerosolymam.

175 2619 203 2646 S.
220 2619 304 2650 Ilien,
320 2617 362 2653 ep.
379 2619 421 2652 l6,
437 2619 470 2646 ad
485 2617 603 2653 Prineip.

210 2654 267 2689 (lL)
284 2651 347 2680 11ωέ
360 2653 446 2681 ofﬁcia
456 2655 556 2681 usitata
563 2651 650 2681 luisse
663 2653 825 2681 Christianis
834 2653 946 2688 virgini-

173 2690 224 2716 bus
237 2696 299 2724 et‘ga
312 2694 442 2725 martyres
458 2689 557 2725 [uirum
577 2697 631 2715 non
647 2693 780 2725 est,_eum
794 2689 946 2725 hospitibus

172 2725 265 2751 eadem
279 2723 442 2759 praestarent.
458 2723 627 2751 Vid.Sozom.
644 2723 680 2750 Η.
699 2723 745 2757 Ε.,
759 2725 778 2751 l.
794 2732 814 2756 ι,
830 2724 873 2752 11.

210 2759 265 2794 (15)
286 2759 596 2795 ’1ερουργία,Ιιὶεγιη-91α,
609 2759 653 2795 hic
667 2766 717 2794 pro
731 2759 864 2787 sacriﬁcio
879 2759 946 2786 mis-

172 2801 210 2822 se
220 2794 361 2823 manifeste
371 2794 516 2831 accipitur,
527 2802 608 2830 quam
624 2794 706 2830 hujus
719 2795 794 2822 vocis
807 2795 945 2830 propriam

1004 1850 1227 1886 signiﬁcationem
1253 1849 1341 1885 quoad
1365 1850 1453 1886 potuit
1470 1847 1620 1886 suppressit
1643 1847 1792 1886 Svicerus.

1003 1884 1163 1913 Recentiora
1175 1891 1238 1913 sunt
1250 1884 1340 1912 autem
1352 1884 1452 1912 nostris
1466 1885 1540 1912 Actis
1555 1884 1713 1910 testimonia
1725 1892 1793 1919 qua:

1001 1921 1119 1956 profert;
1142 1926 1171 1948 ut
1184 1920 1385 1956 vetustissimus
1407 1920 1527 1956 hujusce
1542 1919 1618 1956 vocis
1633 1926 1704 1956 usus
1722 1919 1794 1956 inde

1002 1954 1138 1991 appareat.
1156 1955 1233 1988 Quod
1249 1955 1504 1991 S.7Maximus.cum
1521 1954 1629 1991 hymnis
1643 1958 1671 1991 et
1698 1954 1792 1981 laudi.

1001 1988 1054 2018 bus
1070 1991 1178 2018 Oilei-ret
1203 1990 1366 2018 sacriﬁcium
1396 1988 1577 2021 incruentum,
1599 1988 1625 2014 id
1651 1989 1791 2016 Actorum

1001 2026 1127 2053 vetustati
1145 2026 1250 2053 videtur
1277 2025 1461 2057 tribuendum,
1487 2029 1631 2058 antequam
1658 2023 1792 2051 decretus

1001 2066 1074 2088 esset
1088 2065 1177 2088 certus
1191 2060 1335 2095 hierurgize
1348 2059 1432 2095 ordo;
1450 2059 1491 2095 vel
1507 2058 1708 2095 persecutionis
1719 2063 1792 2095 tem-

1039 2097 1075 2127 ri,
1103 2103 1157 2129 quo
1180 2093 1329 2122 breviorém
1355 2094 1440 2121 fuisse
1468 2093 1614 2128 liturgiam,
1645 2093 1727 2120 docet
1755 2093 1789 2121 Ε.

1024 2139 1086 2157 ona.
1112 2130 1232 2165 Hymnus
1252 2130 1366 2165 quidem?
1382 2129 1494 2162 intelligi
1512 2132 1603 2165 potest
1619 2129 1760 2165 angelieas
1780 2136 1790 2154 :

999 2165 1091 2192 Gloria
1109 2160 1283 2197 itt'ezcelsis;
1304 2164 1400 2192 laudes
1415 2160 1483 2191 vero
1496 2160 1552 2197 sive
1573 2160 1645 2189 αῐνοι
1658 2160 1791 2191 Psalmo—

998 2208 1058 2227 rum
1075 2205 1129 2228 tres
1144 2195 1286 2234 postremi,
1301 2199 1348 2234 qui
1363 2207 1378 2226 a
1395 2199 1495 2226 Graecis
1509 2195 1578 2225 αῐνοι
1588 2198 1731 2225 dicuntur.

1036 2268 1090 2304 (16)
1107 2268 1146 2296 Ad
1170 2269 1357 2304 apostolorum
1373 2267 1440 2295 Acta
1454 2268 1615 2295 illustranda
1629 2267 1677 2304 ubi
1692 2275 1791 2304 sermo

998 2302 1046 2331 est
1056 2302 1089 2331 de
1108 2302 1229 2331 custodia
1248 2303 1276 2330 S.
1302 2303 1373 2330 Petri
1388 2304 1421 2330 ad
1444 2311 1538 2329 necem
1561 2303 1662 2330 servati
1677 2303 1712 2330 ab
1732 2302 1790 2329 He-

998 2339 1062 2366 rode
1083 2338 1211 2374 Agrippa,
1238 2339 1357 2366 nondum
1383 2338 1485 2372 aliquid
1508 2338 1598 2374 simile
1621 2338 1649 2364 in
1664 2337 1788 2374 historia

998 2376 1166 2409 suppetebat.
1184 2373 1262 2401 Nune
1278 2378 1368 2400 autem
1389 2378 1488 2407 praesto
1511 2377 1553 2400 est
1575 2373 1602 2400 in
1630 2373 1691 2408 pari
1709 2373 1789 2409 mili—

998 2408 1054 2436 tum
1075 2416 1198 2444 tiuntero,
1214 2416 1363 2443 eorumque
1385 2409 1443 2444 pari
1464 2410 1549 2441 exitu,
1573 2409 1702 2443 quamvis
1725 2408 1791 2435 feli-

998 2444 1073 2472 ciori.
1089 2442 1156 2470 Nam
1175 2443 1295 2471 Herodes
1308 2442 1367 2470 cum
1385 2442 1545 2478 requisisset,
1560 2448 1584 2469 et
1599 2451 1651 2469 non
1667 2443 1790 2470 int-enis-

997 2484 1045 2512 set,
1060 2479 1228 2514 inquisitione
1241 2478 1312 2513 facta
1324 2479 1356 2505 de
1368 2477 1530 2512 custodibus,
1541 2478 1624 2514 jussit
1639 2486 1684 2505 eos
1698 2477 1763 2514 duci
1776 2486 1787 2509 ,-

998 2515 1058 2541 Act.
1075 2512 1124 2545 xit,
1145 2514 1188 2541 19.
1205 2513 1295 2541 Nostri
1309 2521 1373 2540 vero
1387 2518 1520 2549 martyres
1540 2513 1681 2549 obierunt.
1694 2512 1784 2549 Qua-

998 2555 1058 2575 tuor
1071 2549 1160 2584 itaque
1175 2549 1288 2576 militum
1299 2549 1522 2583 quaternionibus,
1534 2548 1580 2582 qui
1592 2548 1787 2584 apostolorum

997 2583 1145 2619 principem
1165 2584 1364 2614 custodiebant.
1379 2584 1545 2618 respondent
1560 2583 1648 2610 nostri
1667 2583 1784 2619 milites.

996 2617 1043 2653 qui
1056 2617 1189 2646 sexdecim
1203 2624 1389 2651 numerantur,
1401 2617 1543 2646 censorini
1556 2619 1698 2645 custodes.
1708 2617 1786 2650 Qua-

996 2654 1066 2681 terni
1082 2654 1185 2682 scilicet
1198 2661 1246 2689 pro
1260 2654 1356 2689 quavis
1372 2654 1462 2689 vigilia
1477 2653 1565 2689 noctis
1576 2653 1710 2689 custodia:
1731 2653 1785 2679 ad-

998 2689 1144 2724 vigilabant
1163 2687 1285 2716 Romani)
1299 2696 1384 2721 more,
1399 2687 1479 2723 (idem
1498 2687 1617 2715 Herodes
1633 2693 1677 2715 est
1690 2689 1787 2714 imita-

997 2723 1051 2751 tus.
1075 2723 1145 2751 Nam
1162 2724 1193 2751 de
1207 2723 1318 2759 singulis
1337 2724 1461 2759 centuriis
1481 2723 1601 2759 quaterni
1613 2723 1714 2757 pedites
1728 2730 1787 2759 fx-

997 2759 1113 2786 cubitum
1127 2764 1199 2786 nocte
1210 2758 1321 2793 faciunt.
1334 2758 1460 2789 M’odest..
1476 2758 1514 2785 De
1525 2758 1614 2785 vocab.
1630 2759 1669 2785 rei
1685 2758 1784 2788 milit..

997 2794 1046 2822 int.
1059 2793 1156 2829 Script.
1175 2795 1212 2821 rei
1223 2794 1314 2827 milit.,
1326 2798 1346 2821 ί.
1363 2793 1383 2824 l.
1397 2802 1422 2830 p.
1438 2793 1499 2820 359.
