1857 3051
49 103 94 130 557

49 160 182 192 ιουλιανὺς,
195 160 326 196 Νεδέριος
342 160 396 195 (17)
414 160 584 196 Στοράκινος,
604 160 699 196 Μῆνας
710 181 718 192 ,
738 161 881 196 Κομόδιος,

719 99 811 127 ACTA
829 98 969 128 GRAECA.

1604 104 1655 131 558

920 160 1032 197 Ἑρμῆς,
1059 160 1180 196 Μαῦρος,
1209 161 1356 193 Εὐσέϐιος,
1380 162 1547 195 Ῥωστίκιος,
1564 164 1654 191 Μονά-

46 216 109 242 apto;
125 207 190 241 (18),
215 207 378 242 Ἀμανδῖνος,
408 207 568 242 Ὀλύμπιος,
596 208 729 243 Κύπριος,
761 208 807 235 καὶ
832 208 968 242 Θεόδωρος
998 208 1012 234 ὸ
1043 209 1182 244 τριὸοὖνος
1200 209 1425 242 ἐϐαλον.ἑαυτοὺς
1442 211 1500 246 ἅμα
1515 211 1583 246 πρὸς
1594 213 1655 244 τοὺς

46 255 114 286 πόδας
129 253 173 280 τοῦ
192 256 399 290 μακαριωτάτου
414 255 538 291 Μαξίμου
557 255 603 282 τοῦ
631 257 827 292 πρεσϐυτέρου,
851 257 971 291 δεόμενοι
998 256 1044 282 τοῦ
1068 257 1216 292 ἀξιωθῆναι
1228 258 1326 289 αὐτοὺς
1339 258 1386 284 τοῦ
1405 259 1484 293 ἁγίου
1500 260 1655 296 βαπτίσμα-

44 311 89 333 τος.

125 302 215 333 Ὅστις
249 303 314 338 παρ’
332 303 401 330 αὐτὰ
430 303 500 330 κατὰ
522 303 572 337 τήν
598 304 724 330 εἰωθυῖαν
743 304 902 331 ἀκολουθίαν
926 304 980 340 (19)
1006 305 1109 336 πάντας
1131 306 1285 338 ἐκτελέσας,
1302 306 1409 338 καὶτὰς
1427 308 1564 342 μακαρίας
1581 309 1656 344 Χρυ-

46 349 86 383 σῆς
100 348 536 388 ὲσθῆτας(19“)διακοσμησάσης,
567 351 614 378 καὶ
635 351 709 378 σιτία
735 351 804 387 πρὸς
825 351 969 387 διατροφὴν
987 353 1169 388 παρεχούσης,
1191 354 1339 380 ἐϐάπτισεν
1356 355 1477 387 ἅπαντας
1499 356 1539 387 εἰς
1553 356 1583 382 τὸ
1597 356 1641 382 ὀνο

46 406 75 431 μα
87 396 128 422 τοῦ
145 397 260 432 Πατρδς,
273 398 321 424 καὶ
338 397 384 424 τοῦ
407 398 488 431 Υἱοῦ,
510 400 556 425 καὶ
569 398 615 425 τοῦ
630 399 707 433 ἁγίου
720 399 886 434 Πνεύματος.
900 399 1025 432 εἰδόντες⁷
1046 400 1113 434 (20)
1131 409 1160 427 τε
1173 401 1263 428 λοιπὸν
1279 403 1440 437 ἐκομίσαντο
1454 403 1502 438 τὴν
1514 404 1592 439 χάριν
1608 404 1654 430 τοῦ

43 445 244 480 παντοκράτορος
261 445 338 471 Θεοῦ.
363 446 467 478 Νυκτὸς
492 446 520 473 δὲ
534 447 754 483 παραγινομένης
764 448 778 473 ὁ
794 447 1002 482 μακαριώτατος
1016 448 1153 484 Κυριακὺς
1169 449 1183 474 ὁ
1202 449 1350 482 ἐπίσκοπος
1371 451 1400 476 τὸ
1416 451 1462 477 τοῦ
1474 451 1592 486 Χριστοῦ
1604 451 1656 486 μύω

44 501 79 528 ρον
88 493 137 528 (21)
147 492 252 528 χρίσας,
263 493 426 529 ἐσφράγισεν
439 495 546 526 αὐτοὺς,
557 495 603 522 καὶ
611 496 769 531 κατηχήσας
784 496 838 526 τοῖς
851 495 900 530 τῆς
908 495 1022 527 πίστεως
1029 495 1116 529 λόγοις
1126 497 1290 532 ἐσφράγισεν
1299 497 1451 530 ἁπελούσας
1463 500 1472 510 ³
1483 499 1537 533 (‘22)
1545 499 1654 530 αὐτούς.

69 541 101 568 I".
117 540 235 573 Σκυτεὺς
249 541 276 567 δέ
286 550 328 573 τις
338 539 371 576 ἦν
390 543 419 568 ὲν
434 542 507 577 αὐτῷ
520 542 558 578 τῷ
571 543 646 578 τόπῳ
657 564 664 576 ,
687 538 791 574 οὗτινος
805 543 820 569 ὁ
836 546 856 573 Δ

41 587 87 619 υίὸς
97 587 123 613 ὲν
136 587 222 624 ταύτῃ
241 587 300 623 ὥρᾳ
324 586 358 623 ἦν
379 588 526 623 τεθνηκώς.
543 589 697 624 Παριόντων
714 589 742 616 δὲ
763 590 816 616 τῶν

42 632 168 667 μακαρίων
184 633 323 669 Κυριακοΰ
339 642 368 659 τε
384 634 430 660 καὶ
444 633 569 669 Μαξίμου
581 634 649 669 μετὰ
663 635 711 670 τῆς
726 643 813 670 μακα-

42 679 89 713 ρίας
97 679 280 714 Χρυσῆς,ὰλλὰ
290 680 338 714 μὲν
346 680 391 706 καὶ
397 679 450 706 τῶν
462 680 545 713 ἁγίων
554 680 600 706 τοῦ
608 680 724 715 Χριστοῦ
734 681 813 716 στρα-

39 723 136 754 τιωτῶν,
152 723 261 760 ἔθρηνε⁹
275 726 289 751 ὁ
305 726 417 756 σκυτεὺς
435 725 481 751 ἐπὶ
504 725 542 760 τῷ
565 726 671 761 θανάτῳ
689 726 735 752 τοῦ
756 726 814 752 υἱοῦ

40 768 117 795 αὐτοῦ.
135 769 200 795 Τότε
213 771 227 796 ὁ
239 770 444 805 μακαριώτατος
461 770 585 806 Μάξιμος
601 772 615 797 ὁ
629 771 814 807 πρεσϐύτερος

39 814 80 848 ἔφη
97 815 160 850 πρὸς
174 815 220 841 τὸν
234 816 334 842 σκυτέα
344 825 350 830 -
365 816 509 842 Πίστευσον
519 817 559 847 εἰς
567 816 612 843 τὸν
626 817 727 852 Κύριον
736 817 814 853 ἡμῶν

44 858 132 893 Ἰησοῦν
145 859 263 895 Χριστὸν
280 859 450 887 κατενώπιον
468 861 577 888 πάντων
592 862 669 896 ἡμῶν
682 883 689 893 ,
712 863 758 889 καὶ
780 863 812 889 σὺ

39 903 116 939 ζήσεις
122 905 167 931 καὶ
173 906 218 932 τὸν
231 906 287 932 υἱόν
296 915 342 932 σου
352 906 515 942 ἀπολήψης⁴.
526 907 553 934 ’0
562 908 589 934 δὲ
607 908 675 943 μετὰ
689 908 813 946 δακρύων

39 948 114 977 εἴην·
131 952 177 983 Εἰς
190 951 253 978 τίνα
269 952 409 979 πιστεύσω
419 961 425 985 ;
437 954 477 985 είς
490 954 572 989 ὅνπερ
589 955 642 981 ἀπὸ
656 955 706 990 τῆς
720 957 812 992 νεότη-

39 997 74 1028 τός
93 1006 139 1032 μου
162 997 245 1034 μέχρι
265 998 312 1024 τοῦ
339 998 386 1025 νῦν
409 998 624 1035 ἐϐλασφήμησα;
642 1001 767 1036 Μάξιμος
782 1003 811 1036 (ὁ

38 1043 217 1078 πρεσϐύτερος)
237 1042 331 1070 εἷπεν·
347 1044 558 1080 Μεταμελὴθητι
574 1043 666 1080 ὲφόῒς
680 1047 810 1083 ἔπραξας,

37 1089 92 1115 διότι
101 1091 114 1116 ὁ
123 1090 187 1122 Θεὸς
200 1090 281 1126 ἡμῶν
300 1090 353 1117 τῶν
367 1091 565 1126 μετανοούντων
579 1093 651 1119 ἐστὶν
661 1114 669 1125 ,
688 1095 724 1129 μὴ
743 1095 811 1121 ἀπο-

37 1135 109 1167 διδοὺς
121 1136 189 1162 κατὰ
204 1137 255 1167 τὰς
281 1137 418 1172 ἁμαρτίας
432 1137 526 1172 ἡμῶν,
544 1138 612 1165 ἀλλὰ
630 1140 714 1166 ποιῶν
740 1142 810 1168 κατὰ
841 1168 844 1173 ,

37 1181 62 1207 τὸ
74 1181 137 1216 μέγα
149 1182 233 1209 αὑτοῦ
262 1183 346 1214 ἕλεος,
368 1184 396 1210 '0
411 1183 439 1210 δὲ
460 1185 573 1216 σκυτεὺς
595 1183 685 1212 εἶπεν
707 1187 810 1214 Οὐκοῦν

38 1226 169 1261 βαπτίσατέ
189 1237 223 1264 με
246 1230 277 1255 ὲν
298 1228 336 1263 τῷ
359 1229 470 1264 ὀνόματι
495 1230 577 1256 αὐτοῦ
595 1231 638 1258 ἴνα
665 1232 809 1260 πιστεύσω.

37 1272 91 1298 Trita
104 1273 252 1309 ὲὸαπτὶσθη
271 1275 312 1306 είς
326 1274 356 1300 τὺ
370 1274 454 1310 ὄνομα
464 1275 515 1310 τῆς
529 1275 610 1310 ἁγίας
624 1277 746 1312 Τριάδος.
757 1279 811 1305 Καὶ

37 1319 162 1354 γενόμενος
175 1321 341 1355 Χριστιανὸς
354 1341 360 1353 ,
380 1321 447 1356 μετὰ
464 1322 493 1347 τὸ
509 1320 634 1353 δέξασθαι
659 1323 740 1350 αὑτὸν
763 1324 813 1359 τὴν

39 1366 155 1400 σφραγῖδα
165 1366 213 1392 τοῦ
226 1366 359 1401 Χριστοῦ,
371 1366 471 1402 χαίρων
480 1368 526 1394 καὶ
534 1367 735 1404 ἁγαλλιώμενος
742 1370 813 1406 ἀπή-

37 1416 109 1444 γαγεν
119 1411 200 1437 αὐτὸν
213 1411 254 1442 είς
270 1411 316 1437 τὸν
329 1411 385 1438 υἱὸν
401 1412 492 1438 αὑτοῦ.
515 1412 617 1448 Ὄνπερ
629 1413 666 1445 ὼς
683 1413 813 1441 ἐθεάσατο

38 1454 254 1492 ὁμακαριώτατος
278 1456 404 1491 Μάξιμος
429 1458 443 1483 ὁ
471 1457 655 1493 πρεσϐύτερος
676 1460 744 1494 μετὰ
767 1459 812 1486 δα-

37 1500 113 1535 κρύων
128 1501 177 1537 ἔφη
187 1509 195 1516 ο
213 1501 302 1537 Κύριε
319 1501 405 1537 Ἰησοῦ
422 1502 533 1536 Χριστὲ,
543 1503 737 1536 ὀκαταξιώσας
750 1513 812 1540 μορ-

36 1545 79 1580 φὴν
92 1545 179 1573 δούλου
195 1547 354 1575 ἀναλαϐεῖν.
373 1547 416 1573 ἴνα
432 1548 505 1582 ἡμᾶς
517 1548 570 1574 ἀπὸ
587 1549 635 1584 τῆς
657 1550 702 1575 τοῦ
724 1549 812 1576 διαϐό-

36 1589 73 1616 λου
86 1591 200 1624 δουλείας
212 1591 370 1628 λυτρώσῃς,
388 1592 532 1628 ἐπίϐλεψον
552 1595 597 1620 ἐπὶ
621 1595 654 1621 τὰ
671 1595 739 1631 ἔργα
758 1596 811 1622 τῶν

36 1636 120 1671 χειρῶν
134 1646 180 1664 σου
196 1639 275 1669 ὅπως
291 1637 476 1673 ὲπιγνώσηταί
494 1647 523 1665 σε
542 1639 586 1666 τὸν
608 1641 722 1677 ποιητὴν
734 1662 741 1674 ,
765 1642 812 1668 καὶ

35 1680 182 1717 δημιουργὸν
198 1683 294 1710 αὐτοῦ.
311 1682 377 1709 Τότε
392 1683 406 1709 ὁ
424 1684 632 1720 μακαριώτατος
647 1686 786 1722 Κυριακὸς
797 1688 812 1713 ὁ

36 1726 164 1760 ἐπίσκοπος
178 1727 257 1756 εἶπεν
266 1737 273 1744 ⁵
286 1729 382 1765 Κύριε,
395 1730 424 1755 ὲν
438 1730 477 1765 τῷ
495 1730 534 1765 σῷ
556 1731 668 1769 ὀνόματι
685 1733 810 1768 κάμπτο-

37 1781 78 1806 μ-εν
86 1774 117 1801 τὰ
128 1776 229 1809 γόνατα
252 1775 341 1810 ἡμῶν.
363 1776 407 1806 Ὠς
427 1776 455 1802 δὲ
473 1777 588 1812 ηὔξαντο
604 1778 734 1811 ἐπιπολὺ,
759 1779 810 1815 ἔφη

35 1819 103 1846 πάλιν
115 1822 127 1847 ὁ
143 1821 355 1856 μακαριώτατος
368 1823 507 1858 Κυριακὸς
517 1831 523 1837 ·
534 1823 619 1859 Κύριε
643 1824 730 1859 Ἰησοῦ
746 1826 812 1860 Χρι-

36 1865 83 1896 στὲ,
94 1867 106 1891 ὁ
115 1865 156 1892 διὰ
171 1867 247 1898 ἕλεος
266 1866 384 1903 ἄμετρον
394 1869 442 1895 καὶ
452 1868 500 1904 τὴν
514 1869 664 1904 ἀνθρώπων
675 1871 810 1906 σωτηρίαν
824 1886 844 1914 C

64 1949 115 1984 (17)
128 1949 191 1977 Mss.
210 1949 240 1977 S.
259 1949 399 1976 Maximin.
423 1957 466 1983 ap.
482 1948 586 1975 Trevir.
603 1947 741 1980 Benerius,
762 1952 810 1976 aut

40 1981 160 2018 Venerius,
184 1989 215 2012 ut
241 1985 344 2016 Siber.,
371 1981 513 2018 Mart-yrol.
536 1987 616 2009 metr.
638 1991 665 2017 p.
694 1984 744 2015 M,
761 1984 808 2018 qui

36 2017 122 2054 inistra
141 2027 290 2047 numerum
315 2020 400 2046 auxit.
425 2017 502 2054 Nam.
520 2018 629 2054 Auranl
642 2022 669 2044 et
686 2017 809 2054 Chrysen

35 2053 92 2080 duas
105 2055 181 2088 facit;
196 2056 270 2083 duos
284 2055 366 2082 etiam
380 2052 553 2081 Theodorum
568 2057 595 2079 et
602 2051 772 2088 iTribunum.

65 2089 114 2124 (18)
130 2089 197 2118 Mss.
208 2090 238 2118 S.
254 2089 407 2123 Maximin.,
426 2089 586 2120 Manutius;
598 2087 699 2119 Siber.,
715 2088 809 2115 Μοιιή-

35 2131 109 2157 graus.

64 2160 112 2194 (19)
127 2159 299 2193 ’Δκολουθίση
312 2168 392 2195 quam
402 2159 492 2187 Latini
501 2160 662 2195 sequentium
670 2158 807 2195 dixerunt,

36 2193 71 2220 hic
85 2193 129 2229 pro
140 2196 272 2222 universo
284 2193 335 2222 ritu
350 2194 561 2222 administrandi
577 2193 707 2229 Baptismi
721 2194 806 2221 sumi-

35 2233 80 2261 tur,
86 2228 121 2257 ac
132 2230 256 2258 ostendit
267 2230 388 2263 ejusdem
399 2230 468 2257 ritus
480 2234 507 2256 et
521 2228 744 2256 caeremoniarum
755 2229 807 2256 Ba-

35 2264 113 2300 ptismi
137 2269 321 2298 vetustatem;
339 2266 488 2300 quinetiam
514 2264 589 2291 vocis
616 2263 701 2298 ipsius
719 2271 808 2300 quam

35 2298 109 2327 Graci
134 2301 226 2328 adhuc
250 2298 377 2327 retinent.
396 2299 522 2326 Nondum
551 2303 641 2325 tamen
670 2299 809 2332 antiquius

36 2335 124 2369 nostris
136 2335 211 2363 Actis
226 2340 437 2362 monumentum
447 2334 583 2369 apparuit,
601 2334 645 2360 ubi
661 2333 712 2360 hoc
724 2341 808 2361 sensu

34 2368 164 2397 ἀκολουθία
184 2375 346 2404 usurpetur.
367 2370 395 2397 S.
413 2368 580 2404 Epiphanius
594 2376 627 2395 ex
650 2369 810 2402 interpreta-

34 2404 97 2440 tione
108 2405 135 2432 S.
151 2404 312 2440 Hieronymi
325 2405 433 2432 videtur
453 2405 544 2431 missae
558 2404 680 2430 ordinem
694 2404 807 2440 ἀκολου-

35 2437 86 2465 θίαν
97 2440 207 2473 dixisse,
221 2437 307 2475 quam
315 2440 414 2467 Hieron
436 2446 494 2467 mus
506 2440 586 2465 vertit
599 2439 808 2473 consequentiam

36 2473 58 2501 in
70 2475 142 2502 eoist.
155 2476 189 2502 ad
203 2474 306 2502 Joann.
321 2448 435 2502 Jerosoi'.

36 2473 58 2501 in
70 2475 142 2507 epist.
155 2476 189 2503 ad
203 2473 306 2503 Joann.
321 2475 415 2503 Jeroso

66 2506 126 2544 (19‘)
139 2509 362 2537 Vetustissimum
375 2509 408 2534 de
418 2507 541 2544 c_and_idis
560 2506 754 2544 neophytorum
771 2515 815 2534 ve-

45 2541 122 2572 stibus
133 2543 332 2571 testimonium.
348 2543 414 2570 Acta
426 2541 454 2570 S.
473 2542 581 2570 Genesii
600 2541 634 2568 M.
651 2541 752 2569 nostris
763 2549 813 2577 po-

42 2581 146 2607 stcriora
157 2583 234 2607 sunt.

68 2614 128 2648 ('20)
146 2614 289 2641 Lectorem
303 2613 384 2641 semel
404 2613 538 2641 monitum
554 2612 689 2643 volumus.
706 2619 756 2639 nos
768 2619 813 2639 as-

39 2650 127 2677 terisco
157 2653 270 2676 notasse
294 2648 425 2675 nonnulla
451 2648 543 2679 verba,
565 2655 625 2682 quae
640 2656 654 2674 a
672 2648 810 2674 communi

40 2691 83 2711 usu
93 2684 252 2719 velsyntaxi
275 2683 428 2719 abhorrere
445 2683 580 2710 videntur.
596 2682 702 2717 Cuique
720 2686 811 2719 autem

39 2719 126 2752 legenti
134 2717 250 2754 patebit.
257 2718 408 2746 versionem
420 2718 543 2745 Latinam
553 2725 605 2754 non
613 2725 708 2754 parum
716 2717 813 2744 abesse

39 2755 96 2787 quin
109 2752 211 2782 textum
225 2753 349 2781 Grzncum
360 2755 392 2780 ad
405 2753 515 2780 verbum
525 2753 667 2788 exprimat.
677 2752 811 2779 Caeterum

40 2789 285 2825 interpretationem
300 2796 394 2825 novam
408 2788 503 2825 Graeco
513 2787 704 2825 textuimagis
713 2795 812 2814 conso-

41 2822 223 2853 nam'edimus
247 2825 281 2852 ad
298 2824 398 2852 calcem
419 2823 574 2852 voluminis.
594 2822 673 2851 Εοιτξ
690 2823 809 2850 Ριτιιοι..

824 2595 845 2622 D

907 542 949 570 lll.
967 543 1048 570 Sotor
1064 543 1125 577 (sic)
1142 550 1231 570 autem
1246 548 1305 570 erat
1319 545 1346 571 in
1361 545 1456 572 eodem
1475 546 1553 574 loco:
1575 547 1654 581 cujus

868 587 940 615 ﬁlius
956 588 1049 615 eadem
1064 588 1131 615 hora
1150 594 1275 616 mortuus
1296 589 1394 617 fuerat.
1412 590 1582 618 'l‘rauscunte
1603 600 1653 618 au-

868 638 920 660 tem
938 634 1017 661 beato
1032 634 1161 667 Quiriaco
1174 640 1201 661 et
1215 634 1333 662 Maximo
1355 640 1381 663 et
1405 636 1483 663 beata
1501 638 1574 664 Aura
1588 657 1594 668 ,
1613 639 1654 664 Ia-

868 680 1038 706 mentabatur
1062 684 1138 706 sotor
1163 680 1190 706 in
1215 685 1302 707 morte
1328 681 1375 707 lilii
1391 682 1443 708 sui.
1459 681 1536 709 Tunc
1558 683 1654 710 beatus

867 725 1000 752 Maximus
1025 725 1165 760 presbyter
1179 725 1248 752 dixit
1267 726 1300 752 ad
1316 731 1433 753 sotorem
1447 735 1453 753 :
1468 726 1506 752 Tu
1530 728 1609 754 crede
1626 728 1653 754 in

867 770 950 797 Deum
967 769 1058 797 Jesum
1071 770 1211 797 Christum
1227 778 1318 797 coram
1331 771 1459 798 omnibus
1473 772 1568 805 nobis;
1584 778 1611 800 et
1625 779 1652 800 tu

865 817 939 844 vives
955 821 982 843 et
1000 816 1084 843 lilium
1111 821 1188 843 tuum
1211 816 1334 850 recipies.
1356 816 1403 843 ille
1420 822 1510 844 autem
1531 826 1592 845 cum
1615 819 1653 844 la-

864 863 965 898 crymis
980 862 1069 889 dixit:
1097 860 1125 887 In
1148 869 1203 895 quo
1220 862 1328 888 credam
1344 870 1351 888 :
1376 869 1456 896 quem
1474 870 1489 888 a
1510 863 1654 897 juventutc

865 916 925 935 mea
936 907 1143 942 blasphemavi?
1157 907 1414 942 Responditbeatus
1427 907 1562 935 Maximus
1573 918 1580 935 :
1595 908 1655 936 Po:-

864 955 1005 981 nitentiam
1020 961 1079 988 age,
1092 953 1154 988 quia
1174 952 1246 980 Deus
1263 953 1450 987 ptenitentium
1467 957 1508 980 est
1523 961 1578 980 non
1595 956 1655 981 red-

862 1002 929 1028 dens
938 1000 1086 1027 Secundum
1098 1003 1210 1034 peccata
1224 1004 1334 1032 nostra;
1347 1000 1393 1026 sed
1405 999 1487 1026 faciet
1500 1000 1652 1027 secundum

863 1055 940 1074 suam
959 1054 1084 1082 magnam
1111 1045 1338 1072 misericordiam.
1356 1044 1436 1072 Soter
1456 1051 1546 1073 autem
1564 1046 1651 1075 dixit;

862 1092 917 1127 Ego
934 1093 1015 1119 credo
1027 1092 1054 1118 in
1069 1091 1153 1118 Deum
1168 1091 1262 1118 Jesum
1278 1091 1426 1118 Christum.
1454 1090 1530 1119 Tunc
1555 1092 1653 1120 beatus

862 1139 995 1166 Maximus
1010 1137 1156 1172 baptizavit
1170 1145 1233 1164 eum
1249 1137 1277 1163 in
1294 1137 1405 1164 nomine
1428 1136 1516 1164 Patris
1533 1142 1560 1164 et
1577 1137 1650 1171 Filii,

862 1189 889 1212 et
901 1184 1019 1218 Spiritus
1035 1183 1137 1216 sancti;
1152 1187 1180 1208 et
1195 1183 1260 1209 dum
1275 1182 1424 1216 accepisset
1441 1183 1548 1218 signum
1570 1184 1652 1210 Chri-

863 1231 898 1257 sti
916 1230 1036 1266 gaudens
1047 1234 1074 1256 ct
1086 1229 1225 1256 exsultans
1237 1228 1350 1256 deduxit
1366 1229 1475 1256 beatum
1493 1229 1650 1262 Quiriacum

863 1280 890 1302 ct
903 1275 1051 1301 Maximum
1081 1274 1268 1308 presbyterum
1293 1274 1327 1300 ad
1349 1273 1435 1300 lilium
1452 1282 1545 1302 suum.
1574 1274 1652 1302 Tunc

864 1321 958 1348 beatus
985 1320 1130 1354 Quiriacus
1154 1321 1300 1355 episcopus
1325 1320 1409 1347 dixit:
1444 1319 1559 1347 Domine
1584 1320 1649 1348 Jesu

862 1366 980 1396 Christe.
996 1367 1043 1400 qui
1068 1366 1195 1400 dignatus
1216 1373 1245 1393 es
1261 1365 1378 1393 formam
1401 1366 1473 1392 servi
1491 1366 1630 1401 suscipere
1642 1386 1649 1399 ,

864 1417 893 1439 ut
907 1419 957 1440 nos
972 1412 1148 1439 de'servitute
1159 1411 1260 1438 diaboli
1279 1412 1425 1444 liberares;
1444 1411 1491 1446 qui
1515 1411 1649 1438 Lazarum

861 1458 916 1492 jam
941 1457 1117 1492 prenitentem
1140 1457 1178 1491 (l.
1193 1456 1336 1491 fetentem)
1362 1457 1495 1483 suscitare
1521 1456 1650 1491 dignatus

862 1511 902 1535 es,
914 1508 940 1530 et
952 1503 1037 1530 lilium
1051 1503 1162 1530 unicum
1176 1503 1263 1529 vidua:
1274 1502 1428 1533 redonasti;
1444 1502 1559 1529 ostende
1568 1511 1650 1537 super

863 1549 935 1576 hunc
950 1548 1083 1575 famulum
1109 1552 1184 1574 tuum
1203 1552 1276 1574 tuam
1302 1548 1535 1581 misericordiam;
1560 1554 1590 1575 ut
1603 1557 1651 1576 c0-

862 1597 975 1628 gnoscat
991 1598 1015 1620 te
1029 1592 1113 1620 Deum
1129 1594 1230 1626 vivum,
1250 1598 1278 1620 et
1300 1601 1407 1627 verum,
1425 1598 1576 1621 creatorem
1599 1603 1650 1622 no-

862 1644 949 1668 strum
965 1639 992 1666 in
1006 1640 1211 1674 regeneratione
1223 1647 1290 1672 sua;
1304 1639 1368 1674 quia
1386 1644 1414 1666 tu
1432 1647 1530 1674 regnas
1547 1641 1574 1666 in
1599 1649 1650 1667 sae-

862 1685 923 1712 cula
933 1685 1095 1713 seculorum
1105 1693 1112 1717 ;
1122 1690 1147 1711 et
1156 1693 1217 1711 cum
1232 1692 1327 1712 omnes
1338 1686 1543 1720 respondissent
1551 1686 1648 1719 Amen,

862 1730 960 1758 revixit
974 1730 1020 1765 qui
1045 1734 1103 1757 erat
1117 1734 1259 1763 mortuus,
1288 1734 1315 1757 et
1340 1731 1422 1764 erepit
1445 1731 1519 1765 loqui
1535 1730 1646 1760 dicens:

863 1776 917 1811 Ego
933 1776 986 1802 vidi
999 1775 1083 1802 Deum
1098 1775 1190 1803 Jesum
1207 1775 1346 1802 Christum
1363 1776 1538 1803 reducentem
1553 1785 1596 1803 me
1615 1778 1649 1804 de

862 1822 981 1850 tenebris
992 1823 1024 1849 ad
1041 1823 1140 1850 lucem.
1154 1822 1231 1849 Tunc
1265 1822 1444 1849 catechizavit
1459 1830 1521 1849 eum
1533 1832 1539 1855 ;
1553 1827 1649 1850 etcum

862 1869 1013 1904 baptizatus
1035 1873 1109 1896 esset
1125 1873 1152 1897 et
1171 1868 1322 1903 accepisset
1336 1869 1442 1904 signum
1465 1869 1575 1902 crucis,
1602 1878 1649 1896 su-

897 1948 953 1982 (21)
973 1947 1029 1975 Τοῦ
1037 1947 1164 1982 Χριστοῦ
1175 1949 1280 1982 μύρον.
1298 1947 1433 1982 Antiquus
1448 1950 1517 1975 ritus
1533 1949 1648 1977 balsami

860 1984 1054 2011 commiscendi
1069 1991 1130 2010 cum
1146 1984 1206 2010 oleo
1226 1984 1252 2010 in
1265 1991 1321 2010 sac.
1331 1984 1477 2011 chrismate
1491 1985 1635 2011 conlirma-

860 2024 924 2050 tur,
942 2019 1065 2053 adeoque
1080 2019 1188 2045 .mirum
1207 2023 1248 2046 est
1273 2019 1380 2053 aliquos
1395 2019 1429 2045 ad
1455 2019 1601 2046 Alcuinum
1622 2024 1649 2046 et

859 2054 1026 2080 Amalarium
1048 2054 1230 2084 descendere,
1257 2058 1285 2080 ut
1310 2054 1496 2087 permistionis
1522 2054 1647 2086 ejusdem

861 2088 1047 2115 necessitatem
1057 2088 1211 2115 ostendant.
1227 2087 1294 2114 Nam
1306 2088 1333 2115 in
1342 2088 1580 2116 Cottstitutionibus
1587 2098 1649 2123 αρυ-

859 2123 961 2150 stolicis
978 2123 1093 2158 hujusce
1101 2124 1170 2150 ritus
1181 2124 1211 2150 lit
1219 2123 1330 2156 mentio,
1339 2127 1420 2158 atque
1432 2124 1501 2150 ordo
1511 2123 1646 2158 Baptismi

860 2159 1037 2190 describitur,
1053 2166 1086 2185 ne
1109 2159 1200 2185 oleum
1220 2158 1480 2185 catechurnenorum
1495 2166 1555 2185 eum
1573 2159 1647 2185 chri-

860 2198 947 2220 smate
962 2193 1156 2224 confundatur,
1176 2194 1249 2228 quod
1263 2193 1366 2220 faciunt
1380 2193 1512 2220 haeretici.
1533 2193 1647 2228 Χρίσεις

859 2228 887 2254 δὲ
899 2228 1005 2264 πρῶτον
1021 2228 1112 2263 ἐλαίῳ,
1126 2227 1221 2255 ἔπειτα
1238 2229 1379 2264 βαπτίσεις
1388 2227 1463 2254 ὕδατι
1472 2236 1479 2243 ·
1492 2228 1538 2254 καὶ
1555 2227 1647 2264 τελευ-

859 2263 934 2300 ταῖον
954 2264 1113 2300 σφραγίσεις
1136 2264 1223 2300 μύρῳ.
1249 2263 1333 2300 Unges
1355 2264 1540 2300 autemqprius
1570 2263 1644 2295 olea,

859 2299 952 2336 deinde
963 2298 1114 2336 baptizabisq
1124 2298 1204 2336 aqua;
1212 2303 1237 2336 et
1251 2299 1356 2324 tandem
1368 2298 1485 2336 signatus
1501 2303 1643 2336 unguento.

859 2334 905 2369 lib.
924 2342 981 2365 VIII,
997 2332 1065 2368 Vcap.
1082 2333 1127 2360 ‘22.
1146 2332 1222 2366 Quod
1241 2337 1331 2369 autem
1356 2332 1401 2369 τοῦ
1426 2332 1511 2369 μύρου
1535 2333 1646 2360 nomine

860 2368 1007 2395 balsamum
1022 2369 1154 2403 designet,
1171 2368 1285 2395 inferius
1295 2368 1439 2403 ostendite
1461 2368 1506 2400 27,
1521 2368 1566 2395 ubi
1579 2377 1645 2403 gra-

860 2404 913 2431 tias
926 2404 1037 2439 agilxa‘t
1054 2402 1123 2438 ὑτὲὲρ
1137 2403 1186 2438 τῆς
1203 2403 1315 2439 εὐωδίας
1331 2402 1377 2428 τοῦ
1391 2402 1487 2438 μύρου,
1503 2402 1644 2438 ριίαηιίριυ

860 2437 1010 2473 fragrantia
1026 2437 1203 2473 unguentipet
1219 2446 1277 2471 cap.
1290 2437 1334 2465 tt.

895 2472 949 2509 (22)
968 2472 1120 2501 Succinctus
1142 2481 1260 2500 summus
1272 2473 1394 2509 sacerdos
1408 2473 1484 2506 pedes
1505 2472 1553 2499 tibi
1570 2473 1642 2509 iacit.

859 2507 985 2536 Ambros.
1011 2508 1049 2535 De
1065 2516 1179 2535 sacram.
1196 2516 1225 2534 Ill
1240 2528 1247 2540 ,
1276 2508 1302 2534 1.
1317 2507 1549 2535 Consuetudinem
1573 2507 1644 2535 hanc

859 2543 980 2571 Ecclesia
992 2543 1025 2570 R.
1041 2551 1095 2570 non
1111 2543 1205 2570 habuit
1217 2548 1326 2578 propter
1338 2543 1539 2569 multitudinem
1558 2542 1644 2576 bapti—

860 2583 993 2611 zatorum,
1013 2579 1133 2612 aliasque
1151 2585 1258 2605 causas.
1271 2577 1341 2604 Alibi
1358 2582 1449 2604 tamen
1465 2578 1582 2612 viguisse
1596 2586 1644 2604 no-

859 2615 947 2641 vimus
960 2622 967 2647 ;
985 2621 1057 2641 nunc
1067 2611 1149 2640 etiam
1164 2613 1190 2639 iu
1205 2612 1324 2640 Ecclesia
1337 2612 1466 2639 Ostiensi.
1485 2611 1644 2639 Illiberilani

858 2648 910 2675 PP.
925 2656 984 2676 eam
1001 2648 1172 2676 sustulerunt
1186 2656 1248 2675 can.
1258 2648 1303 2680 48,
1319 2648 1444 2679 fortasse,
1462 2655 1492 2674 ne
1508 2648 1542 2674 ad
1556 2648 1643 2682 ipsum

858 2689 1052 2711 sacramentum
1070 2683 1202 2717 Baptismi
1219 2684 1348 2710 videretur
1364 2683 1502 2717 pertinere,
1517 2688 1546 2709 ut
1559 2684 1596 2709 ait
1612 2682 1641 2710 ὃ.

857 2720 926 2754 Aug.
941 2720 974 2746 ad
987 2719 1048 2746 Jan.
1065 2727 1107 2753 ep.
1124 2718 1190 2751 119,
1215 2719 1256 2745 18.
1272 2718 1350 2751 Quod
1370 2718 1495 2754 noctuis.
1512 2718 1643 2753 (Syriacus

858 2754 916 2782 haec
931 2754 1023 2781 omnia
1045 2755 1176 2788 gesserit,
1196 2753 1393 2789 persecutionis
1409 2761 1423 2780 a
1441 2753 1553 2780 Claudio
1569 2754 1644 2781 exci-

856 2793 919 2817 tatae
934 2794 1122 2824 argumeulum
1139 2793 1190 2816 est.
