1857 3051
67 97 104 123 561

723 93 813 120 ACTA
835 93 972 121 GRECA.

1605 96 1657 123 562

67 156 178 190 δαίμονας,
193 155 250 185 τοὺς
259 152 420 184 ἀπατῶντας
437 153 518 188 ὑμᾶς,
529 152 577 179 καὶ
591 152 775 187 καταλείψασα
785 153 818 179 τὰ

921 161 941 181 ιε
963 152 1009 188 qui
1019 157 1150 180 venturus
1164 156 1205 180 est
1219 153 1341 188 judicare
1357 154 1439 182 \‘i.vos
1461 160 1487 182 et
1509 159 1654 190 mortuos;

68 202 149 234 μάταια
166 199 256 226 εἴδωλα
274 200 308 226 τὰ
328 199 517 235 χειροποίητα,
544 200 664 233 ἐπέγνων
686 200 733 226 ἓνα
755 199 821 226 Θεὸν

67 247 136 276 ζῶντα
145 246 186 271 καὶ
195 245 328 280 ἀληθινὸν,
347 245 447 272 καὶτὸν
461 245 593 281 μονογενῆ
609 245 672 271 Υίὸν
686 244 767 271 αὐτοῦ
777 245 822 271 τὸν

66 292 147 327 Κύριον
157 290 227 326 ἡμῶν
244 289 347 325 Ἰησοῦν
359 291 485 326 Χριστὸν,
497 290 526 322 ὃς
540 289 599 324 ἥξει
614 291 704 325 κρῖναι
720 290 831 323 ζῶντας,

67 338 102 364 καὶ
112 337 210 373 νεκροὺς
217 356 228 367 ,.
249 337 296 363 καὶ
311 337 357 363 τὸν
379 337 486 372 πατέρα
504 345 549 363 σου
565 336 610 363 τὸν
631 336 752 363 διάϐολον
766 336 824 371 ἅμα

65 384 94 419 τῷ
104 383 268 419 (παρανόμῳ)
285 382 390 417 βασιλεῖ
403 382 527 417 Κλαυδίῳ
543 383 572 408 ὲν
584 381 678 417 σκοτίᾳ
693 390 824 417 κατακρι-

66 431 103 456 νεῖ.
114 428 216 460 Οΰλπιος
234 428 370 464 Ῥώμυλος
385 428 507 463 βικάριος
521 426 595 455 εἶπεν
605 436 612 443 ·
641 427 824 462 Ἐξηπάτηται

65 476 119 511 αὕτη
130 477 158 502 ὲκ
170 475 215 510 τῆς
230 475 350 510 μαγικῆς
360 475 466 510 τέχνης,
476 475 523 501 καὶ
533 474 607 509 λέγει
620 473 688 510 αὐτῇ
697 482 703 489 ⁸
728 474 825 508 Ἐγκα-

64 523 156 549 τάλειπε
167 522 255 548 λοιπὸν
264 521 314 553 τὰς
331 521 512 557 ματαιότητας
523 520 635 551 ταύτας,
649 520 696 546 καὶ
710 520 826 555 προνόη-

65 568 146 603 σαιτῆς
154 567 323 602 γενεαλογίας
338 576 396 594 σου.
421 568 452 594 Ἡ
468 567 496 594 δὲ
511 566 634 602 μακαρία
654 566 750 602 Χρυσῆ
770 567 826 593 ἐνε-

64 614 163 649 φύσησεν
175 614 273 649 (51)είς
286 614 316 640 τὺ
325 614 467 649 πρόσωπον
478 613 558 640 αὑτοῦ
574 614 702 647 λέγουσα·
723 611 824 644 Ἀθλιε,

64 662 82 686 εί
93 658 152 691 εἶδες
161 659 203 686 τὸν
217 659 381 695 δημιουργὸν
394 659 459 685 Θεὸν
476 658 591 694 ούρανοῦ
603 668 631 685 τε
643 659 689 685 καὶ
700 658 762 693 γῆς,
777 658 827 684 οὐκ

63 705 89 731 ἂν
98 705 232 741 προέφερες
249 706 281 731 ὲκ
294 704 340 731 τοῦ
353 704 484 740 στόματός
501 712 547 730 σου
564 703 748 740 βλασφημίαν.
771 704 826 738 Τη-

63 750 159 777 νικαῦτα
169 751 194 777 δὲ
208 751 345 787 ὀργισθεὶς
356 751 370 776 ὁ
386 750 508 786 βικάριος
527 750 671 777 ἐκέλευσεν
693 750 777 785 αὐτὴν
798 749 827 776 ὲν

64 798 90 831 τῇ
109 797 193 830 ἄντυγι
216 796 271 831 (52)
293 795 487 831 ἀναρτηθῆναι.
512 796 555 822 Ἑν
571 796 599 822 δὲ
613 795 651 830 τῷ
665 795 827 822 διασπᾶσθαι

64 842 131 877 αὐτὴν
138 843 189 873 τοῖς
195 842 309 878 νεύροις,
319 841 466 877 προθύμως
475 850 504 867 τε
515 842 560 868 καὶ
571 841 730 877 ὡραιοτάτῳ
742 849 825 876 προσ-

874 203 1012 232 etpatrem
1031 203 1108 225 tuum
1132 198 1270 225 diabolum
1286 207 1338 225 una
1352 207 1414 226 cum
1431 200 1545 228 Claudio
1558 209 1606 229 vos
1628 202 1656 229 in

873 243 993 270 tenebris
1007 243 1088 270 habet
1105 240 1244 270 damnare.
1270 242 1393 271 Vicarius
1417 243 1551 273 Romulus
1569 247 1654 274 dixit:

874 289 984 317 Inducta
1007 289 1041 316 ab
1060 289 1166 316 insania
1186 289 1298 324 magicae
1324 291 1401 322 artis,
1418 291 1512 318 desere
1524 292 1658 320 vanitates

875 335 942 362 istas
956 338 983 362 et
995 335 1108 362 consule
1123 335 1297 369 generositati
1311 340 1373 362 tuae.
1387 335 1468 363 Beata
1483 337 1556 364 Aura
1570 337 1658 365 insuf-

875 380 984 408 ﬂavitin
995 381 1091 408 faciem
1101 381 1194 408 vicarii
1208 381 1316 409 dicens:
1332 381 1424 415 Miser,
1440 382 1463 410 si
1474 383 1559 411 scires
1572 383 1656 411 Deum

877 432 1028 454 creatorem
1044 427 1106 454 εωιί
1123 431 1150 454 et
1163 432 1256 460 terrae;
1274 435 1328 454 non
1340 427 1476 462 proferres
1488 436 1521 455 ex
1544 436 1592 456 ore
1611 434 1660 457 tuo

877 474 1073 508 blasphemias.
1092 473 1179 501 Iratus
1193 478 1283 501 autem
1297 473 1430 502 Romulus
1446 476 1565 504 vicarius
1576 476 1659 511 jussit

876 526 936 547 eam
952 520 979 546 in
995 519 1112 554 equuleo
1125 519 1264 554 suspendi.
1281 520 1314 547 Et
1328 527 1390 547 cum
1401 522 1580 549 attraheretur
1597 531 1660 549 ner-

877 567 928 599 vis,
945 567 1014 594 facie
1027 567 1126 594 alacris
1148 571 1174 594 et
1192 566 1315 600 speciosa
1327 567 1409 601 empit
1425 567 1532 595 dicere:
1553 567 1660 595 Gratias

878 622 928 649 ago
944 613 992 640 tibi
1006 612 1119 639 Domine
1131 612 1193 639 Jesu
1205 612 1323 645 Christe,
1339 613 1387 648 qui
1407 621 1449 640 me
1465 613 1498 640 de
1509 614 1603 642 inferis
1626 614 1660 642 ad

878 659 1006 687 sublimia
1025 659 1146 686 caelestia
1165 651 1295 694 dignatus,
1317 667 1345 686 es
1368 659 1520 687 sublevare.
1537 659 1570 687 Et
1593 661 1662 688 dixit

879 705 1011 733 Romulus
1025 714 1032 732 :
1059 705 1110 732 Ubi
1132 705 1182 732 cs?
1196 713 1288 742 [quem
1308 705 1440 740 pradicas
1456 705 1581 734 Christus
1598 712 1661 734 tuus

878 750 974 778 liberet
1000 754 1035 777 te.
1055 750 1136 778 Beata
1160 750 1232 778 Aura
1256 753 1410 786 respondit:
1427 752 1483 788 Ego
1499 753 1580 788 digna
1607 762 1660 781 non

879 803 950 827 sum,
968 796 1014 822 sed
1032 795 1077 823 ille
1092 796 1139 830 qui
1153 796 1281 830 dignatus
1289 801 1331 824 est
1346 805 1388 824 me
1396 798 1429 825 de
1440 798 1554 833 caligine
1565 799 1660 826 mundi

878 841 992 875 eripere,
1008 845 1103 876 potens
1118 846 1160 868 est
1170 847 1195 869 te
1205 841 1381 869 etClaudium
1391 843 1540 871 destruere.
1554 843 1585 871 Et
1596 844 1662 871 dum

64 875 117 923 timqi
135 875 352 924 ἧρξατολέγεινλ
378 875 539 923 Εύχαριστῶ
560 875 614 918 σοι,
634 887 720 922 Κύριε
739 875 825 922 Ἰήσοῦ

921 895 930 914 3
947 887 1060 914 dixisset
1072 887 1229 915 confractus
1244 893 1284 915 est
1297 889 1446 923 equuleus;
1465 894 1492 916 et
1511 889 1660 924 depositam

63 933 155 969 Χριστὲ,
168 934 195 965 ὃς
211 942 243 969 με
254 934 287 960 ὲκ
298 933 345 959 τοῦ
360 933 423 968 ᾇδου
435 934 504 969 πρὸς
525 933 558 959 τὰ
577 933 689 968 οὐράνια
704 932 827 968 μετέωρα

64 978 163 1011 ὴξίωσας
177 978 364 1013 κουφισθῆναι.
384 979 456 1014 Πρὸς
469 979 503 1013 ἣν
519 980 533 1005 ὁ
547 978 669 1014 βικάριος
680 978 741 1013 ἔφη·
760 978 828 1004 "160-

65 1026 115 1058 μεν·
129 1025 150 1050 εί
162 1026 174 1051 ὁ
185 1025 301 1060 Χριστός
311 1025 451 1060 σοιξὲλθὼν
465 1024 574 1061 ῥύσεταί
590 1033 629 1052 σε.
649 1023 794 1059 Ἀπεκρίθη
809 1024 826 1059 ἡ

65 1070 166 1104 μακαρία
183 1070 276 1106 Χρυσῆ
294 1071 340 1097 καὶ¹
350 1068 439 1097 εἶπεν·
463 1069 533 1104 Ἐγὼ
551 1070 598 1104 μὲν
614 1069 676 1102 ἄξια
692 1069 742 1095 οὐκ
757 1068 825 1104 εἰμὶ,

63 1114 109 1141 ἀλλ’
120 1116 213 1147 ἐκεῖνος
223 1117 236 1142 ὁ
250 1115 423 1149 καταξιώσας
439 1124 471 1151 με
489 1117 520 1142 ὲκ
534 1115 584 1149 τῆς
597 1114 695 1150 ἀχλύος
714 1114 760 1140 τοῦ
782 1114 827 1140 κό-

64 1168 118 1194 σμου
131 1162 217 1187 τούτου
233 1161 376 1196 ρυσθῆναι,
390 1162 501 1192 δύνατός
515 1161 588 1187 ἐστιν
607 1161 654 1187 καὶ
675 1160 705 1186 σὲ
723 1160 769 1186 καὶ
783 1160 828 1186 τὸν

63 1205 210 1241 (παράνομόν
233 1207 296 1240 σου)
321 1206 453 1233 Κλαύδιον
473 1205 633 1232 καταλῦσαι.
670 1205 713 1232 Ἐν
741 1205 770 1231 δὲ
790 1204 829 1239 τῷ

61 1251 132 1278 ταῦτα
143 1252 227 1286 λέγειν
237 1252 339 1288 αὐτὴν,
362 1253 438 1287 ἄφνω
458 1251 622 1287 συνεθλάσθη
638 1252 654 1287 ὴ
668 1251 765 1284 ἄντυξ·
782 1251 830 1278 καὶ

63 1298 232 1333 κατενεχθεῖσα
242 1298 348 1325 ἐκεῖθεν
362 1298 426 1334 ἔστη
439 1298 533 1333 ὑγειής
544 1299 567 1313 ’-
582 1298 723 1325 ἐκέλευσεν
733 1296 780 1324 οὖν
797 1297 806 1330 (
814 1298 828 1324 ὁ

62 1343 207 1379 παράνομος)
216 1344 355 1380 Ῥώμυλος
371 1344 506 1380 ρωπάλοις
517 1344 600 1380 αὐτὴν
611 1344 769 1377 τύπτεσθαι,
777 1344 829 1370 ὑπὸ

63 1389 137 1424 φωνῆς
150 1389 193 1416 τοῦ
210 1391 330 1426 κήρυκος
354 1390 488 1424 λέγοντος·
513 1390 545 1416 Ἡ
565 1390 702 1425 ἱερόσυλος
722 1389 829 1425 Χρυσῆ,

63 1433 261 1470 βλασφημήσασα
277 1435 327 1467 τὰς
344 1435 417 1468 θεὰς,
432 1435 480 1462 καὶ⁸
497 1435 528 1462 τὺ
553 1435 686 1471 βασιλείον
706 1434 754 1460 τοῦ
779 1443 830 1461 κυ-

63 1479 177 1515 ϐερνίτου·
185 1481 233 1516 τῆς
241 1481 322 1516 ἡμῶν
332 1481 485 1516 ἐλευθερίας
495 1481 626 1507 Κλαυδίου
637 1479 829 1515 βδελυξαμένη,

873 931 972 958 exinde
986 931 1069 966 jussit
1087 939 1147 958 eam
1169 931 1286 959 fustibus
1312 933 1379 960 caedi
1402 933 1453 960 sub
1479 942 1545 962 voce
1560 942 1663 969 praeco-

874 977 918 1004 nia
926 977 981 1013 (54)
988 977 1093 1005 dicens:
1103 977 1237 1013 Sacrilega
1246 978 1329 1012 Aura,
1336 979 1390 1006 noli
1402 980 1590 1015 blasphemare
1598 980 1664 1008 deos

874 1026 901 1050 et
914 1030 1008 1058 regum
1022 1023 1226 1058 gubernatores.
1243 1023 1288 1050 illa
1303 1029 1393 1052 autem
1413 1025 1537 1053 dicebat:
1549 1025 1664 1053 Benedic

875 1073 936 1096 ctus
954 1076 993 1102 es,
1008 1068 1121 1097 Domine
1134 1068 1198 1096 Jcsu
1211 1068 1331 1103 Christe,
1346 1078 1428 1105 quem
1439 1079 1488 1106 ego
1503 1072 1558 1106 jam
1572 1071 1662 1099 video.

881 1113 958 1141 Tunc
985 1113 1116 1142 Romulus
1133 1116 1166 1142 ad
1184 1115 1323 1142 minisuos
1341 1116 1410 1143 dixit
1425 1125 1431 1144 :
1453 1116 1520 1144 Date
1539 1116 1663 1144 ﬂammas

880 1160 913 1187 ad
924 1160 1007 1187 latera
1023 1160 1092 1194 ejus.
1107 1160 1212 1188 Etcum
1229 1162 1371 1196 applicata:
1392 1162 1509 1190 fuissent
1530 1162 1662 1194 ﬂammae,

880 1205 1001 1240 gaudens
1012 1213 1077 1233 voce
1086 1207 1157 1234 clara
1171 1211 1197 1234 et
1212 1207 1279 1234 facie
1291 1209 1413 1242 speciosa
1426 1208 1495 1236 dixit
1509 1208 1543 1236 ad
1560 1208 1666 1236 Romu-

880 1251 953 1278 lum:
968 1250 989 1278 0
1003 1250 1112 1278 infelix!
1129 1252 1216 1287 pudor
1227 1253 1275 1281 tibi
1289 1262 1344 1281 non
1355 1259 1397 1282 est
1407 1255 1565 1289 conspicere
1579 1263 1665 1282 mem-

881 1297 930 1324 bra
945 1298 1084 1333 genitricis
1095 1303 1148 1326 tum
1163 1299 1189 1326 in
1205 1305 1353 1334 conspectu
1370 1305 1417 1328 tuo
1432 1301 1540 1336 ignibus
1557 1301 1664 1329 assari?

883 1342 1014 1371 Romulus
1029 1344 1114 1372 dixit:
1133 1344 1190 1372 Tua
1207 1345 1354 1373 infelicitas
1369 1345 1427 1372 haec
1445 1351 1564 1373 meretur
1578 1355 1585 1379 ;
1604 1354 1665 1381 qua:

881 1389 1023 1417 deseruisti
1042 1390 1107 1418 deos
1120 1391 1287 1418 immortales
1298 1396 1324 1418 et
1339 1391 1438 1427 regiam
1456 1396 1626 1426 potestatem,
1639 1396 1666 1419 et

881 1434 1041 1462 desiderasti
1053 1436 1166 1470 magicis
1178 1437 1280 1464 artibus
1291 1437 1471 1472 coinquinari.
1486 1436 1563 1465 Tunc
1583 1438 1660 1464 semi-

884 1484 973 1508 ustam
986 1481 1068 1514 jussit
1081 1482 1182 1509 retrudi
1206 1483 1232 1509 in
1249 1483 1412 1510 custodiam.

61 1527 196 1555 τυπτέσθω.
233 1528 266 1554 Ἡ
294 1528 322 1554 δὲ
339 1527 404 1562 ἁγία
427 1528 560 1563 παρθένος
580 1526 644 1553 ἐϐόα
671 1526 802 1560 λέγουσα·
820 1526 971 1562 Εύλόγητος
987 1524 1022 1559 εἴ,
1045 1527 1130 1563 Κύριε
1150 1529 1237 1563 Ἰησοῦ
1253 1529 1363 1564 Χριστὲ,
1382 1529 1464 1564 ὅνπερ
1484 1528 1533 1564 ἤδη
1544 1528 1600 1563 ἐγὼ
1611 1529 1666 1567 δρῶ

66 1573 186 1610 Ῥώμυλος
202 1575 327 1611 βικάριος
342 1574 417 1602 εἶπεν
427 1584 433 1591 ·
451 1575 515 1602 Δότε
525 1575 669 1611 λαμπάδας
685 1574 832 1610 καιομένας
866 1575 906 1606 εἰς
933 1574 981 1606 τὰς
995 1574 1113 1611 πλευρὰς
1124 1576 1220 1611 αὐτῆς.
1245 1576 1288 1607 Ὠς
1310 1576 1338 1602 δὲ
1352 1576 1517 1612 προσέφερον
1531 1576 1600 1611 αὐτῇ
1618 1575 1667 1607 τὰς

61 1619 196 1656 λαμπάδας,
209 1623 343 1659 χαίρουσα
357 1623 470 1659 λαμπρᾷ
483 1624 515 1658 τῇ
530 1623 604 1658 φωνῇ
628 1622 675 1648 καὶ
695 1621 854 1657 ὡραιοτάτῳ
877 1621 1014 1657 προσώπῳ
1036 1621 1088 1658 ἔφη
1106 1622 1175 1658 πρὸς
1190 1623 1235 1649 τὸν
1251 1622 1489 1658 (δυσσεϐέστατον)
1511 1621 1664 1657 Ῥώμυλον¹

61 1662 89 1694 Ὦ
100 1670 257 1705 ἀτυχέστατε
272 1691 280 1703 ,
295 1670 344 1698 οὔκ
372 1670 444 1697 ἔστιν
470 1679 510 1697 σοι
535 1670 648 1706 αἰσχύνη
671 1669 832 1701 ὲνατενίζειν
860 1669 968 1704 μέλεσιν
994 1669 1119 1705 σώματος
1132 1670 1181 1705 τῆς
1198 1679 1226 1697 τε
1238 1670 1406 1706 γεννησάσης
1426 1678 1473 1701 σε,
1498 1669 1530 1705 ῆν
1550 1665 1668 1696 κατενώ-

60 1715 111 1742 :in
123 1725 165 1743 σου
190 1718 319 1754 στήσας’;
335 1718 451 1750 Οὐλπιος
483 1717 619 1753 Ῥώμυλος
648 1716 723 1744 εἶπεν
753 1717 820 1752 πρὸς
837 1717 936 1753 αὑτήν·
960 1717 992 1744 'll
1007 1718 1042 1754 σὴ
1057 1718 1185 1754 δυστυχία
1204 1719 1289 1746 ταῦτα
1313 1718 1480 1750 ἐπιτεύξεται
1494 1737 1501 1750 ,
1520 1718 1537 1753 ἡ
1551 1719 1669 1751 ἐγκατα-

60 1762 159 1792 λιποῦσα
186 1768 250 1798 τοὺς
280 1767 430 1798 ἀθανάτους
460 1765 537 1801 ἡμῶν
564 1766 652 1798 θεοὺς,
676 1765 724 1792 καὶ
746 1765 796 1800 τὴν
811 1764 951 1800 βασιλικὴν
973 1765 1105 1799 ἐξουσίαν,
1123 1768 1170 1793 καὶ
1186 1766 1375 1802 ὲπιποθήσασα
1398 1767 1457 1797 ταῖς
1479 1765 1609 1799 μαγικαῖς
1624 1764 1668 1791 τέ»-

60 1817 125 1843 χναις
135 1813 364 1850 καταχρανθῆναι.
378 1814 444 1840 Τότε
457 1813 567 1847 ὀφθεῖσα
574 1813 628 1839 ἀπὸ
639 1813 687 1847 τῆς
701 1812 754 1847 γῆς
762 1811 817 1848 (55)
837 1811 1014 1847 ἡμίκαυστος,
1031 1813 1173 1841 ἐκέλευσεν
1186 1815 1269 1850 αὐτὴν
1287 1813 1513 1848 ὲγκατάκλειστον
1526 1812 1663 1847 γενέσθαι.

90 1858 121 1885 B'.
130 1860 180 1887 Καὶ
188 1861 340 1897 προσέταξε
351 1862 414 1893 τοὺς
427 1862 578 1897 μακαρίους
588 1860 687 1896 ἄνδρας
698 1860 826 1894 εἰσάγειν,

921 1859 951 1888 ll.
969 1860 1003 1887 Et
1021 1861 1104 1896 jussit
1128 1862 1226 1890 adduci
1251 1861 1401 1888 Maximum
1428 1860 1614 1895 presbyterum
1640 1863 1667 1885 et

61 1903 169 1940 Μάξιμον
186 1906 232 1932 τὸν
250 1906 445 1942 πρεσόύτερον,
463 1907 509 1933 καὶ
527 1906 670 1942 Ἀρχέλαον
682 1905 727 1932 τὸν
742 1905 826 1931 διάκο-

921 1906 1045 1934 chelaum
1061 1906 1223 1940 diaconum;
1237 1907 1336 1942 quibus
1349 1911 1376 1934 et
1392 1907 1475 1934 dixit:
1498 1905 1549 1933 Per
1574 1913 1624 1932 vos
1638 1911 1665 1933 et

61 1958 106 1982 νον,
117 1953 160 1978 καὶ
175 1951 249 1986 λέγει
261 1952 330 1988 πρὸς
337 1951 434 1984 αὐτούς
443 1961 459 1974 ’ί
469 1953 526 1980 Ἶνα
539 1952 564 1978 τί
577 1952 610 1979 δι’
625 1952 640 1978 ὑ
644 1951 702 1986 μῶν
714 1951 833 1986 βλασφη-

63 1999 160 2033 tto-ivra:
172 2001 199 2027 αἱ
214 2001 398 2037 προσηγορίαι
409 2001 462 2028 τῶν
471 2000 606 2036 μεγίστων
616 1999 699 2032 θεῶν;
711 1999 758 2026 καὶ
765 2000 832 2026 ἀπο-

90 2054 148 2091 (3l)7
158 2055 316 2091 Christiana
329 2057 405 2091 virgo
419 2056 500 2083 ritum
514 2055 642 2091 exprimit
651 2055 707 2083 suis
717 2055 830 2085 familia-
848 2056 868 2086 C

61 2099 118 2117 lem.
133 2090 160 2116 S.
181 2090 302 2118 Ire-naeus
324 2092 357 2118 de
375 2090 504 2118 matronis
519 2099 579 2125 qua:
593 2090 684 2118 Marco
707 2091 833 2118 haeretico

63 2126 206 2167 Icstiteruirt
221 2131 317 2153 narrat
328 2135 335 2152 :
347 2126 465 2167 ..Ἤδη-δὲ
476 2126 529 2167 τῶν
540 2126 678 2167 προτέρων
693 2126 833 2167 (73mm:

62 2160 124 2194 ρων)
146 2161 218 2192 τινὲς
242 2161 379 2194 γυναικῶν
405 2160 457 2187 τῶν
476 2160 593 2196 ἐχουσῶν
613 2160 664 2188 τὸν
684 2161 765 2196 φόϐον
787 2160 833 2187 τοῦ

59 2195 176 2236 Hae-33ml.
193 2197 231 2236 μὴ
248 2195 468 2236 ὲξαπατῃθεισῷν
535 2196 834 2236 ἒκαταφυσῂοάσαι,καὶ

61 2231 303 2267 καταθεματίσασαι
333 2231 413 2258 αὑτὸν
433 2231 620 2267 ἐχωρίσθησαν
649 2231 696 2258 τοῦ
716 2231 834 2258 τοιούτου

61 2263 159 2292 liuidae:
177 2265 320 2292 Enimvero
342 2263 470 2293 matrona!
487 2263 607 2301 quaedam
632 2266 777 2301 ﬁdeliores.
804 2275 834 2292 ac

61 2301 141 2327 timore
156 2300 205 2327 Dei
231 2302 363 2335 prwditw,
382 2309 426 2328 nec
439 2301 470 2328 ab
486 2300 515 2328 eo
535 2302 561 2327 in
582 2300 702 2335 fraudem
720 2302 834 2328 induch

62 2354 67 2359 .
82 2353 89 2360 .
102 2355 109 2362 .
126 2355 132 2362 .
147 2336 324 2364 exsulllantes
338 2344 411 2368 eum,
425 2345 456 2363 ac
471 2336 537 2362 diris
553 2337 671 2363 omnibus
685 2337 833 2364 devovente:

61 2370 87 2396 ab
101 2370 251 2404 hujusmudi
271 2377 337 2398 coetu
351 2379 405 2398 sese
417 2371 612 2398 abstraxerunt.
626 2372 654 2398 S.
668 2371 737 2399 Iron.
753 2380 771 2404 ι,
790 2372 833 2403 15,

60 2405 82 2430 ί.
97 2404 234 2432 Rcbantur
249 2407 354 2434 scilicet
365 2406 538 2442 Satanamse
556 2406 698 2442 hocpaclo
708 2407 836 2442 depulsu-

61 2447 108 2472 ras,
121 2441 352 2475 quemadmodum
369 2441 402 2468 ab
417 2441 559 2468 exorcistis
570 2441 662 2469 fiebat.
684 2441 721 2469 De
743 2441 836 2469 tanta-

61 2481 97 2500 rta
107 2475 185 2509 deque
200 2476 294 2502 afﬂatu
310 2481 413 2507 nostro,
427 2477 505 2503 etiam
516 2477 548 2502 de
562 2477 713 2509 corporibus
723 2498 730 2508 ,
747 2482 835 2504 nostra

62 2510 160 2546 imperio
173 2511 181 2544 (
194 2511 353 2545 daemones)
375 2512 503 2546 eacedunt
522 2511 608 2546 inriti.
630 2511 748 2539 Tertull:
767 2514 836 2546 Apo-

61 2544 117 2581 (99,,
133 2545 177 2578 25,
197 2551 226 2572 et
248 2546 313 2581 alii).
335 2546 363 2581 ξ».
392 2545 535 2581 Dionysius
559 2545 594 2572 Μ.
619 2544 834 2574 Alexandrinus:

63 2579 108 2618 ίὶαὶ
118 2581 170 2618 γάρ
186 2582 241 2607 εἰσι
264 2579 312 2618 καὶ
333 2579 505 2618 ᾗσανλίκανοὶ
526 2581 659 2618 παρόντες
687 2582 734 2608 καὶ
758 2583 836 2618 μόνον

61 2614 229 2655 έμπνέοντες-
238 2617 297 2655 καὶ.
310 2614 503 2655 φθεγγόμενοι,
525 2614 698 2655 διασκεδάσαι
715 2614 764 2649 τάξ
783 2617 838 2644 τῶν

61 2649 199 2686 ἀλιτηρίων
215 2649 351 2686 δαιμόνων
366 2649 518 2682 ἐπιϐουλάς.
538 2651 621 2679 Erant
641 2653 710 2678 enim
731 2658 756 2679 et
777 2657 837 2680 sunt

61 2685 199 2722 etiamnam
214 2685 360 2722 ethntodi,
373 2686 417 2721 qui
433 2687 472 2713 vel
486 2687 627 2721 prwsentia
645 2693 721 2722 atque
732 2693 836 2722 aspectu

61 2726 112 2751 suo.
123 2726 148 2747 et
159 2721 332 2748 insulﬂantes
346 2722 484 2753 duntaxat,
503 2730 533 2748 ac
546 2730 631 2748 vocem
642 2723 744 2749 edentes
756 2721 766 2754 ,⁷
778 2723 834 2749 dlc-

61 2761 159 2782 Inouum
171 2757 328 2792 praestigias
336 2757 483 2783 disturbare
494 2758 605 2791 possint.
617 2757 701 2792 Epist.
719 2758 751 2784 ad
767 2757 835 2784 Her-

62 2795 138 2852 :33],
150 2799 207 2853 ~alii).
222 2791 291 2819 Eus.
305 2791 339 2819 ﬂ.
351 2791 384 2820 E.
397 2799 444 2825 ru,
457 2791 499 2819 10.
512 2791 675 2821 Prudentius
690 2794 723 2821 de
735 2793 764 2821 S.
783 2792 838 2821 Ro-

119 2834 134 2853 ο
148 2844 155 2852 .
177 2835 204 2853 .:

62 2831 134 2853 Inano
148 2831 204 2853 5L:

885 1950 1035 1979 doctrinam
1068 1957 1186 1980 vestram
1210 1953 1434 1988 blasphemantur
1462 1952 1573 1979 nomina
1606 1951 1667 1977 deo-

885 2007 946 2026 rum
960 2000 1028 2035 (55),
1045 2004 1072 2027 et
1087 2001 1290 2028 circumducitis
1302 2001 1436 2033 homines,
1451 2004 1543 2026 utnon
1555 1997 1667 2026 credant

990 2055 1120 2091 lusu/ﬂat.
1139 2057 1209 2091 ipsos
1234 2065 1280 2084 ceu
1300 2057 1397 2085 videret
1420 2056 1561 2084 dwntones.
1611 2077 1615 2080 .

884 2089 1041 2126 Peristeplz.,
1058 2089 1085 2124 ἐξ,
1104 2089 1165 2119 920.

919 2126 1126 2162 (§‘2)rlnlerpries
1136 2127 1273 2162 equulcum
1291 2127 1380 2157 vertit,
1402 2135 1450 2154 nec
1466 2131 1585 2162 temere:
1602 2133 1663 2152 nam

885 2161 911 2188 in
929 2161 1070 2188 Philoxeni
1081 2160 1216 2190 Glossario
1227 2163 1340 2196 ἄντυγες
1353 2162 1458 2188 clitellae
1467 2166 1539 2188 sunt.
1554 2160 1665 2187 Verum-

885 2201 976 2233 tamen
995 2197 1126 2233 equuleus
1152 2198 1231 2231 paulo
1255 2198 1496 2233 postépuqeaptov
1513 2196 1612 2223 dicitur
1636 2195 1664 2222 in

885 2232 979 2258 iisdem
990 2231 1079 2264 Actis;
1096 2232 1216 2267 adeoque
1228 2231 1288 2260 cum
1301 2231 1434 2266 Hesychio
1443 2231 1560 2265 aliisque
1578 2236 1663 2267 rotant

885 2267 1027 2297 vertimus,
1041 2267 1111 2294 unde
1128 2266 1250 2301 ἀντύγων
1271 2267 1364 2301 χνόαι,
1375 2272 1493 2294 rotarum
1508 2274 1570 2293 axes
1583 2286 1591 2298 ,
1622 2266 1664 2292 vel

886 2302 1075 2336 ἀντιγόχνοιαι,
1094 2302 1131 2328 uti
1150 2303 1257 2331 Suidas.
1274 2308 1338 2328 rotw
1358 2310 1461 2329 currus.

922 2337 976 2371 (55)
984 2337 1126 2364 Confracta
1139 2343 1196 2364 rota
1209 2337 1282 2363 humi
1299 2341 1409 2364 stratam
1420 2337 1549 2372 virginem
1561 2336 1665 2372 lampa-

886 2371 965 2399 dibus
982 2371 1059 2399 aduri
1074 2373 1157 2406 jussit
1174 2372 1323 2404 Romulus,
1348 2371 1469 2407 ideoque
1480 2372 1588 2399 additur
1610 2371 1664 2397 ἀπὸ

886 2407 934 2442 τῆς
946 2407 1006 2442 γῆς,
1023 2416 1039 2433 α
1053 2413 1133 2434 terra.

922 2441 980 2477 (54)
989 2442 1126 2469 Prwconia
1134 2449 1183 2468 vos:
1192 2441 1262 2469 dicta
1273 2446 1314 2477 est
1323 2442 1551 2476 quemadmodum
1560 2445 1585 2468 et
1593 2448 1665 2475 qutt—

886 2476 1026 2504 stionaria.
1052 2477 1178 2512 Exempla
1206 2477 1278 2512 apud
1297 2476 1434 2512 Cangium
1446 2481 1567 2508 exstant;
1586 2476 1664 2509 plura

886 2514 966 2539 etiam
983 2511 1196 2544 exstarent,rnisi
1216 2511 1415 2538 dissimulatum
1430 2511 1454 2537 id
1465 2516 1536 2537 esset
1552 2511 1578 2536 in
1593 2518 1665 2536 mar-

888 2552 975 2582 tyrum
996 2547 1079 2574 Actis.
1090 2549 1206 2574 maxime
1229 2546 1481 2582 proconsularibus,
1498 2546 1572 2582 quod
1585 2545 1664 2582 C_t_i_ri-

887 2579 967 2609 s'liani
985 2583 1139 2617 diligentius
1154 2582 1326 2609 adnotaruut.
1338 2581 1461 2617 Namque
1477 2579 1589 2607 itrActis
1599 2579 1664 2617 MM,

889 2615 1102 2649 Scillilauorum,
1117 2618 1162 2644 ubi
1178 2617 1292 2652 legimus
1307 2637 1313 2648 ,
1339 2616 1500 2644 Saturninus
1524 2615 1664 2650 proconsul

1462 2659 1507 2685 per
1519 2659 1665 2685 praeconem

924 2687 979 2722 (55)
991 2694 1028 2714 xu
1043 2686 1271 2720 Consentium,vel
1285 2687 1425 2721 majorum,
1440 2691 1468 2713 ut
1484 2687 1509 2713 in
1522 2685 1618 2722 Cresco
1628 2686 1665 2713 le-

889 2724 971 2758 gitur,
988 2722 1132 2757 μεγίστων,
1148 2731 1263 2758 quorum
1275 2721 1598 2758 nominaduobusEunii
1609 2729 1667 2748 ver-

889 2756 982 2785 siculis
990 2756 1103 2792 protrita
1114 2756 1186 2784 sunt.
1197 2756 1476 2793 lnterpresautLatini
1489 2757 1592 2784 librarii
1600 2764 1666 2783 non-

890 2793 962 2820 nulla
971 2793 1130 2824 omiserunt,
1145 2793 1371 2826 quemadmodum
1386 2800 1418 2819 ea
1437 2800 1498 2827 qua:
1515 2797 1666 2827 sequuntur

890 2829 924 2855 de
940 2827 988 2855 SS.
996 2827 1259 2863 CyriacoetMaximo
1270 2836 1392 2856 seorsum
1404 2828 1430 2854 in
1439 2836 1545 2855 carcere
1554 2827 1663 2854 necatis.
