1857 3051
207 105 258 134 563

905 104 933 131 S.
967 103 1146 131 lllPPOLYTI

1770 103 1817 130 εδδ

207 163 356 191 secundum
375 170 478 190 morem
494 163 671 198 antiquitatis.
695 163 842 198 Respondit
855 163 968 191 Maximu

1062 164 1158 190 λανᾶτε
1179 164 1241 195 τοὺς
1261 162 1436 199 ἀνθρώπους,
1458 163 1499 189 ἵνα
1516 163 1553 198 μὴ
1568 162 1751 189 πιστεύσωσιν
1774 163 1818 190 αὑ-

207 209 348 244 presbyter
366 213 393 235 et
416 208 501 235 dixit:
518 208 575 236 Non
593 217 642 236 nos
665 210 823 236 sedneimus
841 209 986 241 homines;

207 256 252 282 sed
270 259 399 290 quantum
412 256 498 289 gratia
513 254 558 281 Dei
574 255 656 282 donat
673 263 721 290 per
739 256 827 290 ipsum
843 255 988 283 Dominum

206 306 327 327 nostrum
337 300 428 327 Jesum
442 300 579 328 Christum
601 302 749 328 liberamus
769 302 802 329 de
825 309 917 329 errore
938 310 988 329 δίει

206 346 277 378 culi;
302 351 328 372 et
353 346 542 380 mancipamus
565 347 671 373 nomini
698 352 793 374 sancto
817 347 887 382 ejus.
911 347 988 375 Tunc

205 390 336 418 Romulus
350 392 435 418 dixit:
460 393 506 419 lsti
533 393 642 426 quidem
668 393 741 427 digni
760 396 824 419 sunt
838 397 941 426 morte;
960 398 987 420 et

201 437 282 470 jussit
307 442 430 465 sanctum
454 437 610 471 Quiriaeum
626 439 794 473 episcopum,
814 445 841 466 et
861 444 985 467 sanetum

202 482 349 510 Maximum
363 484 560 521 presbyterum,
574 487 601 510 et
613 484 776 511 Archelaum
785 484 942 518 diaconum,
958 492 984 513 et

200 535 295 556 omnes
322 529 421 555 milites
454 530 487 556 ad
515 537 607 556 arcum
640 534 702 557 ante
736 531 870 557 theatrum
900 532 987 566 capite

199 573 277 600 caedi.
296 573 417 606 Quorum
433 581 546 608 corpora
558 575 640 609 jussit
652 575 749 609 jactari
762 575 790 601 in
805 583 888 603 mare.
911 577 985 608 Quos

198 617 294 645 beatus
310 618 444 646 Eusebius
461 620 583 655 collegit;
610 625 636 647 et
661 621 693 647 ad
713 621 787 647 littus
801 622 894 654 maris,
916 627 942 649 et
959 622 984 648 in

197 671 296 698 campo
311 665 453 691 abscondit
465 670 492 692 et
509 666 630 700 Sepelivit
646 666 722 700 juxta
739 665 836 693 Urbem
853 667 879 693 in
893 673 984 702 crypta

197 709 241 735 via
263 708 397 737 Ostiense.
415 709 581 743 ’l‘aurinum,
599 711 780 738 Herculanum
803 712 883 739 etiam
902 711 984 740 Portu

197 754 323 782 Romano
347 755 500 783 abscondit.
516 756 626 783 Beatum
650 756 821 784 Theodorum
845 758 983 784 tribunum

197 801 289 833 posuit
303 801 330 827 in
347 801 486 828 mausoleo
504 810 572 835 suo;
592 807 619 829 et
635 810 729 830 ontncs
744 803 812 830 alios
826 804 942 838 collegit,
959 809 985 831 et

1039 210 1115 241 τούς;
1146 209 1293 244 Ἀπεκρίθη
1309 209 1323 234 ὁ
1347 209 1480 245 μακάριος
1498 208 1621 244 Μάξιμος
1639 209 1818 244 πρεσϐύτερος

1039 254 1163 282 καὶεῖπεν
1171 264 1178 270 ’
1199 255 1293 290 Ἡμεῖς
1304 256 1351 291 μὲν
1359 255 1408 281 οὐκ
1419 254 1625 290 ἀποπλανῶμεν
1645 255 1710 286 τοὺς
1722 253 1819 290 ἀνθρώ-

1039 310 1115 333 πους,
1133 301 1199 328 ἀλλὰ
1215 301 1312 336 μᾶλλον
1324 300 1368 327 διὰ
1382 301 1431 335 τῆς
1444 300 1553 335 χάριτος
1565 300 1611 326 τοῦ
1628 299 1732 335 Κυρίου
1744 299 1817 335 ἡμῶν

1044 348 1130 383 Ὶησοῦ
1144 347 1261 383 Χριστοῦ
1277 346 1445 382 λυτρούμεθα
1459 347 1561 377 πάντας
1576 346 1630 373 ἀπὸ
1645 346 1695 381 τῆς
1718 346 1818 382 πλάνης

1037 394 1091 420 τῶν
1106 393 1229 420 εἰδώλων.
1248 392 1313 419 Τότε
1329 392 1465 428 ὀργισθεὶς
1480 392 1693 428 ὁ(παράνομος>
1716 392 1817 427 Ῥώμυ-

1037 439 1082 471 λος
1092 437 1182 465 εἶπεν·
1207 435 1286 465 Οὗτοι
1310 438 1358 474 μὲν
1379 437 1425 465 οὖν
1442 438 1512 471 ἄξιοι
1531 438 1646 464 Θανάτου
1664 439 1750 465 εἰσίν
1773 438 1817 464 καὶ

1037 485 1161 511 ἐκέλευσε
1180 485 1225 511 τὸν
1248 485 1380 520 μακάριον
1400 484 1522 510 διάκονον
1554 483 1700 520 Ἀρχέλαον
1721 485 1817 510 ἀπενε-

1037 530 1132 565 χθῆναι
1148 531 1187 562 εἰς
1195 530 1245 564 τὴν
1256 529 1383 565 καμάραν
1398 529 1550 564 ἔμπροσθεν
1566 529 1612 556 τοῦ
1625 529 1740 565 θεάτρου
1751 550 1758 562 ,
1772 530 1818 556 κά-

1036 577 1110 602 κεῖσε
1125 575 1274 611 κεφαλικὴν
1284 575 1417 610 τιμωρίαν
1427 575 1574 610 ὑποστῆναι
1584 595 1591 607 ,
1608 575 1654 602 καὶ
1671 576 1816 611 ἐτραχηλο-

1035 620 1142 655 κοπήθη
1160 621 1189 646 ὲν
1203 620 1276 655 αὺτῷ
1288 619 1327 655 τῷ
1342 620 1426 655 τόπῳ.
1440 620 1491 646 Τὺν
1505 619 1533 646 δὲ
1547 621 1680 655 μακάριον
1695 621 1816 655 Μάξιμον

1035 666 1176 692 ἐκέλευσεν
1189 658 1324 700 ᾙληθῆναι
1337 666 1366 691 ὲν
1378 665 1416 700 τῷ
1430 665 1692 700 δεσμωτηρίῳ.Τότε
1703 666 1717 692 ὁ
1732 667 1817 700 μακά-

1037 719 1091 745 ριος
1102 711 1231 742 Εὐσέϐιος
1241 711 1256 737 ὁ
1267 710 1448 746 πρεσϐύτερος
1462 710 1584 743 συνέλεξε
1594 711 1691 742 νυκτὸς
1702 712 1733 737 τὸ
1741 712 1816 746 σῶμα

1034 755 1079 781 τοῦ
1098 754 1231 790 μακαρίου
1253 754 1408 790 Ἀρχελάου,
1421 755 1467 781 καὶ
1482 755 1559 781 τοῦτο
1569 755 1722 789 κατέθαψεν
1738 757 1766 782 ἐν
1780 756 1816 791 τῷ

1035 801 1127 836 πεδίῳ.
1142 802 1201 827 Ἔτι
1224 801 1273 836 μὲν
1288 801 1335 827 καὶ
1348 801 1372 826 οἱ
1397 800 1574 836 στρατιῶται,
1592 802 1616 827 οἱ
1636 801 1680 828 διὰ
1703 801 1750 828 τοῦ
1768 811 1816 836 μα-

195 846 286 879 posuit
308 853 355 873 eos
374 847 452 881 juxta
475 855 588 881 corpora
615 852 769 874 sanctorum
791 847 909 881 Quiriaci
926 849 968 883 cpi

1062 847 1131 883 ιρίου
1147 847 1272 882 Μαξίμου
1286 846 1478 878 πιστεύσαντες
1488 846 1527 881 τῷ
1539 846 1666 882 Χριστῷ,
1679 847 1720 882 τῷ
1735 848 1816 882 ὁμοίῳ

196 891 269 926 scopi
286 896 313 919 et
326 892 436 920 Maximi
451 893 610 928 presbyteri.

1062 893 1143 928 ινάτῳ
1155 892 1360 928 ἐτελειώθησαν.
1387 892 1516 924 Ἀκούσας
1534 893 1562 919 δὲ
1579 893 1666 920 ταῦτα
1682 894 1696 920 ὁ
1711 894 1815 928 (παρά-

193 939 291 974 νομος)
312 939 447 974 Ῥώμυλος
474 939 638 975 προσέταξεν
665 940 733 967 ὥστε
757 941 820 972 τοὺς
847 940 940 975 ἁγίους
973 940 1123 976 μάρτυρας,
1152 940 1274 975 Μάξιμον
1297 939 1342 965 τὸν
1358 939 1541 975 πρεσϐύτερον
1555 941 1602 966 καὶ
1620 941 1758 974 κυριακὸν
1773 940 1816 968 τὸν

193 986 340 1015 ἐπίσκοπον
366 988 395 1013 ἐν
411 987 448 1021 τῷ
462 987 638 1023 δεσμωτηρίῳ
656 988 703 1020 τὰς
721 988 840 1023 κεφαλὰς
859 988 1064 1024 ἀποτμηθέντας
1093 987 1159 1022 (36).
1191 987 1226 1014 τὰ
1249 987 1350 1014 τούτων
1361 986 1473 1022 σώματα
1488 988 1517 1014 ἐν
1540 989 1573 1023 τῇ
1591 987 1714 1024 θαλάσσῃ
1736 988 1817 1022 ﬁt???

192 1043 246 1060 ναι.
270 1035 337 1069 Περὶ
358 1031 395 1061 ὧν
412 1035 426 1061 ὀ
452 1035 583 1070 μακάριος
610 1036 737 1068 Εὐσέῦιος
764 1038 778 1063 ὁ
801 1036 982 1073 πρεσϐύτερος
1013 1035 1099 1063 ταῦτα
1127 1035 1250 1071 εὑρηκὼς
1274 1035 1410 1069 συνέλεξεν
1435 1035 1584 1071 ἐπιμελῶς,
1610 1036 1658 1062 καὶ
1687 1035 1749 1070 πρὸ·
1777 1037 1816 1072 τῷ

192 1082 307 1117 αίγιαλῷ
327 1082 376 1117 τῆς
410 1083 545 1118 θαλάσσης
573 1083 602 1110 ἐν
632 1083 671 1118 τῷ
682 1084 763 1119 πεδίῳ
778 1084 890 1120 πλησίον
910 1085 959 1119 τῆς
983 1083 1127 1119 ὐστησίας
1148 1082 1298 1117 κατέθαψεν
1326 1083 1429 1114 πόλεως
1543 1083 1637 1109 Ἃτινα
1656 1083 1703 1109 καὶ
1726 1084 1815 1114 ,κατέ-

192 1128 253 1154 θετο
265 1127 377 1161 ἔγγιστα
390 1129 475 1163 αὐτῆς
488 1130 515 1155 ὲν
532 1131 564 1164 τῇ
580 1132 686 1166 κρυπτῇ
700 1151 706 1162 ,
728 1132 762 1169 ,τῇ
779 1131 831 1166 πρὸ
849 1130 879 1163 ἒξ
896 1130 972 1157 εἰδῶν
991 1129 1166 1163 Αὐγούστων,
1189 1130 1218 1155 ὲν
1234 1131 1266 1165 τῇ
1296 1129 1346 1164 ὁδῷ
1371 1130 1418 1164 τῆς
1448 1129 1598 1164 ’1)στησίας.
1633 1129 1655 1155 Τ
1657 1131 1768 1164 αυρῖνον
1787 1129 1814 1156 δὲ

191 1175 238 1201 καὶ
259 1175 446 1210 Ἐρκουλιανὸν
462 1177 490 1202 ἐν
502 1176 540 1211 τῷ
555 1177 649 1212 Πόρτῳ
670 1177 778 1213 Ῥώμης
808 1178 987 1213 κατέκρυψεν.
1006 1177 1083 1204 Μετὰ
1110 1177 1242 1212 τετάρτην
1256 1176 1398 1212 τοιγαροῦν
1431 1176 1532 1211 ἡμέραν
1552 1172 1630 1209 εὗρεν
1649 1176 1684 1202 τὰ
1703 1175 1814 1211 σώματα

189 1221 244 1248 τῶν
261 1221 360 1248 λοιπῶν
370 1223 454 1257 ἁγίων
473 1224 501 1250 ἐν
517 1223 554 1259 τῷ
583 1224 698 1260 αἰγιαλῷ
728 1225 778 1260 τῆς
791 1225 928 1260 θαλάσσης
942 1224 1065 1260 κείμενα,
1083 1224 1187 1251 καὶτὸν
1207 1224 1340 1259 μακάριον
1363 1223 1498 1258 Θεόδωρον
1522 1223 1566 1248 τὸν
1588 1222 1729 1258 τριόοῦναν
1750 1231 1815 1248 κατ-

190 1269 266 1296 ἔοετο
292 1271 321 1296 ὲν
337 1270 375 1306 τῷ
392 1271 495 1306 τρούλῳ
507 1272 562 1307 (58)
575 1281 581 1287 ·
602 1273 675 1308 ’Ἅμα
688 1273 715 1299 ὁε
734 1274 797 1305 τοὺς
822 1274 931 1304 λοιποὺς
942 1273 1044 1304 πάντας
1061 1271 1209 1304 συνέλεξεν,
1223 1271 1269 1297 καὶ
1292 1270 1377 1296 ταῦτα
1394 1269 1505 1305 πλησίον
1529 1269 1582 1296 τῶν
1609 1269 1695 1303 ἁγίων
1723 1269 1817 1304 σωμὰο

190 1324 246 1344 των
270 1317 316 1344 καὶ
346 1319 548 1354 συμμαρτύρων
564 1320 701 1355 Κυριακοῦ
729 1329 758 1347 τε
781 1321 828 1347 καὶ
849 1320 974 1355 Μαξίμου
994 1318 1131 1346 κατέθετο.

226 1363 268 1390 Ill.
288 1363 353 1391 Post
365 1365 421 1392 dies
437 1367 556 1400 quinque
567 1366 647 1401 jussit
661 1367 711 1393 sibi
725 1367 855 1395 Romulus
868 1368 973 1394 beatam

188 1409 289 1436 Auram
307 1411 508 1444 repraesentari:
534 1420 595 1446 quae
607 1421 667 1440 cum
683 1413 805 1441 alluisset
819 1414 973 1448 aspectibus

1062 1366 1091 1392 Γ.
1105 1364 1182 1392 Μετά
1190 1362 1235 1391 οὖν
1245 1365 1350 1401 ἡμέρας
1359 1365 1437 1391 πέντε
1451 1364 1589 1391 ἐκέλευσεν
1597 1365 1610 1390 ὁ
1624 1363 1801 1398 (δυσσεεέςτα

1026 1411 1087 1446 τος)
1110 1407 1245 1445 Ῥώμυλος
1258 1411 1425 1445 παραστῆναι
1441 1409 1513 1444 αὑτῷ
1523 1409 1572 1444 τὴν
1586 1409 1725 1444 μακαρίαν
1740 1410 1815 1444 Χρυ-

190 1453 312 1486 Romuli,
330 1455 451 1488 gaudens
467 1455 534 1482 dixit
547 1456 579 1483 ad
594 1464 655 1483 eum
673 1466 679 1483 :
697 1456 787 1490 Miser,
806 1457 870 1491 quid
882 1457 968 1490 perdi-

1062 1466 1086 1483 ν.
1107 1457 1138 1482 Ἡ
1153 1456 1217 1490 ἁγία
1232 1456 1269 1487 ὡς
1278 1457 1400 1492 παρέστη
1409 1456 1446 1491 τῷ
1455 1455 1577 1490 ἡγεμόνι,
1591 1456 1724 1490 χαίρουσα
1738 1453 1815 1481 εἶπεν

189 1500 250 1526 ιιίειί
263 1500 320 1527 dies
337 1501 417 1527 tuos?
429 1509 563 1535 cognosce
582 1508 731 1529 creatorem
744 1507 819 1529 tuum
833 1502 970 1530 Christum

189 1545 286 1574 Filium
300 1546 358 1580 Dei,
376 1552 402 1574 ct
419 1547 474 1574 noli
492 1548 605 1574 adorare
622 1548 724 1582 lapides
745 1549 788 1575 vel
813 1557 849 1576 ωε
863 1553 909 1575 ant
923 1557 972 1576 au-

187 1599 249 1618 rum
276 1592 318 1619 vel
340 1597 501 1627 argentum;
528 1593 574 1620 sed
599 1594 682 1621 adora
712 1594 855 1621 Dominum
879 1594 971 1622 Iesum

189 1638 326 1677 tlbristpm
345 1637 523 1672 cruciﬁxum;
549 1639 596 1673 qui
616 1640 766 1668 resurrexit
779 1641 856 1666 tertia
879 1639 931 1672 die,
946 1645 972 1667 et

189 1684 312 1710 ascendit
329 1683 355 1710 in
367 1684 466 1717 caelos;
480 1684 542 1711 inde
559 1690 689 1713 venturus
708 1692 749 1712 est
762 1686 886 1719 judicare
897 1686 973 1714 vivos

188 1733 213 1753 ιιι
229 1735 351 1757 mortuos
367 1736 394 1757 et
417 1731 546 1758 sarculum
567 1739 615 1766 per
644 1732 743 1766 ignem.
761 1732 810 1758 Cui
835 1732 974 1766 respondit

188 1774 322 1803 Romulus
333 1785 338 1802 :
351 1775 430 1803 Modo
442 1776 546 1804 videbis
556 1777 694 1804 Christum
707 1781 794 1812 tuum,
815 1785 894 1812 quem
911 1786 971 1804 cre-

188 1821 242 1853 dis,
266 1822 288 1849 si
312 1829 364 1849 non
385 1822 582 1850 sacriﬁcaveris
608 1823 670 1850 diis.
687 1822 767 1849 Beata
791 1823 863 1850 Aura
881 1823 969 1850 dixit:

189 1867 261 1895 Bene
273 1868 376 1901 dixisti,
394 1869 486 1901 miser,
511 1873 538 1896 et
552 1869 698 1903 aliquando
721 1869 856 1903 protulisti
873 1869 971 1896 verita—

187 1949 233 1974 prr
245 1948 389 1974 prmoonem
415 1945 520 1966 sanctos
535 1939 596 1965 duci
606 1938 697 1972 jussit,
711 1939 841 1973 prmconis
856 1947 919 1966 voce
931 1939 972 1965 in-

188 1976 322 2001 clamante
338 1975 433 2001 ductos
447 1982 507 2001 esse
532 1974 722 2008 intelligimus;
743 1974 815 2008 quod
844 1974 871 2000 in
897 1974 972 2001 Actis

187 2010 430 2043 proconsularibus
444 2009 614 2036 desideratur
629 2017 672 2043 ap.
694 2008 818 2036 Ruinart.
830 2029 837 2041 ,
853 2017 879 2043 ι).
898 2009 931 2036 78
947 2014 972 2036 et

188 2045 222 2072 80
235 2045 277 2071 ed.
293 2045 356 2071 Par.
384 2044 539 2071 Studiosius
563 2048 634 2070 certe
654 2043 801 2070 Christiani
826 2048 972 2078 prmsentes

188 2083 353 2114 exceperunt
377 2084 525 2113 martyrum
566 2079 653 2110 Acta,
685 2086 765 2113 quam
795 2084 972 2113 exceptores;

188 2113 276 2148 eaque
302 2115 503 2141 animadversio
526 2118 618 2140 tuetur
642 2113 708 2141 Acta
734 2114 974 2147 proconsularibus

188 2147 302 2177 t'usiora.
317 2149 345 2176 in
359 2149 473 2184 epistola
488 2149 522 2175 de
538 2149 666 2183 martyrio
679 2148 707 2174 S.
725 2147 865 2184 Polycarpi
881 2149 975 2176 sedulo

187 2189 230 2211 est
241 2183 399 2211 adnotatum
413 2193 419 2211 :
437 2183 509 2210 Tum:
523 2191 583 2210 voce
594 2184 721 2217 pra’conis
736 2183 764 2209 in
785 2192 865 2210 arena
889 2185 974 2210 media

189 2225 228 2263 te]
243 2220 386 2263 clamatum
398 2218 497 2258 esl;_‘in
512 2218 626 2263 Grglco:
645 2217 753 2263 Πέμψαι
772 2227 801 2263 τε
819 2219 864 2244 τὸν
878 2219 973 2245 ἑαυτοῦ

187 2255 296 2290 κήρυκα
304 2256 334 2290 εν
352 2255 425 2289 μέσῳ
438 2252 476 2288 τῷ
493 2252 591 2290 σταδίῳ
604 2252 719 2288 κηρύξαι
734 2253 833 2290 τρίτον.

224 2280 280 2324 (56)
298 2280 523 2324 Ostiensibusvel
535 2280 648 2324 paganis
662 2280 867 2324 acceptissimus
884 2287 969 2315 fuisse

187 2322 293 2359 opertet
306 2322 657 2359 Cyr-iacntnetMaximum.
674 2331 743 2357 qttos
765 2324 824 2349 ideo
839 2322 973 2359 Romulus

187 2358 215 2384 in
227 2357 336 2385 carcere
349 2357 538 2391 necarijnssit,
548 2365 581 2384 ne
591 2365 643 2392 qua
654 2358 770 2384 oriretur
780 2358 884 2385 seditio.
901 2358 972 2384 Mar-

188 2399 261 2427 tyres
272 2393 380 2427 quidem
396 2393 576 2420 sanctissimis
589 2393 720 2424 moribus,
734 2394 833 2428 optime
840 2394 873 2420 de
884 2393 972 2420 omni—

188 2429 238 2454 bus
254 2428 386 2454 meruisse
401 2431 505 2454 certum
520 2432 571 2454 est.
856 2433 861 2439 ’

223 2462 279 2495 (57)
297 2461 398 2488 Horum
421 2470 535 2496 corpora
551 2470 612 2489 cum
628 2462 687 2489 aliis
713 2462 775 2490 MM.
805 2461 969 2490 Ostiensinm

186 2496 292 2524 Parmae
310 2497 444 2524 asservari
463 2498 538 2524 aiunt
556 2497 727 2525 Bollandiani
751 2498 783 2525 ad
810 2498 880 2524 dietn
901 2506 968 2525 xxnt

187 2531 316 2567 Augusti,
329 2536 348 2557 t.
368 2532 409 2564 IV,
424 2540 450 2567 p.
467 2531 527 2559 566.

223 2566 280 2601 (58)
297 2566 406 2602 Unico).
422 2575 453 2594 ea
468 2575 517 2594 vox
534 2568 649 2602 primutn
667 2568 786 2595 occurrit
798 2567 891 2595 Graeco
912 2576 969 2595 scr-

188 2610 278 2637 tnone,
293 2605 323 2637 at
344 2601 437 2628 Latina
461 2603 575 2637 origine,
603 2603 736 2637 siquidem
755 2611 769 2630 a
795 2608 854 2628 trua
879 2603 966 2630 Latini

188 2636 295 2662 trullam
314 2636 436 2672 fecerint,
455 2642 485 2664 ut
508 2636 598 2664 Varro
617 2636 752 2672 aitzrsive
776 2638 866 2672 potius
884 2637 966 2664 Graeci

188 2679 267 2698 suum
283 2671 406 2707 τρυϐλίον
421 2673 456 2699 ita
469 2673 648 2699 immutarint.
665 2671 713 2698 llic
727 2671 967 2706 promonumetlto

187 2712 375 2742 ioncamcrato
385 2708 515 2742 accipitur
527 2707 661 2734 Theodori
677 2708 788 2738 tribuni,
800 2708 845 2741 qui
860 2708 966 2734 cohorti

187 2741 302 2767 militum
314 2741 395 2769 Ostiae
408 2741 529 2777 praeerat,
543 2743 649 2776 sibique
661 2746 801 2776 paraverat
811 2742 965 2776 sepulcrum

187 2783 318 2812 paganus,
335 2778 405 2811 quod
423 2783 525 2812 martyr
540 2778 666 2805 sacravit.

224 2811 279 2846 (59)
296 2811 463 2847 Singularem
493 2811 637 2847 iluamdam
655 2811 823 2848 παρρησίαν,
838 2812 964 2847 loquendi

1022 1502 1104 1538 αὐτῷ·
1129 1502 1229 1535 Ἀθλιε,
1247 1502 1316 1528 ίνατί
1330 1502 1454 1533 ἁπόλλεις
1464 1504 1471 1511 ‘
1487 1501 1535 1533 τὰς
1551 1502 1657 1536 ἡμέρας
1675 1510 1739 1531 σου;
1752 1502 1815 1528 ἐπί-

1023 1550 1106 1584 γνωοι
1121 1549 1212 1584 λοιπὸν
1227 1549 1272 1576 τὸν
1288 1549 1451 1584 δημιουργόν
1468 1557 1513 1574 σου
1524 1548 1640 1583 Χριστὸν
1656 1549 1702 1574 τὸν
1712 1548 1815 1583 Κύριον

1024 1595 1089 1621 Θεὸν
1104 1592 1184 1627 εἷναι,
1207 1594 1253 1620 καὶ
1270 1593 1307 1628 μὴ
1332 1594 1520 1629 προσκυνήσῃς
1547 1593 1637 1624 λίθους
1650 1593 1667 1628 ἣ
1681 1593 1816 1628 χαλκουρ-

1023 1641 1144 1676 γήματα,
1161 1641 1214 1666 εἴτε
1231 1640 1319 1675 χρυσᾶ
1332 1639 1387 1665 εἴτε
1400 1639 1517 1674 ἀργυρᾶ·
1534 1638 1600 1665 ἀλλὰ
1624 1638 1815 1673 προσκύνησον

1026 1685 1070 1712 τὸν
1083 1685 1183 1721 Κύριόν
1200 1694 1249 1720 μου
1270 1685 1372 1720 Ἰησοῦν
1398 1685 1514 1720 Χριστὸν
1537 1684 1583 1710 τὸν
1603 1684 1815 1720 ἐσταυρωμένον

1026 1733 1072 1759 ἐπὶ
1086 1732 1197 1758 Ποντίου
1215 1731 1342 1763 Πιλάτου,
1358 1731 1387 1762 ὃς
1409 1731 1506 1766 ἀνέστη
1529 1731 1560 1757 ὲκ
1587 1730 1642 1757 τῶν
1657 1731 1764 1765 νεκρῶν
1782 1732 1813 1766 τῇ

1024 1778 1165 1813 τριημὲρῳ
1187 1778 1259 1812 ταφῇ
1278 1776 1372 1809 αὐτοῦ,
1390 1776 1503 1811 ἀνῆλθεν
1520 1777 1560 1808 είς
1581 1777 1646 1808 τοὺς
1670 1777 1811 1812 οὐρανοὺς,

1023 1824 1084 1850 ὅθεν
1099 1824 1178 1850 πάλιν
1191 1823 1251 1858 ἥξει
1266 1824 1356 1859 κρῖναι
1372 1822 1474 1855 ζῶντας
1495 1823 1541 1848 καὶ
1556 1823 1680 1857 νεκροὺς,
1705 1824 1754 1849 καὶ
1769 1823 1815 1850 τὸν

1024 1869 1110 1896 αἰῶνα
1125 1869 1218 1896 τοῦτον
1232 1869 1276 1896 διὰ
1293 1868 1378 1904 πυρός
1402 1868 1469 1903 (59).
1487 1865 1578 1903 ᾝτινι
1597 1868 1762 1904 ἀποκριθεὶς
1784 1869 1813 1903 (ό

1026 1939 1189 1971 libertatem,
1217 1938 1364 1966 ostendunt
1382 1937 1510 1964 Romana:
1535 1941 1670 1972 martyres
1693 1936 1811 1964 nobilis-

1027 1974 1112 2004 simas.
1127 1973 1278 2008 quasinter
1289 1973 1402 2008 celebris
1415 1977 1456 1999 est
1467 1972 1499 2008 ξι.
1514 1971 1669 2003 Anastasia,
1686 1973 1747 2008 ipso
1762 1980 1811 1998 na-

1026 2009 1073 2035 tali
1087 2006 1176 2035 die'D.
1193 2007 1225 2034 N.
1247 2008 1272 2034 J.
1288 2008 1319 2035 (Σ.
1334 2008 1360 2035 in
1376 2007 1454 2034 Mart.
1467 2006 1546 2034 Rom.
1565 2007 1706 2034 adnotata.
1724 2006 1811 2041 Hujus

1024 2044 1091 2071 Acta
1107 2044 1228 2079 martyrii
1240 2051 1272 2070 ex
1288 2043 1444 2079 membrana
1462 2050 1490 2069 Ix
1513 2042 1615 2074 smculi,
1631 2042 1732 2069 uneiali
1744 2044 1811 2068 eba-

1026 2084 1127 2105 ractere
1145 2077 1256 2105 exarata
1281 2077 1485 2112 descripsimus,
1514 2085 1567 2112 qua
1598 2082 1676 2112 parte
1702 2082 1811 2104 servata

1025 2117 1108 2145 sunt;
1123 2121 1186 2140 nam
1200 2114 1328 2147 pleraque
1342 2113 1509 2140 exciderunt.

1062 2148 1166 2175 Probus
1183 2146 1254 2175 dixit
1280 2153 1325 2174 :et
1349 2148 1449 2174 animos
1473 2154 1562 2173 eorum
1584 2147 1620 2172 ad
1639 2146 1810 2181 sacrilegium

991 2172 1012 2198 D
1026 2172 1072 2217 qui
1085 2172 1286 2217 'éiiéitziéiizi-e'
1302 2172 1648 2215 decreueruntregalibus,
1664 2172 1808 2208 inslilittis.

1026 2216 1169 2244 Anastasio
1184 2216 1338 2252 respondit:
1355 2217 1409 2252 Ego
1434 2216 1567 2244 doloribus
1590 2217 1706 2252 fatigata
1729 2217 1810 2242 etiam

1024 2253 1099 2287 [mdes
1114 2253 1263 2284 osculabar,
1280 2261 1311 2279 ne
1329 2252 1472 2287 aliquando
1498 2252 1615 2277 cederent
1633 2251 1724 2278 dolore
1740 2259 1810 2277 com-

1023 2288 1102 2321 pulsi.
1120 2287 1191 2314 Nam
1201 2293 1224 2314 et
1238 2286 1464 2322 quousquerhabai
1480 2286 1591 2322 multam
1605 2295 1736 2312 summam
1747 2287 1808 2312 auri

1024 2324 1050 2348 in
1064 2331 1153 2348 eorum
1168 2321 1366 2349 uucesSitatibus
1387 2322 1505 2355 elpcndi.
1528 2321 1606 2347 Nunc
1620 2330 1678 2348 vero
1694 2323 1807 2355 erogalis

1023 2357 1142 2383 omnibus
1162 2358 1276 2383 animant
1291 2366 1375 2384 vneam
1386 2358 1418 2382 ad
1430 2357 1577 2390 passionem
1589 2357 1692 2391 aptavi;
1703 2357 1807 2391 justum

1018 2393 1145 2425 judicans
1160 2397 1188 2418 ut
1199 2401 1241 2418 eos
1259 2393 1304 2426 qui
1319 2401 1358 2418 me
1382 2392 1595 2425 derelinqueruut
1611 2392 1686 2425 (sic)
1703 2391 1808 2425 aliqua-

1022 2432 1097 2453 timus
1112 2428 1338 2461 comprehendant.
1366 2426 1465 2453 Probus
1486 2427 1577 2452 dixit:
1606 2427 1738 2458 Quoniam
1763 2435 1807 2451 sa-

1021 2463 1146 2496 crilegam
1163 2467 1185 2488 te
1198 2462 1235 2488 dii
1250 2463 1349 2488 diutius
1363 2461 1444 2487 celari
1464 2469 1513 2487 non
1528 2461 1600 2495 passi
1617 2467 1689 2492 sunt,
1707 2461 1757 2496 ipsi
1771 2461 1806 2494 {e-

1021 2502 1111 2523 ccrant
1126 2501 1154 2522 ut
1173 2502 1217 2523 tuo
1235 2502 1258 2523 te
1270 2505 1313 2523 ore
1330 2497 1468 2530 detegat-es.
1485 2496 1631 2521 Anastasio
1645 2497 1714 2522 dixit
1725 2504 1734 2522 :
1751 2496 1805 2530 Ego

1020 2533 1047 2558 in
1066 2532 1120 2558 zelo
1136 2532 1248 2558 incitata
1263 2540 1321 2559 sum
1334 2539 1423 2557 eorum
1448 2532 1474 2557 in
1486 2531 1579 2565 quibus
1600 2539 1685 2557 sermo
1701 2531 1804 2557 Domini

1019 2568 1070 2593 mei
1092 2567 1155 2593 Jesu
1181 2567 1281 2594 Christi
1309 2567 1451 2600 completus
1474 2571 1512 2592 est
1538 2566 1607 2596 quod
1638 2567 1699 2592 ait:
1723 2566 1804 2591 Erunt

1019 2603 1099 2636 primi
1114 2602 1254 2628 novissimi
1277 2606 1304 2628 et
1317 2601 1458 2628 novissimi
1486 2601 1576 2634 primi.
1594 2599 1667 2626 Nam
1683 2602 1803 2636 quicum:

1019 2635 1068 2671 que
1084 2637 1147 2662 milli
1165 2637 1320 2671 posteriores
1333 2637 1437 2670 fuerunt
1454 2637 1480 2661 in
1501 2635 1562 2669 (ille,
1577 2637 1680 2670 priores
1690 2644 1730 2662 me
1740 2635 1802 2668 [acti

1019 2670 1053 2697 ad
1081 2672 1195 2707 palmum
1218 2672 1340 2706 martyrii
1365 2671 1556 2706 adtingentes..
1572 2690 1579 2696 .
1609 2670 1802 2707 Probusrilia'it:

1017 2707 1043 2732 in
1057 2726 1063 2732 .
1120 2706 1237 2739 muliere,
1253 2714 1276 2732 et
1290 2705 1420 2741 quantum
1438 2710 1547 2740 apparet
1571 2705 1664 2741 nobili,
1682 2706 1746 2731 mihi
1762 2712 1803 2730 w-

1016 2741 1113 2768 stinere
1132 2741 1226 2768 videris
1301 2741 1444 2768 Anastasio
1463 2741 1530 2767 dixit
1544 2748 1550 2753 '
1575 2740 1604 2767 Si
1629 2741 1661 2766 de
1675 2745 1800 2774 putre...

1015 2776 1156 2810 gloriarer.
1174 2784 1224 2802 nun
1240 2776 1366 2803 dixissem
1380 2783 1389 2802 :
1405 2776 1503 2803 Christi
1513 2775 1690 2810 ancillasnm,
1709 2775 1752 2801 sed
1766 2775 1802 2800 di-

1014 2809 1284 2848 aissemﬂ’rwteztati
1304 2819 1361 2838 sum
1377 2811 1444 2846 ﬁlia.
1469 2810 1583 2837 Audiens
1605 2809 1710 2837 Probus
1738 2810 1800 2836 hanc
