1857 3051
78 117 125 145 565
727 112 818 141 ACTA
837 111 972 141 GRECA.
1622 110 1674 138 566

77 176 219 212 ὠμότατος)
238 175 374 210 Ῥώμυλος
389 174 456 210 ἔφη’
477 175 588 211 Ἀρτίως
599 174 711 209 δψειτδν
719 174 834 210 Χριστόν

921 182 945 201 tn
964 181 996 201 ex
1010 180 1058 201 ore
1082 177 1129 200 tuo
1140 172 1234 200 dicens
1256 171 1335 205 mihi,
1358 171 1380 199 si
1410 164 1675 199 non'sacriﬂeavero
1708 202 1711 205 ν

77 230 127 253 σου,
152 220 197 247 ἐὰν
215 221 251 256 μὴ
277 220 360 256 θύσῃς
373 222 428 251 τοῖς
444 219 584 250 ἀθανάτοις
610 220 689 251 θεοῖς.
725 220 757 246 Ἢ
781 220 838 253 ἁγία

921 220 1047 252 emoniis,
1058 219 1152 246 videro
1167 217 1316 245 Christum.
1329 217 1516 253 lratusitaque
1531 217 1673 251 Romulus,

76 266 159 302 Χρυσῆ
173 265 245 292 εἶπεν
256 265 344 301 αὐτῷ·
359 265 455 297 Καλῶς
470 266 582 300 εἴρηκας
606 266 650 296 σὺ,
667 264 775 297 ὲλεεινὲ,
794 264 845 292 κᾶν

74 313 176 346 ὸῲέποτε
192 313 347 348 προήγαγες
361 312 410 347 τὴν
433 311 559 347 ἀλήθειαν
577 312 608 337 ὲκ
628 310 676 337 τοῦ
703 311 843 346 στόματος,

74 357 159 392 λέγων,
176 358 212 389 ὡς
227 358 272 384 ἐὰν
291 359 327 394 μὴ
350 357 470 384 θυσιάσω
494 359 549 388 τοῖς
562 357 717 392 δαιμονίοις,
744 357 844 392 ὂψομαι

73 403 112 431 τὸν
124 404 236 439 Χριστόν
253 413 312 439 μου.
329 404 397 430 Τότε
412 403 547 439 Θυμωθεὶς
568 405 582 430 ὁ
599 402 843 438 (δυσσεϐέστατος)

78 450 210 486 Ῥὼμυλος,
228 450 295 477 διότι
309 450 399 477 λοιπὸν
415 451 443 476 ὲν
462 451 522 481 ταῖς
544 449 646 481 λέξεσιν
660 449 746 483 αὐτῆς
761 450 843 484 ἡττη-

74 497 142 531 μένος
158 496 288 530 ὲγεγόνει,
307 495 446 522 ἐκέλευσεν
463 495 530 530 μετὰ
545 494 626 521 λίθων
642 494 691 526 τὰς
709 494 844 528 σιαγῶνας

71 541 147 575 αὐτῆς
171 540 375 575 συνθλασθῆναι.
395 540 426 566 Ἠ
439 540 468 566 δὲ
490 540 555 573 ἁγία
569 539 663 575 Χρυσῆ
689 539 752 565 ἐϐόα
767 540 841 574 φωνῇ

73 585 166 622 μεγάλῃ
192 585 321 619 λέγουσα·
340 585 407 618 Δόξα
423 593 474 617 σοι,
489 584 575 620 Κύριέ
603 593 652 620 μου
674 585 760 620 Ἰησοῦ
777 586 841 620 Χρι-

72 631 120 662 crs,
134 631 170 657 ὅτι
186 630 263 663 ἀξίαν
277 639 310 666 με
324 631 454 666 ἐποίησας
469 629 538 665 μετὰ
551 630 604 656 τῶν
614 630 712 657 δούλων
736 630 782 657 καὶ
797 629 841 656 θε-

72 676 195 712 ραπαινῶν
223 685 269 703 σου
298 676 551 712 συναριθμιθῆναι·.
567 677 613 711 ('0
641 675 841 710 ἀσεϐέστατος)

76 722 201 758 Ῥώμυλος
216 722 290 757 λέγει
304 723 371 758 αὐτῇ
381 731 387 737 ·
410 722 510 749 Λοιπὸν
520 722 668 757 προνόησαι
684 722 731 757 τὴν
752 730 842 756 γενεα-

70 767 151 802 λογίαν
165 776 221 800 σου,
237 768 284 794 καὶ
292 767 502 803 προσκυνήσασα
508 769 563 798 τοῖς
576 767 645 799 θεοῖς
658 767 745 802 ἡμῶν,
757 767 841 793 θῦσον

69 813 159 844 αὐτοῖς,
174 813 218 839 καὶ
246 812 313 839 λάϐε
330 821 376 839 σου
396 812 480 848 ἄνδρα
505 812 575 839 κατὰ
593 812 641 848 τὴν
670 811 768 846 γενεάν
781 821 837 839 σου.

70 859 131 894 Πρὸς
139 859 166 885 ὃν
182 859 444 894 πεπαρρησιασμένη
467 859 484 893 ἡ
496 859 559 893 ἁγία
576 858 708 894 παρθένος
723 858 839 894 ἀναϐοή-

70 915 128 933 σασα
154 906 266 942 λαμπρᾷ
286 907 319 941 τῇ
335 906 408 941 φωνῇ
424 903 508 931 εἶπενο
530 904 600 938 Ἐγὼ
614 904 663 939 ἤδη
678 904 760 940 ἄνδρα
785 903 839 939 ἔχω

68 953 107 979 τὸν
133 953 294 988 δημιουργὸν
317 952 364 979 τοῦ
388 951 502 987 οὐρανοῦ
525 951 572 978 καὶ
597 951 645 986 τῆς
668 951 718 986 γῆς
737 951 839 986 Ἰησοῦν

70 998 172 1034 Χριστὸν
197 999 243 1025 τὸν
271 998 334 1024 Υἰὺν
348 998 394 1024 τοῦ
417 997 484 1024 Θεοῦ
511 996 557 1024 τοῦ
582 996 691 1029 ζῶντος,
711 996 794 1031 ὅνπερ
807 996 838 1022 σὺ

67 1045 161 1080 ἀγνοεῖς
175 1045 285 1078 εἰδέναι,
300 1044 367 1071 ἀλλὰ
395 1043 493 1080 μᾶλλον
504 1043 568 1074 τοὺς
590 1042 717 1078 δαίμονας
730 1042 840 1068 ἐπίστα-

69 1101 116 1125 σαι,
129 1093 223 1123 οἵτινες
237 1091 288 1126 τὴν
311 1090 424 1126 καρδίαν
448 1099 494 1117 σου
512 1090 595 1125 θυμὸν
610 1088 732 1123 λυσσώδη
760 1087 841 1123 ἐπλή-

895 265 958 300 quia
974 265 1000 292 in
1012 264 1091 292 dictis
1101 264 1158 292 suis
1173 263 1259 290 fuerat
1271 263 1370 296 victus,
1380 263 1460 297 jussit
1474 268 1504 290 ut
1516 263 1603 297 lapide
1618 272 1675 290 ma-

896 311 965 338 xillae
981 310 1040 345 ejus
1059 310 1226 337 caederentur
1240 309 1393 336 diutissime
1407 318 1412 335 :
1435 309 1569 336 clamabat
1583 315 1672 337 autem

894 357 972 384 beata
989 355 1062 382 Aura
1078 355 1186 382 dicens:
1203 354 1293 381 Gloria
1303 354 1362 387 tibi,
1381 353 1493 381 Domine
1507 353 1571 381 Jesu
1595 354 1675 381 Chri-

893 404 945 431 ste,
960 399 1023 434 quia
1035 399 1121 426 merui
1137 399 1207 426 inter
1219 405 1311 426 servos
1326 403 1386 425 tuos
1405 399 1600 433 cognominati.
1619 399 1674 427 Ro-

894 445 985 472 mulus
993 444 1074 472 dixit:
1089 444 1149 471 Jam
1163 445 1274 472 consule
1285 445 1459 480 generositati
1475 451 1537 478 tum,
1551 451 1577 473 et
1590 446 1673 474 adora

893 492 970 524 deos,
983 497 1010 518 et
1026 491 1158 524 sacriﬁca,
1171 495 1197 518 et
1212 491 1303 526 accipe
1325 491 1413 518 virum
1430 493 1578 520 secundum
1597 498 1674 519 nata-

892 538 932 565 les
943 542 1015 565 tuos.
1028 537 1077 564 Cui
1092 537 1251 565 tldueialiter
1261 538 1338 564 beata
1346 537 1417 563 Aura
1433 545 1497 565 voce
1507 539 1578 565 clara
1587 539 1672 566 dixit:

893 583 949 618 Ego
962 583 1051 610 virum
1081 583 1168 611 habeo
1198 583 1338 610 Dominum
1354 583 1414 610 εαξιί
1436 588 1463 609 et
1481 589 1558 611 terrae
1579 584 1670 611 Jesum

892 629 1041 660 Christum,
1055 636 1135 663 quem
1155 633 1183 656 lu
1197 629 1280 656 miser
1299 629 1401 665 negasti
1417 635 1443 656 te
1457 630 1535 661 scire,
1558 630 1604 657 sed
1625 638 1671 657 co-

892 675 1001 710 gnoscis
1016 674 1154 702 daemones
1165 675 1211 708 qui
1225 682 1273 702 cor
1289 679 1364 702 tuum
1378 675 1482 702 insania
1498 679 1524 701 et
1537 675 1610 702 rabie
1621 676 1672 702 im-

891 721 1041 755 pleverunt.
1056 721 1143 747 Iratus
1160 719 1292 748 Romulus
1306 721 1400 748 eadem
1425 721 1490 748 hora
1506 721 1590 755 jussit
1607 725 1670 748 ante

891 770 1064 801 conspectum
1094 774 1173 793 suum
1199 766 1345 800 plumbatis
1369 774 1427 794 eam
1451 767 1574 794 deﬁcere.
1605 766 1670 799 Qui:

892 821 953 840 cum
967 813 1013 840 diu
1026 812 1173 840 caederetur
1186 812 1271 847 magis
1290 812 1503 844 confortabatur,
1520 817 1546 840 et
1557 812 1628 839 dedit
1642 813 1669 839 in

856 849 877 876 Β
892 866 951 886 eam
972 858 1144 891 sententiam,
1170 858 1285 893 lapidem
1308 866 1434 894 magnum
1455 859 1623 893 ligarijussit
1636 861 1670 886 ad

892 903 990 931 collum
1006 904 1075 939 ejus,
1092 908 1119 931 et
1133 904 1302 939 praecipitari~
1311 904 1338 930 in
1361 912 1446 931 mare.
1474 904 1559 939 Cujus
1571 912 1670 939 corpus

892 954 1014 977 sanctum
1043 950 1163 984 pervenit
1181 949 1216 976 ad
1238 950 1322 978 littus.
1350 950 1450 978 Beatus
1468 959 1533 978 vero
1557 950 1670 978 Nonnus

892 995 1000 1031 collegit
1014 1003 1114 1030 corpus
1130 995 1189 1030 ejus
1206 1000 1234 1023 et
1258 996 1380 1030 sepelivit
1399 997 1425 1023 in
1449 996 1550 1030 praedio
1573 997 1669 1031 ipsius,

893 1042 939 1069 ubi
955 1041 1122 1069 habitaverat
1138 1041 1213 1069 foras
1227 1050 1320 1069 muros
1331 1047 1414 1076 porta:
1425 1042 1505 1069 Ostim
1518 1051 1590 1070 nono
1616 1043 1670 1070 Ka-

893 1088 986 1116 lendas
1001 1087 1177 1123 Septembris.

70 1145 154 1173 ρωσαν.
173 1137 244 1173 Αὺτῇ
265 1136 293 1163 δὲ
318 1138 352 1172 τῇ
367 1136 425 1172 ὥρᾳ
436 1135 571 1172 ὀργίσθεὶς
593 1133 806 1170 ὀ(παράνομος)
827 1133 962 1169 Ῥώμυλος
986 1134 1126 1161 ἐκέλευσεν
1147 1136 1204 1166 τοῖς
1231 1135 1380 1170 ὑπηρέταις
1406 1135 1487 1162 αὑτοῦ
1514 1137 1573 1167 ταῖς
1597 1136 1671 1171 μολι-

68 1184 156 1216 ὃδίναις
169 1184 298 1220 σφαίραις
313 1184 459 1211 τύπτεσθαι
473 1184 566 1219 αὑτήν.
584 1184 661 1215 Ἦτις
682 1181 914 1217 πολυτυπτηθεῖσα
938 1182 1035 1217 μᾶλλον
1058 1183 1259 1218 ἐνεδυναμοῦτο.
1283 1183 1421 1210 Ἐκέλευσε
1441 1183 1469 1210 δὲ
1499 1184 1578 1211 πάλιν
1599 1183 1670 1210 λίθον

69 1232 143 1267 μέγαν
156 1232 336 1268 δεσμευθῆναι
360 1232 429 1259 κατὰ
452 1231 497 1258 τοῦ
512 1231 644 1268 τραχήλου
658 1232 751 1266 αὐτῆς,
771 1230 817 1257 καὶ
829 1230 914 1262 οὕτως
933 1231 1117 1267 κρεμασθῆναι
1132 1233 1159 1258 ὲν
1178 1233 1210 1267 τῇ
1233 1232 1362 1268 θαλάσσῃ.
1391 1229 1517 1264 Ἦστινος
1544 1232 1574 1259 τὸ
1594 1233 1670 1266 ἅγιον

67 1277 134 1312 σῶμα
147 1277 291 1312 περιῆλθεν
305 1277 357 1309 ἕως
371 1277 418 1304 τοῦ
434 1277 568 1312 αἰγιαλοῦ,
593 1279 660 1314 ὅπερ
673 1279 687 1304 ὁ
704 1277 907 1313 μακαριώτατος
932 1277 1015 1309 Νόνος
1031 1279 1046 1304 ὁ
1067 1278 1113 1304 καὶ
1142 1278 1349 1313 μετονομασθεὶς
1384 1279 1537 1310 Ἱππόλυτος
1553 1281 1669 1315 συνήγα-

67 1332 115 1357 γεν,
130 1324 174 1350 καὶ
187 1324 269 1350 τοῦτο
282 1324 431 1359 κατέθαψεν
445 1325 473 1351 ὲν
488 1324 526 1359 τῷ
543 1324 599 1360 ἰδίῳ
620 1325 703 1359 αὐτῆς
732 1325 833 1361 χωρίῳ,
860 1324 922 1351 ἔνθα
944 1325 989 1352 καὶ
1021 1324 1148 1360 κατῴκει,
1169 1325 1220 1358 ἔξω
1246 1326 1299 1353 τῶν
1322 1326 1431 1362 τειχέων
1459 1327 1507 1362 τῆς
1528 1328 1669 1363 Ὀστησίας

67 1371 166 1403 πόλεως,
187 1373 219 1407 τῇ
237 1371 293 1404 πρὸ
308 1372 383 1398 ἐννέα
399 1372 453 1408 (40)
470 1372 614 1399 Καλανδῶν
632 1373 833 1408 Σετπεμϐρίων.

95 1417 127 1443 Δ’.
145 1417 208 1443 Τότε
232 1415 282 1444 οὖν
301 1419 315 1444 ὁ
340 1418 528 1454 (παράνομος)
545 1419 666 1454 βικάριος
687 1419 837 1455 ἐκράτησεν

926 1417 972 1444 IV.
983 1416 1053 1444 Tum
1071 1417 1202 1445 Romulus
1214 1418 1301 1445 tenuit
1326 1416 1502 1445 Sabinianum
1524 1420 1666 1454 quemdam

68 1460 207 1488 Σαόινιανόν
217 1470 281 1488 τινα
294 1463 458 1498 ἐπιμελητὴν
478 1463 525 1490 τοῦ
549 1464 631 1491 τόπου
655 1465 757 1491 ἐκείνου
768 1473 775 1480 ·
791 1465 837 1492 καὶ

921 1462 1036 1490 τίεοιοιῐι
1048 1462 1100 1490 1οοὶ
1115 1463 1198 1495 illius,
1213 1468 1240 1490 et
1252 1464 1333 1498 cmpit
1343 1464 1376 1491 ab
1398 1472 1430 1492 eo
1446 1472 1568 1499 qumrere
1582 1464 1668 1492 facul—

68 1505 154 1541 ἤρξατο
163 1507 227 1543 παρ’
242 1508 326 1534 αὑτοῦ
340 1508 476 1544 ἐπιζητεῖν
485 1509 533 1541 τὰς
543 1509 673 1546 ὑπάρξεις
686 1511 735 1545 τῆς
750 1519 837 1545 μακα-

921 1513 959 1535 tes
973 1508 1061 1535 beatas
1073 1508 1154 1536 Auraa
1166 1509 1277 1536 dicens:
1291 1510 1427 1545 Sacrilega
1441 1510 1524 1542 Aura,
1537 1518 1597 1545 quae
1608 1519 1668 1538 ma-

69 1551 119 1584 ρίας
127 1552 233 1588 Χρυσῆς
244 1553 331 1587 λέγων
341 1562 348 1568 ·
370 1554 402 1580 Ἡ
415 1554 551 1590 ἱερόσυλος
564 1556 586 1581 Χ
591 1556 668 1590 ρυσῆ,
683 1556 742 1590 ἥτις
752 1555 839 1588 ἐξελέ-

68 1595 120 1626 ξατο
132 1596 173 1623 διὰ
186 1597 234 1632 τῆς
250 1598 371 1633 μαγικῆς
383 1598 467 1633 αὐτῆς
481 1598 577 1634 τέχνης
592 1599 690 1633 μᾶλλον
702 1599 747 1625 τὸν
757 1599 837 1626 θάνα-

67 1649 105 1667 τον
116 1642 184 1678 ἢπερ
204 1642 255 1678 τὴν
271 1642 354 1677 ζωὴν,
372 1643 455 1670 πολὺν
479 1643 609 1679 ἐκέκτητο
632 1643 753 1670 πλοῦτον.
769 1644 837 1675 Τοὺς

67 1683 106 1712 οὖν
120 1686 272 1723 θησαυροὺς
299 1688 383 1723 αὐτῆς
412 1689 458 1715 καὶ
484 1689 518 1715 τὰ
545 1682 646 1724 κόσμια
673 1688 837 1716 κατενώπιον

67 1731 133 1764 ἡμῶν
148 1732 246 1768 φέρων,
263 1731 342 1758 θῦσον
357 1733 403 1759 καὶ
416 1733 472 1764 τοῖς
487 1732 566 1764 θεοῖς,
583 1734 630 1760 καὶ
640 1731 700 1768 ζῆθι
718 1733 838 1767 ὑποκύπ-

67 1783 112 1802 των
124 1777 234 1810 καὶτοῖς
249 1778 441 1812 προστάγμασι
456 1778 509 1805 τῶν
525 1779 739 1815 αὐτοκρατόρων.
755 1780 836 1806 Σαῦι-

66 1823 144 1854 νιανὺς
157 1822 245 1850 εἶπεν·
270 1823 340 1857 Ἐγὼ
355 1824 468 1850 πάντοτε
479 1825 726 1861 ταπεινοφροσύνην
749 1825 836 1852 ἐδιδά-

66 1867 123 1903 χθην
139 1870 212 1906 παρὰ
233 1870 286 1905 τῆς
312 1870 391 1904 ἁγίας
409 1870 542 1906 παρθένου
562 1871 682 1907 Χρυσῆς,
706 1871 767 1906 ἥτις
790 1872 836 1898 καὶ

65 1913 170 1946 ἐδίδαξέν
186 1924 219 1950 με
234 1915 430 1950 καθομολογεῖν
444 1916 490 1942 ἕνα
500 1917 576 1948 Θεὸν,
591 1917 637 1942 τὸν
651 1917 751 1952 Κύριον
760 1918 836 1953 ἡμῶν

70 1958 160 1993 Ἰησοῦν
171 1960 299 1996 Χριστὸν,
315 1960 359 1986 τὸν
370 1960 531 1996 γεννηθέντα
545 1962 577 1987 ὲκ
590 1961 744 1996 Πνεύματος
757 1962 835 1995 ἁγίου

65 2004 104 2030 καὶ
116 2005 218 2041 Μαρίας
239 2006 291 2041 τῆς
317 2005 464 2041 Παρθένου.
486 2006 561 2032 Ἐπεὶ
576 2007 675 2042 χρυσὸς
701 2008 766 2042 ἡμῖν
789 2007 836 2034 καὶ

64 2052 168 2088 ἄργυρος
183 2054 200 2089 ἢ
218 2053 387 2089 μαργαρῖται
401 2055 450 2089 οὐχ
471 2055 647 2090 ὑπάρχουσιν.
677 2055 705 2081 ’0
720 2054 748 2081 δὲ
763 2054 836 2089 (δυσ-

65 2098 225 2135 σεϐέστατος)
247 2099 386 2135 Ῥώμυλος
399 2100 450 2136 ἔφη
466 2099 553 2135 αὐτῷ·
569 2099 707 2136 Σύνδραμε
730 2100 835 2136 σεαυτῷ

62 2203 109 2222 me
131 2197 168 2231 ﬁl.
198 2197 388 2226 Ρναιιεαῖιαιὶ..
399 2217 408 2225 .
430 2198 513 2233 jussit
534 2198 654 2233 familia.
667 2219 673 2225 .
685 2218 693 2226 .
727 2207 834 2233 parvam

63 2239 113 2269 quae
126 2240 182 2258 eum
195 2234 329 2260 tuebatur.
348 2233 382 2260 Et
399 2242 554 2268 agnoscens.
568 2254 575 2260 .
586 2235 640 2269 .7ab
653 2234 690 2260 eis
716 2235 754 2269 ita
770 2242 834 2266 esse,

64 2269 204 2303 Imperatori
225 2269 354 2303 suggessit
368 2269 399 2295 de
417 2277 447 2295 ea
465 2270 572 2295 dicens:
589 2268 689 2295 Filiam
717 2268 836 2295 Praetex-

64 2302 104 2338 ριρί
113 2302 283 2338 nobilissimi
292 2304 342 2330 viri
355 2312 369 2330 (ι
398 2303 557 2330 Christianis
581 2304 620 2330 ita
640 2304 773 2337 deceptam
788 2312 835 2338 pro

63 2334 151 2373 Christi
161 2339 266 2364 nomine
277 2359 283 2366 .
295 2357 320 2365 ..
342 2338 417 2364 vellet
433 2339 555 2373 interﬁci.
583 2338 630 2365 His
654 2334 754 2365 auditis
770 2334 835 2365 Dio-

63 2370 177 2408 clilianus
194 2373 270 2407 (sic)
286 2373 362 2405 iussit
374 2381 430 2400 eam
454 2370 592 2408 diligenter
605 2374 742 2400 custodiri.
760 2373 835 2400 Dice-

64 2404 100 2449 bat
113 2404 227 2447 eni_m.L.
245 2404 371 2449 adﬂat-tres
392 2416 454 2449 suas
470 2409 496 2434 in
505 2404 549 2448 ἶ...
570 2409 639 2449 quod
661 2409 774 2449 immane
787 2417 836 2449 pa-

64 2442 205 2479 trimonium
217 2443 386 2479 vendidisset.
406 2443 497 2470 Altera
512 2442 601 2478 itaque
612 2443 653 2470 die
664 2443 767 2470 Probus
779 2442 836 2477 jus-

63 2477 91 2513 ιλιι
105 2477 195 2513 eam‘in
207 2478 378 2504 secretarium
391 2479 505 2504 adduci:
519 2477 603 2510 Quam
614 2499 620 2505 .
632 2498 639 2504 .
651 2499 657 2505 .
671 2479 834 2513 interrogans

62 2508 88 2534 de
101 2511 199 2548 vendito
227 2513 387 2545 patrimonio
398 2533 405 2540 .
417 2534 423 2540 .
435 2532 441 2538 .
458 2508 571 2548 pretium
592 2514 760 2548 prodegisset.
771 2508 832 2540 "Re-

63 2545 160 2583 spondet
183 2547 328 2576 Anastasio
347 2547 434 2574 dicens
446 2545 462 2574 ς’
474 2548 530 2583 Ego
558 2545 693 2574 si‘adhu'c
715 2549 835 2575 haberem

63 2580 121 2610 quod
136 2586 315 2617 ggpenderem,
331 2590 381 2608 non
393 2591 431 2609 me
446 2580 657 2617 persequentibus
673 2584 835 2610 demonstra-

63 2620 119 2652 rent.
140 2614 234 2642 Verum
249 2617 311 2652 quia
325 2614 570 2652 universa'expeitsu
583 2637 589 2644 .
599 2638 606 2644 .
618 2638 624 2644 .
640 2626 730 2644 secura
740 2618 834 2652 festino

63 2648 91 2688 ad
106 2655 228 2688 mortem.
254 2648 330 2678 Nihil
354 2653 422 2678 enim
439 2648 502 2680 licet
528 2652 633 2679 diabolo
652 2653 683 2679 de
701 2648 835 2688 facultati—

64 2682 103 2722 bus
121 2686 247 2722 meis‘perr
269 2695 329 2714 suos
341 2706 348 2713 .
359 2707 367 2714 .
380 2708 386 2714 .
414 2695 543 2722 usurpare
558 2687 670 2714 cultores
682 2707 688 2713 .
701 2682 707 2714 ξ
720 2707 727 2714 .
744 2688 834 2722 cogni-

63 2719 148 2757 tionem
171 2719 333 2757 [tioclitiano
360 2719 497 2757 suggessit.
515 2722 585 2749 Tunc
606 2722 639 2749 ad
667 2719 833 2749 Anastasiam

66 2751 155 2780 Probus
167 2755 233 2781 dixit
244 2763 252 2781 :
269 2756 333 2783 Deos
345 2751 458 2792 deasque
469 2759 477 2789 (
487 2758 541 2791 sic)
554 2757 639 2784 cultor
649 2763 705 2783 erat
717 2757 835 2784 Praetex-

63 2792 126 2814 tatus
138 2794 211 2826 pater
231 2795 301 2822 tuus,
311 2793 421 2826 etripsos
436 2792 519 2819 colere
528 2793 636 2824 debetis,
656 2797 679 2819 et
691 2801 741 2819 non
759 2793 835 2820 Chri-

65 2827 125 2848 stum
139 2825 225 2852 nescio
243 2834 316 2860 quem
333 2825 466 2860 Judwum,
479 2828 523 2862 qui
538 2836 553 2854 a
568 2828 622 2855 suis
642 2828 742 2854 occisus
760 2833 830 2855 est...

888 1554 930 1589 gis
947 1553 1027 1589 elegit
1038 1561 1086 1588 per
1111 1555 1230 1590 magicas
1246 1560 1317 1583 artes
1336 1556 1402 1582 mori
1417 1563 1497 1590 quam
1506 1556 1560 1582 vita
1576 1555 1668 1583 nobis~

887 1606 949 1627 cum
963 1599 1027 1632 frui,
1044 1603 1096 1627 tuae
1112 1601 1237 1628 amicitiae
1251 1601 1582 1636 semperl'uitcommunis.
1597 1601 1668 1629 The-

888 1655 999 1674 saurum
1015 1647 1074 1681 ejus
1085 1646 1126 1674 vel
1142 1652 1301 1674 ornamenta
1328 1652 1391 1674 ante
1419 1653 1593 1682 conspectum
1616 1657 1666 1675 no-

887 1696 973 1719 strum
984 1692 1122 1719 declarare
1136 1691 1244 1725 festina,
1261 1698 1288 1720 et
1302 1694 1422 1720 sacrilica
1434 1693 1496 1726 diis,
1513 1697 1539 1720 et
1560 1695 1630 1726 vive.
1641 1699 1667 1721 et

886 1737 1030 1764 humiliare
1048 1737 1195 1764 secundum
1217 1738 1293 1772 jussa
1314 1738 1478 1773 principum.
1504 1738 1667 1766 Sabinianus

886 1783 974 1810 dixit:
1001 1783 1058 1817 Ego
1078 1791 1141 1811 vero
1167 1791 1273 1819 semper
1297 1785 1474 1812 humilitatem
1494 1785 1589 1812 doctus
1606 1793 1666 1812 sunt

886 1836 901 1855 a
924 1832 1017 1855 saneta
1028 1828 1103 1855 Aura
1114 1836 1175 1863 quae
1199 1836 1243 1856 me
1263 1829 1355 1856 docuit
1378 1831 1500 1858 conﬁteri
1521 1830 1666 1858 Dominum

886 1881 976 1901 meum
990 1872 1083 1900 Jesum
1109 1873 1258 1906 Christum,
1285 1875 1332 1910 qui
1347 1879 1428 1902 natus
1452 1879 1494 1902 est
1508 1875 1541 1902 de
1564 1876 1665 1910 Spiritu

885 1924 981 1948 sancto
995 1928 1028 1947 ex
1041 1919 1124 1946 Maria
1136 1919 1256 1954 Virgine.
1273 1919 1340 1947 Nam
1356 1928 1452 1947 aurum
1466 1925 1512 1948 aut
1525 1926 1666 1956 argentum

885 1967 928 1993 vel
940 1967 1101 2001 margaritas
1114 1973 1168 1993 non
1180 1974 1222 1993 me
1236 1966 1335 1994 habere
1347 1967 1428 1998 scias,
1445 1967 1498 1994 nisi
1521 1967 1664 1994 Dominum

885 2012 977 2040 Jesum
993 2004 1142 2039 Christum.
1159 2011 1291 2039 Romulus
1307 2012 1390 2040 dixit:
1405 2012 1539 2040 Succurre
1559 2013 1617 2045 tibi,
1639 2018 1667 2040 et

885 2058 1006 2086 occultos
1014 2058 1156 2086 thesauros
1167 2058 1318 2093 principum
1328 2058 1418 2092 redde,
1429 2064 1456 2086 et
1467 2059 1589 2087 sacriﬁca
1602 2059 1665 2090 diis,

884 2107 912 2130 et
927 2103 1022 2131 recede
1037 2103 1072 2130 ab
1095 2103 1199 2130 insania
1228 2102 1306 2130 falsa.
1333 2102 1496 2131 Sabinianus
1509 2104 1593 2131 dixit:
1609 2104 1666 2138 Ego

887 2202 1008 2229 adorare.
1034 2201 1183 2229 Anastasia’
1193 2202 1278 2229 dixit:
1302 2201 1356 2237 Ego
1372 2203 1431 2228 deos
1447 2201 1557 2237 deasque
1580 2203 1664 2235 patris

885 2238 935 2263 mei
949 2245 1048 2271 semper
1057 2238 1136 2269 colui,
1154 2242 1178 2264 et
1194 2238 1245 2264 nisi
1253 2246 1295 2264 eos
1305 2236 1366 2264 bene
1378 2237 1525 2267 coluisscm.
1542 2236 1618 2262 hodie
1630 2237 1664 2262 ad

886 2271 1076 2307 confessionem
1085 2273 1169 2298 sancti
1181 2273 1293 2298 nominis
1306 2272 1405 2298 Christi
1413 2279 1464 2298 non
1477 2271 1585 2307 exirem.
1601 2271 1666 2307 [ξι-ο-

886 2305 940 2333 ίηιέ
952 2307 1040 2333 dixit:
1055 2305 1089 2332 Et
1105 2308 1128 2333 si
1142 2307 1247 2333 coluisti
1257 2315 1310 2339 eos,
1328 2315 1407 2342 quare
1417 2306 1555 2342 deseruisti
1579 2306 1665 2342 cultu-

885 2349 943 2367 ram
956 2343 1052 2368 tuam.’
1067 2342 1210 2368 Anastasio
1233 2341 1320 2367 dixit:
1346 2341 1404 2367 Non
1421 2341 1532 2372 deserui,
1551 2348 1595 2366 nec
1621 2341 1665 2366 de-

885 2384 952 2403 sero.
970 2376 1070 2403 Probus
1084 2377 1152 2403 dixit
1165 2384 1173 2402 :
1198 2375 1269 2410 Ergo
1291 2377 1358 2402 coles
1381 2377 1442 2402 deos
1455 2376 1567 2410 deasque
1581 2381 1663 2410 patris

886 2411 923 2437 tui
936 2412 948 2437 7
962 2412 1103 2438 Anastasio
1117 2411 1202 2437 dixit:
1216 2410 1248 2437 In
1262 2415 1364 2437 tantum
1373 2411 1428 2437 colo
1438 2419 1490 2443 eos,
1506 2415 1534 2436 ut
1547 2411 1579 2436 ab
1591 2411 1662 2436 omni

884 2454 927 2472 eos
943 2446 1042 2481 injuria
1059 2445 1205 2472 liberarent.
1220 2445 1333 2480 Denique
1357 2446 1420 2471 dum
1436 2453 1539 2472 arancw
1556 2454 1599 2472 eos
1620 2446 1663 2471 in-

886 2486 1010 2512 texerant,
1025 2487 1049 2506 et
1063 2489 1120 2507 aves
1134 2485 1319 2511 stercorarent,
1340 2489 1385 2514 ego
1399 2489 1441 2507 eos
1457 2481 1575 2512 liberavi,
1587 2485 1663 2514 atque

885 2517 1000 2550 con/“laus
1029 2523 1071 2542 eos
1094 2515 1122 2541 in
1145 2516 1282 2549 pecuniam
1306 2516 1429 2542 converti.
1456 2514 1558 2541 Probus
1574 2515 1661 2541 dixit:

886 2549 943 2577 Hoc
957 2551 1124 2585 sacrilegium
1142 2558 1187 2576 nec
1199 2558 1274 2576 aures
1290 2558 1354 2577 mea:
1365 2552 1456 2576 audire
1469 2554 1575 2584 queunt.
1591 2549 1662 2576 Tunc

885 2587 973 2612 ridens
987 2586 1061 2611 beata
1076 2585 1219 2611 Anastasio
1240 2585 1322 2611 dixit:
1346 2585 1428 2611 Miror
1444 2585 1612 2619 prudentiam
1624 2591 1663 2612 vc-

885 2626 978 2651 stram,
997 2628 1027 2646 ac
1041 2621 1063 2646 si
1074 2620 1242 2654 sacrilegium
1255 2621 1328 2646 times
1340 2620 1438 2654 lapides
1455 2622 1584 2654 [raugere,
1603 2629 1663 2647 stu:—

885 2656 1001 2686 ccudere,
1015 2661 1156 2681 ter-amenta
1170 2655 1303 2689 con/lare;
1326 2661 1393 2681 certe
1412 2655 1435 2680 si
1458 2660 1535 2689 putas
1547 2655 1662 2690 aliquam

885 2690 1048 2717 divinitatem
1061 2689 1142 2716 latere
1154 2690 1181 2716 in
1189 2690 1338 2717 simulacris
1352 2689 1512 2721 ranissintis,
1525 2690 1585 2716 date
1599 2691 1662 2716 mihi

885 2726 986 2759 copiam
999 2725 1140 2757 avertendi,
1151 2730 1174 2751 et
1188 2734 1231 2751 eos
1239 2730 1351 2752 evertens
1360 2726 1448 2759 patiar
1459 2724 1490 2751 ab
1501 2725 1536 2751 eis
1550 2725 1660 2759 aliquid.

884 2760 986 2787 Caetera
1001 2759 1108 2785 desunt.

921 2794 979 2829 (40)
994 2793 1145 2829 Legendum
1158 2795 1347 2822 ἐννεακαίδεκα
1356 2795 1511 2829 Καλανδῶν,
1530 2803 1575 2823 xix
1591 2794 1665 2828 Kal...

886 2834 916 2857 ut
932 2830 957 2857 in
975 2829 1132 2856 l‘raeiatione
1148 2830 1312 2857 monuimus.
