1860 3051
162 99 165 102 ’
179 111 230 139 567

752 109 781 137 S.
805 108 983 137 HlPPOLYTl
1002 108 1091 137 ACTA
1108 108 1244 138 GRIECA.

1743 111 1800 138 5:58

178 170 288 206 quidem
301 176 406 196 mereor
416 168 481 196 caedi
494 175 543 203 pro
558 167 677 203 peccatis
703 168 783 201 meis,
799 169 846 196 sed
861 169 962 205 gratias

1047 169 1059 195 1
1073 169 1133 200 τοὺς
1147 169 1321 204 ἀποκρύφους
1335 168 1488 204 θησαυροὺς
1501 169 1556 200 τοῖς
1582 168 1800 204 αὐτοκράτορσιν

179 223 230 251 ago
245 214 359 241 Domino
373 221 433 241 meo
446 212 510 240 Jesu
525 213 633 241 Christo
647 217 673 240 et
686 213 766 240 credo
779 222 822 240 me
832 214 957 242 idoneum

177 269 239 290 eSse
254 261 288 288 ad
308 260 522 295 cognoscendam
549 259 608 294 ejus
625 260 851 292 misericordiam,
877 261 958 288 etiam

178 307 225 342 qui
237 307 302 334 mihi
318 307 443 341 dignatus
455 310 496 332 est
507 313 584 333 suam
595 305 708 340 gratiam
719 305 746 332 in
758 304 899 341 Baptismo
914 306 960 333 do-

179 361 253 380 nare.
269 351 335 379 Nam
349 352 399 379 hoc
412 351 482 379 scias
504 359 600 378 aurum
616 351 762 388 temporale
788 359 831 378 me
844 359 896 379 non
909 352 958 379 ha-

179 396 250 425 bere.
265 403 296 422 ac
316 395 457 422 daemoniis
471 395 592 422 cervices
606 402 680 422 meas
702 403 755 422 non
776 395 899 429 ﬂectere;
915 396 958 424 fac

178 441 249 476 quod
268 441 319 467 vis.
337 441 424 468 Iratus
448 439 582 468 Romulus
596 440 679 475 jussit
695 444 723 468 ut
741 448 802 468 cum
815 441 960 476 plumbatis

177 488 296 514 cervices
309 487 368 522 ejus
383 487 560 514 tunderentur
573 488 624 514 sub
637 495 704 514 voce
724 487 874 522 praeconia:
891 487 960 515 Deos

177 536 204 558 et
218 531 283 559 dcas
298 532 449 566 principum
464 533 652 567 blasphemare
664 532 731 559 noli.

1012 216 1120 248 ἀπόδος,
1135 216 1182 242 καὶ
1198 215 1278 242 θῦσον
1287 217 1342 247 τοῖς
1351 215 1430 247 θεοῖς.
1443 215 1597 247 Σαϐινιανὸς
1612 214 1688 242 εἶπεν
1697 224 1704 231 ·
1725 215 1801 249 Ἐγὼ

1013 262 1062 297 μὲν
1080 262 1130 288 οὐκ
1143 262 1200 296 εἰμὶ
1215 261 1287 294 ἄξιος
1305 261 1348 288 ἵνα
1363 261 1432 296 ὑπὲρ
1445 261 1499 287 τῶν
1513 261 1587 296 ἐμῶν
1614 261 1756 297 ἁμαρτιῶν
1771 259 1800 287 τί

1012 316 1076 334 ποτε
1091 306 1276 342 ἐπιτεύξομαι,
1291 306 1347 333 ἀλλ’
1358 306 1418 332 ὅσον
1433 306 1448 332 ό
1471 306 1570 342 Κύριός
1586 315 1635 341 μου
1660 306 1709 332 καὶ
1731 306 1802 338 Θεὸς

1008 352 1152 384 ἐπινεύσας
1174 351 1335 388 χαρίσασθαι
1357 351 1559 383 καταξιώσειεν-
1584 351 1655 378 οὕτω
1666 352 1798 379 πιστεύω.

1017 398 1080 425 Ἐπὶ
1107 398 1185 424 τοῦτο
1200 398 1316 432 γίνωσκε
1343 398 1440 433 χρυσὸν
1463 398 1592 434 ἐπίκηρον
1607 398 1643 433 μὴ
1663 398 1734 433 ἔχειν
1751 399 1799 433 μὲ,

1015 443 1082 478 μηδὲ
1099 442 1196 478 βουλὴν
1210 443 1240 469 τὸ
1261 443 1324 476 γόνυ
1347 442 1451 478 κάμψαι
1468 444 1523 475 τοῖς
1548 442 1677 474 εἰδώλοις.
1705 443 1800 470 Ταῦτα.

1013 489 1060 515 καὶ
1073 489 1108 515 τὰ
1121 488 1225 520 τούτοις
1238 489 1317 524 ὅμοια
1327 488 1449 523 λέγοντος
1463 488 1509 515 τοῦ
1524 488 1658 524 μακαρίου
1673 489 1800 516 Σαϐινια-

1012 534 1068 566 νοῦ,
1083 535 1097 561 ὁ
1113 535 1301 570 (παράνομος)
1322 532 1457 570 Ῥώμυλος
1468 534 1608 561 ἐκέλευσεν
1622 536 1680 566 τοῖς
1693 535 1798 570 ὑπηρέυ

178 588 239 610 ταις
252 579 334 606 αὐτοῦ
349 581 423 611 ὅπως
452 579 521 615 μετὰ
535 579 589 606 τῶν
606 580 764 615 μολιϐδίνων
781 580 903 619 σφαιρῶν
917 581 963 608 τὸν
979 582 1080 617 αὐχένα
1095 581 1177 608 αὐτοῦ
1195 581 1370 608 συνθλάσωσι.

216 626 246 654 ν.
260 626 361 654 Eodem
388 626 432 654 die
446 627 560 655 audiens
575 628 626 655 hoc
637 628 732 655 beatus
747 628 907 664 Hippolytus
917 637 960 657 se-

1047 630 1081 656 E’.
1093 629 1176 656 Τοῦτο
1189 629 1217 656 δὲ
1231 629 1348 661 ἀκούσας
1363 630 1377 655 ὁ
1394 628 1597 665 μακαριώτατος
1612 629 1770 660 Ἱππόλυτος
1784 629 1799 654 ὁ

178 679 230 699 ncx
243 672 342 699 obtulit
357 680 385 700 se
397 673 425 699 in
439 678 614 707 conspectum
629 673 749 706 Romuli,
766 675 809 702 cui
834 675 870 702 ita
894 682 960 702 voce

1047 674 1194 711 ιεσόὐτερος
1207 675 1274 710 (41),
1289 674 1371 701 ἐλθὼν
1387 674 1450 710 ἔστη
1466 674 1579 701 ἐνώπιον
1593 674 1639 701 τοῦ
1647 674 1799 710 Ῥωμύλου,

179 720 253 746 clara
269 719 352 746 dixit:
368 719 390 745 0
405 719 497 752 miser,
512 720 535 746 si
551 720 648 753 scires,
664 728 719 747 non
735 720 901 748 cruciatibus
911 721 960 747 da-

1048 721 1059 746 l.
1083 720 1196 756 λαμπρᾷ
1221 722 1254 756 τῇ
1271 722 1345 756 φωνῇ
1371 719 1460 748 εἶπεν·
1476 719 1511 747 ’Ὦ
1524 721 1608 752 ἄθλιε,
1626 721 1651 746 εἰ
1663 721 1723 756 ἴδῃς
1735 721 1802 757 Χρι-

179 773 224 792 res
237 765 354 792 cervices
369 771 535 799 sanctorum,
553 766 597 793 sed
613 772 638 793 te
654 767 741 801 ipsum
755 767 921 800 ltumiliares,
935 773 962 794 et

1047 767 1074 793 δν
1088 768 1133 794 τὸν
1147 767 1194 794 τοῦ
1216 767 1282 794 Θεοῦ
1304 768 1376 798 Υίὸν,
1399 769 1449 795 οὐκ
1471 768 1505 795 ἂν
1527 768 1612 800 οὕτως
1634 767 1802 799 ἑϐασὰνισας

180 811 305 839 crederes
327 811 392 842 Deo,
408 815 435 838 et
459 811 573 839 Domino
593 811 656 839 Jesu
681 812 800 846 Christo,
827 819 853 840 et
876 814 962 841 servis

1047 814 1076 844 ὺς
1090 813 1205 848 αὐχένας
1218 813 1273 840 τῶν
1286 815 1367 841 ὁσίων
1390 814 1482 845 αὐτοῦ,
1510 815 1583 845 ὅπως
1610 813 1801 840 ταπεινωθῶσι

181 856 251 890 ejus,
263 861 290 882 ct
306 863 358 882 non
372 856 508 890 lapidibus
523 857 601 884 vanis
618 861 645 884 et
656 857 782 884 metallis.
799 858 884 885 Iratus
906 857 963 884 Ro-

1047 861 1069 891 ῖς
1087 861 1209 895 ματαίοις
1227 861 1303 896 ὑμῶν
1332 861 1464 893 εἰδώλοις·
1492 861 1558 888 ἀλλὰ
1574 861 1674 896 μᾶλλον
1702 860 1801 887 σαυτὸν

181 901 272 928 mulus
287 902 424 936 praecepit,
442 906 471 929 ut
482 902 596 937 pedibus
608 907 634 930 et
649 903 774 931 manibus
784 903 874 938 ligatis
885 904 911 931 in
924 904 964 931 fo-

1047 906 1199 939 απείνωσας
1213 907 1252 942 τῷ
1266 907 1362 944 κτίστῃ
1386 908 1434 934 κα).
1456 907 1614 942 δημιουργῷ
1627 906 1682 933 τῶν
1716 907 1803 933 ἁπάν-

181 955 258 974 veant
280 947 356 975 vivus
388 953 564 983 mergeretur.
587 948 684 976 Beatus
712 956 777 976 vero
803 949 963 985 Hippolytus

1047 959 1068 977 IV
1083 951 1129 977 καὶ
1143 953 1199 983 τοῖς
1209 952 1291 978 αὐτοῦ
1304 952 1416 984 δούλοις,
1432 952 1478 979 καὶ
1492 953 1552 988 οὐχὶ
1565 952 1649 983 λίθοις
1665 952 1801 987 ματαίοις.

181 993 246 1020 dum
263 999 369 1020 mersus
385 992 482 1021 fuisset
498 994 524 1020 in
553 994 657 1022 foveam
681 999 744 1023 ante
762 1003 856 1023 muros
867 995 964 1023 Portus

1047 997 1062 1023 Li
1077 997 1188 1032 κώφοις,
1204 998 1250 1024 καὶ
1265 998 1378 1034 ἀψύχοις
1398 998 1547 1033 ὐπέκυψας.
1562 998 1654 1024 Ταῦτα
1683 997 1802 1028 ἀκούσας

183 1038 373 1073 Romani,vox
396 1040 487 1068 audita
512 1046 551 1069 cst
567 1050 614 1076 per
631 1043 748 1077 spatium
776 1043 850 1070 horae
874 1042 956 1070 unius

1052 1043 1266 1077 (ἀσεὸέστατος)
1288 1044 1426 1079 Ῥώμυλος
1459 1043 1586 1080 ἐθυμώθη
1615 1044 1728 1078 σφόδρα.
1756 1044 1803 1070 καὶ

181 1086 267 1122 quasi
277 1085 419 1113 infantium
441 1087 631 1114 clamantium:
654 1088 709 1115 Deo
735 1089 846 1124 gratias.
861 1087 964 1115 Romu-

1047 1087 1168 1120 κσέταξε
1181 1089 1245 1120 τοὺς
1268 1089 1350 1120 πόδας
1375 1088 1456 1116 αὐτοῦ
1477 1089 1524 1115 καὶ
1550 1088 1599 1120 τὰς
1621 1090 1716 1124 χεῖρας
1733 1088 1804 1115 δεδε-

182 1131 226 1159 lus
242 1132 327 1159 dixit:
348 1132 404 1160 Hoc
420 1133 525 1160 insania
541 1134 652 1169 magicae
664 1135 730 1162 artis
744 1142 805 1162 esse
818 1142 963 1170 cognosco.

1047 1133 1097 1160 ἕνον
1111 1135 1151 1166 εἰς
1165 1134 1274 1170 βόθυνον
1291 1135 1572 1170 κατακρημνισθῆναι.
1587 1134 1640 1161 Τοῦ
1654 1132 1700 1160 οὖν
1714 1143 1804 1169 μακα-

184 1179 242 1214 ρίου
263 1179 417 1206 Ἱππολύτου
433 1180 604 1215 βυθιζομένου
619 1183 648 1208 ὲν
662 1182 700 1217 τῷ
714 1183 797 1218 τείχει
811 1183 868 1217 (42)
883 1183 921 1214 εις
935 1181 980 1208 τὸν
997 1181 1105 1216 βόθυνον
1127 1182 1235 1219 πόρτον,
1266 1183 1312 1209 τὸν
1341 1183 1570 1218 ἀναγορευόμενον
1592 1182 1706 1217 Πορτον,
1727 1183 1805 1216 ἄφνω

183 1225 259 1261 φωνὴ
274 1225 393 1261 ἠκούσθη
420 1227 487 1253 ὡσεὶ
509 1227 691 1264 διαστήματος
713 1228 786 1264 ὥρας
812 1229 876 1264 μιᾶς
905 1227 1029 1261 καθάπερ
1058 1227 1161 1263 νηπίων
1184 1228 1315 1263 λεγόντων
1342 1228 1515 1264 εὐχαριστίας
1534 1228 1573 1263 τῷ
1598 1228 1668 1263 Θεῷ.
1700 1227 1747 1255 καὶ
1775 1226 1806 1253 ὲν

183 1272 222 1308 τῷ
236 1273 321 1299 ταῦτα
347 1274 443 1305 είπεῖν,
473 1274 578 1309 ἀφῆκεν
591 1274 621 1300 τὸ
635 1275 743 1311 πνεῦμα
770 1275 809 1311 τῷ
832 1274 937 1310 Κυρίῳ,
960 1273 993 1308 τῇ
1019 1273 1204 1308 προδεκαμιᾱς
1232 1273 1369 1301 καλανδῶν
1393 1273 1597 1309 Σεπτεμϐρίων.
1626 1273 1695 1300 Τότε
1714 1272 1767 1307 ἔφη
1791 1270 1806 1297 ὁ

184 1319 369 1357 (παράνομος)
393 1319 544 1354 Ῥώμυλος·
557 1320 629 1356 Αὕτη
645 1322 662 1356 ὴ
688 1321 772 1357 μανία
787 1321 907 1357 μαγικῆς
920 1319 1015 1354 τέχνης
1030 1317 1098 1346 εἶναι
1112 1319 1329 1354 διαγινώσκεται.

219 1367 263 1395 Vl.
276 1367 352 1395 Tunc
362 1375 423 1394 cum
437 1367 527 1395 furore
546 1368 667 1396 clamans
677 1369 757 1404 coepit
779 1369 869 1396 dicere
881 1378 887 1396 ε
914 1367 963 1395 llic

186 1413 350 1440 Sabinianus
360 1413 406 1447 qui
422 1418 517 1447 captus
533 1418 574 1440 est
585 1414 733 1448 cupiditate
759 1415 870 1449 magica:
885 1415 962 1448 artis,

185 1463 212 1485 et
225 1458 335 1486 libidine
349 1458 537 1486 thesaurorum
549 1468 554 1485 :
568 1459 595 1486 in
608 1464 746 1487 momento
758 1467 818 1487 eum
842 1460 964 1488 confrin-

185 1511 258 1538 gam,
272 1507 318 1531 aut
328 1504 441 1530 avellam
457 1511 472 1529 a
488 1507 557 1530 terra
568 1503 590 1531 si
604 1512 656 1531 non
673 1511 701 1532 se
713 1498 962 1536 ltumiliaveritdiis,

185 1554 213 1576 ct
228 1550 420 1577 sacriﬁcaverit
433 1549 483 1576 eis.
503 1548 607 1581 Quibus
621 1549 700 1577 dictis
712 1550 794 1585 jussit
806 1558 868 1577 eum
884 1550 962 1578 fusti-

186 1594 238 1622 bus
256 1595 321 1622 caedi
337 1595 388 1622 sub
400 1601 464 1622 voce
474 1595 623 1629 prmonia:
638 1594 728 1622 Redde
736 1596 878 1622 thesauros
891 1595 966 1629 prin-

186 1641 290 1675 cipum,
307 1644 334 1667 et
351 1639 464 1666 humilia
476 1645 501 1667 te
514 1641 567 1668 diis
582 1647 597 1667 a
619 1640 718 1674 quibus
742 1639 908 1675 gubernatur
923 1648 967 1667 res

186 1687 304 1721 publica.
330 1685 377 1713 llle
391 1690 480 1713 autem
496 1686 618 1714 dicebat:
646 1686 753 1714 Gratias
769 1693 820 1721 ago
838 1685 897 1718 tibi,
916 1685 967 1713 Do-

188 1731 262 1758 mine
273 1729 336 1758 Jesu
347 1730 466 1764 Christe,
480 1731 527 1766 qui
539 1731 666 1766 dignatus
690 1738 720 1758 es
746 1738 789 1757 me
808 1738 868 1757 cum
884 1731 968 1758 servis

187 1776 244 1815 tuis
261 1775 375 1803 sociare.
393 1775 460 1803 Cum
471 1785 535 1804 vero
545 1777 590 1804 diu
609 1776 768 1808 caederetur,
783 1776 860 1803 tiruta
874 1780 900 1803 et
913 1777 969 1803 ala-

188 1823 243 1850 cris
256 1822 339 1851 facies
350 1822 409 1857 ejus
423 1831 483 1850 esse
495 1823 646 1850 videbatur.
663 1821 749 1850 iratus
767 1822 899 1850 Romulus
911 1822 970 1857 jus-

188 1870 225 1898 sit
237 1877 299 1898 eum
315 1870 341 1897 in
353 1869 468 1904 equuleo
476 1869 570 1901 levari,
583 1873 680 1896 etcum
690 1868 870 1895 attraheretur
881 1869 969 1896 nervis

189 1916 242 1944 sub
256 1923 320 1943 voce
332 1915 478 1950 praeconia,
494 1914 562 1942 nihil
585 1914 658 1941 aliud
677 1915 773 1949 agebat
793 1915 846 1942 nisi
870 1915 970 1949 gratias

191 1961 307 1990 Domino
319 1962 383 1989 Jesu
395 1961 514 1989 Christo.
527 1961 658 1988 Romulus
669 1960 750 1988 dixit:
768 1961 880 1995 Insanit,
891 1966 917 1988 et
929 1970 971 1989 sc-

189 2016 275 2036 curus
285 2013 327 2035 est
334 2008 367 2036 de
376 2008 489 2043 magicis
501 2008 631 2035 consiliis.
653 2007 687 2034 Et
697 2007 778 2042 jussit
799 2011 830 2035 ut
855 2007 971 2036 ﬂammis

193 2058 334 2086 ureretur;
352 2059 378 2081 et
392 2062 454 2081 cum
468 2054 660 2088 applicuissent
671 2052 793 2081 ﬂammas
809 2054 842 2081 ad
861 2053 919 2089 ejus
930 2054 971 2081 la-

192 2104 261 2133 tera,
276 2100 358 2134 ccepit
370 2098 503 2126 Romulus
515 2100 635 2126 clamans
647 2099 752 2127 dicere:
778 2099 836 2127 Jam
861 2101 973 2127 consule

193 2146 252 2179 tibi,
271 2151 297 2173 et
320 2146 399 2173 rcddc
415 2145 567 2173 thesauros.
590 2145 689 2174 Beatus
703 2151 793 2174 autem
810 2145 973 2173 Sabinianus

193 2193 293 2228 gratias
317 2193 413 2227 agebat
438 2192 494 2219 Deo
512 2192 620 2219 dicens:
645 2192 767 2225 Domine,
783 2194 874 2228 accipe
894 2193 974 2228 spiri-

193 2243 250 2265 tum
273 2247 371 2265 meum.
387 2238 419 2264 Et
446 2239 497 2264 hoc
509 2245 570 2265 cum
583 2238 705 2271 dixisset,
721 2239 811 2266 emisit
829 2239 971 2273 spiritum;

194 2285 271 2318 cujus
285 2292 383 2318 corpus
394 2284 476 2319 jussit
490 2284 517 2310 in
533 2289 643 2318 puteum
657 2284 766 2318 jactari.
782 2283 881 2310 Eodem
905 2289 973 2311 tetu-

194 2337 258 2363 pore
277 2329 386 2356 veniens
413 2328 522 2363 quidam
540 2328 707 2356 Concordius
735 2329 872 2365 presbyter
893 2334 973 2356 noctu

195 2374 294 2401 levavit
308 2381 407 2407 corpus
420 2374 452 2400 dc
462 2378 551 2407 puteo,
564 2379 590 2400 ct
603 2374 714 2401 sociavit
731 2375 815 2402 beatae
827 2374 906 2401 Aur-.2
921 2375 972 2401 sub

233 2502 290 2537 (Μ)
304 2501 380 2542 ᾔὲιιιξ
395 2502 438 2529 hic
464 2503 620 2542 designatur
631 2502 776 2542 llippolyti,
793 2511 846 2530 non
858 2503 973 2542 gradus,

195 2538 425 2572 quemadtnmlum
453 2538 533 2572 paulo
552 2543 612 2565 ante
627 2539 714 2566 dictus
730 2538 827 2565 fuerat
851 2538 972 2565 Nonnus.

196 2574 236 2608 ita
247 2572 332 2599 Graeci
347 2573 417 2608 hunc
434 2572 521 2600 locum
535 2579 704 2608 acceperunt,
719 2575 818 2608 quibus
836 2581 973 2608 nunquam

196 2607 359 2644 Hippolytus
373 2607 422 2634 fuit
434 2609 580 2644 presbyter,
598 2609 643 2636 sed
656 2607 798 2643 cpiscopus
811 2608 907 2635 Portus
921 2608 977 2634 Ro-

197 2642 286 2678 inani:
304 2642 415 2670 Latinus
429 2642 660 2678 ctiatu’interpres
674 2642 790 2671 reddidit
811 2644 845 2670 Β.
875 2643 975 2678 ﬂippa-

197 2676 268 2711 lytus
283 2685 369 2703 scum).

234 2712 289 2746 (42)
305 2712 392 2749 Lucus
410 2719 563 2749 corruptus
576 2713 653 2741 facile
666 2713 860 2747 restituendus,
877 2715 910 2741 ὲκ
924 2714 974 2749 τῆς

196 2745 332 2785 τύχηςεὶς
346 2748 390 2773 τὸν
406 2745 513 2782 βόθυνον
541 2749 650 2785 πόρτου,
671 2749 716 2774 τοῦ
744 2745 973 2785 ἀναγορευομένόυ

197 2781 317 2817 ῌὸρτουε
334 2781 446 2817 ωιιιψιυ
461 2781 602 2811 lcetioneiu
619 2784 712 2810 Latine
723 2781 972 2811 t'cddidiutus'inlra

196 2816 224 2843 iu
240 2818 339 2844 recenti
355 2816 480 2846 versione
492 2828 573 2854 quam
585 2820 616 2846 ad
632 2820 731 2846 calcent
745 2819 889 2846 voluminis
905 2820 973 2847 inter

1052 1368 1096 1400 ς’.
1106 1368 1158 1394 Καὶ
1170 1366 1269 1403 ἤρξατο
1280 1367 1347 1402 μετὰ
1357 1366 1441 1402 θυμοῦ
1457 1367 1520 1403 βοᾷν
1543 1367 1590 1394 καὶ
1598 1366 1687 1400 λέγειν
1696 1375 1703 1380 ·
1720 1362 1806 1397 Οὗτος

1016 1412 1031 1438 ὀ
1045 1412 1200 1444 ὴϐινιανὸς
1210 1412 1343 1448 ἐθηρεύθη
1361 1413 1404 1439 διὰ
1417 1413 1466 1448 τῆς
1482 1413 1600 1448 μαγικῆς
1610 1411 1694 1438 αὐτοῦ
1708 1411 1806 1446 τέχνης

1017 1459 1049 1494 τῇ
1066 1458 1240 1494 φιλαργυρίᾳ,
1267 1459 1314 1485 καὶ
1329 1459 1382 1485 τῶν
1401 1459 1549 1494 χρημάτων
1565 1458 1725 1493 ἡδυπαθείᾳ.
1741 1457 1807 1484 Τοῦ-

1017 1511 1062 1530 τον
1076 1503 1105 1530 ἐν
1125 1503 1191 1539 ριπῇ
1207 1503 1348 1530 καταλύσω
1370 1504 1424 1530 ἀπὸ
1438 1504 1487 1539 τῆς
1518 1503 1669 1539 μανιώδους
1681 1503 1741 1530 ὀδοῦ
1758 1503 1807 1529 αὐο

1016 1547 1062 1574 τοῦ
1078 1550 1101 1575 εί
1121 1549 1157 1584 μὴ
1172 1549 1414 1584 ταπεινωθήσεται,
1430 1550 1476 1576 καὶ
1499 1549 1566 1584 θύσῃ
1580 1550 1637 1580 τοῖς
1668 1549 1807 1584 μεγίστοις

1014 1593 1093 1628 ἡμῶν
1107 1594 1186 1626 θεοῖς.
1214 1595 1321 1621 Τούτων
1344 1593 1390 1622 οὖν
1417 1595 1464 1622 καὶ
1489 1595 1616 1624 τοιούτων
1630 1594 1778 1629 λεγόμενος
1788 1597 1807 1626 ⁸,

1016 1640 1158 1667 ἐκέλευσεν
1184 1641 1263 1667 αὐτὸν
1285 1640 1373 1674 ξύλοις
1389 1641 1557 1676 τυπηθῆναι
1573 1640 1738 1675 (τυφθῆναι)
1755 1640 1807 1666 ὑπὸ

1017 1686 1108 1721 φωνῆς
1121 1686 1168 1712 τοῦ
1183 1687 1302 1722 κήρυκος
1329 1687 1453 1721 λέγοντος
1464 1696 1470 1702 ·
1502 1687 1612 1718 ’Δπόδος
1625 1687 1690 1718 τοὺς
1706 1686 1808 1721 Θησαυ-

1018 1732 1082 1767 ροὺς
1106 1733 1161 1764 τοῖς
1185 1732 1396 1769 αὐτοκράτορσιν
1425 1733 1517 1768 ἡμῶν,
1544 1733 1591 1759 καὶ
1622 1731 1807 1766 ταπεινώθητι

1012 1777 1073 1808 ,τοῖς
1084 1777 1294 1813 παντοδυνάμοις
1305 1777 1385 1810 θεοῖς,
1394 1778 1427 1804 δι’
1438 1775 1474 1805 ὧν
1487 1777 1705 1813 πηδαλιουχεῖται
1713 1778 1730 1813 ή
1740 1777 1808 1812 σύμ-

1019 1830 1093 1849 πασα
1119 1822 1197 1858 ἡμῶν
1224 1823 1356 1849 πολιτεία.
1387 1823 1415 1849 '0
1429 1822 1457 1849 δὲ
1486 1822 1620 1858 μακάριος
1649 1820 1807 1852 Σαϐινιανδς

1018 1867 1125 1899 ἀνοίξας
1138 1867 1169 1893 τὸ
1184 1868 1269 1903 στόμα
1284 1868 1366 1894 αὐτοῦ
1389 1867 1490 1902 ἔλεγεν·
1506 1868 1668 1903 Εὑχαριστῶ
1683 1876 1736 1900 σοι,
1752 1867 1807 1894 Κύ-

1021 1914 1062 1949 ριέ
1077 1922 1127 1949 μου
1148 1913 1234 1949 Ἰησοῦ
1256 1914 1367 1949 Χριστὲ,
1383 1915 1397 1941 ὁ
1412 1913 1583 1946 καταξιώσας
1608 1922 1641 1949 με
1672 1913 1744 1948 μετὰ
1757 1913 1807 1939 τῶν

1019 1959 1119 1986 δούλων
1134 1968 1180 1986 σου
1196 1959 1493 1996 συγκαταριθμηθῆναι.
1515 1959 1557 1990 Ὡς
1570 1958 1599 1985 δὲ
1616 1959 1734 1986 ἐπιπολὺ
1751 1959 1807 1984 ἐτύ-

1021 2013 1113 2037 πτετο,
1129 2006 1235 2041 ἑδραῖον
1248 2003 1281 2040 ἦν
1296 2006 1343 2032 καὶ
1353 2005 1491 2041 πρόθυμον
1504 2004 1535 2030 τὸ
1551 2005 1698 2040 πρόσωπον
1715 2004 1806 2031 αὐτοῦ.

1021 2052 1088 2078 Τότε
1105 2051 1239 2087 θυμωθεὶς
1253 2053 1282 2087 (ό
1295 2051 1492 2086 ἀσεϐέστατος)
1513 2050 1649 2086 Ῥώμυλος
1665 2051 1807 2078 ἐκέλευσεν

1026 2098 1106 2124 αὐτὸν
1127 2099 1155 2124 ἐν
1170 2098 1208 2133 τῷ
1224 2097 1395 2133 ἁρμενταρίῳ
1418 2097 1474 2132 (45)
1499 2096 1684 2132 ἀναρτηθῆναι
1696 2105 1703 2111 ·
1722 2098 1770 2124 καὶ
1782 2098 1808 2123 ὲν

1023 2143 1062 2178 τῷ
1075 2143 1274 2178 διασπασθῆναι
1288 2143 1368 2170 αὐτὸν
1382 2144 1438 2174 τοῖς
1464 2141 1578 2177 νεύροις,
1592 2141 1640 2168 καὶ
1654 2141 1705 2176 τῆς
1720 2142 1808 2176 φωνῆς

989 2193 1011 2221 ι)
1025 2187 1072 2213 τοῦ
1086 2188 1205 2222 κήρυκος
1220 2186 1382 2221 ἐπιϐοώσης,
1394 2186 1474 2218 αὐτὸς
1487 2186 1562 2212 οὐδὲν
1573 2186 1636 2213 ἄλλο
1650 2185 1756 2220 ἔλεγεν,
1786 2186 1808 2211 εἰ

1027 2233 1078 2268 μή·
1091 2232 1248 2267 Εὐχαριστῶ
1262 2231 1300 2266 τῷ
1314 2231 1408 2267 Κυρίῳ
1424 2240 1474 2267 μου
1494 2231 1579 2266 Ἰησοῦ
1595 2231 1718 2266 Χριστῷ.
1739 2232 1767 2258 '0
1782 2231 1808 2257 δὲ

1027 2277 1149 2313 βικὰριος
1164 2277 1215 2312 ἔφη
1240 2277 1307 2312 πρὸς
1331 2278 1393 2308 τοὺς
1418 2276 1595 2312 παρεστῶτας
1615 2276 1708 2312 αὐτῷ’
1727 2274 1808 2307 Οὗτος

1028 2323 1163 2359 μαίνεται,
1179 2323 1226 2349 καὶ
1236 2323 1386 2358 ἁμέριμνός
1406 2322 1478 2348 ἐστιν
1489 2321 1541 2348 τῶν
1556 2321 1681 2356 μαγικῶν
1694 2321 1808 2356 συμϐου-

1026 2370 1100 2396 λιῶν.
1115 2369 1170 2396 Καὶ
1199 2369 1361 2404 προσέταξεν
1376 2368 1487 2403 φλόγαις
1498 2367 1508 2378 ⁸
1521 2367 1692 2402 κατακαῆναι
1719 2367 1805 2395 αὐτόν.

1028 2503 1155 2532 Addenda
1168 2503 1303 2530 sistimus.

1064 2539 1120 2571 (45)
1134 2537 1170 2565 De
1182 2537 1365 2573 ἁρμενταρίῳ,
1378 2536 1497 2571 cquuleo.
1510 2537 1536 2563 iu
1550 2536 1710 2573 praefatione
1726 2536 1806 2573 disse-

1027 2575 1143 2603 ruimus.
1155 2571 1281 2607 quasve):
1295 2571 1327 2599 eo
1338 2572 1444 2599 facilius
1458 2572 1485 2598 in
1500 2571 1635 2598 maritima
1649 2571 1719 2598 urbe
1741 2572 1804 2598 obti-

1027 2610 1097 2641 nuit,
1109 2609 1181 2643 quod
1195 2608 1252 2634 vela
1272 2608 1381 2634 navium
1396 2607 1501 2643 ἄρμενα
1514 2607 1690 2643 dicebantur;
1708 2607 1731 2643 is
1749 2614 1804 2634 vero

1027 2645 1073 2679 qui
1088 2641 1126 2670 ad
1137 2651 1274 2679 sumntum
1291 2643 1367 2669 navis
1377 2641 1570 2679 coirScendcret
1581 2641 1805 2679 dpysvno'tﬁgtut

1029 2677 1055 2705 in
1076 2679 1132 2713 lege
1143 2678 1246 2705 Rhodia
1258 2682 1299 2704 est
1309 2679 1467 2704 adnotatum
1479 2686 1484 2703 :
1498 2677 1645 2710 aliquando
1662 2677 1745 2713 etiam
1761 2677 1804 2711 ἄρ-

1029 2711 1114 2749 μενοεῖ
1136 2714 1186 2740 fuit
1208 2714 1421 2749 instrumentum.
1444 2713 1530 2749 Qttod_
1545 2712 1568 2737 si
1594 2719 1657 2749 cunt
1678 2711 1805 2749 A‘Lgyptns

1027 2746 1191 2785 ἐρμητάριον
1205 2747 1459 2786 εῦρηθιιιυεηὲρμας
1472 2753 1498 2773 et
1519 2746 1599 2786 ἕρμα-
1619 2746 1671 2774 fuit
1683 2747 1805 2786 scopulus

1028 2782 1068 2811 vel
1084 2782 1195 2810 ἐκδίκως
1206 2783 1248 2809 vel
1266 2783 1291 2808 in
1305 2783 1372 2809 mari
1391 2783 1486 2813 latens,
1498 2782 1648 2816 quinetiam
1668 2782 1722 2815 pila
1739 2789 1806 2808 Inar-

1026 2826 1118 2846 morea
1135 2819 1162 2845 in
1173 2818 1323 2853 portubus:
1341 2817 1415 2852 ἒρμα
1438 2818 1554 2852 denique
1566 2816 1615 2844 fuit
1631 2818 1758 2844 saburra.
