1860 3051
31 113 77 141 569
648 111 811 141 VETERUM
832 111 1051 141 TESTIMONlb
1602 117 1655 146 5‘70

35 175 76 201 Ἐν
89 174 115 201 δὲ
130 173 170 209 τῷ
185 174 374 210 προσάγεσθαι
389 173 439 205 τὰς
468 172 568 208 φλόγας
597 176 656 206 ταῖς
679 175 727 202 τοῦ
741 175 787 209 ἁγί

903 183 915 202 e
930 175 1027 210 quinto
1054 173 1189 202 Kalendas
1208 173 1429 211 Januarias(i4),
1450 181 1578 211 regnante
1605 177 1655 204 Do-

30 218 184 246 Σαδινιανοῦ
210 219 342 254 πλευραῖς
356 218 458 254 ἤρξατο
486 219 550 255 βοᾷν
564 219 579 246 ό
600 220 788 256 (παρανομώτι

903 221 946 247 lno
968 224 1063 248 nostro
1090 220 1156 248 Jesu
1177 220 1287 248 Christo
1300 241 1307 252 ,
1330 221 1373 248 cui
1398 225 1440 248 est
1453 221 1537 256 gloria
1559 226 1586 249 et
1605 223 1656 249 im-

28 266 87 299 τος)
111 265 251 300 Ῥὼμυλος
261 265 308 292 καὶ
320 265 408 299 λέγειν
423 265 491 301 πρὸς
505 266 586 292 αὐτόν
597 274 604 281 '
632 265 734 298 ’Δθλιε,
751 275 788 302 πρ

905 267 975 294 rium
1002 267 1029 293 in
1050 267 1148 294 saecula
1169 267 1342 294 saeculorum.
1365 267 1462 294 Amen.

29 313 121 348 νόησαι
138 313 249 345 σαυτοῦ,
262 313 310 340 καὶ
322 313 420 345 ἀπόδος
430 314 493 345 τοὺς
503 313 666 349 θησαυροὺς,
679 313 726 345 οὓς
746 315 822 350 παρὰ
836 314 878 340 σοὶ
906 314 1029 349 ἔγνωμεν
1056 312 1124 341 εἶναι
1151 314 1179 340 ὲν
1209 314 1389 350 ἀποκρύφοις.
1413 315 1442 340 '0
1463 313 1491 341 δὲ
1523 315 1656 350 μακάριος

29 361 183 393 Σαεινιανὺς
206 361 221 387 ὁ
235 361 339 396 μάρτυς
352 360 400 388 τοῦ
427 361 565 398 Χριστοῦ,
587 361 746 398 ηὑχαρίστει
760 362 799 397 τῷ
820 362 914 397 Κυρίῳ
937 361 1144 397 λέγων’]Κύριε
1175 362 1189 388 ὁ
1221 361 1287 393 Θεός
1315 370 1376 396 μου,
1402 361 1468 388 λαϐὲ
1494 361 1524 388 τὸ
1548 361 1657 396 πνεῦμά

29 416 77 442 μου
92 407 141 434 ἀπ’
153 407 232 442 ἐμοῦ.
248 408 302 434 Καὶ
312 407 390 434 τοῦτο
405 407 499 440 εἰπὼν,
516 408 621 444 ἀφῆκεν
630 409 659 435 ἐν
675 409 768 444 εἰρήνῃ
783 408 813 434 τὺ
828 401 952 444 πνέῦμα·
981 405 1082 440 οὗτινος
1109 407 1140 434 τὸ
1165 407 1244 442 σῶμα
1266 407 1407 434 ἐκέλευσεν
1433 408 1473 439 εἰς
1500 408 1590 443 φρέαρ
1616 409 1656 443 ῥι-

27 455 118 489 φῆναι.
137 455 182 490 Τῷ
197 454 271 490 αὺτῷ
286 453 333 482 οὖν
357 455 445 492 καιρῷ
465 455 548 482 ἐλθών
573 465 615 488 τις
643 456 755 492 Κόρδιος
779 455 898 491 τοῦνομα
926 456 1120 492 πρεσϐύτερος,
1142 455 1237 486 νυκτὸς
1268 455 1387 481 ἀνείλετο
1419 455 1448 481 τὸ
1472 454 1551 490 σῶμα
1566 456 1597 482 ὲκ
1608 456 1654 483 τοῦ

27 501 153 536 φρέατος,
169 501 217 528 καὶ
232 503 399 538 συνήρμοσεν
421 503 488 530 αὐτὸ
505 503 572 539 μετὰ
598 504 648 539 τῆς
673 503 753 538 ἁγίας
779 504 889 540 Χρυσῆς
912 505 965 531 ὑπὸ
990 504 1052 539 μίαν
1067 503 1172 539 ἡμέραν
1194 503 1246 539 πρὸ
1261 503 1342 529 πέντε
1356 501 1502 529 Καλανδῶν
1518 502 1639 538 Φεϐρουα

28 546 104 581 ρίων,
132 546 236 582 χάριτι,
263 548 311 574 καὶ
334 549 487 584 οἰκτιρμοῖς
508 549 555 576 καὶ
577 549 768 586 φιλανθρωπίᾳ
790 549 837 576 τοῦ
854 550 956 586 Κυρίου
973 549 1050 586 ἡμῶν
1081 549 1167 585 Ἰησοῦ
1191 548 1321 585 Χριστοῦ,
1348 548 1405 584 μεθ’
1444 544 1475 574 οὗ
1502 548 1541 583 τῷ
1567 549 1655 584 Πατρὶ

27 593 73 619 σὺν
87 592 127 628 τῷ
142 593 213 629 ἁγίῳ
227 594 366 630 Πνεύματι
391 594 464 628 δόξα,
481 595 591 632 κράτος,
613 596 680 632 τιμὴ
694 597 741 623 καὶ
756 597 939 635 προσκύνησις
956 596 1006 624 νῦν
1019 597 1065 624 καὶ
1074 597 1116 623 ἀεὶ
1126 597 1166 628 εις
1174 597 1238 628 τοὺς
1247 595 1349 627 αἰῶνας
1360 595 1413 622 τῶν
1421 595 1525 622 αἰώνων
1533 595 1599 629 (45).

417 791 764 847 VETERUM
818 789 1258 855 TESTlMONIA

829 909 862 928 DE

219 991 274 1035 S.
312 987 671 1036 HlPPOLYTO
708 987 1001 1034 EPISCOPO
1038 989 1113 1035 ET
1149 991 1458 1035 MARTYRE.

841 1161 862 1190 Ι.

24 1219 50 1247 S.
66 1220 207 1248 Anatolius
220 1219 391 1248 Laodicenris
407 1222 542 1256 episcopus
557 1223 584 1249 in
599 1223 705 1258 pra-fat.
723 1224 757 1250 ad
768 1223 1091 1286 Canoncnkngschalem,
1104 1223 1176 1258 apud
1189 1221 1327 1257 (Egidium
1341 1221 1500 1249 Bucherium
1516 1221 1551 1249 De
1564 1221 1653 1250 doctr.

718 1265 812 1286 temn..
826 1267 887 1286 oaa.
955 1278 963 1286 .

718 1265 812 1294 temp.,
826 1267 887 1295 pag.
900 1265 963 1286 4ου.

54 1313 124 1340 Nam
141 1319 169 1341 et
183 1314 212 1341 in
227 1314 365 1342 veteribus
378 1315 590 1350 exemplaribus,
603 1315 629 1343 id
642 1321 683 1344 est
693 1315 813 1345 Hebraeis
829 1320 851 1349 Β
865 1317 962 1350 uosui,
978 1316 1153 1344 Hebraeorum
1173 1320 1199 1343 et
1213 1315 1369 1343 Grtecorum
1392 1315 1524 1342 librorum
1543 1314 1653 1349 peritis-

23 1365 48 1387 et
63 1360 167 1388 Graecis
180 1361 378 1393 voluminibus,
399 1369 452 1389 non
469 1366 572 1389 tantum
599 1363 668 1390 luna:
689 1370 812 1396 cursum,

22 1409 67 1436 sed
87 1410 168 1436 etiam
185 1409 253 1437 solis
268 1416 324 1436 non
343 1408 433 1437 solum
452 1416 573 1444 gressus.
596 1409 643 1437 sed
660 1415 686 1437 et
707 1410 814 1445 singula

22 1463 53 1482 ac
64 1455 251 1482 minutissima
263 1455 392 1482 horarum
405 1459 554 1488 momenta,
569 1462 630 1489 quae
643 1455 670 1482 in
683 1463 733 1483 suo
746 1460 815 1482 tem-

24 1509 97 1534 pore,
111 1509 176 1528 cum
193 1502 265 1528 ratio
283 1501 447 1536 poposcerit,
463 1501 646 1536 proferemus,
660 1502 814 1530 invenimus

23 1551 190 1580 computata.
207 1545 228 1572 E
245 1547 345 1581 quibus
361 1546 522 1582 Hippolytus
543 1555 587 1574 xvr
608 1555 742 1574 annorum
759 1548 815 1575 cir-

22 1592 112 1618 culum
127 1592 294 1627 quibusdam
308 1592 406 1627 ignotis
422 1593 493 1620 lunae
506 1593 631 1621 cursibus
649 1593 814 1628 composuit.

23 1638 72 1664 Alii
87 1646 155 1670 xxv,
175 1638 221 1665 alii
234 1646 299 1671 xxx,
316 1638 440 1665 nonnulli
465 1646 583 1666 Lxxutv
605 1646 738 1666 annorum
756 1639 813 1666 cir-

22 1685 111 1711 culum
138 1688 341 1719 computantes,
366 1691 507 1719 nunquam
529 1684 562 1711 ad
587 1691 678 1711 veram
702 1683 814 1711 Paschaa

23 1730 197 1765 computandi
220 1730 354 1757 rationem
370 1735 562 1765 pervenerunt.
578 1729 678 1757 Verum
695 1730 812 1765 majores

400 1861 537 1894 Eusebius.
554 1861 624 1889 Hist.
643 1862 710 1889 eccl.
730 1862 818 1895 lib.vu,

54 1922 202 1959 Ἤκμαζον
211 1922 241 1948 δὲ
255 1921 326 1949 κατὰ
337 1922 416 1949 τοῦτο
434 1923 542 1955 πλείους
555 1923 638 1957 λόγιοι
655 1923 702 1950 καὶ
714 1922 812 1959 ἐκκλη-

22 1969 157 1996 σιαστικοὶ
173 1968 289 2004 ἄνδρες·
313 1965 349 1995 ὧν
377 1969 424 1995 καὶ
444 1969 603 2001 ἐπιστολὰς,
619 1969 652 2001 ἃς
673 1969 741 2005 πρὸς
764 1969 812 1996 ἀλ-

22 2015 117 2050 λήλους
125 2013 317 2050 διεχὰραττον,
330 2013 369 2040 ἐτι
384 2014 432 2040 νῦν
453 2013 609 2049 σωζομένας
623 2014 712 2050 εὑρεῖν
731 2013 811 2040 257:0-

24 2070 75 2095 ρον.
93 2062 127 2088 Δῖ
151 2061 201 2088 καὶ
216 2062 257 2092 εἰς
280 2061 353 2096 ἡμᾶς
371 2060 561 2096 ἐφυλάχθησαν
582 2061 610 2087 ὲν
628 2062 660 2096 τῇ
678 2061 747 2087 κατὰ
762 2061 811 2096 τὴν
826 2075 848 2106 c

21 2107 112 2134 Αἰλίαν
125 2106 300 2142 βιϐλιοθήκῃ,
314 2107 383 2142 πρὸς
395 2106 440 2132 τοῦ
454 2107 579 2142 τηνικάδε
593 2106 641 2142 τὴν
654 2106 746 2133 αὐτόθι
758 2106 812 2132 διέ-

22 2163 116 2186 ποντος
140 2152 308 2188 Ἐκγλησίαν
325 2153 497 2188 Ἀλεξάνδρου
510 2153 763 2189 ἐπισκευασθείσῃ..
778 2173 785 2180 .
803 2173 810 2180 .

23 2199 128 2227 Τούτων
150 2199 290 2235 Βήρυλλος
301 2198 350 2225 σὺν
370 2199 525 2231 ἐπιστολαῖς
541 2199 588 2226 καὶ
604 2200 811 2235 συγγράμμασι,

22 2247 166 2283 διαφόρους
190 2245 349 2280 φιλοκαλίας
375 2245 578 2272 καταλέλοιπεν.
605 2245 767 2277 Ἐπίσκοπος
791 2245 812 2271 δ’

866 1363 929 1390 simi
946 1362 1103 1396 (Isidorum,
1118 1366 1145 1389 et
1156 1361 1362 1397 Hieronymum,
1384 1365 1411 1388 et
1426 1361 1592 1387 Clementem
1612 1360 1654 1387 di-

865 1410 920 1443 co),
935 1409 999 1436 licet
1013 1408 1157 1436 dissimilia
1174 1407 1310 1435 mensium
1326 1407 1459 1442 principia
1474 1414 1523 1442 pro
1536 1407 1652 1434 diversi—

865 1459 921 1482 tate
936 1455 1034 1490 linguae
1048 1454 1198 1486 senserint;
1218 1457 1307 1480 tamen
1324 1453 1358 1480 ad
1377 1461 1457 1479 unam
1474 1452 1654 1486 eamdemque.

865 1499 977 1528 Pascha:
991 1500 1173 1527 certissimam
1194 1499 1340 1532 rationem,
1360 1498 1403 1525 die
1418 1502 1445 1525 et
1460 1497 1524 1524 luna
1542 1502 1569 1525 et
1585 1502 1654 1524 tem-

866 1554 932 1581 pore
947 1545 1182 1578 convenientibus,
1196 1553 1303 1572 summa
1317 1545 1490 1572 veneratione
1506 1543 1653 1571 Dominicae

867 1591 1098 1624 Resurrectionis,
1112 1594 1322 1619 consenserunt.
1337 1590 1389 1618 Sed
1406 1594 1433 1617 et
1446 1590 1576 1625 Origenes
1593 1597 1653 1617 om-

866 1639 942 1665 nium
959 1637 1174 1669 eruditissimus,
1190 1642 1218 1664 et
1231 1637 1329 1665 calculi
1350 1637 1529 1672 componendi
1546 1636 1653 1672 perspi-

865 1684 1026 1712 cacissimus
1049 1683 1161 1719 (quippe
1182 1684 1230 1719 qui
1249 1688 1276 1711 et
1294 1683 1444 1719 χαλκευτής
1464 1683 1600 1719 vocatus),
1619 1682 1653 1710 li—

864 1731 966 1759 bellum
986 1730 1019 1758 de
1035 1729 1140 1758 Pascha
1155 1729 1371 1758 luculentissime
1384 1729 1480 1757 edidit.

836 1870 894 1897 cap.
910 1862 956 1896 20,
972 1862 1112 1897 interprete
1124 1861 1159 1888 ll.
1181 1861 1295 1889 Valesio.

899 1923 1000 1950 Eadem
1010 1927 1170 1958 tempestate
1180 1923 1257 1949 multi
1271 1922 1448 1950 ecclesiastici
1462 1923 1514 1950 viri
1527 1922 1653 1950 doctrina

863 1969 1025 1997 excellentes
1044 1969 1177 1996 ﬂorebant
1191 1978 1198 1996 :
1219 1976 1337 2004 quorum
1353 1969 1481 2004 epistolas
1493 1977 1560 2004 quas
1575 1970 1607 1996 ad
1625 1977 1655 1996 sc

864 2015 984 2043 vicissim
1001 2015 1184 2050 scripserunt,
1198 2014 1329 2042 hactenus
1344 2021 1497 2043 asservatas
1514 2015 1592 2043 facile
1612 2020 1655 2042 cst

863 2060 992 2095 reperire.
1008 2060 1123 2088 Exstant
1136 2061 1208 2087 enim
1231 2065 1323 2088 nostra
1339 2069 1447 2096 quoque
1467 2066 1546 2089 aetate
1565 2063 1591 2088 in
1613 2061 1654 2088 bi-

864 2105 1000 2132 bliotheca
1021 2104 1099 2132 Elia:
1111 2105 1197 2139 urbis,
1217 2105 1250 2132 ab
1268 2105 1422 2133 Alexandro
1438 2106 1566 2134 Ecclesia:
1580 2107 1653 2134 illius

865 2152 991 2187 episcopo
1006 2157 1197 2179 constructa...
1220 2151 1291 2179 Inter
1313 2153 1362 2180 hos
1384 2152 1434 2180 fuit
1462 2152 1584 2188 Beryllus
1599 2152 1653 2180 Bo-

865 2204 1018 2226 strenorum
1036 2199 1064 2225 in
1080 2198 1180 2225 Arabia
1199 2198 1360 2233 episcopus,
1378 2199 1424 2234 qui
1440 2204 1536 2234 praeter
1552 2200 1654 2234 episto-

866 2245 908 2273 las
929 2249 956 2272 et
981 2244 1196 2277 lucubrationes,
1227 2245 1300 2271 varia
1321 2252 1430 2280 quoque
1461 2245 1593 2280 elegantis
1611 2246 1653 2272 in—

625 2303 906 2332 INTERPRETATIO
926 2302 1055 2332 RUFINI.

53 2366 208 2393 Florebant
225 2369 315 2392 autem
330 2373 379 2400 per
395 2366 465 2393 idem
479 2370 587 2400 tempus
603 2366 739 2400 (regnante
754 2365 829 2398 Geta,
847 2365 979 2396 Macrino.
994 2365 1059 2400 etc.)
1074 2364 1185 2399 plurimi
1199 2363 1374 2400 disertissimi
1391 2366 1418 2392 in
1440 2365 1570 2393 Ecclesiis
1590 2365 1653 2397 viri,

22 2410 140 2435 quiarum
159 2401 293 2435 epistolas
308 2409 376 2436 quas
391 2401 423 2428 ad
441 2409 470 2428 se
485 2399 730 2433 invicemdabant,
754 2402 905 2436 reperimus
922 2401 949 2427 in
971 2401 1222 2436 Hierosolymorum
1243 2399 1418 2436 bibliotheca,
1440 2402 1473 2428 ad
1494 2409 1543 2429 nos
1567 2409 1654 2435 usque

22 2434 140 2468 Servata,
165 2434 250 2470 quam
278 2434 469 2463 construxerat
492 2437 532 2463 vir
560 2436 762 2464 eruditissimus
785 2434 820 2464 ile
842 2444 898 2471 quo
913 2437 1039 2471 superius
1064 2434 1298 2471 memoravimus,
1318 2434 1470 2463 Alexander
1495 2437 1546 2464 loci
1568 2434 1653 2470 ipsius

22 2469 230 2507 episcopusi....
248 2471 311 2507 Erat
327 2471 396 2498 inter
411 2476 525 2507 cieteros
538 2476 565 2498 et
579 2471 701 2507 Bcryllus
717 2469 881 2506 scriptorum
900 2469 1064 2507 priocipuus,
1082 2471 1128 2507 q_ui
1149 2474 1175 2497 et
1197 2469 1255 2507 ipse
1272 2469 1380 2507 diversa
1404 2473 1534 2507 opuscula
1552 2469 1652 2507 deleti-7

23 2503 88 2539 quit.
108 2503 268 2542 Episcopus
288 2505 340 2533 fuit
359 2507 403 2533 hic
418 2507 489 2541 apud
509 2503 645 2537 Bostram,
662 2503 887 2534 Arabiae—urbem
900 2503 1065 2534 'maxiinam.
1088 2505 1153 2532 Erat
1177 2503 1354 2532 nihilominus
1371 2510 1398 2532 et
1417 2503 1589 2542 Hippolytus,
1606 2506 1653 2540 qui

22 2548 46 2568 ct
60 2543 119 2578 ipse
132 2541 278 2576 aliquanta
292 2542 394 2577 scripta
409 2541 565 2577 dereliquit,
583 2543 738 2577 episcopus.

57 2625 114 2656 (Ml
131 2624 162 2651 In
185 2623 246 2661 cod.
265 2632 333 2661 mss.
350 2623 379 2650 ὃ.
391 2623 530 2651 Maximini
545 2633 589 2659 ap.
604 2625 707 2652 Trevir.
717 2626 816 2661 legitur

23 2661 66 2685 tnb
82 2660 126 2687 die
146 2668 164 2685 v
181 2658 246 2696 Kal.
261 2658 347 2696 Sept”
368 2667 482 2694 eamque
497 2660 639 2687 lectionem
654 2661 679 2687 in
692 2658 816 2696 sequenti

24 2696 150 2722 wrsione
167 2695 341 2725 relinuimus,
363 2695 488 2729 quamvis
504 2696 530 2722 in
542 2696 731 2723 dissertatione
756 2704 818 2729 pro-

25 2730 142 2767 babilem
172 2737 285 2767 causam
314 2729 460 2767 aﬂ‘crainus
480 2730 583 2767 legendi
607 2738 632 2767 ο.
661 2731 688 2767 d.
706 2739 721 2757 ν
757 2729 817 2767 Hal.

25 2763 116 2800 lf'ebr.,
137 2769 168 2792 nt
192 2765 225 2800 in
236 2768 363 2800 contextu
389 2763 640 2793 Griecofbreviatio
657 2765 817 2800 Septembris

25 2799 111 2826 fraudi
131 2799 254 2826 librariis
272 2799 333 2830 fuit.
348 2800 421 2827 unde
438 2800 482 2827 alii
498 2808 617 2828 mensem
644 2801 816 2833 Ianuarium,

25 2835 68 2861 alii
86 2834 270 2862 Februarium
291 2835 509 2864 substituerunt:
534 2844 629 2864 omnes
644 2842 733 2866 tamen
746 2837 816 2865 diem

870 2629 1014 2654 servarunt
1026 2633 1042 2652 v
1054 2624 1117 2652 Kal.

907 2661 963 2696 (45)
980 2660 1127 2696 Doxologia
1154 2661 1289 2695 sequioris
1307 2661 1356 2688 aevi
1376 2669 1390 2687 a
1405 2660 1507 2688 Graecis
1533 2660 1654 2688 librariis

869 2698 922 2725 huc
934 2697 1053 2723 invecta:
1071 2695 1162 2723 Gratia
1177 2701 1200 2722 et
1211 2697 1435 2728 miserationibus,
1450 2702 1474 2722 et
1491 2695 1654 2722 humanitate

869 2732 976 2759 Domini
993 2731 1076 2758 nostri
1089 2731 1152 2758 Jesu
1173 2731 1283 2763 Christi,
1298 2739 1410 2767 quorum
1438 2731 1526 2763 Patri,
1551 2739 1608 2757 cum
1623 2729 1652 2758 S.

869 2767 971 2802 Spiritu
986 2767 1081 2801 gloria.
1113 2769 1239 2801 potentia,
1256 2767 1338 2794 honor
1354 2772 1378 2794 et
1400 2767 1521 2802 adoratia
1546 2774 1614 2793 nunc
1630 2770 1654 2793 et

869 2809 966 2836 semper
996 2804 1022 2828 in
1050 2802 1148 2828 alecula
1179 2802 1345 2830 saeculorum.
1372 2802 1492 2830 Priorem
1509 2801 1656 2830 formulam

869 2837 981 2865 exhibet
995 2835 1107 2865 Latinus
1124 2837 1269 2872 interpcs.
