  <div class='ocr_page' id='page_1' title='image "/cluster/home/n/w/nwhite01/storage/ocr_20150623/10/njp.32101077772406/312.png"; bbox 0 0 1860 3051; ppageno 0'>
   <div class='ocr_carea' id='block_1_1' title="bbox 51 120 98 147">
    <p class='ocr_par' dir='ltr' id='par_1_1' title="bbox 51 120 98 147">
     <span class='ocr_line' id='line_1_1' title="bbox 51 120 98 147; baseline 0 0"><span class='ocrx_word' id='word_1_1' title='bbox 51 120 98 147; x_wconf 74' lang='lat'><strong>573</strong></span> 
     </span>
    </p>
   </div>
   <div class='ocr_carea' id='block_1_2' title="bbox 690 116 1006 147">
    <p class='ocr_par' dir='ltr' id='par_1_2' title="bbox 690 116 1006 147">
     <span class='ocr_line' id='line_1_2' title="bbox 690 116 1006 147; baseline -0.009 -1"><span class='ocrx_word' id='word_1_2' title='bbox 690 119 734 146; x_wconf 84' lang='lat' dir='ltr'><strong>DE</strong></span> <span class='ocrx_word' id='word_1_3' title='bbox 753 118 782 147; x_wconf 87' lang='lat' dir='ltr'><strong>S.</strong></span> <span class='ocrx_word' id='word_1_4' title='bbox 803 116 1006 146; x_wconf 78' lang='lat' dir='ltr'><strong>IliPPOLYTO.</strong></span> 
     </span>
    </p>
   </div>
   <div class='ocr_carea' id='block_1_3' title="bbox 1607 108 1661 137">
    <p class='ocr_par' dir='ltr' id='par_1_3' title="bbox 1607 108 1661 137">
     <span class='ocr_line' id='line_1_3' title="bbox 1607 108 1661 137; baseline -0.037 0"><span class='ocrx_word' id='word_1_5' title='bbox 1607 108 1661 137; x_wconf 72' lang='grc' dir='ltr'><strong>5η</strong></span> 
     </span>
    </p>
   </div>
   <div class='ocr_carea' id='block_1_4' title="bbox 49 167 809 214">
    <p class='ocr_par' dir='ltr' id='par_1_4' title="bbox 49 177 809 214">
     <span class='ocr_line' id='line_1_4' title="bbox 49 177 809 214; baseline -0.004 -8"><span class='ocrx_word' id='word_1_6' title='bbox 49 180 116 211; x_wconf 78' lang='grc' dir='ltr'>θείας</span> <span class='ocrx_word' id='word_1_7' title='bbox 143 178 367 214; x_wconf 85' lang='grc' dir='ltr'>ὑπομνηματίσαι</span> <span class='ocrx_word' id='word_1_8' title='bbox 392 178 512 214; x_wconf 80' lang='grc' dir='ltr'>Γραφὰς,</span> <span class='ocrx_word' id='word_1_9' title='bbox 541 177 726 214; x_wconf 84' lang='grc' dir='ltr'>παρεσχηκὼς</span> <span class='ocrx_word' id='word_1_10' title='bbox 751 178 809 204; x_wconf 64' lang='grc' dir='ltr'><strong>αὐτὶ</strong></span> 
     </span>
    </p>
   </div>
   <div class='ocr_carea' id='block_1_5' title="bbox 905 167 1660 214">
    <p class='ocr_par' dir='ltr' id='par_1_5' title="bbox 905 167 1660 207">
     <span class='ocr_line' id='line_1_5' title="bbox 905 167 1660 207; baseline -0.012 -5"><span class='ocrx_word' id='word_1_11' title='bbox 905 177 947 202; x_wconf 87' lang='lat' dir='ltr'><strong>ius</strong></span> <span class='ocrx_word' id='word_1_12' title='bbox 961 173 1095 206; x_wconf 85' lang='lat' dir='ltr'><strong>notarios,</strong></span> <span class='ocrx_word' id='word_1_13' title='bbox 1112 178 1261 207; x_wconf 89' lang='lat' dir='ltr'><strong>eorumque</strong></span> <span class='ocrx_word' id='word_1_14' title='bbox 1283 176 1429 206; x_wconf 80' lang='lat' dir='ltr'><strong>expensas,</strong></span> <span class='ocrx_word' id='word_1_15' title='bbox 1445 173 1470 196; x_wconf 89' lang='lat' dir='ltr'><strong>et</strong></span> <span class='ocrx_word' id='word_1_16' title='bbox 1487 167 1660 196; x_wconf 82' lang='lat' dir='ltr'><strong>librariorum</strong></span> 
     </span>
    </p>
   </div>
   <div class='ocr_carea' id='block_1_6' title="bbox 48 222 823 260">
    <p class='ocr_par' dir='ltr' id='par_1_6' title="bbox 48 222 823 260">
     <span class='ocr_line' id='line_1_6' title="bbox 48 222 823 260; baseline -0.001 -10"><span class='ocrx_word' id='word_1_17' title='bbox 48 225 109 251; x_wconf 72' lang='grc' dir='ltr'>ἑπτα</span> <span class='ocrx_word' id='word_1_18' title='bbox 127 224 173 250; x_wconf 73' lang='grc' dir='ltr'>καὶ</span> <span class='ocrx_word' id='word_1_19' title='bbox 189 223 299 255; x_wconf 81' lang='grc' dir='ltr'>πλείους</span> <span class='ocrx_word' id='word_1_20' title='bbox 315 224 453 260; x_wconf 81' lang='grc' dir='ltr'>νοταρίους</span> <span class='ocrx_word' id='word_1_21' title='bbox 463 244 470 255; x_wconf 93' lang='grc'><strong>,</strong></span> <span class='ocrx_word' id='word_1_22' title='bbox 487 223 535 250; x_wconf 78' lang='grc' dir='ltr'>καὶ</span> <span class='ocrx_word' id='word_1_23' title='bbox 548 223 597 255; x_wconf 76' lang='grc' dir='ltr'>τὰς</span> <span class='ocrx_word' id='word_1_24' title='bbox 612 223 714 250; x_wconf 80' lang='grc' dir='ltr'>τούτων</span> <span class='ocrx_word' id='word_1_25' title='bbox 737 222 823 249; x_wconf 84' lang='grc' dir='ltr'>δαπά-</span> 
     </span>
    </p>
   </div>
   <div class='ocr_carea' id='block_1_7' title="bbox 877 213 1661 256">
    <p class='ocr_par' dir='ltr' id='par_1_7' title="bbox 877 213 1661 256">
     <span class='ocr_line' id='line_1_7' title="bbox 877 213 1661 256; baseline -0.011 -8"><span class='ocrx_word' id='word_1_26' title='bbox 877 228 969 256; x_wconf 88' lang='lat' dir='ltr'><strong>parem</strong></span> <span class='ocrx_word' id='word_1_27' title='bbox 985 227 1139 250; x_wconf 83' lang='lat' dir='ltr'><strong>numerum.</strong></span> <span class='ocrx_word' id='word_1_28' title='bbox 1155 217 1281 253; x_wconf 82' lang='lat' dir='ltr'><strong>quodque</strong></span> <span class='ocrx_word' id='word_1_29' title='bbox 1300 217 1343 244; x_wconf 87' lang='lat' dir='ltr'><strong>his</strong></span> <span class='ocrx_word' id='word_1_30' title='bbox 1365 216 1454 250; x_wconf 84' lang='lat' dir='ltr'><strong>majus</strong></span> <span class='ocrx_word' id='word_1_31' title='bbox 1472 219 1524 246; x_wconf 86' lang='lat' dir='ltr'><strong>est,</strong></span> <span class='ocrx_word' id='word_1_32' title='bbox 1545 213 1661 240; x_wconf 87' lang='lat' dir='ltr'><strong>incredi-</strong></span> 
     </span>
    </p>
   </div>
   <div class='ocr_carea' id='block_1_8' title="bbox 48 258 809 305">
    <p class='ocr_par' dir='ltr' id='par_1_8' title="bbox 48 258 809 305">
     <span class='ocr_line' id='line_1_8' title="bbox 48 258 809 305; baseline -0.003 -8"><span class='ocrx_word' id='word_1_33' title='bbox 48 279 105 302; x_wconf 84' lang='grc' dir='ltr'>νας,</span> <span class='ocrx_word' id='word_1_34' title='bbox 120 270 166 296; x_wconf 72' lang='grc' dir='ltr'>καὶ</span> <span class='ocrx_word' id='word_1_35' title='bbox 180 258 385 305; x_wconf 76' lang='grc' dir='ltr'>καλλιγράφους</span> <span class='ocrx_word' id='word_1_36' title='bbox 404 269 450 296; x_wconf 86' lang='grc' dir='ltr'>τὸν</span> <span class='ocrx_word' id='word_1_37' title='bbox 473 267 530 295; x_wconf 82' lang='grc' dir='ltr'>ἴσον</span> <span class='ocrx_word' id='word_1_38' title='bbox 548 269 674 305; x_wconf 79' lang='grc' dir='ltr'>ἀριθμὸν,</span> <span class='ocrx_word' id='word_1_39' title='bbox 690 270 736 295; x_wconf 83' lang='grc' dir='ltr'>καὶ</span> <span class='ocrx_word' id='word_1_40' title='bbox 752 269 809 303; x_wconf 53' lang='grc' dir='ltr'>ὅπεγ</span> 
     </span>
    </p>
   </div>
   <div class='ocr_carea' id='block_1_9' title="bbox 905 258 1660 305">
    <p class='ocr_par' dir='ltr' id='par_1_9' title="bbox 905 258 1660 300">
     <span class='ocr_line' id='line_1_9' title="bbox 905 258 1660 300; baseline -0.013 -6"><span class='ocrx_word' id='word_1_41' title='bbox 905 268 923 294; x_wconf 91' lang='lat' dir='ltr'><strong>li</strong></span> <span class='ocrx_word' id='word_1_42' title='bbox 949 266 1040 295; x_wconf 87' lang='lat' dir='ltr'><strong>studio</strong></span> <span class='ocrx_word' id='word_1_43' title='bbox 1059 265 1181 300; x_wconf 87' lang='lat' dir='ltr'><strong>quotidie</strong></span> <span class='ocrx_word' id='word_1_44' title='bbox 1200 263 1235 291; x_wconf 84' lang='lat' dir='ltr'><strong>ab</strong></span> <span class='ocrx_word' id='word_1_45' title='bbox 1254 270 1287 291; x_wconf 90' lang='lat' dir='ltr'><strong>eo</strong></span> <span class='ocrx_word' id='word_1_46' title='bbox 1305 270 1373 297; x_wconf 88' lang='lat' dir='ltr'><strong>opus</strong></span> <span class='ocrx_word' id='word_1_47' title='bbox 1394 262 1515 296; x_wconf 82' lang='lat' dir='ltr'><strong>exigens.</strong></span> <span class='ocrx_word' id='word_1_48' title='bbox 1538 258 1615 287; x_wconf 85' lang='lat' dir='ltr'><strong>Unde</strong></span> <span class='ocrx_word' id='word_1_49' title='bbox 1633 259 1660 285; x_wconf 91' lang='lat' dir='ltr'><strong>in</strong></span> 
     </span>
    </p>
   </div>
   <div class='ocr_carea' id='block_1_10' title="bbox 47 314 821 350">
    <p class='ocr_par' dir='ltr' id='par_1_10' title="bbox 47 314 821 350">
     <span class='ocr_line' id='line_1_10' title="bbox 47 314 821 350; baseline -0.001 -9"><span class='ocrx_word' id='word_1_50' title='bbox 47 316 97 342; x_wconf 73' lang='grc' dir='ltr'><strong>ἐστὶ</strong></span> <span class='ocrx_word' id='word_1_51' title='bbox 114 315 214 350; x_wconf 79' lang='grc' dir='ltr'>μεῖζον,</span> <span class='ocrx_word' id='word_1_52' title='bbox 228 315 381 350; x_wconf 80' lang='grc' dir='ltr'>ἀνυποίστῳ</span> <span class='ocrx_word' id='word_1_53' title='bbox 399 314 499 350; x_wconf 83' lang='grc' dir='ltr'><strong>σπουδῇ</strong></span> <span class='ocrx_word' id='word_1_54' title='bbox 517 314 645 341; x_wconf 74' lang='grc' dir='ltr'>ἑκάστοτε</span> <span class='ocrx_word' id='word_1_55' title='bbox 659 314 739 350; x_wconf 77' lang='grc' dir='ltr'>ἔργον</span> <span class='ocrx_word' id='word_1_56' title='bbox 756 314 821 349; x_wconf 82' lang='grc' dir='ltr'>παρ’</span> 
     </span>
    </p>
   </div>
   <div class='ocr_carea' id='block_1_11' title="bbox 875 306 1660 348">
    <p class='ocr_par' dir='ltr' id='par_1_11' title="bbox 875 306 1660 348">
     <span class='ocr_line' id='line_1_11' title="bbox 875 306 1660 348; baseline -0.01 -8"><span class='ocrx_word' id='word_1_57' title='bbox 875 313 994 348; x_wconf 87' lang='lat' dir='ltr'><strong>quadam</strong></span> <span class='ocrx_word' id='word_1_58' title='bbox 1013 311 1127 346; x_wconf 84' lang='lat' dir='ltr'><strong>epistola</strong></span> <span class='ocrx_word' id='word_1_59' title='bbox 1149 307 1329 345; x_wconf 82' lang='grc' dir='ltr'>ὲργοδιὼκτην</span> <span class='ocrx_word' id='word_1_60' title='bbox 1344 306 1474 343; x_wconf 76' lang='lat' dir='ltr'><strong>Origenes</strong></span> <span class='ocrx_word' id='word_1_61' title='bbox 1490 313 1552 333; x_wconf 91' lang='lat' dir='ltr'><strong>eum</strong></span> <span class='ocrx_word' id='word_1_62' title='bbox 1571 309 1660 332; x_wconf 84' lang='lat' dir='ltr'><strong>vocat.</strong></span> 
     </span>
    </p>
   </div>
   <div class='ocr_carea' id='block_1_12' title="bbox 47 355 1194 396">
    <p class='ocr_par' dir='ltr' id='par_1_12' title="bbox 47 355 1194 396">
     <span class='ocr_line' id='line_1_12' title="bbox 47 355 1194 396; baseline -0.004 -10"><span class='ocrx_word' id='word_1_63' title='bbox 47 360 118 387; x_wconf 84' lang='grc' dir='ltr'><strong>αὑτοῦ</strong></span> <span class='ocrx_word' id='word_1_64' title='bbox 137 360 272 388; x_wconf 84' lang='grc' dir='ltr'>ἀπαιτῶν.</span> <span class='ocrx_word' id='word_1_65' title='bbox 291 361 336 387; x_wconf 86' lang='grc' dir='ltr'>Διὸ</span> <span class='ocrx_word' id='word_1_66' title='bbox 358 361 387 386; x_wconf 82' lang='grc' dir='ltr'>ὲν</span> <span class='ocrx_word' id='word_1_67' title='bbox 411 361 460 396; x_wconf 79' lang='grc' dir='ltr'><strong>μιᾷ</strong></span> <span class='ocrx_word' id='word_1_68' title='bbox 486 360 614 395; x_wconf 78' lang='grc' dir='ltr'>ἐπιστολῇ</span> <span class='ocrx_word' id='word_1_69' title='bbox 635 358 836 394; x_wconf 79' lang='grc' dir='ltr'>ἐργοδιώκτην</span> <span class='ocrx_word' id='word_1_70' title='bbox 855 358 938 384; x_wconf 84' lang='grc' dir='ltr'>αὑτὸν</span> <span class='ocrx_word' id='word_1_71' title='bbox 957 356 1096 392; x_wconf 81' lang='grc' dir='ltr'>Ὠριγένης</span> <span class='ocrx_word' id='word_1_72' title='bbox 1108 355 1194 382; x_wconf 84' lang='grc' dir='ltr'>καλεῖ.</span> 
     </span>
    </p>
   </div>
   <div class='ocr_carea' id='block_1_13' title="bbox 822 405 867 434">
    <p class='ocr_par' dir='ltr' id='par_1_13' title="bbox 822 405 867 434">
     <span class='ocr_line' id='line_1_13' title="bbox 822 405 867 434; baseline 0 -1"><span class='ocrx_word' id='word_1_73' title='bbox 822 405 867 434; x_wconf 89' lang='lat' dir='ltr'><strong>IV.</strong></span> 
     </span>
    </p>
   </div>
   <div class='ocr_carea' id='block_1_14' title="bbox 454 461 1237 500">
    <p class='ocr_par' dir='ltr' id='par_1_14' title="bbox 454 461 1237 500">
     <span class='ocr_line' id='line_1_14' title="bbox 454 461 1237 500; baseline -0.006 -7"><span class='ocrx_word' id='word_1_74' title='bbox 454 466 573 493; x_wconf 78' lang='lat' dir='ltr'><strong>Andreas</strong></span> <span class='ocrx_word' id='word_1_75' title='bbox 590 465 761 494; x_wconf 62' lang='lat' dir='ltr'><strong>Caesariensis</strong></span> <span class='ocrx_word' id='word_1_76' title='bbox 774 465 800 492; x_wconf 91' lang='lat' dir='ltr'><strong>in</strong></span> <span class='ocrx_word' id='word_1_77' title='bbox 813 464 979 500; x_wconf 82' lang='lat' dir='ltr'><strong>Apocalyps.</strong></span> <span class='ocrx_word' id='word_1_78' title='bbox 996 471 1057 495; x_wconf 78' lang='lat' dir='ltr'><strong>xm.</strong></span> <span class='ocrx_word' id='word_1_79' title='bbox 1074 463 1100 496; x_wconf 76' lang='lat' dir='ltr'><strong>l,</strong></span> <span class='ocrx_word' id='word_1_80' title='bbox 1117 471 1178 497; x_wconf 86' lang='lat' dir='ltr'><strong>pag.</strong></span> <span class='ocrx_word' id='word_1_81' title='bbox 1194 461 1237 489; x_wconf 92' lang='lat'><strong>70.</strong></span> 
     </span>
    </p>
   </div>
   <div class='ocr_carea' id='block_1_15' title="bbox 76 523 819 562">
    <p class='ocr_par' dir='ltr' id='par_1_15' title="bbox 76 523 819 562">
     <span class='ocr_line' id='line_1_15' title="bbox 76 523 819 562; baseline 0.004 -13"><span class='ocrx_word' id='word_1_82' title='bbox 76 523 147 555; x_wconf 77' lang='grc' dir='ltr'>Τινὲς</span> <span class='ocrx_word' id='word_1_83' title='bbox 161 524 211 559; x_wconf 81' lang='grc' dir='ltr'>μὲν</span> <span class='ocrx_word' id='word_1_84' title='bbox 226 524 259 551; x_wconf 88' lang='grc' dir='ltr'>τὸ</span> <span class='ocrx_word' id='word_1_85' title='bbox 273 526 375 558; x_wconf 75' lang='grc' dir='ltr'>θηρίω-</span> <span class='ocrx_word' id='word_1_86' title='bbox 386 525 464 552; x_wconf 84' lang='grc' dir='ltr'><strong>τοῦτο</strong></span> <span class='ocrx_word' id='word_1_87' title='bbox 477 525 685 562; x_wconf 80' lang='grc' dir='ltr'>δευτερεύουσάν</span> <span class='ocrx_word' id='word_1_88' title='bbox 701 534 761 552; x_wconf 83' lang='grc' dir='ltr'>τινα</span> <span class='ocrx_word' id='word_1_89' title='bbox 775 525 819 551; x_wconf 82' lang='grc' dir='ltr'><strong>δύ-</strong></span> 
     </span>
    </p>
   </div>
   <div class='ocr_carea' id='block_1_16' title="bbox 45 569 818 606">
    <p class='ocr_par' dir='ltr' id='par_1_16' title="bbox 45 569 818 606">
     <span class='ocr_line' id='line_1_16' title="bbox 45 569 818 606; baseline 0 -11"><span class='ocrx_word' id='word_1_90' title='bbox 45 578 116 605; x_wconf 80' lang='grc' dir='ltr'>ναμιν</span> <span class='ocrx_word' id='word_1_91' title='bbox 128 569 173 595; x_wconf 80' lang='grc' dir='ltr'><strong>τοῦ</strong></span> <span class='ocrx_word' id='word_1_92' title='bbox 194 570 310 602; x_wconf 80' lang='grc' dir='ltr'><strong>Σατανᾶ,</strong></span> <span class='ocrx_word' id='word_1_93' title='bbox 327 570 379 597; x_wconf 84' lang='grc' dir='ltr'>τῶν</span> <span class='ocrx_word' id='word_1_94' title='bbox 396 570 496 597; x_wconf 84' lang='grc' dir='ltr'><strong>λοιπῶν</strong></span> <span class='ocrx_word' id='word_1_95' title='bbox 519 570 653 606; x_wconf 84' lang='grc' dir='ltr'><strong>δαιμόνων</strong></span> <span class='ocrx_word' id='word_1_96' title='bbox 670 570 818 606; x_wconf 81' lang='grc' dir='ltr'>ἄρχουσαν,</span> 
     </span>
    </p>
   </div>
   <div class='ocr_carea' id='block_1_17' title="bbox 45 616 819 652">
    <p class='ocr_par' dir='ltr' id='par_1_17' title="bbox 45 616 819 652">
     <span class='ocr_line' id='line_1_17' title="bbox 45 616 819 652; baseline 0 -10"><span class='ocrx_word' id='word_1_97' title='bbox 45 616 206 651; x_wconf 79' lang='grc' dir='ltr'>ἐξειλήφασι·</span> <span class='ocrx_word' id='word_1_98' title='bbox 221 616 251 643; x_wconf 83' lang='grc' dir='ltr'>τὸ</span> <span class='ocrx_word' id='word_1_99' title='bbox 275 616 304 642; x_wconf 85' lang='grc' dir='ltr'>δὲ</span> <span class='ocrx_word' id='word_1_100' title='bbox 321 617 377 652; x_wconf 84' lang='grc' dir='ltr'>μετ’</span> <span class='ocrx_word' id='word_1_101' title='bbox 394 617 459 643; x_wconf 83' lang='grc' dir='ltr'>αὐτὸ</span> <span class='ocrx_word' id='word_1_102' title='bbox 474 618 506 643; x_wconf 82' lang='grc' dir='ltr'>ὲκ</span> <span class='ocrx_word' id='word_1_103' title='bbox 527 617 576 652; x_wconf 80' lang='grc' dir='ltr'><strong>τῆς</strong></span> <span class='ocrx_word' id='word_1_104' title='bbox 595 617 646 652; x_wconf 87' lang='grc' dir='ltr'>γῆς</span> <span class='ocrx_word' id='word_1_105' title='bbox 669 616 759 647; x_wconf 84' lang='grc' dir='ltr'>ἀνιὸν,</span> <span class='ocrx_word' id='word_1_106' title='bbox 773 616 819 642; x_wconf 81' lang='grc' dir='ltr'>τὸν</span> 
     </span>
    </p>
   </div>
   <div class='ocr_carea' id='block_1_18' title="bbox 45 661 818 697">
    <p class='ocr_par' dir='ltr' id='par_1_18' title="bbox 45 661 818 697">
     <span class='ocr_line' id='line_1_18' title="bbox 45 661 818 697; baseline 0 -10"><span class='ocrx_word' id='word_1_107' title='bbox 45 661 226 697; x_wconf 81' lang='grc' dir='ltr'>Ἀντίχριστον.</span> <span class='ocrx_word' id='word_1_108' title='bbox 249 661 312 693; x_wconf 79' lang='grc' dir='ltr'>Τοῖς</span> <span class='ocrx_word' id='word_1_109' title='bbox 331 662 358 688; x_wconf 91' lang='grc' dir='ltr'><strong>δε</strong></span> <span class='ocrx_word' id='word_1_110' title='bbox 387 661 484 694; x_wconf 79' lang='grc' dir='ltr'><strong>ἁγίοις,</strong></span> <span class='ocrx_word' id='word_1_111' title='bbox 509 661 631 696; x_wconf 81' lang='grc' dir='ltr'>Μεθοδίῳ</span> <span class='ocrx_word' id='word_1_112' title='bbox 657 662 703 688; x_wconf 77' lang='grc' dir='ltr'>καὶ</span> <span class='ocrx_word' id='word_1_113' title='bbox 725 662 818 688; x_wconf 85' lang='grc' dir='ltr'>Ἱππο-</span> 
     </span>
    </p>
   </div>
   <div class='ocr_carea' id='block_1_19' title="bbox 44 706 818 743">
    <p class='ocr_par' dir='ltr' id='par_1_19' title="bbox 44 706 818 743">
     <span class='ocr_line' id='line_1_19' title="bbox 44 706 818 743; baseline 0.001 -11"><span class='ocrx_word' id='word_1_114' title='bbox 44 706 106 741; x_wconf 79' lang='grc' dir='ltr'>λύτῳ</span> <span class='ocrx_word' id='word_1_115' title='bbox 123 707 169 733; x_wconf 77' lang='grc' dir='ltr'>καὶ</span> <span class='ocrx_word' id='word_1_116' title='bbox 191 706 306 742; x_wconf 82' lang='grc' dir='ltr'>ἑτέροις,</span> <span class='ocrx_word' id='word_1_117' title='bbox 329 708 368 738; x_wconf 82' lang='grc' dir='ltr'><strong>εἰς</strong></span> <span class='ocrx_word' id='word_1_118' title='bbox 389 706 493 743; x_wconf 80' lang='grc' dir='ltr'>[αὐτὸν]</span> <span class='ocrx_word' id='word_1_119' title='bbox 516 706 561 733; x_wconf 82' lang='grc' dir='ltr'>τὸν</span> <span class='ocrx_word' id='word_1_120' title='bbox 584 707 764 741; x_wconf 80' lang='grc' dir='ltr'>Ἀντίχριπον</span> <span class='ocrx_word' id='word_1_121' title='bbox 786 706 818 732; x_wconf 84' lang='grc' dir='ltr'>τὸ</span> 
     </span>
    </p>
   </div>
   <div class='ocr_carea' id='block_1_20' title="bbox 45 752 816 788">
    <p class='ocr_par' dir='ltr' id='par_1_20' title="bbox 45 752 816 788">
     <span class='ocr_line' id='line_1_20' title="bbox 45 752 816 788; baseline 0 -10"><span class='ocrx_word' id='word_1_122' title='bbox 45 752 120 788; x_wconf 77' lang='grc' dir='ltr'>παρὸν</span> <span class='ocrx_word' id='word_1_123' title='bbox 140 752 232 787; x_wconf 84' lang='grc' dir='ltr'>θηρίον</span> <span class='ocrx_word' id='word_1_124' title='bbox 246 753 418 788; x_wconf 63' lang='grc' dir='ltr'>ὲξείλητιταιτ</span> <span class='ocrx_word' id='word_1_125' title='bbox 437 754 468 779; x_wconf 85' lang='grc' dir='ltr'>ὲκ</span> <span class='ocrx_word' id='word_1_126' title='bbox 491 753 540 787; x_wconf 83' lang='grc' dir='ltr'>τῆς</span> <span class='ocrx_word' id='word_1_127' title='bbox 565 752 753 788; x_wconf 82' lang='grc' dir='ltr'>πολυταράχου</span> <span class='ocrx_word' id='word_1_128' title='bbox 769 752 816 779; x_wconf 82' lang='grc' dir='ltr'><strong>τοῦ</strong></span> 
     </span>
    </p>
   </div>
   <div class='ocr_carea' id='block_1_21' title="bbox 45 798 816 834">
    <p class='ocr_par' dir='ltr' id='par_1_21' title="bbox 45 798 816 834">
     <span class='ocr_line' id='line_1_21' title="bbox 45 798 816 834; baseline 0.001 -11"><span class='ocrx_word' id='word_1_129' title='bbox 45 798 94 832; x_wconf 80' lang='grc' dir='ltr'>βίου</span> <span class='ocrx_word' id='word_1_130' title='bbox 117 799 211 824; x_wconf 78' lang='grc' dir='ltr'>τούτου</span> <span class='ocrx_word' id='word_1_131' title='bbox 241 798 378 833; x_wconf 80' lang='grc' dir='ltr'><strong>θαλάσσης</strong></span> <span class='ocrx_word' id='word_1_132' title='bbox 399 799 445 824; x_wconf 79' lang='grc' dir='ltr'>καὶ</span> <span class='ocrx_word' id='word_1_133' title='bbox 470 798 656 834; x_wconf 77' lang='grc' dir='ltr'>πολυκὺμονος</span> <span class='ocrx_word' id='word_1_134' title='bbox 671 798 816 834; x_wconf 74' lang='grc' dir='ltr'>ἐξερχόμε-</span> 
     </span>
    </p>
   </div>
   <div class='ocr_carea' id='block_1_22' title="bbox 44 843 816 884">
    <p class='ocr_par' dir='ltr' id='par_1_22' title="bbox 44 843 816 884">
     <span class='ocr_line' id='line_1_22' title="bbox 44 843 816 884; baseline 0.001 -15"><span class='ocrx_word' id='word_1_135' title='bbox 44 852 90 870; x_wconf 70' lang='lat' dir='ltr'><strong>tm.</strong></span> <span class='ocrx_word' id='word_1_136' title='bbox 107 844 144 871; x_wconf 86' lang='grc' dir='ltr'><strong>Τὰ</strong></span> <span class='ocrx_word' id='word_1_137' title='bbox 168 844 195 870; x_wconf 84' lang='grc' dir='ltr'>δὲ</span> <span class='ocrx_word' id='word_1_138' title='bbox 212 843 286 884; x_wconf 68' lang='grc' dir='ltr'>δέκα</span> <span class='ocrx_word' id='word_1_139' title='bbox 307 844 414 878; x_wconf 81' lang='grc' dir='ltr'>κέρατα</span> <span class='ocrx_word' id='word_1_140' title='bbox 442 844 489 870; x_wconf 81' lang='grc' dir='ltr'><strong>σὺν</strong></span> <span class='ocrx_word' id='word_1_141' title='bbox 505 845 562 875; x_wconf 87' lang='grc' dir='ltr'>τοῖς</span> <span class='ocrx_word' id='word_1_142' title='bbox 588 844 753 880; x_wconf 84' lang='grc' dir='ltr'>διαδήμασι,</span> <span class='ocrx_word' id='word_1_143' title='bbox 770 844 816 870; x_wconf 73' lang='grc' dir='ltr'>καὶ</span> 
     </span>
    </p>
   </div>
   <div class='ocr_carea' id='block_1_23' title="bbox 909 517 1659 557">
    <p class='ocr_par' dir='ltr' id='par_1_23' title="bbox 909 517 1659 557">
     <span class='ocr_line' id='line_1_23' title="bbox 909 517 1659 557; baseline -0.011 -7"><span class='ocrx_word' id='word_1_144' title='bbox 909 523 1024 556; x_wconf 87' lang='lat' dir='ltr'><strong>Quidam</strong></span> <span class='ocrx_word' id='word_1_145' title='bbox 1053 529 1101 557; x_wconf 88' lang='lat' dir='ltr'><strong>per</strong></span> <span class='ocrx_word' id='word_1_146' title='bbox 1129 521 1200 548; x_wconf 86' lang='lat' dir='ltr'><strong>hanc</strong></span> <span class='ocrx_word' id='word_1_147' title='bbox 1226 520 1334 547; x_wconf 73' lang='lat' dir='ltr'><strong>bestiam</strong></span> <span class='ocrx_word' id='word_1_148' title='bbox 1366 518 1502 552; x_wconf 83' lang='lat' dir='ltr'><strong>accipiunt</strong></span> <span class='ocrx_word' id='word_1_149' title='bbox 1532 517 1659 544; x_wconf 78' lang='lat' dir='ltr'><strong>virtutem</strong></span> 
     </span>
    </p>
   </div>
   <div class='ocr_carea' id='block_1_24' title="bbox 872 562 1658 605">
    <p class='ocr_par' dir='ltr' id='par_1_24' title="bbox 872 562 1658 605">
     <span class='ocr_line' id='line_1_24' title="bbox 872 562 1658 605; baseline -0.011 -8"><span class='ocrx_word' id='word_1_150' title='bbox 872 569 1018 605; x_wconf 83' lang='lat' dir='ltr'><strong>quamdam</strong></span> <span class='ocrx_word' id='word_1_151' title='bbox 1042 567 1146 595; x_wconf 88' lang='lat' dir='ltr'><strong>viribus</strong></span> <span class='ocrx_word' id='word_1_152' title='bbox 1167 571 1194 593; x_wconf 91' lang='lat' dir='ltr'><strong>et</strong></span> <span class='ocrx_word' id='word_1_153' title='bbox 1216 565 1336 600; x_wconf 73' lang='lat' dir='ltr'><strong>nequitia</strong></span> <span class='ocrx_word' id='word_1_154' title='bbox 1360 563 1459 591; x_wconf 88' lang='lat' dir='ltr'><strong>Satana</strong></span> <span class='ocrx_word' id='word_1_155' title='bbox 1483 562 1658 591; x_wconf 78' lang='lat' dir='ltr'><strong>inferiorem.</strong></span> 
     </span>
    </p>
   </div>
   <div class='ocr_carea' id='block_1_25' title="bbox 872 607 1660 644">
    <p class='ocr_par' dir='ltr' id='par_1_25' title="bbox 872 607 1660 644">
     <span class='ocr_line' id='line_1_25' title="bbox 872 607 1660 644; baseline -0.011 -2"><span class='ocrx_word' id='word_1_156' title='bbox 872 615 978 643; x_wconf 69' lang='lat' dir='ltr'><strong>czeteris</strong></span> <span class='ocrx_word' id='word_1_157' title='bbox 997 618 1088 641; x_wconf 84' lang='lat' dir='ltr'><strong>autem</strong></span> <span class='ocrx_word' id='word_1_158' title='bbox 1107 611 1276 639; x_wconf 57' lang='lat' dir='ltr'><strong>daemonibus</strong></span> <span class='ocrx_word' id='word_1_159' title='bbox 1291 614 1407 644; x_wconf 83' lang='lat' dir='ltr'><strong>utroque</strong></span> <span class='ocrx_word' id='word_1_160' title='bbox 1423 616 1522 644; x_wconf 78' lang='lat' dir='ltr'><strong>genere</strong></span> <span class='ocrx_word' id='word_1_161' title='bbox 1537 607 1660 634; x_wconf 87' lang='lat' dir='ltr'><strong>eminen-</strong></span> 
     </span>
    </p>
   </div>
   <div class='ocr_carea' id='block_1_26' title="bbox 870 655 1659 694">
    <p class='ocr_par' dir='ltr' id='par_1_26' title="bbox 870 655 1659 694">
     <span class='ocr_line' id='line_1_26' title="bbox 870 655 1659 694; baseline -0.013 -6"><span class='ocrx_word' id='word_1_162' title='bbox 870 661 967 688; x_wconf 91' lang='lat' dir='ltr'><strong>tiorem</strong></span> <span class='ocrx_word' id='word_1_163' title='bbox 982 669 988 687; x_wconf 93' lang='lat'>:</span> <span class='ocrx_word' id='word_1_164' title='bbox 1002 667 1051 694; x_wconf 91' lang='lat' dir='ltr'><strong>per</strong></span> <span class='ocrx_word' id='word_1_165' title='bbox 1065 658 1180 686; x_wconf 89' lang='lat' dir='ltr'><strong>bestiam</strong></span> <span class='ocrx_word' id='word_1_166' title='bbox 1201 665 1267 684; x_wconf 88' lang='lat' dir='ltr'><strong>vero</strong></span> <span class='ocrx_word' id='word_1_167' title='bbox 1289 663 1350 691; x_wconf 63' lang='lat' dir='ltr'><strong>qua</strong></span> <span class='ocrx_word' id='word_1_168' title='bbox 1370 655 1451 690; x_wconf 91' lang='lat' dir='ltr'><strong>paulo</strong></span> <span class='ocrx_word' id='word_1_169' title='bbox 1474 657 1535 689; x_wconf 88' lang='lat' dir='ltr'><strong>post</strong></span> <span class='ocrx_word' id='word_1_170' title='bbox 1554 661 1568 679; x_wconf 90' lang='lat' dir='ltr'><strong>e</strong></span> <span class='ocrx_word' id='word_1_171' title='bbox 1588 657 1659 679; x_wconf 90' lang='lat' dir='ltr'><strong>terra</strong></span> 
     </span>
    </p>
   </div>
   <div class='ocr_carea' id='block_1_27' title="bbox 871 698 1659 741">
    <p class='ocr_par' dir='ltr' id='par_1_27' title="bbox 871 698 1659 741">
     <span class='ocr_line' id='line_1_27' title="bbox 871 698 1659 741; baseline -0.013 -7"><span class='ocrx_word' id='word_1_172' title='bbox 871 707 995 741; x_wconf 78' lang='lat' dir='ltr'><strong>emergit,</strong></span> <span class='ocrx_word' id='word_1_173' title='bbox 1012 705 1209 732; x_wconf 81' lang='lat' dir='ltr'><strong>Antichristum</strong></span> <span class='ocrx_word' id='word_1_174' title='bbox 1226 703 1325 738; x_wconf 89' lang='lat' dir='ltr'><strong>ipsum.</strong></span> <span class='ocrx_word' id='word_1_175' title='bbox 1338 702 1373 728; x_wconf 82' lang='lat' dir='ltr'><strong>At</strong></span> <span class='ocrx_word' id='word_1_176' title='bbox 1385 705 1496 728; x_wconf 88' lang='lat' dir='ltr'><strong>sanctus</strong></span> <span class='ocrx_word' id='word_1_177' title='bbox 1506 698 1659 726; x_wconf 79' lang='lat' dir='ltr'><strong>Methodius</strong></span> 
     </span>
    </p>
   </div>
   <div class='ocr_carea' id='block_1_28' title="bbox 870 745 1659 787">
    <p class='ocr_par' dir='ltr' id='par_1_28' title="bbox 870 745 1659 787">
     <span class='ocr_line' id='line_1_28' title="bbox 870 745 1659 787; baseline -0.013 -7"><span class='ocrx_word' id='word_1_178' title='bbox 870 757 897 780; x_wconf 89' lang='lat' dir='ltr'><strong>et</strong></span> <span class='ocrx_word' id='word_1_179' title='bbox 913 752 1083 787; x_wconf 79' lang='lat' dir='ltr'><strong>Hippolytus,</strong></span> <span class='ocrx_word' id='word_1_180' title='bbox 1104 754 1132 777; x_wconf 92' lang='lat' dir='ltr'><strong>et</strong></span> <span class='ocrx_word' id='word_1_181' title='bbox 1157 750 1202 776; x_wconf 83' lang='lat' dir='ltr'><strong>alii</strong></span> <span class='ocrx_word' id='word_1_182' title='bbox 1226 753 1340 778; x_wconf 82' lang='lat' dir='ltr'><strong>veteres,</strong></span> <span class='ocrx_word' id='word_1_183' title='bbox 1362 748 1395 774; x_wconf 89' lang='lat' dir='ltr'><strong>de</strong></span> <span class='ocrx_word' id='word_1_184' title='bbox 1412 748 1470 782; x_wconf 89' lang='lat' dir='ltr'><strong>ipso</strong></span> <span class='ocrx_word' id='word_1_185' title='bbox 1492 745 1659 772; x_wconf 51' lang='lat' dir='ltr'><strong>Antichristi)</strong></span> 
     </span>
    </p>
   </div>
   <div class='ocr_carea' id='block_1_29' title="bbox 869 791 1659 833">
    <p class='ocr_par' dir='ltr' id='par_1_29' title="bbox 869 791 1659 833">
     <span class='ocr_line' id='line_1_29' title="bbox 869 791 1659 833; baseline -0.011 -7"><span class='ocrx_word' id='word_1_186' title='bbox 869 802 1030 833; x_wconf 67' lang='lat' dir='ltr'><strong>praesentem</strong></span> <span class='ocrx_word' id='word_1_187' title='bbox 1045 797 1136 824; x_wconf 90' lang='lat' dir='ltr'><strong>locum</strong></span> <span class='ocrx_word' id='word_1_188' title='bbox 1152 795 1321 829; x_wconf 78' lang='lat' dir='ltr'><strong>interpretati</strong></span> <span class='ocrx_word' id='word_1_189' title='bbox 1342 798 1419 825; x_wconf 80' lang='lat' dir='ltr'><strong>sunt;</strong></span> <span class='ocrx_word' id='word_1_190' title='bbox 1442 797 1472 819; x_wconf 91' lang='lat' dir='ltr'><strong>ut</strong></span> <span class='ocrx_word' id='word_1_191' title='bbox 1491 791 1537 826; x_wconf 92' lang='lat' dir='ltr'><strong>qui</strong></span> <span class='ocrx_word' id='word_1_192' title='bbox 1552 799 1585 818; x_wconf 82' lang='lat' dir='ltr'><strong>ex</strong></span> <span class='ocrx_word' id='word_1_193' title='bbox 1603 795 1659 817; x_wconf 92' lang='lat' dir='ltr'><strong>tur-</strong></span> 
     </span>
    </p>
   </div>
   <div class='ocr_carea' id='block_1_30' title="bbox 869 839 1658 878">
    <p class='ocr_par' dir='ltr' id='par_1_30' title="bbox 869 839 1658 878">
     <span class='ocr_line' id='line_1_30' title="bbox 869 839 1658 878; baseline -0.011 -7"><span class='ocrx_word' id='word_1_194' title='bbox 869 844 978 871; x_wconf 84' lang='lat' dir='ltr'><strong>bulento</strong></span> <span class='ocrx_word' id='word_1_195' title='bbox 989 843 1192 878; x_wconf 87' lang='lat' dir='ltr'><strong>plurimumque</strong></span> <span class='ocrx_word' id='word_1_196' title='bbox 1204 841 1309 868; x_wconf 92' lang='lat' dir='ltr'><strong>undoso</strong></span> <span class='ocrx_word' id='word_1_197' title='bbox 1321 840 1382 866; x_wconf 60' lang='lat' dir='ltr'><strong>vitae</strong></span> <span class='ocrx_word' id='word_1_198' title='bbox 1394 839 1475 873; x_wconf 84' lang='lat' dir='ltr'><strong>hujus</strong></span> <span class='ocrx_word' id='word_1_199' title='bbox 1486 839 1555 864; x_wconf 86' lang='lat' dir='ltr'><strong>mari</strong></span> <span class='ocrx_word' id='word_1_200' title='bbox 1566 844 1658 872; x_wconf 82' lang='lat' dir='ltr'><strong>egres-</strong></span> 
     </span>
    </p>
   </div>
   <div class='ocr_carea' id='block_1_31' title="bbox 44 881 809 926">
    <p class='ocr_par' dir='ltr' id='par_1_31' title="bbox 44 881 809 926">
     <span class='ocr_line' id='line_1_31' title="bbox 44 881 809 926; baseline 0 -10"><span class='ocrx_word' id='word_1_201' title='bbox 44 891 66 916; x_wconf 87' lang='grc' dir='ltr'>ιιί</span> <span class='ocrx_word' id='word_1_202' title='bbox 80 890 148 916; x_wconf 77' lang='grc' dir='ltr'><strong>ἑπτὰ</strong></span> <span class='ocrx_word' id='word_1_203' title='bbox 164 881 293 924; x_wconf 65' lang='grc' dir='ltr'>κεφαλαὶ</span> <span class='ocrx_word' id='word_1_204' title='bbox 305 911 312 922; x_wconf 88' lang='grc'><strong>,</strong></span> <span class='ocrx_word' id='word_1_205' title='bbox 330 891 378 926; x_wconf 81' lang='grc' dir='ltr'><strong>τήν</strong></span> <span class='ocrx_word' id='word_1_206' title='bbox 393 899 422 917; x_wconf 79' lang='grc' dir='ltr'>τε</span> <span class='ocrx_word' id='word_1_207' title='bbox 451 890 498 917; x_wconf 81' lang='grc' dir='ltr'><strong>τοῦ</strong></span> <span class='ocrx_word' id='word_1_208' title='bbox 515 890 637 918; x_wconf 78' lang='grc' dir='ltr'>διαϐόλου</span> <span class='ocrx_word' id='word_1_209' title='bbox 655 891 721 926; x_wconf 82' lang='grc' dir='ltr'>πρὸς</span> <span class='ocrx_word' id='word_1_210' title='bbox 735 891 809 917; x_wconf 74' lang='grc' dir='ltr'>αὺτὺι</span> 
     </span>
    </p>
   </div>
   <div class='ocr_carea' id='block_1_32' title="bbox 905 881 1660 926">
    <p class='ocr_par' dir='ltr' id='par_1_32' title="bbox 905 881 1660 915">
     <span class='ocr_line' id='line_1_32' title="bbox 905 881 1660 915; baseline -0.009 0"><span class='ocrx_word' id='word_1_211' title='bbox 905 896 948 915; x_wconf 89' lang='lat' dir='ltr'><strong>rus</strong></span> <span class='ocrx_word' id='word_1_212' title='bbox 964 888 1010 915; x_wconf 86' lang='lat' dir='ltr'><strong>sit.</strong></span> <span class='ocrx_word' id='word_1_213' title='bbox 1031 887 1082 915; x_wconf 90' lang='lat' dir='ltr'><strong>Per</strong></span> <span class='ocrx_word' id='word_1_214' title='bbox 1102 887 1189 914; x_wconf 83' lang='lat' dir='ltr'><strong>decem</strong></span> <span class='ocrx_word' id='word_1_215' title='bbox 1205 891 1295 913; x_wconf 88' lang='lat' dir='ltr'><strong>autem</strong></span> <span class='ocrx_word' id='word_1_216' title='bbox 1316 893 1417 911; x_wconf 83' lang='lat' dir='ltr'><strong>cornua</strong></span> <span class='ocrx_word' id='word_1_217' title='bbox 1432 883 1543 911; x_wconf 77' lang='lat' dir='ltr'><strong>totidem</strong></span> <span class='ocrx_word' id='word_1_218' title='bbox 1566 881 1660 909; x_wconf 78' lang='lat' dir='ltr'><strong>diade-</strong></span> 
     </span>
    </p>
   </div>
   <div class='ocr_carea' id='block_1_33' title="bbox 45 935 817 972">
    <p class='ocr_par' dir='ltr' id='par_1_33' title="bbox 45 935 817 972">
     <span class='ocr_line' id='line_1_33' title="bbox 45 935 817 972; baseline 0 -10"><span class='ocrx_word' id='word_1_219' title='bbox 45 935 93 971; x_wconf 81' lang='grc' dir='ltr'>[τὸν</span> <span class='ocrx_word' id='word_1_220' title='bbox 125 936 316 972; x_wconf 77' lang='grc' dir='ltr'>Ἀντίχριστον]</span> <span class='ocrx_word' id='word_1_221' title='bbox 345 936 439 963; x_wconf 75' lang='grc' dir='ltr'>ἕνωσιν</span> <span class='ocrx_word' id='word_1_222' title='bbox 467 936 612 963; x_wconf 77' lang='grc' dir='ltr'>αἰνίττεται</span> <span class='ocrx_word' id='word_1_223' title='bbox 635 936 735 971; x_wconf 79' lang='grc' dir='ltr'>(ταῦτα</span> <span class='ocrx_word' id='word_1_224' title='bbox 762 935 817 971; x_wconf 87' lang='grc' dir='ltr'><strong>γὰρ</strong></span> 
     </span>
    </p>
   </div>
   <div class='ocr_carea' id='block_1_34' title="bbox 45 980 815 1017">
    <p class='ocr_par' dir='ltr' id='par_1_34' title="bbox 45 980 815 1017">
     <span class='ocr_line' id='line_1_34' title="bbox 45 980 815 1017; baseline 0.001 -11"><span class='ocrx_word' id='word_1_225' title='bbox 45 980 103 1016; x_wconf 73' lang='grc' dir='ltr'>[καὶ]</span> <span class='ocrx_word' id='word_1_226' title='bbox 121 981 192 1016; x_wconf 81' lang='grc' dir='ltr'><strong>αὐτῷ</strong></span> <span class='ocrx_word' id='word_1_227' title='bbox 221 981 357 1017; x_wconf 80' lang='grc' dir='ltr'><strong>προσόντα</strong></span> <span class='ocrx_word' id='word_1_228' title='bbox 375 981 502 1017; x_wconf 79' lang='grc' dir='ltr'><strong>ἀνωτέρω</strong></span> <span class='ocrx_word' id='word_1_229' title='bbox 517 982 707 1017; x_wconf 77' lang='grc' dir='ltr'>ἡρμήνευται),</span> <span class='ocrx_word' id='word_1_230' title='bbox 718 982 768 1017; x_wconf 87' lang='grc' dir='ltr'><strong>τήν</strong></span> <span class='ocrx_word' id='word_1_231' title='bbox 786 989 815 1007; x_wconf 85' lang='grc' dir='ltr'>τε</span> 
     </span>
    </p>
   </div>
   <div class='ocr_carea' id='block_1_35' title="bbox 44 1026 814 1062">
    <p class='ocr_par' dir='ltr' id='par_1_35' title="bbox 44 1026 814 1062">
     <span class='ocr_line' id='line_1_35' title="bbox 44 1026 814 1062; baseline 0.003 -11"><span class='ocrx_word' id='word_1_232' title='bbox 44 1027 76 1057; x_wconf 78' lang='grc' dir='ltr'><strong>εἰς</strong></span> <span class='ocrx_word' id='word_1_233' title='bbox 85 1026 145 1052; x_wconf 74' lang='grc' dir='ltr'>δέκα</span> <span class='ocrx_word' id='word_1_234' title='bbox 160 1027 210 1062; x_wconf 85' lang='grc' dir='ltr'><strong>τῆς</strong></span> <span class='ocrx_word' id='word_1_235' title='bbox 221 1028 321 1062; x_wconf 84' lang='grc' dir='ltr'>γηῖνης</span> <span class='ocrx_word' id='word_1_236' title='bbox 333 1026 468 1062; x_wconf 81' lang='grc' dir='ltr'><strong>βασιλείας</strong></span> <span class='ocrx_word' id='word_1_237' title='bbox 485 1027 528 1053; x_wconf 74' lang='grc' dir='ltr'><strong>ἐπ’</strong></span> <span class='ocrx_word' id='word_1_238' title='bbox 541 1026 662 1062; x_wconf 77' lang='grc' dir='ltr'><strong>ἐσχάτων</strong></span> <span class='ocrx_word' id='word_1_239' title='bbox 672 1027 814 1062; x_wconf 82' lang='grc' dir='ltr'>διαίρεσιν,</span> 
     </span>
    </p>
   </div>
   <div class='ocr_carea' id='block_1_36' title="bbox 44 1071 816 1108">
    <p class='ocr_par' dir='ltr' id='par_1_36' title="bbox 44 1071 816 1108">
     <span class='ocr_line' id='line_1_36' title="bbox 44 1071 816 1108; baseline 0 -10"><span class='ocrx_word' id='word_1_240' title='bbox 44 1073 83 1098; x_wconf 76' lang='grc' dir='ltr'>καὶ</span> <span class='ocrx_word' id='word_1_241' title='bbox 95 1073 139 1108; x_wconf 84' lang='grc' dir='ltr'><strong>τὴν</strong></span> <span class='ocrx_word' id='word_1_242' title='bbox 156 1073 194 1108; x_wconf 83' lang='grc' dir='ltr'>τῷ</span> <span class='ocrx_word' id='word_1_243' title='bbox 204 1073 302 1108; x_wconf 79' lang='grc' dir='ltr'>κόσμῳ</span> <span class='ocrx_word' id='word_1_244' title='bbox 317 1072 403 1108; x_wconf 78' lang='grc' dir='ltr'>τούτῳ</span> <span class='ocrx_word' id='word_1_245' title='bbox 417 1072 558 1107; x_wconf 83' lang='grc' dir='ltr'>σύστοιχον</span> <span class='ocrx_word' id='word_1_246' title='bbox 575 1071 754 1108; x_wconf 79' lang='grc' dir='ltr'>ἐϐδοματικὴν</span> <span class='ocrx_word' id='word_1_247' title='bbox 768 1071 816 1107; x_wconf 87' lang='grc' dir='ltr'>βα-</span> 
     </span>
    </p>
   </div>
   <div class='ocr_carea' id='block_1_37' title="bbox 44 1117 814 1154">
    <p class='ocr_par' dir='ltr' id='par_1_37' title="bbox 44 1117 814 1154">
     <span class='ocr_line' id='line_1_37' title="bbox 44 1117 814 1154; baseline 0.003 -12"><span class='ocrx_word' id='word_1_248' title='bbox 44 1117 139 1149; x_wconf 82' lang='grc' dir='ltr'>σιλείαν,</span> <span class='ocrx_word' id='word_1_249' title='bbox 151 1118 221 1145; x_wconf 79' lang='grc' dir='ltr'>ἑπτὰ</span> <span class='ocrx_word' id='word_1_250' title='bbox 243 1119 293 1154; x_wconf 80' lang='grc' dir='ltr'>μὲν</span> <span class='ocrx_word' id='word_1_251' title='bbox 318 1119 435 1154; x_wconf 82' lang='grc' dir='ltr'><strong>ἡμέραις</strong></span> <span class='ocrx_word' id='word_1_252' title='bbox 451 1118 682 1153; x_wconf 81' lang='grc' dir='ltr'>ὲκμετρουμένην,</span> <span class='ocrx_word' id='word_1_253' title='bbox 700 1117 769 1144; x_wconf 75' lang='grc' dir='ltr'>ἑπτὰ</span> <span class='ocrx_word' id='word_1_254' title='bbox 786 1117 814 1144; x_wconf 79' lang='grc' dir='ltr'>δὲ</span> 
     </span>
    </p>
   </div>
   <div class='ocr_carea' id='block_1_38' title="bbox 44 1161 812 1200">
    <p class='ocr_par' dir='ltr' id='par_1_38' title="bbox 44 1161 812 1200">
     <span class='ocr_line' id='line_1_38' title="bbox 44 1161 812 1200; baseline 0.001 -12"><span class='ocrx_word' id='word_1_255' title='bbox 44 1161 161 1198; x_wconf 79' lang='grc' dir='ltr'>διαδοχαῖς</span> <span class='ocrx_word' id='word_1_256' title='bbox 178 1164 370 1200; x_wconf 79' lang='grc' dir='ltr'>διαιρουμένην</span> <span class='ocrx_word' id='word_1_257' title='bbox 383 1184 390 1196; x_wconf 89' lang='grc'><strong>,</strong></span> <span class='ocrx_word' id='word_1_258' title='bbox 407 1164 445 1195; x_wconf 84' lang='grc' dir='ltr'>ὡς</span> <span class='ocrx_word' id='word_1_259' title='bbox 461 1164 490 1190; x_wconf 83' lang='grc' dir='ltr'>ἐν</span> <span class='ocrx_word' id='word_1_260' title='bbox 504 1165 561 1195; x_wconf 82' lang='grc' dir='ltr'>τοῖς</span> <span class='ocrx_word' id='word_1_261' title='bbox 577 1163 640 1200; x_wconf 76' lang='grc' dir='ltr'>ἑξῆς</span> <span class='ocrx_word' id='word_1_262' title='bbox 653 1163 812 1199; x_wconf 77' lang='grc' dir='ltr'>ῥηθήσεται.</span> 
     </span>
    </p>
   </div>
   <div class='ocr_carea' id='block_1_39' title="bbox 869 929 1657 967">
    <p class='ocr_par' dir='ltr' id='par_1_39' title="bbox 869 929 1657 967">
     <span class='ocr_line' id='line_1_39' title="bbox 869 929 1657 967; baseline -0.011 -4"><span class='ocrx_word' id='word_1_263' title='bbox 869 935 950 963; x_wconf 89' lang='lat' dir='ltr'><strong>matis</strong></span> <span class='ocrx_word' id='word_1_264' title='bbox 975 938 1125 963; x_wconf 81' lang='lat' dir='ltr'><strong>exornata.</strong></span> <span class='ocrx_word' id='word_1_265' title='bbox 1149 937 1176 960; x_wconf 89' lang='lat' dir='ltr'><strong>et</strong></span> <span class='ocrx_word' id='word_1_266' title='bbox 1200 937 1296 967; x_wconf 75' lang='lat' dir='ltr'><strong>septem</strong></span> <span class='ocrx_word' id='word_1_267' title='bbox 1321 931 1419 966; x_wconf 77' lang='lat' dir='ltr'><strong>capita,</strong></span> <span class='ocrx_word' id='word_1_268' title='bbox 1447 929 1657 956; x_wconf 77' lang='lat' dir='ltr'><strong>familiaritatem</strong></span> 
     </span>
    </p>
   </div>
   <div class='ocr_carea' id='block_1_40' title="bbox 868 974 1657 1013">
    <p class='ocr_par' dir='ltr' id='par_1_40' title="bbox 868 974 1657 1013">
     <span class='ocr_line' id='line_1_40' title="bbox 868 974 1657 1013; baseline -0.01 -5"><span class='ocrx_word' id='word_1_269' title='bbox 868 981 941 1008; x_wconf 85' lang='lat' dir='ltr'><strong>illam</strong></span> <span class='ocrx_word' id='word_1_270' title='bbox 957 980 1082 1008; x_wconf 87' lang='lat' dir='ltr'><strong>denotari</strong></span> <span class='ocrx_word' id='word_1_271' title='bbox 1099 979 1203 1011; x_wconf 81' lang='lat' dir='ltr'><strong>volunt,</strong></span> <span class='ocrx_word' id='word_1_272' title='bbox 1217 985 1279 1013; x_wconf 69' lang='lat' dir='ltr'><strong>quae</strong></span> <span class='ocrx_word' id='word_1_273' title='bbox 1292 978 1361 1004; x_wconf 88' lang='lat' dir='ltr'><strong>inter</strong></span> <span class='ocrx_word' id='word_1_274' title='bbox 1375 977 1464 1011; x_wconf 87' lang='lat' dir='ltr'><strong>ipsum</strong></span> <span class='ocrx_word' id='word_1_275' title='bbox 1478 979 1505 1002; x_wconf 90' lang='lat' dir='ltr'><strong>et</strong></span> <span class='ocrx_word' id='word_1_276' title='bbox 1518 974 1657 1002; x_wconf 89' lang='lat' dir='ltr'><strong>diabolum</strong></span> 
     </span>
    </p>
   </div>
   <div class='ocr_carea' id='block_1_41' title="bbox 869 1023 1658 1061">
    <p class='ocr_par' dir='ltr' id='par_1_41' title="bbox 869 1023 1658 1061">
     <span class='ocr_line' id='line_1_41' title="bbox 869 1023 1658 1061; baseline -0.011 -6"><span class='ocrx_word' id='word_1_277' title='bbox 869 1027 1018 1054; x_wconf 85' lang='lat' dir='ltr'><strong>intercedet</strong></span> <span class='ocrx_word' id='word_1_278' title='bbox 1039 1028 1112 1061; x_wconf 87' lang='lat' dir='ltr'><strong>(nam</strong></span> <span class='ocrx_word' id='word_1_279' title='bbox 1139 1026 1197 1052; x_wconf 71' lang='lat' dir='ltr'><strong>haec</strong></span> <span class='ocrx_word' id='word_1_280' title='bbox 1220 1025 1259 1051; x_wconf 93' lang='lat' dir='ltr'><strong>illi</strong></span> <span class='ocrx_word' id='word_1_281' title='bbox 1281 1023 1364 1050; x_wconf 72' lang='lat' dir='ltr'><strong>atrore</strong></span> <span class='ocrx_word' id='word_1_282' title='bbox 1383 1023 1440 1058; x_wconf 91' lang='lat' dir='ltr'><strong>jam</strong></span> <span class='ocrx_word' id='word_1_283' title='bbox 1464 1026 1527 1048; x_wconf 86' lang='lat' dir='ltr'><strong>ante</strong></span> <span class='ocrx_word' id='word_1_284' title='bbox 1548 1028 1658 1055; x_wconf 89' lang='lat' dir='ltr'><strong>quoque</strong></span> 
     </span>
    </p>
   </div>
   <div class='ocr_carea' id='block_1_42' title="bbox 867 1069 1657 1108">
    <p class='ocr_par' dir='ltr' id='par_1_42' title="bbox 867 1069 1657 1108">
     <span class='ocr_line' id='line_1_42' title="bbox 867 1069 1657 1108; baseline -0.01 -7"><span class='ocrx_word' id='word_1_285' title='bbox 867 1074 1016 1101; x_wconf 78' lang='lat' dir='ltr'><strong>indicatum</strong></span> <span class='ocrx_word' id='word_1_286' title='bbox 1039 1073 1102 1108; x_wconf 87' lang='lat' dir='ltr'><strong>est),</strong></span> <span class='ocrx_word' id='word_1_287' title='bbox 1130 1071 1260 1107; x_wconf 79' lang='lat' dir='ltr'><strong>regnique</strong></span> <span class='ocrx_word' id='word_1_288' title='bbox 1281 1070 1380 1097; x_wconf 90' lang='lat' dir='ltr'><strong>terreni</strong></span> <span class='ocrx_word' id='word_1_289' title='bbox 1402 1070 1429 1095; x_wconf 94' lang='lat' dir='ltr'><strong>in</strong></span> <span class='ocrx_word' id='word_1_290' title='bbox 1456 1069 1547 1095; x_wconf 88' lang='lat' dir='ltr'><strong>decem</strong></span> <span class='ocrx_word' id='word_1_291' title='bbox 1566 1072 1657 1102; x_wconf 80' lang='lat' dir='ltr'><strong>partes</strong></span> 
     </span>
    </p>
   </div>
   <div class='ocr_carea' id='block_1_43' title="bbox 867 1113 1657 1153">
    <p class='ocr_par' dir='ltr' id='par_1_43' title="bbox 867 1113 1657 1153">
     <span class='ocr_line' id='line_1_43' title="bbox 867 1113 1657 1153; baseline -0.009 -7"><span class='ocrx_word' id='word_1_292' title='bbox 867 1119 1016 1146; x_wconf 85' lang='lat' dir='ltr'><strong>sectionem</strong></span> <span class='ocrx_word' id='word_1_293' title='bbox 1031 1127 1038 1151; x_wconf 92' lang='lat'><strong>;</strong></span> <span class='ocrx_word' id='word_1_294' title='bbox 1059 1123 1085 1146; x_wconf 86' lang='lat' dir='ltr'><strong>et</strong></span> <span class='ocrx_word' id='word_1_295' title='bbox 1102 1125 1216 1153; x_wconf 80' lang='lat' dir='ltr'><strong>regnum</strong></span> <span class='ocrx_word' id='word_1_296' title='bbox 1228 1120 1356 1151; x_wconf 66' lang='lat' dir='ltr'><strong>prmterea</strong></span> <span class='ocrx_word' id='word_1_297' title='bbox 1369 1114 1550 1150; x_wconf 87' lang='lat' dir='ltr'><strong>septenarium</strong></span> <span class='ocrx_word' id='word_1_298' title='bbox 1563 1113 1657 1139; x_wconf 87' lang='lat' dir='ltr'><strong>mundi</strong></span> 
     </span>
    </p>
   </div>
   <div class='ocr_carea' id='block_1_44' title="bbox 867 1159 1657 1199">
    <p class='ocr_par' dir='ltr' id='par_1_44' title="bbox 867 1159 1657 1199">
     <span class='ocr_line' id='line_1_44' title="bbox 867 1159 1657 1199; baseline -0.006 -8"><span class='ocrx_word' id='word_1_299' title='bbox 867 1164 950 1199; x_wconf 86' lang='lat' dir='ltr'><strong>hujus</strong></span> <span class='ocrx_word' id='word_1_300' title='bbox 971 1164 1064 1191; x_wconf 87' lang='lat' dir='ltr'><strong>cursui</strong></span> <span class='ocrx_word' id='word_1_301' title='bbox 1082 1163 1281 1191; x_wconf 78' lang='lat' dir='ltr'><strong>conformatum</strong></span> <span class='ocrx_word' id='word_1_302' title='bbox 1291 1182 1299 1194; x_wconf 85' lang='lat'><strong>,</strong></span> <span class='ocrx_word' id='word_1_303' title='bbox 1312 1169 1414 1196; x_wconf 81' lang='lat' dir='ltr'><strong>septem</strong></span> <span class='ocrx_word' id='word_1_304' title='bbox 1430 1160 1539 1195; x_wconf 87' lang='lat' dir='ltr'><strong>quidem</strong></span> <span class='ocrx_word' id='word_1_305' title='bbox 1552 1159 1657 1186; x_wconf 88' lang='lat' dir='ltr'><strong>dierum</strong></span> 
     </span>
    </p>
   </div>
   <div class='ocr_carea' id='block_1_45' title="bbox 45 1205 1656 1246">
    <p class='ocr_par' dir='ltr' id='par_1_45' title="bbox 45 1205 1656 1246">
     <span class='ocr_line' id='line_1_45' title="bbox 45 1205 1656 1246; baseline -0.001 -12"><span class='ocrx_word' id='word_1_306' title='bbox 45 1209 120 1242; x_wconf 86' lang='lat' dir='ltr'><strong>spatio</strong></span> <span class='ocrx_word' id='word_1_307' title='bbox 133 1209 338 1244; x_wconf 87' lang='lat' dir='ltr'><strong>dimensum,et</strong></span> <span class='ocrx_word' id='word_1_308' title='bbox 351 1211 378 1237; x_wconf 93' lang='lat' dir='ltr'><strong>in</strong></span> <span class='ocrx_word' id='word_1_309' title='bbox 390 1215 492 1245; x_wconf 81' lang='lat' dir='ltr'><strong>septem</strong></span> <span class='ocrx_word' id='word_1_310' title='bbox 507 1218 616 1238; x_wconf 91' lang='lat' dir='ltr'><strong>rursum</strong></span> <span class='ocrx_word' id='word_1_311' title='bbox 643 1210 830 1238; x_wconf 88' lang='lat' dir='ltr'><strong>successiones</strong></span> <span class='ocrx_word' id='word_1_312' title='bbox 849 1210 1039 1244; x_wconf 87' lang='lat' dir='ltr'><strong>distributum;</strong></span> <span class='ocrx_word' id='word_1_313' title='bbox 1061 1214 1143 1246; x_wconf 91' lang='lat' dir='ltr'><strong>prout</strong></span> <span class='ocrx_word' id='word_1_314' title='bbox 1171 1210 1198 1237; x_wconf 90' lang='lat' dir='ltr'><strong>in</strong></span> <span class='ocrx_word' id='word_1_315' title='bbox 1221 1208 1397 1244; x_wconf 85' lang='lat' dir='ltr'><strong>sequentibus</strong></span> <span class='ocrx_word' id='word_1_316' title='bbox 1412 1207 1493 1234; x_wconf 82' lang='lat' dir='ltr'><strong>latius</strong></span> <span class='ocrx_word' id='word_1_317' title='bbox 1524 1206 1551 1234; x_wconf 93' lang='lat' dir='ltr'><strong>id</strong></span> <span class='ocrx_word' id='word_1_318' title='bbox 1571 1205 1656 1240; x_wconf 84' lang='lat' dir='ltr'><strong>expli-</strong></span> 
     </span>
    </p>
   </div>
   <div class='ocr_carea' id='block_1_46' title="bbox 44 1256 144 1284">
    <p class='ocr_par' dir='ltr' id='par_1_46' title="bbox 44 1256 144 1284">
     <span class='ocr_line' id='line_1_46' title="bbox 44 1256 144 1284; baseline 0.01 -2"><span class='ocrx_word' id='word_1_319' title='bbox 44 1256 144 1284; x_wconf 82' lang='lat' dir='ltr'><strong>cabitur.</strong></span> 
     </span>
    </p>
   </div>
   <div class='ocr_carea' id='block_1_47' title="bbox 549 1301 1128 1342">
    <p class='ocr_par' dir='ltr' id='par_1_47' title="bbox 549 1301 1128 1342">
     <span class='ocr_line' id='line_1_47' title="bbox 549 1301 1128 1342; baseline 0.005 -11"><span class='ocrx_word' id='word_1_320' title='bbox 549 1302 661 1332; x_wconf 86' lang='lat' dir='ltr'><strong>Idemin</strong></span> <span class='ocrx_word' id='word_1_321' title='bbox 671 1304 833 1342; x_wconf 79' lang='lat' dir='ltr'><strong>Apocalyps.</strong></span> <span class='ocrx_word' id='word_1_322' title='bbox 850 1314 911 1338; x_wconf 82' lang='grc' dir='ltr'>ιιιιι,</span> <span class='ocrx_word' id='word_1_323' title='bbox 927 1304 971 1337; x_wconf 82' lang='lat' dir='ltr'><strong>l8,</strong></span> <span class='ocrx_word' id='word_1_324' title='bbox 1005 1311 1067 1338; x_wconf 63' lang='grc' dir='ltr'><strong>ρας·</strong></span> <span class='ocrx_word' id='word_1_325' title='bbox 1084 1301 1128 1329; x_wconf 78' lang='lat'><strong>75-</strong></span> 
     </span>
    </p>
   </div>
   <div class='ocr_carea' id='block_1_48' title="bbox 71 1356 816 1397">
    <p class='ocr_par' dir='ltr' id='par_1_48' title="bbox 71 1356 816 1397">
     <span class='ocr_line' id='line_1_48' title="bbox 71 1356 816 1397; baseline 0.009 -15"><span class='ocrx_word' id='word_1_326' title='bbox 71 1356 116 1383; x_wconf 78' lang='grc' dir='ltr'><strong>Καὶ</strong></span> <span class='ocrx_word' id='word_1_327' title='bbox 132 1358 178 1393; x_wconf 64' lang='grc' dir='ltr'><strong>τὴν</strong></span> <span class='ocrx_word' id='word_1_328' title='bbox 196 1359 248 1394; x_wconf 82' lang='grc' dir='ltr'>μὲν</span> <span class='ocrx_word' id='word_1_329' title='bbox 265 1359 406 1395; x_wconf 75' lang='grc' dir='ltr'>ἀκρίϐειαν</span> <span class='ocrx_word' id='word_1_330' title='bbox 435 1361 483 1397; x_wconf 81' lang='grc' dir='ltr'><strong>τῆς</strong></span> <span class='ocrx_word' id='word_1_331' title='bbox 512 1361 618 1396; x_wconf 79' lang='grc' dir='ltr'>ψήφου,</span> <span class='ocrx_word' id='word_1_332' title='bbox 644 1362 682 1394; x_wconf 85' lang='grc' dir='ltr'><strong>ὡς</strong></span> <span class='ocrx_word' id='word_1_333' title='bbox 711 1363 757 1390; x_wconf 83' lang='grc' dir='ltr'>καὶ</span> <span class='ocrx_word' id='word_1_334' title='bbox 781 1362 816 1389; x_wconf 80' lang='grc' dir='ltr'><strong>τὰ</strong></span> 
     </span>
    </p>
   </div>
   <div class='ocr_carea' id='block_1_49' title="bbox 43 1400 815 1443">
    <p class='ocr_par' dir='ltr' id='par_1_49' title="bbox 43 1400 815 1443">
     <span class='ocr_line' id='line_1_49' title="bbox 43 1400 815 1443; baseline 0.009 -16"><span class='ocrx_word' id='word_1_335' title='bbox 43 1400 109 1428; x_wconf 75' lang='grc' dir='ltr'>λοιπὰ</span> <span class='ocrx_word' id='word_1_336' title='bbox 131 1403 164 1429; x_wconf 80' lang='grc' dir='ltr'><strong>τὰ</strong></span> <span class='ocrx_word' id='word_1_337' title='bbox 186 1405 252 1440; x_wconf 78' lang='grc' dir='ltr'>περὶ</span> <span class='ocrx_word' id='word_1_338' title='bbox 270 1405 350 1432; x_wconf 76' lang='grc' dir='ltr'>αὐτοῦ</span> <span class='ocrx_word' id='word_1_339' title='bbox 364 1406 552 1441; x_wconf 80' lang='grc' dir='ltr'><strong>γεγραμμένα,</strong></span> <span class='ocrx_word' id='word_1_340' title='bbox 565 1408 579 1433; x_wconf 86' lang='grc' dir='ltr'>ὁ</span> <span class='ocrx_word' id='word_1_341' title='bbox 599 1407 694 1443; x_wconf 86' lang='grc' dir='ltr'>χρόνος</span> <span class='ocrx_word' id='word_1_342' title='bbox 710 1407 815 1434; x_wconf 81' lang='grc' dir='ltr'>ἀποκα-</span> 
     </span>
    </p>
   </div>
   <div class='ocr_carea' id='block_1_50' title="bbox 43 1447 814 1488">
    <p class='ocr_par' dir='ltr' id='par_1_50' title="bbox 43 1447 814 1488">
     <span class='ocr_line' id='line_1_50' title="bbox 43 1447 814 1488; baseline 0.006 -14"><span class='ocrx_word' id='word_1_343' title='bbox 43 1447 106 1482; x_wconf 67' lang='grc' dir='ltr'>λύψει</span> <span class='ocrx_word' id='word_1_344' title='bbox 118 1450 159 1475; x_wconf 81' lang='grc' dir='ltr'><strong>καὶ</strong></span> <span class='ocrx_word' id='word_1_345' title='bbox 172 1451 187 1485; x_wconf 81' lang='grc' dir='ltr'>ὴ</span> <span class='ocrx_word' id='word_1_346' title='bbox 204 1452 290 1486; x_wconf 83' lang='grc' dir='ltr'>πεῖρα</span> <span class='ocrx_word' id='word_1_347' title='bbox 306 1452 361 1482; x_wconf 82' lang='grc' dir='ltr'>τοῖς</span> <span class='ocrx_word' id='word_1_348' title='bbox 374 1452 512 1486; x_wconf 76' lang='grc' dir='ltr'>νήφουσιν.</span> <span class='ocrx_word' id='word_1_349' title='bbox 530 1452 561 1478; x_wconf 78' lang='grc' dir='ltr'><strong>Εἰ</strong></span> <span class='ocrx_word' id='word_1_350' title='bbox 575 1452 629 1488; x_wconf 84' lang='grc' dir='ltr'><strong>γὰρ</strong></span> <span class='ocrx_word' id='word_1_351' title='bbox 646 1453 708 1485; x_wconf 78' lang='grc' dir='ltr'>ἔδει,</span> <span class='ocrx_word' id='word_1_352' title='bbox 721 1453 814 1485; x_wconf 86' lang='grc' dir='ltr'>καθώς</span> 
     </span>
    </p>
   </div>
   <div class='ocr_carea' id='block_1_51' title="bbox 43 1495 811 1534">
    <p class='ocr_par' dir='ltr' id='par_1_51' title="bbox 43 1495 811 1534">
     <span class='ocr_line' id='line_1_51' title="bbox 43 1495 811 1534; baseline 0.007 -14"><span class='ocrx_word' id='word_1_353' title='bbox 43 1495 98 1527; x_wconf 76' lang='grc' dir='ltr'>φασί</span> <span class='ocrx_word' id='word_1_354' title='bbox 124 1504 192 1528; x_wconf 87' lang='grc' dir='ltr'>τινες</span> <span class='ocrx_word' id='word_1_355' title='bbox 216 1497 275 1523; x_wconf 82' lang='grc' dir='ltr'><strong>τῶν</strong></span> <span class='ocrx_word' id='word_1_356' title='bbox 299 1497 476 1529; x_wconf 81' lang='grc' dir='ltr'>διδασκάλων,</span> <span class='ocrx_word' id='word_1_357' title='bbox 503 1498 596 1533; x_wconf 86' lang='grc' dir='ltr'>σαφῶς</span> <span class='ocrx_word' id='word_1_358' title='bbox 612 1499 765 1534; x_wconf 85' lang='grc' dir='ltr'>γνωσθῆναι</span> <span class='ocrx_word' id='word_1_359' title='bbox 780 1499 811 1526; x_wconf 82' lang='grc' dir='ltr'>τὸ</span> 
     </span>
    </p>
   </div>
   <div class='ocr_carea' id='block_1_52' title="bbox 42 1541 810 1580">
    <p class='ocr_par' dir='ltr' id='par_1_52' title="bbox 42 1541 810 1580">
     <span class='ocr_line' id='line_1_52' title="bbox 42 1541 810 1580; baseline 0.008 -14"><span class='ocrx_word' id='word_1_360' title='bbox 42 1541 142 1568; x_wconf 80' lang='grc' dir='ltr'>τοιοῦτον</span> <span class='ocrx_word' id='word_1_361' title='bbox 162 1543 258 1578; x_wconf 81' lang='grc' dir='ltr'>ὸνομα,</span> <span class='ocrx_word' id='word_1_362' title='bbox 283 1543 469 1579; x_wconf 82' lang='grc' dir='ltr'>ὀτεϐεαμένος</span> <span class='ocrx_word' id='word_1_363' title='bbox 485 1545 519 1572; x_wconf 84' lang='grc' dir='ltr'>ἂν</span> <span class='ocrx_word' id='word_1_364' title='bbox 543 1545 608 1571; x_wconf 84' lang='grc' dir='ltr'>αὐτὸ</span> <span class='ocrx_word' id='word_1_365' title='bbox 628 1545 810 1580; x_wconf 75' lang='grc' dir='ltr'>ἀπεκάλυψεν.</span> 
     </span>
    </p>
   </div>
   <div class='ocr_carea' id='block_1_53' title="bbox 48 1574 846 1627">
    <p class='ocr_par' dir='ltr' id='par_1_53' title="bbox 48 1574 846 1627">
     <span class='ocr_line' id='line_1_53' title="bbox 48 1574 846 1627; baseline 0.006 -14"><span class='ocrx_word' id='word_1_366' title='bbox 48 1586 113 1614; x_wconf 73' lang='grc' dir='ltr'>Ἀλλὰ</span> <span class='ocrx_word' id='word_1_367' title='bbox 128 1588 174 1615; x_wconf 71' lang='grc' dir='ltr'>οὐκ</span> <span class='ocrx_word' id='word_1_368' title='bbox 191 1574 340 1624; x_wconf 60' lang='grc' dir='ltr'>εὸδόκησεν</span> <span class='ocrx_word' id='word_1_369' title='bbox 354 1591 370 1626; x_wconf 87' lang='grc' dir='ltr'><strong>ή</strong></span> <span class='ocrx_word' id='word_1_370' title='bbox 387 1574 446 1617; x_wconf 69' lang='grc' dir='ltr'>δεῖα</span> <span class='ocrx_word' id='word_1_371' title='bbox 459 1574 543 1627; x_wconf 68' lang='grc' dir='ltr'>χάρις</span> <span class='ocrx_word' id='word_1_372' title='bbox 560 1593 589 1618; x_wconf 80' lang='grc' dir='ltr'>ὲν</span> <span class='ocrx_word' id='word_1_373' title='bbox 608 1592 668 1626; x_wconf 83' lang='grc' dir='ltr'>θείᾳ</span> <span class='ocrx_word' id='word_1_374' title='bbox 682 1574 765 1627; x_wconf 61' lang='grc' dir='ltr'>βίὸλιρ</span> <span class='ocrx_word' id='word_1_375' title='bbox 781 1591 811 1619; x_wconf 84' lang='grc' dir='ltr'>τὸ</span> <span class='ocrx_word' id='word_1_376' title='bbox 826 1574 846 1602; x_wconf 80' lang='lat' dir='ltr'>c</span> 
     </span>
    </p>
   </div>
   <div class='ocr_carea' id='block_1_54' title="bbox 43 1633 810 1672">
    <p class='ocr_par' dir='ltr' id='par_1_54' title="bbox 43 1633 810 1672">
     <span class='ocr_line' id='line_1_54' title="bbox 43 1633 810 1672; baseline 0.008 -14"><span class='ocrx_word' id='word_1_377' title='bbox 43 1633 79 1659; x_wconf 72' lang='grc' dir='ltr'><strong>τοῦ</strong></span> <span class='ocrx_word' id='word_1_378' title='bbox 91 1633 219 1670; x_wconf 83' lang='grc' dir='ltr'>λυμεῶνος</span> <span class='ocrx_word' id='word_1_379' title='bbox 235 1636 324 1672; x_wconf 78' lang='grc' dir='ltr'>ὄνομα</span> <span class='ocrx_word' id='word_1_380' title='bbox 337 1637 484 1672; x_wconf 72' lang='grc' dir='ltr'>γραφῆναι.</span> <span class='ocrx_word' id='word_1_381' title='bbox 509 1638 553 1668; x_wconf 76' lang='grc' dir='ltr'>Ὠς</span> <span class='ocrx_word' id='word_1_382' title='bbox 570 1638 598 1663; x_wconf 78' lang='grc' dir='ltr'>ἐν</span> <span class='ocrx_word' id='word_1_383' title='bbox 614 1638 768 1672; x_wconf 78' lang='grc' dir='ltr'>γυμνασίας</span> <span class='ocrx_word' id='word_1_384' title='bbox 780 1646 810 1664; x_wconf 85' lang='grc' dir='ltr'>τε</span> 
     </span>
    </p>
   </div>
   <div class='ocr_carea' id='block_1_55' title="bbox 42 1676 809 1718">
    <p class='ocr_par' dir='ltr' id='par_1_55' title="bbox 42 1676 809 1718">
     <span class='ocr_line' id='line_1_55' title="bbox 42 1676 809 1718; baseline 0.005 -13"><span class='ocrx_word' id='word_1_385' title='bbox 42 1676 109 1713; x_wconf 74' lang='grc' dir='ltr'>λόγῳ,</span> <span class='ocrx_word' id='word_1_386' title='bbox 125 1679 205 1707; x_wconf 81' lang='grc' dir='ltr'>πολλὰ</span> <span class='ocrx_word' id='word_1_387' title='bbox 222 1681 299 1707; x_wconf 74' lang='grc' dir='ltr'>ἐστιν</span> <span class='ocrx_word' id='word_1_388' title='bbox 324 1682 413 1718; x_wconf 84' lang='grc' dir='ltr'>εὑρεῖν</span> <span class='ocrx_word' id='word_1_389' title='bbox 424 1702 430 1713; x_wconf 90' lang='grc'><strong>,</strong></span> <span class='ocrx_word' id='word_1_390' title='bbox 447 1682 518 1709; x_wconf 81' lang='grc' dir='ltr'>κατὰ</span> <span class='ocrx_word' id='word_1_391' title='bbox 535 1682 579 1709; x_wconf 82' lang='grc' dir='ltr'>τὸν</span> <span class='ocrx_word' id='word_1_392' title='bbox 604 1682 737 1718; x_wconf 76' lang='grc' dir='ltr'>μακάριον</span> <span class='ocrx_word' id='word_1_393' title='bbox 754 1683 809 1709; x_wconf 85' lang='grc' dir='ltr'><strong>’ἰπ-</strong></span> 
     </span>
    </p>
   </div>
   <div class='ocr_carea' id='block_1_56' title="bbox 42 1723 812 1764">
    <p class='ocr_par' dir='ltr' id='par_1_56' title="bbox 42 1723 812 1764">
     <span class='ocr_line' id='line_1_56' title="bbox 42 1723 812 1764; baseline 0.009 -16"><span class='ocrx_word' id='word_1_394' title='bbox 42 1723 137 1750; x_wconf 68' lang='grc' dir='ltr'>πόλυτον</span> <span class='ocrx_word' id='word_1_395' title='bbox 159 1726 205 1752; x_wconf 81' lang='grc' dir='ltr'>καὶ</span> <span class='ocrx_word' id='word_1_396' title='bbox 231 1727 354 1762; x_wconf 79' lang='grc' dir='ltr'>ἑτέρους,</span> <span class='ocrx_word' id='word_1_397' title='bbox 373 1728 492 1763; x_wconf 84' lang='grc' dir='ltr'>ὀνόματα</span> <span class='ocrx_word' id='word_1_398' title='bbox 512 1729 556 1755; x_wconf 84' lang='grc' dir='ltr'>τὸν</span> <span class='ocrx_word' id='word_1_399' title='bbox 583 1728 698 1764; x_wconf 85' lang='grc' dir='ltr'>ἀριθμὸν</span> <span class='ocrx_word' id='word_1_400' title='bbox 718 1728 812 1755; x_wconf 77' lang='grc' dir='ltr'>τοῦτον</span> 
     </span>
    </p>
   </div>
   <div class='ocr_carea' id='block_1_57' title="bbox 42 1769 810 1815">
    <p class='ocr_par' dir='ltr' id='par_1_57' title="bbox 42 1769 810 1815">
     <span class='ocr_line' id='line_1_57' title="bbox 42 1769 810 1815; baseline -0.003 -13"><span class='ocrx_word' id='word_1_401' title='bbox 42 1769 197 1815; x_wconf 61' lang='grc' dir='ltr'>πξριέχοντα.</span> <span class='ocrx_word' id='word_1_402' title='bbox 211 1773 405 1808; x_wconf 79' lang='grc' dir='ltr'>προσηγορικὰ</span> <span class='ocrx_word' id='word_1_403' title='bbox 419 1783 448 1800; x_wconf 80' lang='grc' dir='ltr'>τε</span> <span class='ocrx_word' id='word_1_404' title='bbox 465 1775 513 1800; x_wconf 74' lang='grc' dir='ltr'>καὶ</span> <span class='ocrx_word' id='word_1_405' title='bbox 534 1774 627 1810; x_wconf 87' lang='grc' dir='ltr'>κύρια.</span> <span class='ocrx_word' id='word_1_406' title='bbox 644 1775 734 1810; x_wconf 88' lang='grc' dir='ltr'>Κύρια</span> <span class='ocrx_word' id='word_1_407' title='bbox 751 1775 810 1810; x_wconf 78' lang='grc' dir='ltr'>μὲν,</span> 
     </span>
    </p>
   </div>
   <div class='ocr_carea' id='block_1_58' title="bbox 42 1815 810 1853">
    <p class='ocr_par' dir='ltr' id='par_1_58' title="bbox 42 1815 810 1853">
     <span class='ocr_line' id='line_1_58' title="bbox 42 1815 810 1853; baseline 0.009 -14"><span class='ocrx_word' id='word_1_408' title='bbox 42 1821 53 1838; x_wconf 79' lang='grc' dir='ltr'><strong>ο</strong></span> <span class='ocrx_word' id='word_1_409' title='bbox 63 1822 87 1839; x_wconf 86' lang='grc' dir='ltr'><strong>ον</strong></span> <span class='ocrx_word' id='word_1_410' title='bbox 99 1815 253 1853; x_wconf 79' lang='grc' dir='ltr'>Λαμπέτης,</span> <span class='ocrx_word' id='word_1_411' title='bbox 271 1818 378 1851; x_wconf 83' lang='grc' dir='ltr'>Τειτάν,</span> <span class='ocrx_word' id='word_1_412' title='bbox 394 1819 426 1845; x_wconf 75' lang='grc' dir='ltr'>ἐκ</span> <span class='ocrx_word' id='word_1_413' title='bbox 442 1819 488 1846; x_wconf 81' lang='grc' dir='ltr'><strong>τοῦ</strong></span> <span class='ocrx_word' id='word_1_414' title='bbox 501 1820 596 1851; x_wconf 76' lang='grc' dir='ltr'>τείν-ω,</span> <span class='ocrx_word' id='word_1_415' title='bbox 614 1819 674 1845; x_wconf 84' lang='grc' dir='ltr'>καθ’</span> <span class='ocrx_word' id='word_1_416' title='bbox 691 1819 810 1846; x_wconf 82' lang='grc' dir='ltr'>Ἱππόλυ-</span> 
     </span>
    </p>
   </div>
   <div class='ocr_carea' id='block_1_59' title="bbox 41 1862 809 1902">
    <p class='ocr_par' dir='ltr' id='par_1_59' title="bbox 41 1862 809 1902">
     <span class='ocr_line' id='line_1_59' title="bbox 41 1862 809 1902; baseline 0.007 -16"><span class='ocrx_word' id='word_1_417' title='bbox 41 1866 90 1886; x_wconf 80' lang='grc' dir='ltr'>τον·</span> <span class='ocrx_word' id='word_1_418' title='bbox 103 1862 236 1896; x_wconf 82' lang='grc' dir='ltr'>Λατεῖνος,</span> <span class='ocrx_word' id='word_1_419' title='bbox 257 1864 358 1899; x_wconf 86' lang='grc' dir='ltr'>ὁμοίως</span> <span class='ocrx_word' id='word_1_420' title='bbox 376 1864 432 1900; x_wconf 79' lang='grc' dir='ltr'>[διὰ</span> <span class='ocrx_word' id='word_1_421' title='bbox 449 1865 623 1901; x_wconf 83' lang='grc' dir='ltr'>διφθόγγου·]</span> <span class='ocrx_word' id='word_1_422' title='bbox 641 1865 809 1902; x_wconf 67' lang='grc' dir='ltr'>Βενέδικτος·</span> 
     </span>
    </p>
   </div>
   <div class='ocr_carea' id='block_1_60' title="bbox 41 1904 809 1947">
    <p class='ocr_par' dir='ltr' id='par_1_60' title="bbox 41 1904 809 1947">
     <span class='ocr_line' id='line_1_60' title="bbox 41 1904 809 1947; baseline 0.003 -13"><span class='ocrx_word' id='word_1_423' title='bbox 41 1904 96 1942; x_wconf 79' lang='grc' dir='ltr'>ὅπερ</span> <span class='ocrx_word' id='word_1_424' title='bbox 115 1908 293 1944; x_wconf 79' lang='grc' dir='ltr'>ἑρμηνεύεται</span> <span class='ocrx_word' id='word_1_425' title='bbox 315 1910 493 1946; x_wconf 77' lang='grc' dir='ltr'>εὐλογημένος</span> <span class='ocrx_word' id='word_1_426' title='bbox 509 1912 525 1947; x_wconf 86' lang='grc' dir='ltr'>ἢ</span> <span class='ocrx_word' id='word_1_427' title='bbox 553 1911 712 1946; x_wconf 58' lang='grc' dir='ltr'>εὐλογητὸς</span> <span class='ocrx_word' id='word_1_428' title='bbox 739 1909 809 1937; x_wconf 81' lang='grc' dir='ltr'>κατὰ</span> 
     </span>
    </p>
   </div>
   <div class='ocr_carea' id='block_1_61' title="bbox 43 1951 807 1992">
    <p class='ocr_par' dir='ltr' id='par_1_61' title="bbox 43 1951 807 1992">
     <span class='ocr_line' id='line_1_61' title="bbox 43 1951 807 1992; baseline 0.003 -13"><span class='ocrx_word' id='word_1_429' title='bbox 43 1951 139 1987; x_wconf 81' lang='grc' dir='ltr'>μίμησιν</span> <span class='ocrx_word' id='word_1_430' title='bbox 152 1955 230 1990; x_wconf 86' lang='grc' dir='ltr'>τυχὸν</span> <span class='ocrx_word' id='word_1_431' title='bbox 242 1955 292 1981; x_wconf 81' lang='grc' dir='ltr'><strong>τοῦ</strong></span> <span class='ocrx_word' id='word_1_432' title='bbox 309 1955 415 1991; x_wconf 87' lang='grc' dir='ltr'>ἀληθῶς</span> <span class='ocrx_word' id='word_1_433' title='bbox 431 1956 527 1992; x_wconf 82' lang='grc' dir='ltr'>εὐλογη</span> <span class='ocrx_word' id='word_1_434' title='bbox 532 1956 612 1991; x_wconf 81' lang='grc' dir='ltr'>μένου</span> <span class='ocrx_word' id='word_1_435' title='bbox 629 1955 749 1992; x_wconf 76' lang='grc' dir='ltr'>Χριστοῦ</span> <span class='ocrx_word' id='word_1_436' title='bbox 761 1955 807 1982; x_wconf 79' lang='grc' dir='ltr'><strong>τοῦ</strong></span> 
     </span>
    </p>
   </div>
   <div class='ocr_carea' id='block_1_62' title="bbox 42 1996 807 2037">
    <p class='ocr_par' dir='ltr' id='par_1_62' title="bbox 42 1996 807 2037">
     <span class='ocr_line' id='line_1_62' title="bbox 42 1996 807 2037; baseline 0.007 -15"><span class='ocrx_word' id='word_1_437' title='bbox 42 1996 95 2024; x_wconf 75' lang='grc' dir='ltr'><strong>Θεοῦ</strong></span> <span class='ocrx_word' id='word_1_438' title='bbox 113 2000 194 2034; x_wconf 73' lang='grc' dir='ltr'>ἡμῶν.</span> <span class='ocrx_word' id='word_1_439' title='bbox 209 2001 404 2037; x_wconf 76' lang='grc' dir='ltr'>Προσηγορικὰ</span> <span class='ocrx_word' id='word_1_440' title='bbox 423 2002 451 2028; x_wconf 84' lang='grc' dir='ltr'>δὲ</span> <span class='ocrx_word' id='word_1_441' title='bbox 461 2023 468 2035; x_wconf 84' lang='grc'><strong>,</strong></span> <span class='ocrx_word' id='word_1_442' title='bbox 483 2002 576 2033; x_wconf 85' lang='grc' dir='ltr'>Κακὸς</span> <span class='ocrx_word' id='word_1_443' title='bbox 588 2001 694 2037; x_wconf 81' lang='grc' dir='ltr'>ὀδηγὸς,</span> <span class='ocrx_word' id='word_1_444' title='bbox 706 2001 807 2028; x_wconf 86' lang='grc' dir='ltr'>Παλαι-</span> 
     </span>
    </p>
   </div>
   <div class='ocr_carea' id='block_1_63' title="bbox 43 2042 807 2084">
    <p class='ocr_par' dir='ltr' id='par_1_63' title="bbox 43 2042 807 2084">
     <span class='ocr_line' id='line_1_63' title="bbox 43 2042 807 2084; baseline 0.007 -16"><span class='ocrx_word' id='word_1_445' title='bbox 43 2042 165 2077; x_wconf 68' lang='grc' dir='ltr'>6άεκανος,</span> <span class='ocrx_word' id='word_1_446' title='bbox 182 2046 309 2082; x_wconf 78' lang='grc' dir='ltr'><strong>Ἀληθῶς</strong></span> <span class='ocrx_word' id='word_1_447' title='bbox 322 2047 466 2084; x_wconf 78' lang='grc' dir='ltr'>βλαϐερὸς,</span> <span class='ocrx_word' id='word_1_448' title='bbox 489 2048 585 2083; x_wconf 80' lang='grc' dir='ltr'>Ἀμνὸς</span> <span class='ocrx_word' id='word_1_449' title='bbox 601 2048 706 2079; x_wconf 67' lang='grc' dir='ltr'>ἄδικοςι</span> <span class='ocrx_word' id='word_1_450' title='bbox 721 2044 762 2079; x_wconf 79' lang='grc' dir='ltr'>οἷς</span> <span class='ocrx_word' id='word_1_451' title='bbox 775 2049 807 2074; x_wconf 80' lang='grc' dir='ltr'>ἐκ</span> 
     </span>
    </p>
   </div>
   <div class='ocr_carea' id='block_1_64' title="bbox 41 2088 804 2129">
    <p class='ocr_par' dir='ltr' id='par_1_64' title="bbox 41 2088 804 2129">
     <span class='ocr_line' id='line_1_64' title="bbox 41 2088 804 2129; baseline 0.008 -15"><span class='ocrx_word' id='word_1_452' title='bbox 41 2088 84 2115; x_wconf 80' lang='grc' dir='ltr'><strong>τῶν</strong></span> <span class='ocrx_word' id='word_1_453' title='bbox 97 2091 303 2128; x_wconf 80' lang='grc' dir='ltr'>ἐναντιουμένων</span> <span class='ocrx_word' id='word_1_454' title='bbox 315 2095 347 2129; x_wconf 84' lang='grc' dir='ltr'><strong>τῇ</strong></span> <span class='ocrx_word' id='word_1_455' title='bbox 361 2093 447 2129; x_wconf 84' lang='grc' dir='ltr'>πλάνῃ</span> <span class='ocrx_word' id='word_1_456' title='bbox 464 2093 686 2129; x_wconf 77' lang='grc' dir='ltr'>ὲπικληθήσεται,</span> <span class='ocrx_word' id='word_1_457' title='bbox 703 2093 751 2129; x_wconf 78' lang='grc' dir='ltr'><strong>τὴν</strong></span> <span class='ocrx_word' id='word_1_458' title='bbox 765 2095 804 2120; x_wconf 78' lang='grc' dir='ltr'><strong>οἰ-</strong></span> 
     </span>
    </p>
   </div>
   <div class='ocr_carea' id='block_1_65' title="bbox 42 2132 522 2174">
    <p class='ocr_par' dir='ltr' id='par_1_65' title="bbox 42 2132 522 2174">
     <span class='ocr_line' id='line_1_65' title="bbox 42 2132 522 2174; baseline 0.01 -14"><span class='ocrx_word' id='word_1_459' title='bbox 42 2133 102 2160; x_wconf 81' lang='grc' dir='ltr'>κείαν</span> <span class='ocrx_word' id='word_1_460' title='bbox 113 2136 186 2168; x_wconf 78' lang='grc' dir='ltr'>δόξαν</span> <span class='ocrx_word' id='word_1_461' title='bbox 198 2138 227 2163; x_wconf 82' lang='grc' dir='ltr'>ὲν</span> <span class='ocrx_word' id='word_1_462' title='bbox 243 2132 360 2174; x_wconf 75' lang='grc' dir='ltr'>αἰσχύνῃ</span> <span class='ocrx_word' id='word_1_463' title='bbox 374 2135 522 2173; x_wconf 81' lang='grc' dir='ltr'>τιθέμενος.</span> 
     </span>
    </p>
   </div>
   <div class='ocr_carea' id='block_1_66' title="bbox 901 1354 1654 1390">
    <p class='ocr_par' dir='ltr' id='par_1_66' title="bbox 901 1354 1654 1390">
     <span class='ocr_line' id='line_1_66' title="bbox 901 1354 1654 1390; baseline -0.011 -2"><span class='ocrx_word' id='word_1_464' title='bbox 901 1363 1063 1388; x_wconf 84' lang='lat' dir='ltr'><strong>Accuratam</strong></span> <span class='ocrx_word' id='word_1_465' title='bbox 1093 1357 1189 1386; x_wconf 85' lang='lat' dir='ltr'><strong>calculi</strong></span> <span class='ocrx_word' id='word_1_466' title='bbox 1213 1357 1354 1388; x_wconf 86' lang='lat' dir='ltr'><strong>notitiam,</strong></span> <span class='ocrx_word' id='word_1_467' title='bbox 1378 1361 1408 1383; x_wconf 91' lang='lat' dir='ltr'><strong>ut</strong></span> <span class='ocrx_word' id='word_1_468' title='bbox 1431 1356 1535 1390; x_wconf 83' lang='lat' dir='ltr'><strong>reliqua</strong></span> <span class='ocrx_word' id='word_1_469' title='bbox 1561 1354 1654 1381; x_wconf 87' lang='lat' dir='ltr'><strong>itidem</strong></span> 
     </span>
    </p>
   </div>
   <div class='ocr_carea' id='block_1_67' title="bbox 865 1403 1655 1443">
    <p class='ocr_par' dir='ltr' id='par_1_67' title="bbox 865 1403 1655 1443">
     <span class='ocr_line' id='line_1_67' title="bbox 865 1403 1655 1443; baseline -0.009 -9"><span class='ocrx_word' id='word_1_470' title='bbox 865 1415 927 1443; x_wconf 69' lang='lat' dir='ltr'><strong>quae</strong></span> <span class='ocrx_word' id='word_1_471' title='bbox 938 1406 971 1434; x_wconf 88' lang='lat' dir='ltr'><strong>de</strong></span> <span class='ocrx_word' id='word_1_472' title='bbox 982 1405 1151 1433; x_wconf 83' lang='lat' dir='ltr'><strong>Antichristo</strong></span> <span class='ocrx_word' id='word_1_473' title='bbox 1164 1403 1264 1438; x_wconf 84' lang='lat' dir='ltr'><strong>scripta</strong></span> <span class='ocrx_word' id='word_1_474' title='bbox 1279 1407 1397 1434; x_wconf 81' lang='lat' dir='ltr'><strong>exstant,</strong></span> <span class='ocrx_word' id='word_1_475' title='bbox 1411 1407 1517 1436; x_wconf 82' lang='lat' dir='ltr'><strong>tempus</strong></span> <span class='ocrx_word' id='word_1_476' title='bbox 1533 1407 1558 1427; x_wconf 87' lang='lat' dir='ltr'><strong>et</strong></span> <span class='ocrx_word' id='word_1_477' title='bbox 1573 1407 1655 1434; x_wconf 80' lang='lat' dir='ltr'><strong>expe-</strong></span> 
     </span>
    </p>
   </div>
   <div class='ocr_carea' id='block_1_68' title="bbox 865 1447 1660 1484">
    <p class='ocr_par' dir='ltr' id='par_1_68' title="bbox 865 1447 1660 1484">
     <span class='ocr_line' id='line_1_68' title="bbox 865 1447 1660 1484; baseline -0.009 -4"><span class='ocrx_word' id='word_1_478' title='bbox 865 1453 962 1481; x_wconf 88' lang='lat' dir='ltr'><strong>rientia</strong></span> <span class='ocrx_word' id='word_1_479' title='bbox 990 1451 1056 1479; x_wconf 82' lang='lat' dir='ltr'><strong>riris</strong></span> <span class='ocrx_word' id='word_1_480' title='bbox 1082 1449 1262 1484; x_wconf 85' lang='lat' dir='ltr'><strong>prudentibus</strong></span> <span class='ocrx_word' id='word_1_481' title='bbox 1286 1454 1313 1476; x_wconf 86' lang='lat' dir='ltr'><strong>et</strong></span> <span class='ocrx_word' id='word_1_482' title='bbox 1334 1449 1433 1476; x_wconf 87' lang='lat' dir='ltr'><strong>sobriis</strong></span> <span class='ocrx_word' id='word_1_483' title='bbox 1455 1447 1660 1475; x_wconf 56' lang='lat' dir='ltr'><strong>manifestabitu</strong></span> 
     </span>
    </p>
   </div>
   <div class='ocr_carea' id='block_1_69' title="bbox 865 1494 1652 1532">
    <p class='ocr_par' dir='ltr' id='par_1_69' title="bbox 865 1494 1652 1532">
     <span class='ocr_line' id='line_1_69' title="bbox 865 1494 1652 1532; baseline -0.008 -6"><span class='ocrx_word' id='word_1_484' title='bbox 865 1498 933 1526; x_wconf 86' lang='lat' dir='ltr'><strong>Nam</strong></span> <span class='ocrx_word' id='word_1_485' title='bbox 951 1499 972 1525; x_wconf 91' lang='lat' dir='ltr'><strong>si</strong></span> <span class='ocrx_word' id='word_1_486' title='bbox 988 1497 1016 1524; x_wconf 92' lang='lat' dir='ltr'><strong>in</strong></span> <span class='ocrx_word' id='word_1_487' title='bbox 1033 1496 1168 1532; x_wconf 77' lang='lat' dir='ltr'><strong>exquisita</strong></span> <span class='ocrx_word' id='word_1_488' title='bbox 1188 1495 1308 1523; x_wconf 89' lang='lat' dir='ltr'><strong>nominis</strong></span> <span class='ocrx_word' id='word_1_489' title='bbox 1326 1495 1408 1529; x_wconf 82' lang='lat' dir='ltr'><strong>hujus</strong></span> <span class='ocrx_word' id='word_1_490' title='bbox 1424 1494 1577 1529; x_wconf 81' lang='lat' dir='ltr'><strong>cognitione</strong></span> <span class='ocrx_word' id='word_1_491' title='bbox 1592 1501 1652 1520; x_wconf 88' lang='lat' dir='ltr'><strong>ma-</strong></span> 
     </span>
    </p>
   </div>
   <div class='ocr_carea' id='block_1_70' title="bbox 864 1539 1653 1580">
    <p class='ocr_par' dir='ltr' id='par_1_70' title="bbox 864 1539 1653 1580">
     <span class='ocr_line' id='line_1_70' title="bbox 864 1539 1653 1580; baseline -0.006 -9"><span class='ocrx_word' id='word_1_492' title='bbox 864 1553 946 1580; x_wconf 79' lang='lat' dir='ltr'><strong>gnum</strong></span> <span class='ocrx_word' id='word_1_493' title='bbox 963 1543 1071 1579; x_wconf 82' lang='lat' dir='ltr'><strong>aliquod</strong></span> <span class='ocrx_word' id='word_1_494' title='bbox 1087 1551 1177 1578; x_wconf 70' lang='lat' dir='ltr'><strong>opera:</strong></span> <span class='ocrx_word' id='word_1_495' title='bbox 1190 1543 1306 1578; x_wconf 89' lang='lat' dir='ltr'><strong>pretium</strong></span> <span class='ocrx_word' id='word_1_496' title='bbox 1323 1542 1405 1569; x_wconf 91' lang='lat' dir='ltr'><strong>situm</strong></span> <span class='ocrx_word' id='word_1_497' title='bbox 1426 1545 1509 1572; x_wconf 85' lang='lat' dir='ltr'><strong>esset,</strong></span> <span class='ocrx_word' id='word_1_498' title='bbox 1534 1540 1578 1567; x_wconf 87' lang='lat' dir='ltr'><strong>ille</strong></span> <span class='ocrx_word' id='word_1_499' title='bbox 1599 1539 1653 1567; x_wconf 90' lang='lat' dir='ltr'><strong>uti-</strong></span> 
     </span>
    </p>
   </div>
   <div class='ocr_carea' id='block_1_71' title="bbox 865 1586 1652 1625">
    <p class='ocr_par' dir='ltr' id='par_1_71' title="bbox 865 1586 1652 1625">
     <span class='ocr_line' id='line_1_71' title="bbox 865 1586 1652 1625; baseline -0.006 -8"><span class='ocrx_word' id='word_1_500' title='bbox 865 1598 918 1625; x_wconf 88' lang='lat' dir='ltr'><strong>que</strong></span> <span class='ocrx_word' id='word_1_501' title='bbox 932 1589 978 1625; x_wconf 91' lang='lat' dir='ltr'><strong>qui</strong></span> <span class='ocrx_word' id='word_1_502' title='bbox 990 1589 1122 1616; x_wconf 83' lang='lat' dir='ltr'><strong>visionem</strong></span> <span class='ocrx_word' id='word_1_503' title='bbox 1140 1588 1288 1622; x_wconf 86' lang='lat' dir='ltr'><strong>impressit,</strong></span> <span class='ocrx_word' id='word_1_504' title='bbox 1307 1592 1335 1614; x_wconf 93' lang='lat' dir='ltr'><strong>ut</strong></span> <span class='ocrx_word' id='word_1_505' title='bbox 1351 1591 1456 1614; x_wconf 76' lang='lat' dir='ltr'><strong>veteres</strong></span> <span class='ocrx_word' id='word_1_506' title='bbox 1471 1590 1543 1613; x_wconf 89' lang='lat' dir='ltr'><strong>recte</strong></span> <span class='ocrx_word' id='word_1_507' title='bbox 1557 1586 1652 1612; x_wconf 90' lang='lat' dir='ltr'><strong>admo-</strong></span> 
     </span>
    </p>
   </div>
   <div class='ocr_carea' id='block_1_72' title="bbox 864 1632 1651 1670">
    <p class='ocr_par' dir='ltr' id='par_1_72' title="bbox 864 1632 1651 1670">
     <span class='ocr_line' id='line_1_72' title="bbox 864 1632 1651 1670; baseline -0.004 -8"><span class='ocrx_word' id='word_1_508' title='bbox 864 1640 938 1668; x_wconf 85' lang='lat' dir='ltr'><strong>nent,</strong></span> <span class='ocrx_word' id='word_1_509' title='bbox 953 1634 1128 1670; x_wconf 66' lang='lat' dir='ltr'><strong>evangelistm</strong></span> <span class='ocrx_word' id='word_1_510' title='bbox 1148 1633 1213 1661; x_wconf 86' lang='lat' dir='ltr'><strong>illud</strong></span> <span class='ocrx_word' id='word_1_511' title='bbox 1233 1632 1413 1668; x_wconf 81' lang='lat' dir='ltr'><strong>patefecisset.</strong></span> <span class='ocrx_word' id='word_1_512' title='bbox 1436 1632 1531 1659; x_wconf 81' lang='lat' dir='ltr'><strong>Verum</strong></span> <span class='ocrx_word' id='word_1_513' title='bbox 1552 1632 1651 1659; x_wconf 77' lang='lat' dir='ltr'><strong>divina:</strong></span> 
     </span>
    </p>
   </div>
   <div class='ocr_carea' id='block_1_73' title="bbox 864 1677 1650 1715">
    <p class='ocr_par' dir='ltr' id='par_1_73' title="bbox 864 1677 1650 1715">
     <span class='ocr_line' id='line_1_73' title="bbox 864 1677 1650 1715; baseline -0.004 -8"><span class='ocrx_word' id='word_1_514' title='bbox 864 1681 958 1715; x_wconf 74' lang='lat' dir='ltr'><strong>gratiae</strong></span> <span class='ocrx_word' id='word_1_515' title='bbox 972 1680 1058 1713; x_wconf 88' lang='lat' dir='ltr'><strong>aliud,</strong></span> <span class='ocrx_word' id='word_1_516' title='bbox 1074 1687 1155 1714; x_wconf 87' lang='lat' dir='ltr'><strong>quam</strong></span> <span class='ocrx_word' id='word_1_517' title='bbox 1172 1679 1340 1712; x_wconf 90' lang='lat' dir='ltr'><strong>corruptoris</strong></span> <span class='ocrx_word' id='word_1_518' title='bbox 1355 1678 1508 1713; x_wconf 88' lang='lat' dir='ltr'><strong>perditique</strong></span> <span class='ocrx_word' id='word_1_519' title='bbox 1532 1677 1650 1705; x_wconf 84' lang='lat' dir='ltr'><strong>hominis</strong></span> 
     </span>
    </p>
   </div>
   <div class='ocr_carea' id='block_1_74' title="bbox 859 1721 1650 1757">
    <p class='ocr_par' dir='ltr' id='par_1_74' title="bbox 859 1721 1650 1757">
     <span class='ocr_line' id='line_1_74' title="bbox 859 1721 1650 1757; baseline -0.005 -4"><span class='ocrx_word' id='word_1_520' title='bbox 859 1734 971 1757; x_wconf 88' lang='lat' dir='ltr'><strong>nomen,</strong></span> <span class='ocrx_word' id='word_1_521' title='bbox 990 1726 1082 1753; x_wconf 85' lang='lat' dir='ltr'><strong>divino</strong></span> <span class='ocrx_word' id='word_1_522' title='bbox 1100 1725 1164 1752; x_wconf 89' lang='lat' dir='ltr'><strong>huic</strong></span> <span class='ocrx_word' id='word_1_523' title='bbox 1181 1724 1250 1751; x_wconf 89' lang='lat' dir='ltr'><strong>libro</strong></span> <span class='ocrx_word' id='word_1_524' title='bbox 1267 1725 1388 1751; x_wconf 89' lang='lat' dir='ltr'><strong>inserere</strong></span> <span class='ocrx_word' id='word_1_525' title='bbox 1409 1724 1496 1750; x_wconf 83' lang='lat' dir='ltr'><strong>visum</strong></span> <span class='ocrx_word' id='word_1_526' title='bbox 1515 1723 1574 1750; x_wconf 84' lang='lat' dir='ltr'><strong>luit.</strong></span> <span class='ocrx_word' id='word_1_527' title='bbox 1595 1721 1650 1749; x_wconf 85' lang='lat' dir='ltr'><strong>Ve-</strong></span> 
     </span>
    </p>
   </div>
   <div class='ocr_carea' id='block_1_75' title="bbox 859 1769 1649 1805">
    <p class='ocr_par' dir='ltr' id='par_1_75' title="bbox 859 1769 1649 1805">
     <span class='ocr_line' id='line_1_75' title="bbox 859 1769 1649 1805; baseline -0.005 -6"><span class='ocrx_word' id='word_1_528' title='bbox 859 1776 1012 1800; x_wconf 87' lang='lat' dir='ltr'><strong>rumtamen</strong></span> <span class='ocrx_word' id='word_1_529' title='bbox 1029 1779 1076 1805; x_wconf 89' lang='lat' dir='ltr'><strong>per</strong></span> <span class='ocrx_word' id='word_1_530' title='bbox 1098 1771 1210 1797; x_wconf 93' lang='lat' dir='ltr'><strong>modum</strong></span> <span class='ocrx_word' id='word_1_531' title='bbox 1225 1769 1430 1797; x_wconf 83' lang='lat' dir='ltr'><strong>exercitationis</strong></span> <span class='ocrx_word' id='word_1_532' title='bbox 1450 1769 1535 1796; x_wconf 86' lang='lat' dir='ltr'><strong>multa</strong></span> <span class='ocrx_word' id='word_1_533' title='bbox 1551 1776 1649 1796; x_wconf 88' lang='lat' dir='ltr'><strong>secun-</strong></span> 
     </span>
    </p>
   </div>
   <div class='ocr_carea' id='block_1_76' title="bbox 859 1816 1649 1852">
    <p class='ocr_par' dir='ltr' id='par_1_76' title="bbox 859 1816 1649 1852">
     <span class='ocr_line' id='line_1_76' title="bbox 859 1816 1649 1852; baseline -0.004 -8"><span class='ocrx_word' id='word_1_534' title='bbox 859 1818 925 1845; x_wconf 89' lang='lat' dir='ltr'><strong>dum</strong></span> <span class='ocrx_word' id='word_1_535' title='bbox 945 1817 976 1845; x_wconf 89' lang='lat' dir='ltr'><strong>B.</strong></span> <span class='ocrx_word' id='word_1_536' title='bbox 997 1816 1170 1852; x_wconf 84' lang='lat' dir='ltr'><strong>Hippolytum</strong></span> <span class='ocrx_word' id='word_1_537' title='bbox 1193 1821 1220 1844; x_wconf 88' lang='lat' dir='ltr'><strong>et</strong></span> <span class='ocrx_word' id='word_1_538' title='bbox 1239 1817 1307 1844; x_wconf 85' lang='lat' dir='ltr'><strong>alios</strong></span> <span class='ocrx_word' id='word_1_539' title='bbox 1325 1816 1441 1851; x_wconf 79' lang='lat' dir='ltr'><strong>conlingi</strong></span> <span class='ocrx_word' id='word_1_540' title='bbox 1463 1820 1579 1850; x_wconf 91' lang='lat' dir='ltr'><strong>possunt</strong></span> <span class='ocrx_word' id='word_1_541' title='bbox 1598 1823 1649 1841; x_wconf 82' lang='lat' dir='ltr'><strong>no-</strong></span> 
     </span>
    </p>
   </div>
   <div class='ocr_carea' id='block_1_77' title="bbox 860 1862 1645 1899">
    <p class='ocr_par' dir='ltr' id='par_1_77' title="bbox 860 1862 1645 1899">
     <span class='ocr_line' id='line_1_77' title="bbox 860 1862 1645 1899; baseline -0.005 -8"><span class='ocrx_word' id='word_1_542' title='bbox 860 1864 952 1897; x_wconf 87' lang='lat' dir='ltr'><strong>mina,</strong></span> <span class='ocrx_word' id='word_1_543' title='bbox 974 1871 1035 1899; x_wconf 64' lang='lat' dir='ltr'><strong>qum</strong></span> <span class='ocrx_word' id='word_1_544' title='bbox 1058 1871 1202 1890; x_wconf 86' lang='lat' dir='ltr'><strong>numerum</strong></span> <span class='ocrx_word' id='word_1_545' title='bbox 1230 1862 1305 1889; x_wconf 92' lang='lat' dir='ltr'><strong>illum</strong></span> <span class='ocrx_word' id='word_1_546' title='bbox 1329 1862 1555 1896; x_wconf 88' lang='lat' dir='ltr'><strong>complectantur,</strong></span> <span class='ocrx_word' id='word_1_547' title='bbox 1583 1868 1645 1888; x_wconf 88' lang='lat' dir='ltr'><strong>cum</strong></span> 
     </span>
    </p>
   </div>
   <div class='ocr_carea' id='block_1_78' title="bbox 859 1907 1646 1945">
    <p class='ocr_par' dir='ltr' id='par_1_78' title="bbox 859 1907 1646 1945">
     <span class='ocr_line' id='line_1_78' title="bbox 859 1907 1646 1945; baseline -0.005 -8"><span class='ocrx_word' id='word_1_548' title='bbox 859 1910 982 1945; x_wconf 89' lang='lat' dir='ltr'><strong>propria,</strong></span> <span class='ocrx_word' id='word_1_549' title='bbox 997 1913 1056 1936; x_wconf 92' lang='lat' dir='ltr'><strong>tum</strong></span> <span class='ocrx_word' id='word_1_550' title='bbox 1070 1910 1151 1936; x_wconf 84' lang='lat' dir='ltr'><strong>etiam</strong></span> <span class='ocrx_word' id='word_1_551' title='bbox 1165 1909 1340 1943; x_wconf 83' lang='lat' dir='ltr'><strong>appellativa,</strong></span> <span class='ocrx_word' id='word_1_552' title='bbox 1356 1908 1437 1943; x_wconf 87' lang='lat' dir='ltr'><strong>idque</strong></span> <span class='ocrx_word' id='word_1_553' title='bbox 1455 1908 1481 1934; x_wconf 90' lang='lat' dir='ltr'><strong>in</strong></span> <span class='ocrx_word' id='word_1_554' title='bbox 1495 1907 1568 1934; x_wconf 89' lang='lat' dir='ltr'><strong>omni</strong></span> <span class='ocrx_word' id='word_1_555' title='bbox 1582 1914 1646 1941; x_wconf 86' lang='lat' dir='ltr'><strong>pro-</strong></span> 
     </span>
    </p>
   </div>
   <div class='ocr_carea' id='block_1_79' title="bbox 859 1952 1647 1991">
    <p class='ocr_par' dir='ltr' id='par_1_79' title="bbox 859 1952 1647 1991">
     <span class='ocr_line' id='line_1_79' title="bbox 859 1952 1647 1991; baseline -0.005 -8"><span class='ocrx_word' id='word_1_556' title='bbox 859 1955 1003 1991; x_wconf 91' lang='lat' dir='ltr'><strong>pemodum</strong></span> <span class='ocrx_word' id='word_1_557' title='bbox 1021 1956 1122 1989; x_wconf 77' lang='lat' dir='ltr'><strong>lingua.</strong></span> <span class='ocrx_word' id='word_1_558' title='bbox 1141 1954 1297 1989; x_wconf 84' lang='lat' dir='ltr'><strong>Proprium,</strong></span> <span class='ocrx_word' id='word_1_559' title='bbox 1314 1954 1430 1988; x_wconf 80' lang='lat' dir='ltr'><strong>exempli</strong></span> <span class='ocrx_word' id='word_1_560' title='bbox 1442 1961 1536 1984; x_wconf 85' lang='lat' dir='ltr'><strong>causa,</strong></span> <span class='ocrx_word' id='word_1_561' title='bbox 1555 1952 1647 1980; x_wconf 58' lang='lat' dir='ltr'><strong>Graece</strong></span> 
     </span>
    </p>
   </div>
   <div class='ocr_carea' id='block_1_80' title="bbox 859 1999 1645 2036">
    <p class='ocr_par' dir='ltr' id='par_1_80' title="bbox 859 1999 1645 2036">
     <span class='ocr_line' id='line_1_80' title="bbox 859 1999 1645 2036; baseline -0.005 -8"><span class='ocrx_word' id='word_1_562' title='bbox 859 2002 895 2029; x_wconf 88' lang='lat' dir='ltr'><strong>sit</strong></span> <span class='ocrx_word' id='word_1_563' title='bbox 909 2001 1069 2036; x_wconf 80' lang='grc' dir='ltr'>Λαμπὲτης,</span> <span class='ocrx_word' id='word_1_564' title='bbox 1080 2000 1174 2027; x_wconf 87' lang='lat' dir='ltr'><strong>Latine</strong></span> <span class='ocrx_word' id='word_1_565' title='bbox 1184 2000 1351 2033; x_wconf 74' lang='lat' dir='ltr'><strong>Benedictus,</strong></span> <span class='ocrx_word' id='word_1_566' title='bbox 1364 1999 1471 2027; x_wconf 84' lang='lat' dir='ltr'><strong>Persice</strong></span> <span class='ocrx_word' id='word_1_567' title='bbox 1482 1999 1645 2026; x_wconf 70' lang='lat' dir='ltr'><strong>Sarmnazus.</strong></span> 
     </span>
    </p>
   </div>
   <div class='ocr_carea' id='block_1_81' title="bbox 861 2045 1646 2082">
    <p class='ocr_par' dir='ltr' id='par_1_81' title="bbox 861 2045 1646 2082">
     <span class='ocr_line' id='line_1_81' title="bbox 861 2045 1646 2082; baseline -0.004 -8"><span class='ocrx_word' id='word_1_568' title='bbox 861 2047 963 2074; x_wconf 88' lang='lat' dir='ltr'><strong>Similis</strong></span> <span class='ocrx_word' id='word_1_569' title='bbox 985 2048 1012 2074; x_wconf 92' lang='lat' dir='ltr'><strong>in</strong></span> <span class='ocrx_word' id='word_1_570' title='bbox 1033 2048 1138 2074; x_wconf 53' lang='lat' dir='ltr'><strong>exteris</strong></span> <span class='ocrx_word' id='word_1_571' title='bbox 1159 2047 1258 2082; x_wconf 81' lang='lat' dir='ltr'><strong>linguis</strong></span> <span class='ocrx_word' id='word_1_572' title='bbox 1275 2046 1427 2073; x_wconf 62' lang='lat' dir='ltr'><strong>edormatio</strong></span> <span class='ocrx_word' id='word_1_573' title='bbox 1444 2046 1500 2074; x_wconf 81' lang='lat' dir='ltr'><strong>(lat.</strong></span> <span class='ocrx_word' id='word_1_574' title='bbox 1523 2045 1646 2079; x_wconf 85' lang='lat' dir='ltr'><strong>Appella-</strong></span> 
     </span>
    </p>
   </div>
   <div class='ocr_carea' id='block_1_82' title="bbox 860 2090 1645 2129">
    <p class='ocr_par' dir='ltr' id='par_1_82' title="bbox 860 2090 1645 2129">
     <span class='ocr_line' id='line_1_82' title="bbox 860 2090 1645 2129; baseline -0.005 -9"><span class='ocrx_word' id='word_1_575' title='bbox 860 2094 915 2120; x_wconf 85' lang='lat' dir='ltr'><strong>tiro</strong></span> <span class='ocrx_word' id='word_1_576' title='bbox 933 2100 1008 2125; x_wconf 87' lang='lat' dir='ltr'><strong>vero,</strong></span> <span class='ocrx_word' id='word_1_577' title='bbox 1026 2097 1056 2120; x_wconf 89' lang='lat' dir='ltr'><strong>ut</strong></span> <span class='ocrx_word' id='word_1_578' title='bbox 1071 2091 1154 2124; x_wconf 71' lang='grc' dir='ltr'>κακὸς</span> <span class='ocrx_word' id='word_1_579' title='bbox 1174 2093 1279 2129; x_wconf 80' lang='grc' dir='ltr'>ὁδηγός,</span> <span class='ocrx_word' id='word_1_580' title='bbox 1297 2093 1350 2118; x_wconf 64' lang='lat' dir='ltr'><strong>dux</strong></span> <span class='ocrx_word' id='word_1_581' title='bbox 1369 2091 1518 2126; x_wconf 76' lang='lat' dir='ltr'><strong>improbus;</strong></span> <span class='ocrx_word' id='word_1_582' title='bbox 1538 2090 1645 2126; x_wconf 78' lang='grc' dir='ltr'>ἀληθῶς</span> 
     </span>
    </p>
   </div>
   <div class='ocr_carea' id='block_1_83' title="bbox 860 2135 1644 2174">
    <p class='ocr_par' dir='ltr' id='par_1_83' title="bbox 860 2135 1644 2174">
     <span class='ocr_line' id='line_1_83' title="bbox 860 2135 1644 2174; baseline -0.004 -10"><span class='ocrx_word' id='word_1_583' title='bbox 860 2137 1004 2174; x_wconf 74' lang='grc' dir='ltr'>βλαΰερός,</span> <span class='ocrx_word' id='word_1_584' title='bbox 1022 2146 1080 2165; x_wconf 75' lang='grc' dir='ltr'>νει-ε</span> <span class='ocrx_word' id='word_1_585' title='bbox 1105 2138 1216 2170; x_wconf 63' lang='lat' dir='ltr'><strong>noxius;</strong></span> <span class='ocrx_word' id='word_1_586' title='bbox 1239 2138 1320 2164; x_wconf 86' lang='grc' dir='ltr'>πάλαι</span> <span class='ocrx_word' id='word_1_587' title='bbox 1338 2137 1479 2172; x_wconf 83' lang='grc' dir='ltr'>βάσκανος,</span> <span class='ocrx_word' id='word_1_588' title='bbox 1497 2137 1554 2170; x_wconf 82' lang='lat' dir='ltr'><strong>jam</strong></span> <span class='ocrx_word' id='word_1_589' title='bbox 1582 2135 1644 2162; x_wconf 86' lang='lat' dir='ltr'><strong>olim</strong></span> 
     </span>
    </p>
   </div>
   <div class='ocr_carea' id='block_1_84' title="bbox 41 2179 1644 2222">
    <p class='ocr_par' dir='ltr' id='par_1_84' title="bbox 41 2179 1644 2222">
     <span class='ocr_line' id='line_1_84' title="bbox 41 2179 1644 2222; baseline 0.001 -14"><span class='ocrx_word' id='word_1_590' title='bbox 41 2179 137 2215; x_wconf 64' lang='lat' dir='ltr'><strong>inuidus;</strong></span> <span class='ocrx_word' id='word_1_591' title='bbox 149 2184 231 2220; x_wconf 80' lang='grc' dir='ltr'>ἀμνὸς</span> <span class='ocrx_word' id='word_1_592' title='bbox 242 2185 346 2217; x_wconf 77' lang='grc' dir='ltr'>ἄδικος,</span> <span class='ocrx_word' id='word_1_593' title='bbox 364 2194 446 2220; x_wconf 77' lang='lat' dir='ltr'><strong>agnus</strong></span> <span class='ocrx_word' id='word_1_594' title='bbox 458 2187 580 2221; x_wconf 77' lang='lat' dir='ltr'><strong>iniquus;</strong></span> <span class='ocrx_word' id='word_1_595' title='bbox 599 2187 698 2222; x_wconf 90' lang='lat' dir='ltr'><strong>quibus</strong></span> <span class='ocrx_word' id='word_1_596' title='bbox 710 2187 743 2214; x_wconf 85' lang='lat' dir='ltr'><strong>ab</strong></span> <span class='ocrx_word' id='word_1_597' title='bbox 764 2186 817 2214; x_wconf 85' lang='lat' dir='ltr'><strong>illis</strong></span> <span class='ocrx_word' id='word_1_598' title='bbox 841 2186 977 2221; x_wconf 65' lang='lat' dir='ltr'><strong>praecipue</strong></span> <span class='ocrx_word' id='word_1_599' title='bbox 997 2185 1176 2220; x_wconf 78' lang='lat' dir='ltr'><strong>appellabitur</strong></span> <span class='ocrx_word' id='word_1_600' title='bbox 1191 2185 1375 2212; x_wconf 83' lang='lat' dir='ltr'><strong>Antichristus</strong></span> <span class='ocrx_word' id='word_1_601' title='bbox 1388 2203 1395 2216; x_wconf 94' lang='lat'><strong>,</strong></span> <span class='ocrx_word' id='word_1_602' title='bbox 1415 2184 1462 2218; x_wconf 87' lang='lat' dir='ltr'><strong>qui</strong></span> <span class='ocrx_word' id='word_1_603' title='bbox 1479 2190 1585 2215; x_wconf 82' lang='lat' dir='ltr'><strong>errqres</strong></span> <span class='ocrx_word' id='word_1_604' title='bbox 1611 2182 1644 2209; x_wconf 88' lang='lat' dir='ltr'><strong>il-</strong></span> 
     </span>
    </p>
   </div>
   <div class='ocr_carea' id='block_1_85' title="bbox 42 2227 1451 2270">
    <p class='ocr_par' dir='ltr' id='par_1_85' title="bbox 42 2227 1451 2270">
     <span class='ocr_line' id='line_1_85' title="bbox 42 2227 1451 2270; baseline 0.001 -15"><span class='ocrx_word' id='word_1_605' title='bbox 42 2227 84 2257; x_wconf 82' lang='lat' dir='ltr'><strong>lius</strong></span> <span class='ocrx_word' id='word_1_606' title='bbox 94 2238 267 2266; x_wconf 70' lang='lat' dir='ltr'><strong>aversantur;</strong></span> <span class='ocrx_word' id='word_1_607' title='bbox 291 2233 425 2268; x_wconf 86' lang='lat' dir='ltr'><strong>siquidem</strong></span> <span class='ocrx_word' id='word_1_608' title='bbox 446 2235 469 2261; x_wconf 91' lang='lat' dir='ltr'><strong>is</strong></span> <span class='ocrx_word' id='word_1_609' title='bbox 492 2235 606 2270; x_wconf 87' lang='lat' dir='ltr'><strong>gloriam</strong></span> <span class='ocrx_word' id='word_1_610' title='bbox 623 2243 702 2263; x_wconf 85' lang='lat' dir='ltr'><strong>suam</strong></span> <span class='ocrx_word' id='word_1_611' title='bbox 719 2235 746 2262; x_wconf 95' lang='lat' dir='ltr'><strong>in</strong></span> <span class='ocrx_word' id='word_1_612' title='bbox 759 2234 868 2270; x_wconf 83' lang='lat' dir='ltr'><strong>ﬂagitiis</strong></span> <span class='ocrx_word' id='word_1_613' title='bbox 887 2234 987 2269; x_wconf 90' lang='lat' dir='ltr'><strong>probro</strong></span> <span class='ocrx_word' id='word_1_614' title='bbox 1003 2233 1093 2269; x_wconf 88' lang='lat' dir='ltr'><strong>dignis</strong></span> <span class='ocrx_word' id='word_1_615' title='bbox 1107 2233 1254 2261; x_wconf 89' lang='lat' dir='ltr'><strong>constituet</strong></span> <span class='ocrx_word' id='word_1_616' title='bbox 1267 2233 1309 2260; x_wconf 89' lang='lat' dir='ltr'><strong>vel</strong></span> <span class='ocrx_word' id='word_1_617' title='bbox 1324 2232 1451 2259; x_wconf 69' lang='lat' dir='ltr'><strong>maxime.</strong></span> 
     </span>
    </p>
   </div>
   <div class='ocr_carea' id='block_1_86' title="bbox 539 2293 1120 2330">
    <p class='ocr_par' dir='ltr' id='par_1_86' title="bbox 539 2293 1120 2330">
     <span class='ocr_line' id='line_1_86' title="bbox 539 2293 1120 2330; baseline -0.002 -9"><span class='ocrx_word' id='word_1_618' title='bbox 539 2293 614 2321; x_wconf 83' lang='lat' dir='ltr'><strong>Idem</strong></span> <span class='ocrx_word' id='word_1_619' title='bbox 628 2293 655 2321; x_wconf 88' lang='lat' dir='ltr'><strong>in</strong></span> <span class='ocrx_word' id='word_1_620' title='bbox 668 2293 828 2330; x_wconf 86' lang='lat' dir='ltr'><strong>Apocalyps.</strong></span> <span class='ocrx_word' id='word_1_621' title='bbox 851 2301 917 2326; x_wconf 80' lang='lat' dir='ltr'><strong>xvu,</strong></span> <span class='ocrx_word' id='word_1_622' title='bbox 931 2293 973 2326; x_wconf 86' lang='grc'><strong>10,</strong></span> <span class='ocrx_word' id='word_1_623' title='bbox 985 2301 1046 2328; x_wconf 88' lang='lat' dir='ltr'><strong>pag.</strong></span> <span class='ocrx_word' id='word_1_624' title='bbox 1059 2293 1120 2320; x_wconf 78' lang='grc'><strong>101.</strong></span> 
     </span>
    </p>
   </div>
   <div class='ocr_carea' id='block_1_87' title="bbox 68 2347 809 2391">
    <p class='ocr_par' dir='ltr' id='par_1_87' title="bbox 68 2347 803 2389">
     <span class='ocr_line' id='line_1_87' title="bbox 68 2347 803 2389; baseline 0.008 -12"><span class='ocrx_word' id='word_1_625' title='bbox 68 2347 126 2382; x_wconf 77' lang='grc' dir='ltr'>Τοὺς</span> <span class='ocrx_word' id='word_1_626' title='bbox 135 2351 162 2378; x_wconf 81' lang='grc' dir='ltr'>δὲ</span> <span class='ocrx_word' id='word_1_627' title='bbox 173 2352 227 2379; x_wconf 83' lang='grc' dir='ltr'>ἀπὸ</span> <span class='ocrx_word' id='word_1_628' title='bbox 246 2352 302 2380; x_wconf 80' lang='grc' dir='ltr'><strong>τῶν</strong></span> <span class='ocrx_word' id='word_1_629' title='bbox 327 2353 396 2381; x_wconf 74' lang='grc' dir='ltr'>ἑπτὰ</span> <span class='ocrx_word' id='word_1_630' title='bbox 421 2353 553 2389; x_wconf 81' lang='grc' dir='ltr'>βασιλέων</span> <span class='ocrx_word' id='word_1_631' title='bbox 569 2356 702 2388; x_wconf 80' lang='grc' dir='ltr'>πεσόντας</span> <span class='ocrx_word' id='word_1_632' title='bbox 722 2356 803 2382; x_wconf 83' lang='grc' dir='ltr'>πέντε</span> 
     </span>
    </p>
   </div>
   <div class='ocr_carea' id='block_1_88' title="bbox 905 2347 1640 2391">
    <p class='ocr_par' dir='ltr' id='par_1_88' title="bbox 905 2352 1640 2391">
     <span class='ocr_line' id='line_1_88' title="bbox 905 2352 1640 2391; baseline -0.003 -9"><span class='ocrx_word' id='word_1_633' title='bbox 905 2356 991 2383; x_wconf 81' lang='lat' dir='ltr'><strong>leatus</strong></span> <span class='ocrx_word' id='word_1_634' title='bbox 1005 2355 1166 2391; x_wconf 83' lang='lat' dir='ltr'><strong>Hippolytus</strong></span> <span class='ocrx_word' id='word_1_635' title='bbox 1178 2362 1227 2390; x_wconf 86' lang='lat' dir='ltr'><strong>per</strong></span> <span class='ocrx_word' id='word_1_636' title='bbox 1243 2354 1325 2381; x_wconf 89' lang='lat' dir='ltr'><strong>hosce</strong></span> <span class='ocrx_word' id='word_1_637' title='bbox 1339 2361 1410 2388; x_wconf 82' lang='lat' dir='ltr'><strong>reges</strong></span> <span class='ocrx_word' id='word_1_638' title='bbox 1426 2353 1546 2388; x_wconf 88' lang='lat' dir='ltr'><strong>quinque</strong></span> <span class='ocrx_word' id='word_1_639' title='bbox 1560 2352 1606 2388; x_wconf 91' lang='lat' dir='ltr'><strong>qui</strong></span> <span class='ocrx_word' id='word_1_640' title='bbox 1624 2360 1640 2380; x_wconf 74' lang='grc' dir='ltr'>θ</span> 
     </span>
    </p>
   </div>
   <div class='ocr_carea' id='block_1_89' title="bbox 43 2391 805 2444">
    <p class='ocr_par' dir='ltr' id='par_1_89' title="bbox 43 2391 805 2444">
     <span class='ocr_line' id='line_1_89' title="bbox 43 2391 805 2444; baseline 0.012 -24"><span class='ocrx_word' id='word_1_641' title='bbox 43 2391 157 2444; x_wconf 47' lang='grc' dir='ltr'>βασιλεῖς,</span> <span class='ocrx_word' id='word_1_642' title='bbox 173 2399 194 2444; x_wconf 51' lang='grc' dir='ltr'><strong>ό</strong></span> <span class='ocrx_word' id='word_1_643' title='bbox 213 2400 349 2435; x_wconf 84' lang='grc' dir='ltr'>μακάριος</span> <span class='ocrx_word' id='word_1_644' title='bbox 382 2401 539 2433; x_wconf 84' lang='grc' dir='ltr'>Ἱππόλυτος</span> <span class='ocrx_word' id='word_1_645' title='bbox 566 2402 666 2434; x_wconf 80' lang='grc' dir='ltr'>αἰῶνας</span> <span class='ocrx_word' id='word_1_646' title='bbox 694 2402 805 2434; x_wconf 83' lang='grc' dir='ltr'>τούτους</span> 
     </span>
    </p>
   </div>
   <div class='ocr_carea' id='block_1_90' title="bbox 42 2438 804 2483">
    <p class='ocr_par' dir='ltr' id='par_1_90' title="bbox 42 2438 804 2483">
     <span class='ocr_line' id='line_1_90' title="bbox 42 2438 804 2483; baseline 0.007 -14"><span class='ocrx_word' id='word_1_647' title='bbox 42 2438 145 2469; x_wconf 73' lang='grc' dir='ltr'><strong>ὲξέλιιδεν</strong></span> <span class='ocrx_word' id='word_1_648' title='bbox 155 2453 161 2458; x_wconf 90' lang='grc'><strong>·</strong></span> <span class='ocrx_word' id='word_1_649' title='bbox 177 2441 214 2471; x_wconf 84' lang='grc' dir='ltr'>ὧν</span> <span class='ocrx_word' id='word_1_650' title='bbox 232 2445 297 2477; x_wconf 72' lang='grc' dir='ltr'>τοὺς</span> <span class='ocrx_word' id='word_1_651' title='bbox 313 2446 361 2481; x_wconf 81' lang='grc' dir='ltr'>μὲν</span> <span class='ocrx_word' id='word_1_652' title='bbox 386 2446 476 2479; x_wconf 84' lang='grc' dir='ltr'>πέντε,</span> <span class='ocrx_word' id='word_1_653' title='bbox 499 2448 703 2483; x_wconf 78' lang='grc' dir='ltr'>παρῳχηκέναι,</span> <span class='ocrx_word' id='word_1_654' title='bbox 718 2448 763 2475; x_wconf 91' lang='grc' dir='ltr'>τὸν</span> <span class='ocrx_word' id='word_1_655' title='bbox 776 2448 804 2474; x_wconf 83' lang='grc' dir='ltr'>δὲ</span> 
     </span>
    </p>
   </div>
   <div class='ocr_carea' id='block_1_91' title="bbox 41 2483 805 2528">
    <p class='ocr_par' dir='ltr' id='par_1_91' title="bbox 41 2483 805 2528">
     <span class='ocr_line' id='line_1_91' title="bbox 41 2483 805 2528; baseline 0.01 -16"><span class='ocrx_word' id='word_1_656' title='bbox 41 2483 117 2519; x_wconf 72' lang='grc' dir='ltr'>ἕκτον,</span> <span class='ocrx_word' id='word_1_657' title='bbox 142 2489 263 2516; x_wconf 77' lang='grc' dir='ltr'>ἐστάναι”</span> <span class='ocrx_word' id='word_1_658' title='bbox 290 2491 318 2518; x_wconf 88' lang='grc' dir='ltr'>ὲν</span> <span class='ocrx_word' id='word_1_659' title='bbox 388 2492 475 2519; x_wconf 76' lang='grc' dir='ltr'>ταῦτα</span> <span class='ocrx_word' id='word_1_660' title='bbox 498 2493 619 2528; x_wconf 81' lang='grc' dir='ltr'>ἑώρακεν</span> <span class='ocrx_word' id='word_1_661' title='bbox 641 2494 655 2519; x_wconf 85' lang='grc' dir='ltr'>ὁ</span> <span class='ocrx_word' id='word_1_662' title='bbox 678 2494 805 2520; x_wconf 83' lang='grc' dir='ltr'>’Λπόστο-</span> 
     </span>
    </p>
   </div>
   <div class='ocr_carea' id='block_1_92' title="bbox 41 2529 805 2575">
    <p class='ocr_par' dir='ltr' id='par_1_92' title="bbox 41 2529 805 2575">
     <span class='ocr_line' id='line_1_92' title="bbox 41 2529 805 2575; baseline 0.008 -14"><span class='ocrx_word' id='word_1_663' title='bbox 41 2529 88 2561; x_wconf 76' lang='grc' dir='ltr'><strong>λ’)ς·</strong></span> <span class='ocrx_word' id='word_1_664' title='bbox 103 2534 143 2560; x_wconf 85' lang='grc' dir='ltr'><strong>τὸν</strong></span> <span class='ocrx_word' id='word_1_665' title='bbox 155 2535 182 2562; x_wconf 73' lang='grc' dir='ltr'>δὲ</span> <span class='ocrx_word' id='word_1_666' title='bbox 197 2537 321 2572; x_wconf 70' lang='grc' dir='ltr'>ἕϐδομον,</span> <span class='ocrx_word' id='word_1_667' title='bbox 336 2538 381 2565; x_wconf 81' lang='grc' dir='ltr'>τὸν</span> <span class='ocrx_word' id='word_1_668' title='bbox 396 2539 464 2574; x_wconf 83' lang='grc' dir='ltr'>μετὰ</span> <span class='ocrx_word' id='word_1_669' title='bbox 485 2538 520 2565; x_wconf 85' lang='grc' dir='ltr'><strong>τὰ</strong></span> <span class='ocrx_word' id='word_1_670' title='bbox 540 2542 565 2571; x_wconf 89' lang='grc' dir='ltr'>ς’</span> <span class='ocrx_word' id='word_1_671' title='bbox 582 2539 641 2575; x_wconf 75' lang='grc' dir='ltr'>ἔτη,</span> <span class='ocrx_word' id='word_1_672' title='bbox 662 2531 744 2575; x_wconf 66' lang='grc' dir='ltr'>μήπω</span> <span class='ocrx_word' id='word_1_673' title='bbox 755 2540 805 2575; x_wconf 84' lang='grc' dir='ltr'>μὲν</span> 
     </span>
    </p>
   </div>
   <div class='ocr_carea' id='block_1_93' title="bbox 42 2578 804 2621">
    <p class='ocr_par' dir='ltr' id='par_1_93' title="bbox 42 2578 804 2621">
     <span class='ocr_line' id='line_1_93' title="bbox 42 2578 804 2621; baseline 0.008 -14"><span class='ocrx_word' id='word_1_674' title='bbox 42 2578 192 2613; x_wconf 70' lang='grc' dir='ltr'>ἐληλυθέναι,</span> <span class='ocrx_word' id='word_1_675' title='bbox 209 2584 354 2619; x_wconf 75' lang='grc' dir='ltr'>ἐρχόμενον</span> <span class='ocrx_word' id='word_1_676' title='bbox 379 2585 417 2617; x_wconf 82' lang='grc' dir='ltr'>δὲ,</span> <span class='ocrx_word' id='word_1_677' title='bbox 446 2585 534 2619; x_wconf 82' lang='grc' dir='ltr'>ὀλίγον</span> <span class='ocrx_word' id='word_1_678' title='bbox 556 2585 597 2611; x_wconf 83' lang='grc' dir='ltr'>δεῖ</span> <span class='ocrx_word' id='word_1_679' title='bbox 621 2587 719 2621; x_wconf 81' lang='grc' dir='ltr'>μεῖναι.</span> <span class='ocrx_word' id='word_1_680' title='bbox 748 2587 804 2613; x_wconf 76' lang='grc' dir='ltr'><strong>Καὶ</strong></span> 
     </span>
    </p>
   </div>
   <div class='ocr_carea' id='block_1_94' title="bbox 42 2624 804 2668">
    <p class='ocr_par' dir='ltr' id='par_1_94' title="bbox 42 2624 804 2668">
     <span class='ocr_line' id='line_1_94' title="bbox 42 2624 804 2668; baseline 0.004 -12"><span class='ocrx_word' id='word_1_681' title='bbox 42 2624 112 2651; x_wconf 54' lang='lat'><strong>11570-</strong></span> <span class='ocrx_word' id='word_1_682' title='bbox 127 2627 172 2661; x_wconf 74' lang='grc' dir='ltr'>μὲν</span> <span class='ocrx_word' id='word_1_683' title='bbox 182 2628 269 2661; x_wconf 80' lang='grc' dir='ltr'>οὕτως</span> <span class='ocrx_word' id='word_1_684' title='bbox 286 2629 421 2666; x_wconf 78' lang='grc' dir='ltr'>[ὲκείνος]·</span> <span class='ocrx_word' id='word_1_685' title='bbox 438 2632 462 2658; x_wconf 82' lang='grc' dir='ltr'>εἰ</span> <span class='ocrx_word' id='word_1_686' title='bbox 478 2631 518 2665; x_wconf 72' lang='grc' dir='ltr'>δὲ,</span> <span class='ocrx_word' id='word_1_687' title='bbox 534 2631 571 2663; x_wconf 85' lang='grc' dir='ltr'>ὥς</span> <span class='ocrx_word' id='word_1_688' title='bbox 583 2640 664 2667; x_wconf 82' lang='grc' dir='ltr'>φησιν</span> <span class='ocrx_word' id='word_1_689' title='bbox 674 2633 687 2658; x_wconf 84' lang='grc' dir='ltr'><strong>ὁ</strong></span> <span class='ocrx_word' id='word_1_690' title='bbox 703 2632 804 2668; x_wconf 82' lang='grc' dir='ltr'>[μακά-</span> 
     </span>
    </p>
   </div>
   <div class='ocr_carea' id='block_1_95' title="bbox 44 2670 804 2714">
    <p class='ocr_par' dir='ltr' id='par_1_95' title="bbox 44 2670 804 2714">
     <span class='ocr_line' id='line_1_95' title="bbox 44 2670 804 2714; baseline 0.012 -18"><span class='ocrx_word' id='word_1_691' title='bbox 44 2670 98 2706; x_wconf 72' lang='grc' dir='ltr'>ριος]</span> <span class='ocrx_word' id='word_1_692' title='bbox 112 2672 264 2709; x_wconf 78' lang='grc' dir='ltr'>Εἰρηναῖος,</span> <span class='ocrx_word' id='word_1_693' title='bbox 281 2675 375 2712; x_wconf 81' lang='grc' dir='ltr'>ὥσπερ</span> <span class='ocrx_word' id='word_1_694' title='bbox 390 2677 459 2704; x_wconf 78' lang='grc' dir='ltr'>ἑπτὰ</span> <span class='ocrx_word' id='word_1_695' title='bbox 472 2678 573 2714; x_wconf 85' lang='grc' dir='ltr'>ἡμέραι</span> <span class='ocrx_word' id='word_1_696' title='bbox 591 2678 804 2714; x_wconf 71' lang='grc' dir='ltr'>δεδημιούργην-</span> 
     </span>
    </p>
   </div>
   <div class='ocr_carea' id='block_1_96' title="bbox 43 2717 803 2764">
    <p class='ocr_par' dir='ltr' id='par_1_96' title="bbox 43 2717 803 2764">
     <span class='ocr_line' id='line_1_96' title="bbox 43 2717 803 2764; baseline 0.012 -22"><span class='ocrx_word' id='word_1_697' title='bbox 43 2717 171 2764; x_wconf 27' lang='lat' dir='ltr'><strong>iunci-.1.»</strong></span> <span class='ocrx_word' id='word_1_698' title='bbox 192 2719 239 2746; x_wconf 74' lang='grc' dir='ltr'>καὶ</span> <span class='ocrx_word' id='word_1_699' title='bbox 253 2721 322 2747; x_wconf 78' lang='grc' dir='ltr'>ἑπτὰ</span> <span class='ocrx_word' id='word_1_700' title='bbox 332 2722 448 2757; x_wconf 74' lang='grc' dir='ltr'>οὐρανοὶ,</span> <span class='ocrx_word' id='word_1_701' title='bbox 465 2723 513 2749; x_wconf 74' lang='grc' dir='ltr'>καὶ</span> <span class='ocrx_word' id='word_1_702' title='bbox 534 2723 602 2749; x_wconf 84' lang='grc' dir='ltr'>ἑπτὰ</span> <span class='ocrx_word' id='word_1_703' title='bbox 616 2723 724 2757; x_wconf 80' lang='grc' dir='ltr'>ἄγγελοι</span> <span class='ocrx_word' id='word_1_704' title='bbox 749 2724 803 2751; x_wconf 88' lang='grc' dir='ltr'><strong>τῶν</strong></span> 
     </span>
    </p>
   </div>
   <div class='ocr_carea' id='block_1_97' title="bbox 44 2761 802 2805">
    <p class='ocr_par' dir='ltr' id='par_1_97' title="bbox 44 2761 802 2805">
     <span class='ocr_line' id='line_1_97' title="bbox 44 2761 802 2805; baseline 0.015 -19"><span class='ocrx_word' id='word_1_705' title='bbox 44 2761 126 2788; x_wconf 63' lang='lat' dir='ltr'><strong>Irin-Iw</strong></span> <span class='ocrx_word' id='word_1_706' title='bbox 140 2764 308 2800; x_wconf 75' lang='grc' dir='ltr'>προῦχοντες,</span> <span class='ocrx_word' id='word_1_707' title='bbox 327 2767 373 2794; x_wconf 78' lang='grc' dir='ltr'><strong>καὶ</strong></span> <span class='ocrx_word' id='word_1_708' title='bbox 385 2768 462 2803; x_wconf 77' lang='grc' dir='ltr'>ἡμῶν</span> <span class='ocrx_word' id='word_1_709' title='bbox 476 2769 609 2803; x_wconf 84' lang='grc' dir='ltr'>λεγόντων</span> <span class='ocrx_word' id='word_1_710' title='bbox 633 2770 802 2805; x_wconf 69' lang='grc' dir='ltr'>εὐπαράδεκ-</span> 
     </span>
    </p>
   </div>
   <div class='ocr_carea' id='block_1_98' title="bbox 44 2809 801 2852">
    <p class='ocr_par' dir='ltr' id='par_1_98' title="bbox 44 2809 801 2852">
     <span class='ocr_line' id='line_1_98' title="bbox 44 2809 801 2852; baseline 0.015 -20"><span class='ocrx_word' id='word_1_711' title='bbox 44 2812 79 2831; x_wconf 75' lang='grc' dir='ltr'>ἰον</span> <span class='ocrx_word' id='word_1_712' title='bbox 94 2809 145 2840; x_wconf 79' lang='grc' dir='ltr'>τοῖς</span> <span class='ocrx_word' id='word_1_713' title='bbox 169 2810 293 2838; x_wconf 78' lang='grc' dir='ltr'>ἀκούουσι</span> <span class='ocrx_word' id='word_1_714' title='bbox 320 2812 442 2847; x_wconf 80' lang='grc' dir='ltr'>φαίνεται</span> <span class='ocrx_word' id='word_1_715' title='bbox 463 2813 494 2840; x_wconf 88' lang='grc' dir='ltr'>τὸ</span> <span class='ocrx_word' id='word_1_716' title='bbox 510 2814 557 2841; x_wconf 73' lang='grc' dir='ltr'>καὶ</span> <span class='ocrx_word' id='word_1_717' title='bbox 577 2815 646 2842; x_wconf 79' lang='grc' dir='ltr'>ἑπτὰ</span> <span class='ocrx_word' id='word_1_718' title='bbox 663 2815 801 2852; x_wconf 81' lang='grc' dir='ltr'>βασιλείας</span> 
     </span>
    </p>
   </div>
   <div class='ocr_carea' id='block_1_99' title="bbox 858 2399 1641 2436">
    <p class='ocr_par' dir='ltr' id='par_1_99' title="bbox 858 2399 1641 2436">
     <span class='ocr_line' id='line_1_99' title="bbox 858 2399 1641 2436; baseline -0.005 -8"><span class='ocrx_word' id='word_1_719' title='bbox 858 2406 959 2436; x_wconf 88' lang='lat' dir='ltr'><strong>septem</strong></span> <span class='ocrx_word' id='word_1_720' title='bbox 975 2401 1140 2431; x_wconf 87' lang='lat' dir='ltr'><strong>ceciderunt,</strong></span> <span class='ocrx_word' id='word_1_721' title='bbox 1156 2400 1254 2427; x_wconf 64' lang='lat' dir='ltr'><strong>saecula</strong></span> <span class='ocrx_word' id='word_1_722' title='bbox 1276 2399 1399 2433; x_wconf 87' lang='lat' dir='ltr'><strong>accepit:</strong></span> <span class='ocrx_word' id='word_1_723' title='bbox 1416 2406 1432 2425; x_wconf 92' lang='lat' dir='ltr'><strong>e</strong></span> <span class='ocrx_word' id='word_1_724' title='bbox 1443 2399 1542 2433; x_wconf 89' lang='lat' dir='ltr'><strong>quibus</strong></span> <span class='ocrx_word' id='word_1_725' title='bbox 1560 2406 1641 2432; x_wconf 84' lang='lat' dir='ltr'><strong>quin-</strong></span> 
     </span>
    </p>
   </div>
   <div class='ocr_carea' id='block_1_100' title="bbox 857 2443 1639 2482">
    <p class='ocr_par' dir='ltr' id='par_1_100' title="bbox 857 2443 1639 2482">
     <span class='ocr_line' id='line_1_100' title="bbox 857 2443 1639 2482; baseline -0.005 -8"><span class='ocrx_word' id='word_1_726' title='bbox 857 2455 909 2482; x_wconf 90' lang='lat' dir='ltr'><strong>que</strong></span> <span class='ocrx_word' id='word_1_727' title='bbox 931 2447 987 2482; x_wconf 87' lang='lat' dir='ltr'><strong>jam</strong></span> <span class='ocrx_word' id='word_1_728' title='bbox 1010 2446 1215 2481; x_wconf 71' lang='lat' dir='ltr'><strong>praeterierunt;</strong></span> <span class='ocrx_word' id='word_1_729' title='bbox 1240 2449 1357 2476; x_wconf 79' lang='lat' dir='ltr'><strong>sextum,</strong></span> <span class='ocrx_word' id='word_1_730' title='bbox 1371 2445 1397 2470; x_wconf 95' lang='lat' dir='ltr'><strong>in</strong></span> <span class='ocrx_word' id='word_1_731' title='bbox 1416 2452 1471 2479; x_wconf 91' lang='lat' dir='ltr'><strong>quo</strong></span> <span class='ocrx_word' id='word_1_732' title='bbox 1493 2443 1639 2478; x_wconf 84' lang='lat' dir='ltr'><strong>Apostolus</strong></span> 
     </span>
    </p>
   </div>
   <div class='ocr_carea' id='block_1_101' title="bbox 858 2489 1638 2526">
    <p class='ocr_par' dir='ltr' id='par_1_101' title="bbox 858 2489 1638 2526">
     <span class='ocr_line' id='line_1_101' title="bbox 858 2489 1638 2526; baseline -0.006 -6"><span class='ocrx_word' id='word_1_733' title='bbox 858 2493 915 2520; x_wconf 60' lang='lat' dir='ltr'><strong>haec</strong></span> <span class='ocrx_word' id='word_1_734' title='bbox 930 2492 1008 2525; x_wconf 79' lang='lat' dir='ltr'><strong>vidit,</strong></span> <span class='ocrx_word' id='word_1_735' title='bbox 1025 2492 1114 2519; x_wconf 87' lang='lat' dir='ltr'><strong>adhuc</strong></span> <span class='ocrx_word' id='word_1_736' title='bbox 1127 2490 1262 2524; x_wconf 88' lang='lat' dir='ltr'><strong>decurrit;</strong></span> <span class='ocrx_word' id='word_1_737' title='bbox 1278 2491 1420 2526; x_wconf 82' lang='lat' dir='ltr'><strong>septimum</strong></span> <span class='ocrx_word' id='word_1_738' title='bbox 1436 2494 1538 2521; x_wconf 84' lang='lat' dir='ltr'><strong>autem,</strong></span> <span class='ocrx_word' id='word_1_739' title='bbox 1552 2495 1581 2516; x_wconf 89' lang='lat' dir='ltr'><strong>ut</strong></span> <span class='ocrx_word' id='word_1_740' title='bbox 1594 2489 1638 2516; x_wconf 90' lang='lat' dir='ltr'><strong>ille</strong></span> 
     </span>
    </p>
   </div>
   <div class='ocr_carea' id='block_1_102' title="bbox 854 2537 1638 2574">
    <p class='ocr_par' dir='ltr' id='par_1_102' title="bbox 854 2537 1638 2574">
     <span class='ocr_line' id='line_1_102' title="bbox 854 2537 1638 2574; baseline -0.003 -8"><span class='ocrx_word' id='word_1_741' title='bbox 854 2539 993 2574; x_wconf 86' lang='lat' dir='ltr'><strong>opinatur,</strong></span> <span class='ocrx_word' id='word_1_742' title='bbox 1009 2543 1068 2572; x_wconf 91' lang='lat' dir='ltr'><strong>post</strong></span> <span class='ocrx_word' id='word_1_743' title='bbox 1085 2538 1174 2572; x_wconf 85' lang='lat' dir='ltr'><strong>elapsa</strong></span> <span class='ocrx_word' id='word_1_744' title='bbox 1195 2546 1242 2566; x_wconf 83' lang='lat' dir='ltr'><strong>sex</strong></span> <span class='ocrx_word' id='word_1_745' title='bbox 1264 2545 1398 2565; x_wconf 84' lang='lat' dir='ltr'><strong>annorum</strong></span> <span class='ocrx_word' id='word_1_746' title='bbox 1423 2537 1506 2564; x_wconf 85' lang='lat' dir='ltr'><strong>millia</strong></span> <span class='ocrx_word' id='word_1_747' title='bbox 1529 2537 1638 2564; x_wconf 85' lang='lat' dir='ltr'><strong>tandem</strong></span> 
     </span>
    </p>
   </div>
   <div class='ocr_carea' id='block_1_103' title="bbox 855 2584 1638 2621">
    <p class='ocr_par' dir='ltr' id='par_1_103' title="bbox 855 2584 1638 2621">
     <span class='ocr_line' id='line_1_103' title="bbox 855 2584 1638 2621; baseline -0.003 -8"><span class='ocrx_word' id='word_1_748' title='bbox 855 2595 883 2614; x_wconf 91' lang='lat' dir='ltr'><strong>se</strong></span> <span class='ocrx_word' id='word_1_749' title='bbox 899 2586 1008 2621; x_wconf 90' lang='lat' dir='ltr'><strong>prodet;</strong></span> <span class='ocrx_word' id='word_1_750' title='bbox 1028 2585 1073 2612; x_wconf 90' lang='lat' dir='ltr'><strong>ubi</strong></span> <span class='ocrx_word' id='word_1_751' title='bbox 1090 2591 1181 2612; x_wconf 85' lang='lat' dir='ltr'><strong>autem</strong></span> <span class='ocrx_word' id='word_1_752' title='bbox 1197 2592 1257 2612; x_wconf 86' lang='lat' dir='ltr'><strong>sese</strong></span> <span class='ocrx_word' id='word_1_753' title='bbox 1273 2584 1431 2619; x_wconf 88' lang='lat' dir='ltr'><strong>prodiderit,</strong></span> <span class='ocrx_word' id='word_1_754' title='bbox 1446 2591 1540 2619; x_wconf 86' lang='lat' dir='ltr'><strong>parum</strong></span> <span class='ocrx_word' id='word_1_755' title='bbox 1555 2584 1638 2611; x_wconf 81' lang='lat' dir='ltr'><strong>dura-</strong></span> 
     </span>
    </p>
   </div>
   <div class='ocr_carea' id='block_1_104' title="bbox 854 2630 1635 2667">
    <p class='ocr_par' dir='ltr' id='par_1_104' title="bbox 854 2630 1635 2667">
     <span class='ocr_line' id='line_1_104' title="bbox 854 2630 1635 2667; baseline -0.004 -7"><span class='ocrx_word' id='word_1_756' title='bbox 854 2633 903 2660; x_wconf 89' lang='lat' dir='ltr'><strong>bit.</strong></span> <span class='ocrx_word' id='word_1_757' title='bbox 923 2632 955 2659; x_wconf 87' lang='lat' dir='ltr'><strong>Et</strong></span> <span class='ocrx_word' id='word_1_758' title='bbox 971 2633 1028 2660; x_wconf 62' lang='lat' dir='ltr'><strong>haec</strong></span> <span class='ocrx_word' id='word_1_759' title='bbox 1048 2631 1157 2667; x_wconf 90' lang='lat' dir='ltr'><strong>quidem</strong></span> <span class='ocrx_word' id='word_1_760' title='bbox 1177 2631 1212 2658; x_wconf 88' lang='lat' dir='ltr'><strong>ad</strong></span> <span class='ocrx_word' id='word_1_761' title='bbox 1233 2639 1294 2658; x_wconf 91' lang='lat' dir='ltr'><strong>eum</strong></span> <span class='ocrx_word' id='word_1_762' title='bbox 1318 2631 1427 2658; x_wconf 89' lang='lat' dir='ltr'><strong>modum</strong></span> <span class='ocrx_word' id='word_1_763' title='bbox 1446 2631 1499 2658; x_wconf 86' lang='lat' dir='ltr'><strong>ille.</strong></span> <span class='ocrx_word' id='word_1_764' title='bbox 1520 2630 1635 2662; x_wconf 83' lang='lat' dir='ltr'><strong>Forsan,</strong></span> 
     </span>
    </p>
   </div>
   <div class='ocr_carea' id='block_1_105' title="bbox 854 2677 1636 2712">
    <p class='ocr_par' dir='ltr' id='par_1_105' title="bbox 854 2677 1636 2712">
     <span class='ocr_line' id='line_1_105' title="bbox 854 2677 1636 2712; baseline -0.001 -7"><span class='ocrx_word' id='word_1_765' title='bbox 854 2683 883 2706; x_wconf 87' lang='lat' dir='ltr'><strong>ut</strong></span> <span class='ocrx_word' id='word_1_766' title='bbox 902 2679 932 2706; x_wconf 84' lang='grc' dir='ltr'><strong>Β.</strong></span> <span class='ocrx_word' id='word_1_767' title='bbox 949 2678 1042 2706; x_wconf 82' lang='lat' dir='ltr'><strong>lremei</strong></span> <span class='ocrx_word' id='word_1_768' title='bbox 1057 2678 1201 2710; x_wconf 82' lang='lat' dir='ltr'><strong>sententia,</strong></span> <span class='ocrx_word' id='word_1_769' title='bbox 1218 2682 1318 2712; x_wconf 90' lang='lat' dir='ltr'><strong>septem</strong></span> <span class='ocrx_word' id='word_1_770' title='bbox 1334 2677 1434 2705; x_wconf 91' lang='lat' dir='ltr'><strong>conditi</strong></span> <span class='ocrx_word' id='word_1_771' title='bbox 1450 2681 1513 2704; x_wconf 90' lang='lat' dir='ltr'><strong>sunt</strong></span> <span class='ocrx_word' id='word_1_772' title='bbox 1527 2677 1595 2705; x_wconf 87' lang='lat' dir='ltr'><strong>dies.</strong></span> <span class='ocrx_word' id='word_1_773' title='bbox 1609 2681 1636 2704; x_wconf 83' lang='lat' dir='ltr'><strong>et</strong></span> 
     </span>
    </p>
   </div>
   <div class='ocr_carea' id='block_1_106' title="bbox 854 2723 1636 2758">
    <p class='ocr_par' dir='ltr' id='par_1_106' title="bbox 854 2723 1636 2758">
     <span class='ocr_line' id='line_1_106' title="bbox 854 2723 1636 2758; baseline -0.003 -8"><span class='ocrx_word' id='word_1_774' title='bbox 854 2729 955 2758; x_wconf 87' lang='lat' dir='ltr'><strong>septem</strong></span> <span class='ocrx_word' id='word_1_775' title='bbox 976 2724 1048 2753; x_wconf 63' lang='lat' dir='ltr'><strong>caeli.</strong></span> <span class='ocrx_word' id='word_1_776' title='bbox 1066 2728 1092 2751; x_wconf 93' lang='lat' dir='ltr'><strong>et</strong></span> <span class='ocrx_word' id='word_1_777' title='bbox 1108 2728 1210 2758; x_wconf 89' lang='lat' dir='ltr'><strong>septem</strong></span> <span class='ocrx_word' id='word_1_778' title='bbox 1235 2723 1321 2757; x_wconf 82' lang='lat' dir='ltr'><strong>angeli</strong></span> <span class='ocrx_word' id='word_1_779' title='bbox 1341 2723 1446 2750; x_wconf 62' lang='lat' dir='ltr'><strong>caeteris</strong></span> <span class='ocrx_word' id='word_1_780' title='bbox 1464 2723 1636 2757; x_wconf 65' lang='lat' dir='ltr'><strong>praestantio—</strong></span> 
     </span>
    </p>
   </div>
   <div class='ocr_carea' id='block_1_107' title="bbox 854 2769 1633 2805">
    <p class='ocr_par' dir='ltr' id='par_1_107' title="bbox 854 2769 1633 2805">
     <span class='ocr_line' id='line_1_107' title="bbox 854 2769 1633 2805; baseline -0.001 -8"><span class='ocrx_word' id='word_1_781' title='bbox 854 2778 913 2803; x_wconf 84' lang='lat' dir='ltr'><strong>res;</strong></span> <span class='ocrx_word' id='word_1_782' title='bbox 933 2771 968 2797; x_wconf 85' lang='lat' dir='ltr'><strong>ita</strong></span> <span class='ocrx_word' id='word_1_783' title='bbox 981 2770 1036 2805; x_wconf 87' lang='lat' dir='ltr'><strong>jam</strong></span> <span class='ocrx_word' id='word_1_784' title='bbox 1054 2771 1116 2798; x_wconf 91' lang='lat' dir='ltr'><strong>inde</strong></span> <span class='ocrx_word' id='word_1_785' title='bbox 1133 2770 1167 2797; x_wconf 88' lang='lat' dir='ltr'><strong>ab</strong></span> <span class='ocrx_word' id='word_1_786' title='bbox 1178 2770 1290 2798; x_wconf 77' lang='lat' dir='ltr'><strong>exordio</strong></span> <span class='ocrx_word' id='word_1_787' title='bbox 1302 2777 1387 2804; x_wconf 90' lang='lat' dir='ltr'><strong>usque</strong></span> <span class='ocrx_word' id='word_1_788' title='bbox 1400 2769 1433 2796; x_wconf 88' lang='lat' dir='ltr'><strong>ad</strong></span> <span class='ocrx_word' id='word_1_789' title='bbox 1449 2769 1539 2798; x_wconf 67' lang='lat' dir='ltr'><strong>saeculi</strong></span> <span class='ocrx_word' id='word_1_790' title='bbox 1554 2770 1633 2797; x_wconf 89' lang='lat' dir='ltr'><strong>linem</strong></span> 
     </span>
    </p>
   </div>
   <div class='ocr_carea' id='block_1_108' title="bbox 856 2815 1634 2851">
    <p class='ocr_par' dir='ltr' id='par_1_108' title="bbox 856 2815 1634 2851">
     <span class='ocr_line' id='line_1_108' title="bbox 856 2815 1634 2851; baseline -0.001 -8"><span class='ocrx_word' id='word_1_791' title='bbox 856 2821 956 2851; x_wconf 72' lang='lat' dir='ltr'><strong>septem</strong></span> <span class='ocrx_word' id='word_1_792' title='bbox 975 2824 1056 2850; x_wconf 80' lang='lat' dir='ltr'><strong>regna</strong></span> <span class='ocrx_word' id='word_1_793' title='bbox 1069 2815 1174 2844; x_wconf 66' lang='lat' dir='ltr'><strong>caeteris</strong></span> <span class='ocrx_word' id='word_1_794' title='bbox 1190 2815 1337 2843; x_wconf 72' lang='lat' dir='ltr'><strong>celebrior-:1</strong></span> <span class='ocrx_word' id='word_1_795' title='bbox 1359 2815 1424 2842; x_wconf 82' lang='lat' dir='ltr'><strong>citra</strong></span> <span class='ocrx_word' id='word_1_796' title='bbox 1440 2815 1634 2843; x_wconf 82' lang='lat' dir='ltr'><strong>absurditatcm</strong></span> 
     </span>
    </p>
   </div>
  </div>
