1860 3051
206 106 260 135 575

821 101 1028 130 TESTIMONIA
1049 102 1217 131 VETERUM

1779 105 1824 133 576

206 173 330 197 statuere
345 167 454 198 licebit;
472 172 486 192 e
505 164 605 200 quibus
622 164 743 198 quinque
760 164 816 198 jam
830 169 888 191 tum
903 163 990 191 conci-

1083 173 1113 191 παι
1129 164 1178 196 τὰς
1197 164 1244 190 ἀπ’
1266 163 1353 200 ἀρχῆς
1374 163 1454 199 μέχρι
1471 162 1542 199 [τοῦ]
1565 162 1613 190 νῦν
1630 163 1825 199 περιὸοήτους·

206 214 300 240 derant
312 221 318 238 :
329 216 446 241 sextum,
458 218 519 237 eum
533 209 710 244 Apocalypsis
721 209 894 241 cernebatur,
905 209 995 237 adhuc

207 259 384 288 consistebat,
398 262 424 283 et
438 255 546 290 quidem
562 255 588 281 in
604 256 715 290 antiqua
728 254 814 282 Roma
829 265 835 282 :
849 256 994 290 septimum

206 311 288 339 porro
315 310 362 337 per
378 301 402 328 id
420 305 527 336 tempus
539 300 654 327 necdum
672 300 833 328 advenerat:
847 308 925 328 novae
940 300 996 330 Res,

205 357 257 377 nne
271 348 427 384 imperium.

998 407 1028 434 V.

1043 207 1081 237 ὧν
1097 210 1146 242 τὰς
1168 211 1217 245 μὲν
1245 210 1325 236 πέντε
1346 210 1397 245 ’ήδη
1414 210 1602 236 πεπτωκέναι·
1620 209 1670 244 τὴν
1685 209 1713 236 δὲ
1730 209 1824 245 ἕκτην,

1043 255 1086 290 ἐφ’
1101 252 1135 290 ἦς
1157 254 1249 291 ὼράθη
1263 256 1280 290 ή
1304 255 1497 287 ⁹Ατοοκάλυῲις,
1514 255 1623 282 ἑστάναι
1637 255 1742 290 ταύτην
1758 257 1823 291 ὲντῇ

1045 300 1148 336 παλαιᾷ
1171 300 1282 336 Ῥώμῃ·
1304 301 1353 336 τὴν
1376 301 1405 327 δὲ
1420 301 1537 337 ἑϐδόμην
1556 302 1638 337 μήπω
1654 301 1825 337 ἐληλυθέναι,

1043 347 1092 382 τὴν
1109 348 1137 374 ἑν
1151 348 1183 382 τῇ
1198 347 1246 383 νέᾳ
1264 346 1400 383 [Ῥώμῃ].

381 464 497 500 Cyrillus
515 463 748 499 Scythopolilanus
761 465 789 492 in
806 465 866 492 Vita
887 465 1225 527 Shguthymiiseabbatis;
1249 467 1276 493 in
1295 466 1432 493 Analectis
1459 465 1560 493 Grozcis
1585 466 1650 494 edit.
1667 474 1684 492 α
1698 467 1825 494 monachis

965 521 983 527 ..
996 510 1057 527 υαα.
1111 520 1117 527 .

965 521 983 532 .,
996 510 1057 536 pug.
1073 510 1117 527 az.

238 546 336 573 Obitus
359 550 450 572 autem
471 546 531 579 ejus
555 545 714 581 (Euthymii)
738 547 838 574 accidit
860 547 989 581 vigesima

204 592 307 619 mensis
322 591 455 626 Januarii,
474 591 617 618 undecima
635 591 794 623 indictione,
816 599 832 618 a
854 593 991 620 creatione

204 637 310 669 mundi,
323 644 338 663 a
359 644 414 671 quo
435 636 501 664 solis
519 644 617 671 cursus
640 636 770 671 temporis
788 644 916 664 mensura
929 645 991 665 esse

204 683 329 717 incepit,
360 689 432 709 anno
454 682 600 717 quinquies
623 683 768 710 millesimo
788 684 994 719 nongentesimo

205 729 377 764 sexagesimo
391 729 503 763 quinto;
518 736 533 755 a
550 728 597 755 Dei
613 727 695 756 Verbi
714 736 747 756 ex
767 728 878 764 Virgine
897 730 994 757 huma-

204 782 248 802 nae
261 779 365 801 natura
380 774 568 808 assumptione
585 778 612 801 et
627 774 775 802 secundum
789 783 898 803 carnem
913 783 994 810 gene-

205 820 322 852 ratione,
349 827 420 846 anuo
449 819 717 855 quadringentesimo
734 821 902 856 sexagesimo
913 823 993 856 quin-

205 870 244 896 to,
263 865 412 892 secundum
427 865 562 899 deseripta
577 869 698 899 tempora
715 873 729 892 a
742 866 844 893 sanctis
863 864 990 893 Palribus

205 911 352 946 llippolyto
371 912 486 946 antiquo
498 915 525 937 et
539 911 668 945 apostolis
687 915 762 943 noto,
775 910 926 946 Epiphanio
938 911 991 947 Cy-

206 957 304 992 priota,
316 962 341 984 et
356 956 463 984 llerone
475 957 637 992 philosopho
648 961 675 984 et
686 956 850 984 coniessore.

1083 545 1116 574 Ἦ
1128 546 1156 572 δὲ
1173 547 1311 579 τελείωσις
1327 546 1409 574 αὐτοῦ
1426 547 1522 581 γέγονε
1537 547 1607 573 κατὰ
1617 547 1668 582 τὴν
1679 547 1776 573 εἰκάδα
1785 546 1824 573 το]

1050 591 1214 630 Ἰανουαρίου
1227 603 1229 609 η
1246 592 1330 628 μηνὸς
1343 592 1394 627 τῆς
1409 593 1555 627 ἑνδεκάτης
1571 593 1700 626 ίνδίκτου,
1718 593 1773 619 ἀπὸ
1785 593 1825 627 μὲν

1044 636 1158 668 κτίσεως
1184 637 1287 672 κόσμου
1307 637 1353 671 ἀφ’
1376 634 1460 673 οὗπερ
1485 638 1580 673 χρόνος
1608 636 1711 673 Ιἤρξατο
1734 639 1766 673 τῇ
1785 638 1824 664 τοῦ

1044 681 1119 716 ἡλίου
1129 683 1199 718 φορᾷ
1215 682 1383 718 μετρεῖσθαι,
1400 682 1477 714 ἔτους
1493 683 1617 718 πέμπτου
1633 683 1782 719 ἑξηκοστοῦ
1790 685 1826 709 ἐν-

1043 727 1216 754 νακοσιοστοῦ
1232 727 1507 762 πεντακισχιλιοστοῦ·
1524 728 1577 755 ἀπὸ
1593 728 1622 755 δὲ
1637 729 1688 764 τῆς
1702 728 1770 755 Θεοῦ
1783 728 1826 754 Δὸ-

1044 781 1092 807 γου
1104 773 1136 799 ἑκ
1160 772 1298 808 Παρθένου
1324 773 1554 809 ὲνανθρωπήσεως
1575 774 1623 801 καὶ
1647 774 1720 801 κατὰ
1745 775 1825 809 σάρδια

1042 818 1205 852 γεννήσεως,
1217 817 1293 849 ἔτους
1308 818 1433 854 πέμπτου
1443 818 1587 854 ἑξηκοστοῦ
1603 820 1824 855 τετρακοσιοστοῦ

1044 862 1115 889 κατὰ
1127 863 1190 894 τοὺς
1217 865 1423 899 συγγραφέντας
1451 865 1637 900 χρόνους-ὑπὸ
1665 865 1721 892 τῶν
1747 866 1824 900 ἁγίων

1043 907 1174 944 Πατέρων
1196 909 1352 936 Ἱππολύτου
1364 909 1411 936 τοῦ
1423 910 1535 937 παλαιοῦ
1557 910 1603 937 καὶ
1622 911 1762 946 γνωρίμου
1778 911 1824 937 τῶν

1042 955 1206 988 ἀποστόλων,
1236 956 1283 982 καὶ
1320 957 1476 991 Ἐπιφανίου
1498 957 1545 983 τοῦ
1577 956 1756 992 Κυπριώτου,
1784 959 1826 984 καὶ

1044 1001 1167 1037 Ἥρωνος
1182 1001 1229 1028 τοῦ
1246 1002 1391 1037 φιλοσόφου
1406 1003 1453 1030 καὶ
1468 1003 1643 1038 ὁμοὶιογητοῦ.

1002 1047 1044 1075 γι.
1311 1072 1312 1078 η

519 1093 643 1120 Leontius
657 1093 822 1128 Byzantinus
841 1092 938 1128 πράξει
955 1093 1008 1120 sive
1022 1094 1130 1122 lectione
1142 1103 1184 1129 Ill,
1207 1095 1244 1122 De
1262 1095 1354 1127 sectis,
1374 1104 1434 1130 pag.
1452 1095 1514 1123 450.

242 1140 421 1175 Temporibus
437 1139 489 1167 illis
503 1147 564 1174 qua:
581 1147 596 1166 ο
619 1138 720 1166 Christi
740 1138 883 1165 nativitate
905 1146 991 1173 usque

206 1187 239 1214 ad
261 1186 402 1220 imperium
418 1185 588 1213 Constantini
606 1189 793 1216 numerantur,
814 1183 842 1211 hi
864 1184 991 1212 doctores

206 1238 234 1260 et
245 1232 338 1259 Patres
354 1232 533 1259 exstiterunt:
551 1231 671 1266 lgnatius
686 1231 730 1258 ille
747 1230 926 1265 theoplmrus,
939 1230 991 1257 Ire-

206 1287 292 1311 nazus,
310 1278 434 1305 Justinus
453 1278 630 1313 philosophus
648 1281 674 1304 et
691 1282 804 1312 martyr,
818 1275 943 1303 Clemens
966 1281 992 1304 et

205 1325 368 1360 Hippolytus
381 1324 500 1359 episcopi
516 1323 643 1355 Romani,
657 1322 802 1358 Dionysius
816 1322 990 1357 Areopagita.

205 1371 359 1399 Methodius
379 1370 535 1398 Patarensis
561 1370 716 1404 episcopus,
738 1368 885 1404 Gregorius
908 1369 992 1396 mira-

205 1419 330 1446 culorum
350 1417 469 1450 eiiector,
481 1416 578 1444 Petrus
594 1415 796 1443 Alexandrinus
809 1415 954 1450 episcopus
965 1418 992 1441 et

205 1470 319 1501 martyr.

1085 1140 1222 1174 Ἐγένοντο
1232 1140 1260 1167 δὲ
1271 1141 1299 1167 ὲν
1310 1142 1365 1172 τοῖς
1374 1141 1479 1177 χρόνοις
1493 1142 1548 1173 τοῖς
1557 1140 1610 1167 ἀπὸ
1623 1141 1675 1176 τῆς
1685 1143 1826 1177 γεννήσεως

1046 1185 1094 1212 τοῦ
1127 1186 1244 1223 Χριστοῦ
1283 1187 1363 1222 μέχρι
1393 1187 1442 1222 τῆς
1470 1187 1606 1222 βασιλείας
1627 1188 1825 1214 Κωνσταντίνου

1009 1250 1028 1276 Β
1043 1231 1197 1258 διδάσκαλοι
1214 1232 1262 1259 καὶ
1277 1232 1397 1267 Πατέρες
1415 1232 1485 1259 οἵδε·
1509 1232 1638 1267 Ἰγνάτιος
1657 1234 1672 1259 ὁ
1689 1233 1825 1269 θεοφόρος.

1046 1277 1198 1313 Εἰρηναῖος,
1220 1279 1360 1310 Ἰουστῐνος
1389 1277 1534 1312 φιλόσοφος
1550 1279 1598 1306 καὶ
1624 1278 1744 1315 μάρτυς,
1765 1279 1827 1314 Κλή-

1047 1332 1100 1358 μης
1115 1324 1162 1350 καὶ
1181 1323 1340 1355 Ἱππόλυτος
1356 1324 1500 1350 ἐπίσκοποι
1519 1324 1645 1360 Ῥώμης,
1670 1326 1802 1356 Διονύσιος
1815 1327 1827 1351 ὁ

1051 1370 1264 1405 Ἀρεοπαγίτης,
1287 1370 1418 1400 Μεθόδιος
1441 1370 1589 1402 ἐπίσκοπος
1602 1371 1755 1406 Πατάρων,
1768 1371 1827 1407 Γρη-

1044 1415 1136 1452 γόριος
1149 1417 1164 1442 ὁ
1177 1416 1384 1453 Θαυματουργὺς
1393 1436 1400 1449 ,
1411 1417 1513 1453 Πέτρος
1527 1418 1542 1443 ό
1562 1417 1766 1453 ’Δλεξανδρειας
1776 1418 1826 1444 tth

1046 1469 1147 1493 σκοπος
1166 1462 1214 1487 καὶ
1235 1461 1350 1497 μάρτυς.

994 1516 1049 1545 Vll.

572 1565 601 1593 S.
616 1564 735 1592 Isidorus
749 1564 915 1599 Hispalensis
929 1564 964 1591 lib
988 1572 1013 1591 VI

239 1611 399 1640 Paschalem
414 1611 527 1647 Cyclum
546 1611 707 1647 Hippolytus
728 1611 874 1646 episcopus
890 1615 995 1645 tempo-

204 1658 282 1686 ribus
311 1657 458 1685 Alexandri
485 1656 657 1692 imperatoris
689 1656 792 1691 primus
820 1656 994 1690 conscripsit.

206 1703 271 1730 Post
285 1711 365 1738 quem
385 1703 572 1737 probatissimi
594 1707 720 1729 auctores
746 1701 879 1729 Eusebius
901 1701 994 1728 Caesa-

208 1749 317 1781 riensis,
332 1747 499 1782 Theophilus
520 1747 729 1779 Alexandrinus,
752 1746 869 1781 Prosper
888 1753 997 1781 quoque

207 1795 318 1821 natione
345 1794 499 1829 Aquitanus
523 1798 610 1829 latque
637 1792 793 1820 Victorinus
825 1792 996 1827 ampliﬁcatis

206 1839 330 1874 ejusdem
349 1838 506 1866 festivitatis
520 1838 674 1866 rationibus
695 1838 862 1873 multiplices
879 1837 997 1864 circulos

1042 1563 1196 1599 Originum,
1209 1573 1268 1600 cap.
1287 1565 1329 1598 ιθ,
1342 1573 1403 1600 pag.
1419 1565 1463 1591 77.

1042 1610 1185 1638 ediderunt
1198 1620 1205 1638 :
1231 1611 1310 1646 cujus
1325 1611 1434 1646 quidem
1450 1610 1582 1638 rationem
1595 1611 1775 1639 beatissimus
1786 1611 1827 1646 Cy-

1043 1656 1120 1684 rillus
1134 1656 1324 1684 Alexandrina:
1335 1657 1410 1684 urbis
1421 1657 1563 1692 episcopus
1578 1657 1605 1684 in
1617 1664 1670 1684 xcv
1683 1665 1774 1685 annos
1789 1665 1827 1692 per

1044 1701 1165 1736 quinque
1184 1702 1278 1730 decem
1301 1703 1395 1730 novies
1415 1702 1572 1734 calculans,
1589 1707 1676 1737 quoto
1700 1702 1827 1730 Kalendas

1045 1747 1085 1774 vel
1097 1747 1161 1775 luna
1172 1748 1268 1775 debeat
1279 1748 1415 1783 paschalis
1431 1748 1590 1777 solemnitas
1603 1749 1752 1783 celebrari,
1764 1758 1827 1778 sum-

1045 1801 1089 1821 ma
1105 1794 1236 1822 brevitate
1252 1794 1366 1822 notavit.

986 1895 1053 1923 Vlll.

332 1944 361 1972 S.
380 1943 524 1971 Germanus
547 1944 756 1978 archiepiscopus
770 1943 838 1977 CP.,
851 1943 878 1970 in
892 1943 990 1970 Muam

1083 1943 1265 1978 υρίᾳΑηοιην.
1290 1943 1418 1971 υιιεωαηί
1431 1948 1496 1970 ιοηι.
1509 1942 1541 1975 ΙΙ,
1556 1950 1616 1978 pag.
1635 1942 1699 1969 M8.

242 1994 270 2021 ld
282 1999 308 2021 et
331 1993 492 2029 Hippolytus
509 2001 524 2020 e
537 1992 624 2019 Roma
636 1997 663 2020 et
677 1992 706 2019 S.
719 1992 837 2028 Cyrillus
854 1991 990 2018 allirmant

205 2039 233 2068 in
252 2040 328 2067 libris
346 2039 404 2066 suis
419 2039 452 2066 de
469 2038 646 2070 Antichristo,
658 2045 729 2064 anno
744 2037 832 2064 sexies
845 2037 990 2064 millesimo

184 2080 188 2083 ’
205 2087 424 2122 quingentesimo
443 2084 566 2112 futurum
581 2083 705 2119 (Christi)
720 2083 875 2110 adventum.

1085 1990 1170 2017 Τοῦτο
1185 1992 1230 2018 καὶ
1248 1991 1407 2023 Ἱππόλυτος
1426 1991 1535 2026 Ῥώμης
1547 1990 1594 2017 καὶ
1607 1991 1622 2016 ὀ
1638 1990 1718 2025 ἅγιος
1734 1990 1814 2026 Κύριλ

1044 2036 1089 2068 λος
1097 2036 1229 2071 ,λέγουσιν
1240 2038 1269 2064 ὲν
1280 2039 1336 2070 τοῖς
1350 2038 1414 2073 περὶ
1425 2036 1471 2064 τοῦ
1484 2036 1670 2072 ’Δντιχρίστου
1684 2036 1774 2071 λόγοις
1787 2037 1827 2062 aL-

1043 2081 1106 2113 τῶν,
1124 2083 1152 2108 ἑν
1166 2082 1204 2118 τῷ
1226 2083 1444 2118 ἑξακισχιλιοστῷ
1475 2082 1694 2118 πεντακοσιοστῷ
1715 2083 1769 2109 ἔτει
1786 2082 1826 2116 τὴν

1047 2127 1196 2162 μέλλουσαν
1218 2130 1368 2165 παρουσίαν
1379 2129 1498 2156 ἔσεσθαι.

998 2184 1044 2212 IX.

471 2246 501 2273 S.
515 2245 631 2272 Joannes
654 2244 831 2271 Damascenus
845 2244 871 2271 in
890 2243 967 2271 Sacr.
981 2245 1118 2278 Parallel.,
1137 2250 1156 2272 t.
1175 2245 1208 2279 ΙΙ,
1221 2255 1281 2281 pag.
1296 2246 1345 2274 781
1360 2247 1424 2274 edit.
1442 2245 1566 2282 Lequien.

240 2305 269 2332 S.
292 2304 427 2340 Hippolyti
450 2304 573 2339 episcopi
587 2303 689 2336 Romae,
703 2303 737 2331 de
757 2303 866 2331 Christo
886 2309 914 2331 et
935 2303 989 2330 Au-
1003 2306 1026 2336 ε

204 2349 340 2376 tichristo.

240 2394 292 2421 Sed
307 2395 349 2421 his
361 2395 393 2421 ad
408 2394 454 2421 Dei
467 2394 579 2429 gloriam
592 2395 618 2422 in
634 2401 805 2422 antecessum
821 2394 911 2426 dictis.
925 2401 989 2428 etc.,

203 2447 286 2475 usque
300 2440 346 2472 ad,
362 2439 460 2467 Libero
476 2440 602 2468 circuire.

994 2491 1016 2518 Χ

1084 2305 1242 2332 Ἱππολύτου
1259 2306 1408 2332 ἐπισκόπου
1429 2305 1547 2341 Ῥώμης,
1571 2306 1635 2340 περὶ
1656 2306 1778 2341 Χριστοῦ
1790 2306 1828 2331 καὶ

1045 2351 1092 2377 ’τοῦ
1116 2351 1307 2386 Ἀντιχρίστου.

1081 2397 1120 2431 {5)
1145 2397 1224 2423 Ἀλλὰ
1247 2396 1349 2423 τούτων
1365 2396 1393 2423 ὲν
1414 2395 1549 2431 προοιμίῳ
1564 2396 1604 2426 είς
1619 2394 1702 2427 δόξαν
1717 2395 1785 2422 Θεοῦ
1799 2395 1828 2420 εί-

1045 2442 1181 2479 ρημένων,
1197 2451 1223 2469 κ.
1235 2451 1260 2469 τ.
1277 2440 1469 2477 λ.,πομπεύειν
1483 2440 1522 2475 τῷ
1533 2440 1663 2475 Διονύσῳ.

259 2533 290 2561 S.
315 2535 478 2571 Nicepltorus
494 2538 549 2566 (ΣΡ.
563 2540 589 2566 in
619 2540 770 2576 Chronogr.
786 2549 847 2576 pag.
862 2540 924 2573 401,
940 2541 990 2602 ﬁlii

951 2585 988 2602 -ιε

1083 2541 1126 2602 ἴση
1143 2538 1194 2567 519
1225 2538 1324 2570 Venet,
1341 2539 1482 2573 interprete
1492 2537 1636 2564 Anastasio
1664 2537 1739 2564 Bibl.
1757 2537 1784 2563 in

951 2581 1009 2603 'ltst.
1032 2581 1098 2602 eccl.

242 2615 299 2643 Sub
313 2617 394 2652 hujus
416 2619 530 2656 (Severi)
551 2622 666 2656 imperio
683 2621 816 2649 Leonides
835 2627 910 2657 pater
928 2622 990 2650 Ori-

205 2662 284 2696 gi-nis
305 2666 495 2700 martyrizatus
527 2672 579 2700 est,
591 2672 619 2694 et
657 2667 818 2703 Hippolytus
849 2667 989 2695 Romanus

208 2709 324 2743 scriptor
353 2711 484 2745 ﬂorebat,
513 2719 593 2748 atque
621 2713 768 2748 Gregorius
793 2714 987 2741 miraculorum

207 2752 327 2786 elfector,
339 2760 366 2783 et
375 2756 502 2786 Clemens
515 2759 727 2786 Alexandrinus.

244 2822 432 2861 (5)_Eseerpta
448 2831 512 2854 sunt
528 2835 561 2855 ex

244 2835 284 2856 ω)
302 2835 432 2861 ωςει-μιο
448 2835 512 2854 sunt
528 2835 561 2855 ex
595 2835 695 2854 enltmo
712 2835 743 2854 in
766 2835 846 2862 powu
861 2835 942 2862 opere
956 2835 987 2854 ae

211 2857 379 2894 Autichristo,
397 2869 474 2897 capp.
491 2862 507 2890 5
521 2868 547 2890 et
560 2835 605 2897 lg,
616 2862 663 2891 ubi
676 2863 726 2891 sub
740 2836 821 2890 tinem
837 2862 882 2890 illa
896 2870 991 2890 occur-

1082 2623 1145 2649 Ἐπὶ
1155 2622 1249 2649 τούτου
1267 2621 1408 2656 (Σευήρου)
1424 2620 1560 2656 βασιλείας
1573 2619 1707 2655 Λεονίδης
1720 2621 1735 2646 ὀ
1745 2618 1827 2653 πατὴρ

1049 2668 1201 2704 Ὠριγὲνους
1220 2667 1419 2702 ἐμαρτύρησεν,
1435 2667 1482 2693 καὶ
1500 2665 1659 2697 Ἱππόλυτος
1671 2667 1685 2692 ὀ
1699 2666 1826 2700 Ῥωμαῖος

1043 2713 1216 2748 συγγραφεὺς
1242 2711 1360 2747 ἥκμαζε,
1386 2712 1432 2738 καὶ
1458 2711 1608 2746 Γρηγόριος
1628 2712 1643 2737 ὁ
1665 2711 1827 2746 θαυματουρ-

1039 2759 1087 2793 γδς
1102 2759 1149 2785 καὶ
1164 2757 1278 2793 Κλήμης
1293 2759 1308 2784 ό
1330 2756 1529 2792 Ἀλεξανδρεύς.

611 2827 695 2854 nuino
712 2827 846 2863 Hippolyti
861 2835 942 2862 opere
956 2827 987 2854 de

1083 2832 1119 2863 it,
1140 2826 1290 2863 πομπευαν
1310 2825 1348 2861 τῷ
1371 2825 1507 2861 Διονύσῳ,
1535 2833 1568 2853 ex
1585 2825 1633 2853 lib.
1655 2823 1678 2852 ll
1705 2824 1822 2853 liae-hab.

1047 2871 1070 2889 γι
1081 2882 1087 2895 ,
1106 2862 1132 2895 7,
1147 2862 1297 2896 descripta.
