1860 3051
26 103 68 133 577

663 98 707 126 DE
731 99 760 126 S.
778 97 984 126 HIPPOINTO.

1589 101 1642 130 573

803 160 849 188 XI.

478 207 507 236 S.
528 209 584 235 Ado
611 207 762 234 Viennensis
782 208 808 234 in
824 206 969 240 Chronico,
990 207 1024 234 ad
1040 216 1102 234 arm.
1119 208 1181 236 220.

61 269 217 304 Hippolytus
245 268 390 303 episcopus
423 268 571 295 multorum
601 268 726 295 conditor
755 267 965 302 opusculorum,
989 272 1142 302 temporum
1171 268 1310 296 Canonem
1332 269 1513 304 conscripsit.
1539 273 1566 295 et
1590 272 1643 296 huc

28 323 101 350 usque
112 315 157 350 (ad
173 313 320 341 Alexandri
333 313 420 341 Severi
435 313 563 348 tempora)
583 313 719 348 perduxit.

799 359 857 387 XII.

612 407 722 435 Pharius
738 406 878 441 Biblioth.,
895 408 954 434 cod.
970 415 1044 434 εχει.

61 467 223 504 Ἀνεγνώσθη
250 467 412 502 βιϐλιδάριον
434 466 601 494 Ἱππολύτου.
627 466 758 502 Μαθητὴς
772 466 800 493 δὲ

889 465 985 493 Lectus
999 470 1040 493 est
1056 465 1191 502 Hippolyti
1213 467 1331 500 libellus,
1347 467 1394 502 qui
1412 466 1504 494 Irenzei
1522 467 1643 502 discipu-

29 515 155 550 Εἱρηναίου
172 514 187 540 ό
208 513 374 545 Ἱππόλυτος.
391 511 444 539 Ἦν
468 512 496 539 δὲ
516 513 547 539 τὸ
567 512 710 548 σύνταγμα
730 512 801 539 κατά

28 562 143 597 αἱρέσεων
154 560 206 597 λβ’,
220 560 307 595 ἀρχὴν
323 559 482 595 ποιούμενον
496 558 682 591 Δοσιθεανοὺς,
694 558 739 585 καὶ
752 558 801 594 μέ-

28 616 64 642 χρι
78 607 177 643 Νοητοῦ
194 607 243 634 καὶ
256 607 413 643 Νοητιανῶν
424 607 681 643 διαλαμὸανόμενον.
695 606 801 639 Ταύτας

32 654 58 689 δή
72 662 150 689 φησιν
178 653 302 688 ἐλέγχοις
315 653 512 688 ὑποὸληθῆναι,
540 652 696 689 ὁμιλοῦντος
720 653 802 688 Εἰρη-

28 700 100 729 vnio»,
113 695 149 725 ὧν
163 698 210 725 καὶ
230 697 340 732 σύνοψιν
357 699 371 724 ὁ
387 698 543 730 Ἱππόλυτος
565 697 726 733 ποιούμενος
743 697 801 723 τάδε

28 745 51 771 τὸ
63 744 157 779 βιϐλίον
173 744 257 780 φησιν
270 744 469 779 συντεταχέναι.
488 745 542 780 Τὴν
557 744 586 770 δέ
599 743 698 780 φράσιν
715 743 802 779 σαφής

28 792 76 817 ἐστι
91 791 134 817 καὶ
153 790 317 825 ὑπόσεμνος,
335 791 383 817 καὶ
399 790 555 826 ἀπέριττος,
573 791 598 816 εί
611 789 657 816 καὶ
675 789 742 824 πρὸς
756 789 802 815 τὸν

33 836 140 862 Ἀττικὸν
157 835 194 870 (6)
212 836 265 862 οὐκ
280 836 473 872 ἐπιστρέφεται
487 836 574 870 λόγον.
591 836 671 870 Λέγει
694 836 722 862 δὲ
736 835 802 862 ἄλλα¹

29 883 55 918 δή
73 891 133 909 τινα·
153 883 202 918 τῆς
225 882 370 918 ἀκριϐείας
396 881 554 917 λειπόμενα,
579 882 625 908 καὶ
643 882 684 908 ὅτι
701 881 718 916 ἡ
733 880 802 917 πρὸς

34 929 159 965 Ἐϐραίους
178 927 324 964 Ἐπιστολὴ
335 928 386 954 οὐκ
395 928 453 955 ἐστι
465 928 512 955 τοῦ
525 926 673 955 ἀποστόλου
684 927 800 954 Παύλου.

30 977 129 1010 Λέγεται
144 976 172 1003 δὲ
185 978 233 1003 καὶ
248 975 328 1010 οὗτος
353 975 527 1013 προσομιλεῖν
541 975 579 1010 τῷ
601 974 657 1010 λαῷ
672 974 741 1001 κατά
763 973 803 1009 μί-

32 1030 99 1057 μησιν
118 1022 281 1058 Ὠριγένους,
300 1024 339 1058 (7)
356 1020 387 1050 οὗ
414 1021 462 1049 καὶ
483 1020 600 1057 συνήθης
619 1019 734 1055 μάλιστα
757 1019 803 1045 καὶ

31 1067 129 1103 ἐραστὴς
151 1068 204 1095 τῶν
220 1070 310 1104 λόγων
323 1070 455 1106 ὑπῆρχεν,
469 1067 507 1099 ὡς
527 1068 574 1094 καὶ
593 1065 802 1103 προτρέψασθαι

31 1113 96 1140 αὑτὸν
113 1114 159 1148 τὴν
169 1114 245 1141 θείαν
264 1115 486 1150 ὑπομνηματίσαι
501 1113 621 1149 Γραφὴν,
631 1111 803 1146 ἐγκαταστή-

852 512 895 539 lus
914 511 975 538 fuit.
994 511 1041 538 Est
1063 512 1113 538 hoc
1136 512 1261 540 volumen
1283 513 1415 540 adversus
1435 513 1552 541 haereses
1572 513 1642 540 duas

851 563 880 586 et
902 559 1029 593 triginta,
1055 557 1157 585 iaciens
1186 559 1293 586 iuilium
1318 567 1333 586 a
1357 559 1544 592 Dositbeanis,
1568 564 1594 586 et
1614 559 1640 586 iu

851 603 976 631 Noctauo
993 611 1026 630 ac
1040 603 1180 631 Noetiauis
1193 605 1332 632 desinens.
1349 604 1450 631 Harum
1465 605 1502 632 ait
1513 604 1642 632 confuta-

852 649 954 676 tionem
972 657 1000 677 se
1018 650 1172 684 suscepisse
1196 657 1228 677 ex
1251 651 1426 678 sermonibus
1447 650 1551 683 lrcn:ei,
1570 659 1642 685 quou

852 702 913 722 rum
934 695 1127 729 compendium
1145 694 1197 721 hoc
1212 702 1241 722 se
1264 695 1334 722 libro
1356 695 1528 730 complexum
1549 695 1640 722 refert.

853 739 941 768 Dictio
957 740 1100 775 perspicua
1114 744 1140 767 et
1163 740 1288 767 nonnihil
1302 741 1403 775 gravis,
1421 748 1471 767 nec
1488 740 1642 773 abundans,

852 787 915 814 licet
927 786 1065 813 Atticismi
1079 786 1200 814 rationes
1215 794 1270 813 non
1283 787 1350 814 adeo
1362 791 1449 814 curat.
1463 786 1549 813 Habet
1560 787 1643 814 etiam

853 837 910 860 tum
927 833 979 859 alia
996 832 1087 859 minus
1102 837 1240 864 accurata,
1253 837 1309 860 tum
1323 833 1395 868 quod
1407 832 1522 859 Paulum
1536 831 1645 867 Episto-

853 878 885 906 Iae
899 879 932 906 ad
948 878 1079 905 Hebraeos
1097 882 1235 905 auctorem
1253 885 1314 905 esse
1327 882 1416 912 negat.
1436 877 1541 904 Dicitur
1550 881 1577 903 et
1594 877 1645 905 ho-

853 925 943 952 milias
962 925 996 952 ad
1019 924 1148 959 populum
1169 924 1298 952 habuisse
1320 923 1445 960 Origenis
1473 923 1643 955 imitatione,

853 970 932 1006 cujus
954 975 982 998 et
1004 970 1147 998 familiaris
1176 971 1296 998 maxime
1315 975 1342 997 et
1363 970 1516 998 studiorum
1538 975 1644 998 amator

852 1016 975 1049 exstitit;
996 1016 1032 1044 ita
1050 1019 1080 1043 ut
1096 1019 1124 1044 et
1148 1015 1182 1043 ad
1203 1023 1296 1043 sacras
1314 1016 1420 1043 litteras
1439 1017 1644 1043 commentariis

853 1062 1030 1090 illustrandas
1041 1070 1104 1090 eum
1122 1062 1321 1098 provocaverit,
1334 1066 1361 1089 et
1373 1067 1475 1097 septem
1487 1063 1539 1098 ipsi
1550 1062 1645 1098 tachy-

854 1109 972 1144 graphus
1000 1108 1167 1143 totidemque
1195 1108 1378 1144 calligraphos
1403 1109 1591 1141 constituerit,
1617 1115 1645 1136 et

32 1167 71 1190 σας
89 1159 157 1195 αὐτῷ
179 1160 228 1187 καὶ
246 1160 424 1196 ὑπογραφέας
440 1159 511 1186 ἑπτὰ
527 1158 720 1194 ταχυγράφους
730 1176 736 1188 ς
757 1156 804 1182 καὶ

889 1158 1012 1189 mptuum
1036 1154 1118 1181 etiam
1139 1153 1186 1189 qui
1209 1154 1242 1181 ad
1265 1155 1316 1181 hos
1339 1155 1543 1189 requirerentur
1563 1154 1645 1181 fuerit

32 1204 122 1239 ἑτέρους
129 1206 273 1237 τοσούτους
281 1205 436 1241 γράφοντας
444 1206 484 1237 είς
491 1205 598 1236 κάλλος,
609 1201 646 1230 ὧν
653 1201 687 1239 ἦν
697 1202 743 1229 καὶ
753 1202 803 1236 τῆς

31 1251 133 1287 δαπάνης
156 1252 238 1284 αὐτὸς
258 1252 392 1288 χορηγός·
409 1252 456 1278 καὶ
474 1251 560 1278 ταῦτα
583 1248 803 1285 ὺπηρετούμενος

31 1296 99 1332 αὐτῷ,
115 1299 238 1325 ἀπαιτεῖν
261 1298 343 1325 αὑτὸν
366 1298 561 1334 ἀπαραιτήτως
579 1296 609 1323 τὸ
622 1296 713 1331 ἔργον,
727 1293 756 1326 ἐξ
771 1289 802 1321 οὗ

32 1342 69 1368 καὶ
82 1342 275 1377 ὲρτοδιώκτην
289 1344 319 1369 ὲν
337 1343 386 1378 μιᾷ
400 1342 454 1369 τῶν
472 1341 619 1369 ἐπιστολῶν
636 1338 712 1375 παρὰ
734 1339 805 1373 Ὠρι-

855 1201 993 1236 elargitor.
1014 1199 1130 1235 Haecque
1145 1208 1207 1228 cum
1220 1200 1271 1235 ipsi
1289 1201 1431 1235 praeberet,
1443 1200 1502 1228 sine
1513 1200 1645 1228 dilatione

856 1253 925 1281 opus
940 1246 1025 1279 ursit;
1042 1246 1114 1273 unde
1133 1250 1160 1273 et
1174 1246 1347 1279 impulsorem
1368 1253 1432 1272 eum
1454 1253 1535 1273 suum
1551 1245 1642 1279 aliqua

857 1291 884 1318 in
899 1290 1013 1325 epistola
1028 1297 1077 1317 sua
1091 1289 1221 1325 Origenes
1237 1290 1363 1325 appellat.
1388 1289 1441 1316 Sed
1463 1292 1490 1316 et
1509 1288 1566 1323 ipse
1581 1288 1644 1323 plu-

856 1337 926 1363 rima
940 1336 1084 1370 scripsisse
1098 1335 1223 1363 traditur.

32 1388 110 1420 γένους
121 1388 264 1425 κληθῆναι.
291 1389 408 1416 Πλεῖστα
430 1389 459 1415 δὲ
476 1388 523 1415 καὶ
544 1384 621 1418 οὗτος
639 1386 677 1422 (8)
693 1385 801 1419 λέγεται
821 1382 1051 1418 συγγεγραφέναι.

670 1444 746 1472 Idem
762 1443 827 1470 ibid.
842 1442 900 1469 cod.
913 1449 976 1469 ccu.

67 1505 223 1542 ’Δνεγνὼσθη
245 1506 406 1534 Ἱππολύτου
423 1506 573 1534 ἐπισκόπου
595 1505 643 1532 καὶ
664 1503 803 1540 μάρτυρος

34 1550 145 1586 ἑρμηνεία
161 1553 200 1584 είς
217 1553 267 1579 τὸν
283 1553 391 1589 Δανιήλ.
409 1552 488 1580 Κατὰ
498 1552 569 1585 λέξιν
578 1551 626 1587 μὲν
642 1551 672 1577 οὑ
685 1552 802 1577 ποιεῖται

34 1596 72 1630 τὴν
85 1596 235 1631 ἀνάπτυξιν,
249 1598 319 1633 πλὴν
331 1599 376 1625 τὸν
390 1598 452 1625 νοῦν
466 1607 509 1633 γε,
522 1598 560 1629 ὡς
577 1597 642 1628 ἔπος
657 1597 754 1628 εἰπεῖν,
771 1595 802 1621 οὺ

35 1643 191 1679 παρατρέχει.
209 1644 300 1671 Πολλὰ
311 1643 402 1679 μέντοι
413 1643 630 1679 ἀρχαιοτρόπως,
643 1642 690 1669 καὶ
705 1642 754 1668 οὑκ
763 1642 802 1673 είς

35 1687 162 1723 τὺῦστερον
174 1689 381 1726 διηκριϐωμένα
391 1689 538 1723 καταλέγει
548 1698 555 1704 ·
566 1689 624 1715 ἀλλ’
633 1687 744 1715 ἐκείνων
752 1687 801 1713 οὐκ

36 1732 62 1757 ἂν
75 1733 110 1768 εἴη
118 1733 215 1766 δίκαιος
233 1734 313 1768 λόγον
321 1734 441 1769 ὑπέχειν.
451 1735 520 1766 Τοὺς
529 1734 582 1770 γὰρ
590 1734 676 1770 ἀρχὴν
685 1733 801 1768 θεωρίας

35 1779 279 1815 καταϐαλλομένους,
293 1781 323 1807 οὐ
342 1779 419 1815 [χρὴ]
432 1780 508 1811 δίκας
520 1780 645 1807 ἀπαιτεῖν
659 1779 714 1805 τῶν
731 1786 800 1813 παρ-

36 1824 140 1857 ειμένων,
156 1825 211 1852 ἀλλ’
229 1826 342 1860 ἀγαπᾷν
359 1825 480 1860 μάλιστα
497 1826 581 1861 αὐτῆς
595 1834 624 1852 τε
646 1825 695 1859 τῆς
711 1825 802 1851 έπιὸο-

36 1867 84 1903 λῆς,
96 1870 138 1896 καὶ
153 1870 195 1905 ἐφ’
211 1871 276 1897 ὅσον
295 1870 328 1897 ἂν
343 1870 521 1906 καταλήψεως
536 1870 590 1897 τῶν
606 1869 803 1905 διασκοπουμέ-

37 1924 79 1941 νων
91 1917 250 1953 προχωροίη.
273 1917 309 1943 To
322 1916 351 1943 δὲ
367 1917 416 1952 τὴν
431 1916 476 1942 τοῦ
499 1916 682 1952 Ἀντιχρίστου
700 1924 804 1951 παρου-

38 1960 95 1992 σίαν,
110 1961 166 1987 καθ’
181 1962 213 1997 ἦν
228 1961 302 1996 καὶὴ
319 1960 365 1988 τοῦ
383 1960 512 1997 αἰσθητοῦ
528 1961 631 1997 κόσμου
648 1961 724 1987 τοῦδε
743 1970 803 1988 συν-

37 2006 111 2034 τέλεια
124 2008 238 2039 ἵσταται,
255 2008 322 2044 μηδὲ
334 2009 390 2039 τοῖς
400 2007 534 2043 μαθηταῖς
545 2007 682 2042 δεομένοις
693 2006 739 2033 τοῦ
749 2007 804 2033 Σω-

38 2052 104 2087 τῆρος
119 2054 340 2089 ἀποκαλύψαντος
350 2062 356 2069 ·
382 2052 441 2080 εἶτα
456 2053 537 2080 αὑτὸν
555 2053 655 2089 ταύτην
673 2061 804 2080 πεντακο-

39 2097 93 2128 σίοις
107 2099 189 2125 ἔτεσιν
205 2100 261 2126 ἀπὸ
272 2099 389 2134 Χριστοῦ
404 2098 557 2134 ὑπαχθέντα
573 2099 803 2135 περιγράψασθαι,

39 2141 120 2169 ὡσανεὶ
134 2144 185 2170 τῶν
199 2144 254 2170 ἀπὸ
270 2143 380 2180 πρώτης
393 2143 439 2170 τοῦ
452 2143 555 2178 κόσμου
574 2142 727 2177 καταϐολῆς
741 2142 803 2175 ἑξα-

40 2189 158 2224 κισχιλίων
172 2189 240 2216 ἐτῶν
261 2190 488 2225 συντελουμένων,
505 2189 552 2216 καὶ
568 2189 616 2224 τὴν
628 2188 748 2216 διάλυσιν
760 2189 805 2215 αὐ-

40 2234 76 2259 τοῦ
97 2236 253 2269 ἐφεστάναι·
278 2235 357 2262 τοῦτο
381 2236 427 2262 καὶ
446 2235 613 2276 θερμοτέρας
634 2234 665 2262 ἂν
689 2235 732 2271 εἴη
757 2235 804 2261 τοῦ

42 2282 203 2316 προσήκοντος
227 2281 357 2318 γνώμης,
382 2282 430 2308 καὶ
446 2283 462 2318 ἡ
479 2282 614 2317 ἀπόφασις
633 2283 806 2318 ἀνθρωπίνης

41 2326 148 2360 ἀγνοίας,
163 2327 222 2354 ἀλλ’
246 2329 296 2355 οὐκ
311 2329 454 2360 ἐπιπνοίας
474 2328 523 2363 τῆς
543 2328 645 2356 ἄνωθεν
661 2329 802 2364 διελέγχει.

46 2371 70 2396 'H
82 2373 171 2406 φράσις
186 2373 281 2406 αὐτοῦ,
295 2374 326 2400 τὸ
343 2374 427 2408 σαφὲς
436 2374 477 2400 ὅτι
495 2373 612 2409 μάλιστα
621 2374 804 2409 οἰκειουμένη,

43 2417 125 2450 πρέποι
139 2419 170 2446 av
187 2421 330 2456 ἑρμηνείᾳ,
354 2421 378 2447 ει
399 2421 447 2447 καὶ
460 2421 524 2452 τοὺς
545 2420 683 2452 Ἀττικοὺς
697 2419 735 2456 (9)
747 2419 805 2447 οὔτι

45 2465 102 2497 μάλα
115 2466 228 2502 θεσμοὺς
244 2457 423 2494 δυσωπεῖταιί

815 1811 838 1840 ο

889 1499 972 1529 Lecta
997 1505 1038 1528 est
1058 1499 1194 1535 Hippolyti
1215 1498 1336 1534 episcopi
1359 1505 1391 1525 ac
1412 1496 1541 1533 martyris
1560 1497 1645 1524 inter-

855 1546 970 1581 pretatio
985 1545 1116 1578 Dauielis,
1130 1553 1210 1580 quem
1227 1545 1278 1572 etsi
1299 1545 1333 1571 ad
1357 1543 1468 1570 verbum
1485 1550 1540 1570 uou
1557 1542 1645 1576 expli-

854 1597 908 1624 cat,
918 1591 1081 1619 sententiam
1093 1596 1195 1622 tamen,
1205 1597 1235 1618 ut
1248 1591 1284 1618 ita
1300 1591 1400 1621 dicam,
1417 1597 1471 1616 non
1485 1593 1646 1624 pra'tercur-

855 1639 900 1666 rit.
917 1638 1002 1666 Multa
1021 1646 1103 1674 porro
1124 1638 1207 1666 veteri
1225 1645 1312 1670 more,
1331 1645 1386 1664 non
1401 1641 1432 1664 ut
1451 1641 1543 1671 postea
1568 1636 1646 1665 fuere

855 1684 1012 1712 accuratius
1028 1691 1156 1716 excussa.
1173 1683 1356 1719 persequitur.
1373 1683 1535 1718 Quanquam
1548 1690 1644 1710 eorum

854 1730 929 1764 posci
943 1730 1087 1762 rationem,
1101 1737 1207 1765 aequum
1224 1738 1278 1757 non
1290 1733 1340 1757 est.
1356 1728 1450 1764 Neque
1465 1729 1536 1756 enim
1552 1728 1593 1757 fas
1610 1729 1645 1756 ab

855 1777 888 1804 iis
909 1777 956 1812 qui
971 1778 1146 1806 fundamenta
1167 1779 1205 1806 rei
1233 1778 1351 1813 alicujus
1367 1778 1573 1805 consideranda:
1596 1785 1646 1812 po-

854 1823 968 1856 suerint,
984 1823 1117 1851 rationem
1138 1827 1259 1858 repetere
1277 1831 1371 1851 eorum
1391 1831 1452 1858 qum
1470 1823 1644 1858 praeteriere:

854 1869 900 1896 sed
927 1869 1017 1897 favere
1041 1870 1131 1904 potius
1151 1870 1261 1897 conatui
1284 1869 1352 1904 ipsi,
1370 1870 1645 1904 quantulumcunque

854 1915 881 1942 in
903 1923 994 1943 rerum
1015 1916 1285 1951 contemplandarum
1308 1915 1550 1950 comprehensione
1576 1923 1640 1949 pro-

854 1963 996 1990 cesserint.
1022 1962 1183 1990 Autichristi
1209 1970 1274 1989 vero
1301 1962 1462 1995 adventum,
1488 1961 1532 1989 cui
1557 1962 1640 1989 etiam

855 2009 1028 2043 aspectabilis
1053 2008 1135 2042 hujus
1163 2008 1257 2035 mundi
1281 2008 1483 2035 consummatio
1504 2007 1640 2043 jungitur,

855 2061 917 2081 cum
930 2062 965 2082 ne
979 2054 1120 2089 discipulis
1140 2053 1249 2089 quidem
1271 2053 1431 2088 rogantibus
1452 2053 1645 2080 manifestare-

855 2102 892 2129 rit
907 2101 1042 2133 Salvator,
1059 2101 1093 2128 ab
1117 2101 1260 2137 Hippolyto
1278 2100 1376 2128 deinde
1399 2101 1431 2128 ad
1451 2102 1614 2136 quingentos
1628 2109 1644 2129 a

856 2147 964 2175 Christo
973 2155 1061 2174 annos
1076 2146 1174 2174 adduci
1182 2155 1214 2174 ac
1227 2147 1427 2181 circumscribi,
1439 2149 1516 2183 quasi
1529 2156 1543 2174 a
1557 2149 1644 2183 prima

855 2193 949 2219 mundi
976 2192 1171 2220 constitutione
1200 2200 1248 2220 sex
1275 2193 1395 2221 millibus
1422 2201 1556 2220 annorum
1586 2198 1644 2222 tum

855 2238 959 2266 exactis
974 2239 1033 2273 ejus
1056 2239 1201 2266 dissolutio
1215 2239 1339 2272 instaret,
1363 2239 1571 2279 hoc‘calidioris
1583 2240 1645 2273 qui<

856 2285 918 2312 dem
935 2292 1018 2320 quam
1039 2285 1168 2319 decebat,
1186 2285 1271 2312 animi
1293 2290 1353 2318 est;
1377 2291 1459 2320 atque
1479 2286 1644 2313 asseveratio

856 2330 914 2358 haec
927 2330 1076 2358 humanam
1091 2331 1274 2366 ignorantiam
1291 2331 1383 2365 potius
1402 2338 1483 2366 quam
1505 2331 1642 2359 caelestem

858 2376 1068 2411 inspirationem
1084 2377 1185 2411 arguit.
1202 2376 1294 2404 Genus
1304 2376 1364 2411 ejus
1377 2376 1483 2404 dicendi
1499 2377 1602 2405 clarum
1615 2378 1644 2405 in

856 2423 952 2458 primis
961 2430 992 2450 ac
1003 2423 1188 2457 perspicuum,
1198 2421 1468 2458 interpretationique
1479 2431 1642 2458 congruens.

858 2469 921 2496 licet
935 2477 985 2496 nec
999 2469 1103 2496 Atticas
1120 2469 1193 2503 leges
1213 2468 1290 2495 valde
1306 2468 1440 2503 repudiat.

71 2510 266 2548 Συνανεγνὼσθη
288 2513 369 2540 αὑτοῦ
386 2513 434 2540 καὶ
448 2513 542 2548 ἕτερος
553 2512 633 2547 λόγος
649 2513 713 2548 περὶ
735 2513 802 2548 Χρι-

894 2514 993 2542 Lectus
1007 2514 1128 2549 ejusdem
1145 2514 1227 2541 simul
1242 2519 1269 2542 et
1282 2514 1353 2542 alius
1368 2514 1436 2541 liber
1452 2515 1485 2542 de
1497 2513 1606 2542 Christo
1617 2518 1644 2542 et

73 2598 104 2634 (6)
121 2599 155 2628 Ex
167 2600 217 2628 hoc
230 2601 290 2628 loco
302 2605 423 2636 apparet,
435 2601 505 2636 apud
518 2600 644 2636 Photium
657 2609 718 2628 mox
734 2601 805 2630 infra

46 2638 92 2672 cod.
104 2643 160 2672 ceu,
175 2636 200 2662 in
212 2637 274 2672 tiue,
287 2635 565 2672 nonresserlegendum
576 2635 635 2662 οὔτι
647 2637 728 2671 μάλα,
741 2638 804 2664 sed:

45 2670 94 2706 ’ὡς
106 2670 236 2703 Ἀττικοὺς
251 2671 306 2698 ὖντι
321 2671 392 2706 μάλα
411 2670 529 2706 θεσμοὺς
544 2670 707 2698 δυσωπεῖται
726 2681 732 2688 ·
754 2673 808 2704 nisi

46 2704 131 2742 quiset
147 2706 193 2742 hic
207 2707 280 2741 legat
298 2704 497 2742 ἀποστρέφεται
519 2714 569 2741 pro
590 2707 783 2742 ἐπιστρέφεται
793 2728 802 2739 ,

46 2739 104 2770 quod
126 2739 278 2776 neutiquam
296 2739 397 2776 probo,
421 2739 496 2769 nullo
519 2739 615 2769 codice
634 2739 685 2770 ms.
708 2739 806 2769 sutl‘ra-

47 2778 120 2801 ﬂante.
132 2774 237 2801 hunc.

47 2780 120 2806 caute.
133 2780 146 2801 I'
153 2783 237 2804 ABIIC.

74 2807 107 2842 (Ἰ)
123 2809 184 2843 Qua
202 2816 362 2846 sequuntur,
378 2811 440 2840 licet
460 2812 559 2846 similia
577 2819 610 2840 ex
632 2812 702 2840 male
724 2812 804 2844 intat-

858 2603 936 2630 lectis
952 2601 1061 2630 Eusebii
1077 2609 1115 2634 vt,
1130 2601 1176 2634 25,
1195 2602 1286 2638 verbis
1299 2601 1381 2638 habet
1394 2602 1476 2629 etiam
1489 2601 1642 2638 Syncellus,

858 2645 885 2673 ι).
898 2639 961 2669 558,
974 2637 1316 2678 Ambrosio'Alexandrino
1335 2637 1458 2678 Origen'is
1476 2637 1644 2678 ἐργοδιωκτῃ

858 2671 1025 2707 competunt,
1041 2681 1094 2700 non
1109 2671 1262 2708 Hippolyto,
1281 2677 1310 2708 ut
1326 2680 1340 2698 a
1360 2671 1453 2700 multis
1470 2671 1535 2700 viris
1555 2671 1644 2700 doctis

856 2708 913 2742 jam
927 2708 1158 2744 animadversum.
1172 2707 1442 2744 Couierjiierouymi
1457 2708 1545 2735 locum
1560 2715 1645 2743 supra

859 2750 936 2770 num.
952 2743 979 2772 5.
997 2746 1024 2769 et
1040 2742 1110 2770 infra
1125 2751 1201 2770 num.
1216 2743 1257 2770 l4.
1271 2742 1381 2771 Fatue.

896 2777 934 2814 (8)
951 2777 1110 2814 Hippolytus
1126 2779 1265 2807 nimirum.

896 2813 934 2848 (9)
954 2813 1058 2840 Scbott.
1076 2813 1126 2840 ὅτι.
