1860 3051
181 128 184 134 ι
207 98 259 125 579
810 92 1016 122 TESTIMONIA
1049 91 1214 120 VETERUM
1783 89 1836 116 580

208 155 385 185 Antichristo,
399 153 425 180 in
436 160 490 187 quo
504 152 596 180 eadem
612 151 719 179 dicendi
734 150 819 180 forma
832 158 950 185 servata,
964 158 991 179 ct
1004 154 1026 182 Α
1041 159 1058 176 σ

1079 149 1104 176 οὗ
1117 151 1164 177 καὶ
1183 151 1377 187 Ἀντιχρίστου,
1408 152 1436 178 ἑν
1459 147 1481 185 ᾧ
1502 151 1550 186 ἦτε
1564 151 1635 186 αὐτὴ
1658 151 1714 176 τῶν
1741 149 1834 182 λόγοιν

210 208 337 228 sensuum
354 198 513 233 simplicitas
529 204 561 224 ac
577 200 706 224 vetustas.
1044 197 1058 222 ti

1079 196 1101 222 Ξα
1117 196 1271 233 διαπρέπει,
1283 197 1366 224 καὶτὸ
1377 197 1431 223 τῶν
1445 198 1585 232 νοημάτων
1601 195 1797 230 ἀπλούστερόν
1806 203 1834 222 τε

1042 241 1089 268 καὶ
1112 241 1320 278 ἀρχαιότροπον.

979 306 1050 334 Xllt.

871 363 969 391 Suidas
991 365 1019 391 in
1034 365 1142 393 Lexico.

244 426 414 462 Hippolytus.
432 425 481 453 llic
503 424 613 459 scripsit
640 425 667 451 in
691 424 849 459 prophetias
873 423 990 452 Danielis

208 472 443 503 cmnmcntarium,
456 476 482 498 et
498 471 524 498 in
537 470 678 506 pr0verbia
697 469 862 496 Salomonis.

1084 424 1267 460 Ἱππόλυτος.
1284 424 1367 458 Οὗτος
1388 427 1506 463 ἔργαψεν
1531 428 1569 459 είς,
1588 427 1637 458 τὰς
1652 427 1768 462 ὁράσεις
1783 426 1830 453 τοῦ

1042 471 1140 507 Δανιὴλ
1153 472 1316 508 ὑπόμνημα,
1335 473 1380 500 καὶ
1399 474 1438 505 εἰς
1458 473 1506 505 τὰς
1523 473 1677 508 Παροιμίας
1689 472 1832 509 Σολομῶν-

1041 523 1086 542 τος
1091 533 1097 541 ι

1041 523 1086 547 τος

984 564 1053 592 XIV.

591 623 716 659 Georgius
734 623 869 659 Syncellus
884 625 912 651 in
926 624 1089 659 Chronogr.,
1102 624 1135 650 ad
1154 632 1216 650 ann.
1230 624 1292 656 215,
1305 632 1366 659 pag.
1382 623 1444 651 558.

243 684 402 720 Hippolytus
415 691 492 711 sacer
502 683 689 719 philosophus.
698 684 796 712 Portus
805 684 919 712 Romani
931 685 989 718 epi-

1081 683 1237 715 Ἱππόλυτος
1253 684 1324 719 ἱερὸς
1337 683 1488 718 φιλόσοφος,
1501 683 1649 715 ἐπίσκοπος
1660 684 1768 719 Πόρτου
1784 683 1830 709 τοῦ

206 739 318 765 scapus,
337 730 492 757 Christiana
511 730 682 764 philosophia
703 735 845 765 praestans.
867 731 990 765 pluribus
1039 737 1057 754 κ

1079 728 1109 754 τὰ
1122 728 1170 764 τὴν
1187 727 1306 764 Ῥώμην,
1325 729 1426 764 σφόδρα
1435 729 1591 764 διαπρεπῶς
1602 729 1680 764 ἤνθει
1695 730 1766 764 Eva-ﬁ
1783 738 1831 755 καμ

207 776 331 811 iuvanda:
348 775 488 802 hominum
504 775 585 802 saluti
602 775 763 810 conscriptis
781 775 856 803 libris
872 775 990 803 celebra-
1039 782 1058 800 τε

1100 774 1215 809 Χριστὸν
1239 774 1395 810 φιλοσοφίᾳ,
1414 774 1527 801 πλεῖστα
1548 774 1696 810 ψυχωφελῆ
1717 775 1831 801 συντάτ-

208 821 297 848 batur.
316 820 400 848 Editis
421 820 520 855 quippe
543 820 569 846 in
587 828 634 847 sex
655 820 759 847 dierum
776 828 854 855 opus,
872 825 899 848 et
917 820 944 847 in
957 827 990 847 ea
1042 829 1057 846 τ

1079 829 1095 845 ιν
1110 820 1301 855 ὑποπνήματα.
1320 820 1367 851 Εἰς
1380 829 1408 846 τε
1420 821 1474 855 γὰρ
1488 820 1536 855 τὴν
1547 819 1713 855 ὲξαήμερον,
1730 820 1781 846 καὶ
1792 821 1831 851 εἰς

207 875 269 901 qua:
290 866 391 901 priores
416 873 463 892 sex
479 865 537 892 dies
559 865 620 892 illos
644 870 788 893 consecuta
810 871 887 897 sunt,
909 870 937 893 et
962 866 989 892 in
1041 874 1056 892 τ

1093 865 1161 900 μετά
1184 866 1232 900 τὴν
1261 865 1423 901 ὲξαήμερον,
1449 867 1489 897 είς
1506 865 1590 892 πολλὰ.
1602 874 1631 892 τε
1647 865 1703 891 τῶν
1722 873 1832 900 προφη-

208 912 408 946 praacipuorum
431 911 639 946 prophetarum,
662 910 810 938 Ezechielis
830 911 947 938 maxime
964 916 991 938 et
1041 921 1056 938 τ

1081 920 1104 944 ν,
1122 911 1237 947 μάλιστα
1254 911 1383 947 Ίεξεκιὴλ
1398 911 1444 938 καὶ
1453 911 1549 946 Δανιὴλ
1561 911 1615 938 τῶν
1631 911 1760 946 μεγάλων
1771 931 1779 943 ,
1793 911 1832 938 ἔτι

209 957 337 990 Danielis,
346 957 483 988 vaticinia,
494 964 543 984 nec
553 965 604 984 non
615 957 641 983 in
650 956 771 990 Cantica,
783 962 809 984 et
818 961 920 984 veteres
930 965 991 991 pas-

208 1004 260 1031 sim
279 1009 417 1037 novasque
436 1001 607 1036 Scripturas,
623 1002 837 1034 commentariis,
852 1001 994 1036 speciatim
1009 992 1030 1019 Β

209 1048 237 1074 in
255 1047 368 1075 Joannis
384 1047 500 1080 theologi
511 1047 537 1074 in
552 1047 647 1074 Patmo
662 1046 875 1079 Revelationem,
886 1047 912 1073 in
923 1046 994 1074 Mar-

208 1094 315 1121 cionem
329 1098 356 1120 et
371 1093 492 1127 reliquas
507 1093 634 1124 haereses,
652 1096 679 1119 et
702 1100 836 1119 annorum
856 1093 992 1120 sexdecim

210 1139 366 1167 Paschalem
384 1140 504 1174 regulam
530 1139 564 1166 ad
585 1147 686 1166 annum
711 1139 828 1174 primum
848 1138 996 1166 Alexandri

210 1183 356 1211 Mammaea:
374 1183 426 1210 fixo
445 1184 560 1210 termino
576 1184 702 1218 exposuit
716 1193 722 1210 :
734 1188 771 1215 et,
786 1188 815 1210 ut
828 1184 911 1210 verbo
926 1191 994 1211 con-

209 1229 329 1261 cludam.
347 1229 415 1256 vivis
437 1229 593 1256 divinorum
616 1230 787 1264 eloquiorum
812 1229 919 1257 liuentis
941 1229 989 1256 Ec-

210 1274 320 1301 clesiam
338 1274 463 1309 irrigans,
481 1275 587 1302 tandem
600 1275 722 1310 martyrii
736 1282 837 1302 corona
852 1275 994 1302 redimitus

209 1326 259 1347 est.
279 1319 317 1346 Ex
331 1320 390 1354 ejus
406 1320 514 1354 scriptis
533 1321 678 1354 occasione
698 1325 805 1356 sumpta
822 1320 916 1348 infelix
932 1320 994 1347 Ori-

209 1374 291 1401 genes
305 1384 307 1387 -
319 1366 402 1393 libros
426 1373 511 1393 sacrae
531 1366 677 1401 Scriptura:
696 1367 869 1401 quamplurcs
887 1368 994 1401 (horta-

209 1417 268 1439 tore
285 1417 312 1440 et
334 1417 458 1446 sumptus
480 1413 649 1440 necessarios
670 1413 845 1447 notariosque
879 1417 993 1447 septem,

211 1457 273 1485 aliis
287 1462 349 1492 post
365 1458 435 1485 alios
451 1465 539 1492 operae
553 1458 771 1490 succedentibus,
787 1463 812 1485 et
827 1458 900 1485 viros
913 1466 995 1486 accu-

211 1503 321 1531 ratioris
334 1503 503 1531 characteris
518 1504 631 1538 peritos,
644 1511 698 1530 una
713 1511 775 1531 cum
792 1505 889 1539 puellis
900 1505 993 1532 eadem

208 1548 336 1583 pingendi
352 1553 410 1575 arte
424 1548 629 1583 praestantibus,
645 1555 678 1575 ex
697 1549 794 1575 throno
808 1549 920 1576 dictauti
938 1549 994 1576 lar-

211 1596 279 1630 giter
293 1595 521 1622 subministrante
534 1595 687 1628 Ambrosio,
705 1600 732 1622 ct
745 1603 806 1630 quae
821 1596 853 1622 ad
874 1595 994 1623 scriben-

1045 957 1097 992 μὴν
1112 958 1151 989 εἰς
1170 958 1203 984 τὰ
1221 957 1362 992 "Aspare,
1391 957 1438 984 καὶ
1453 958 1492 989 είς
1517 957 1598 989 ἄλλας
1622 957 1755 989 παντοίας
1781 966 1834 984 πα-

1044 1002 1123 1035 λαιὰς
1138 1003 1184 1030 καὶ
1197 1003 1260 1035 νέας
1276 1003 1396 1039 Γραφὰς,
1414 1004 1443 1029 ὲν
1454 1001 1494 1034 οἷς
1515 1003 1561 1030 καὶ
1575 1004 1616 1035 είς
1630 1003 1715 1038 τὴνέν
1725 1004 1832 1038 Πάτμῳ

1045 1049 1090 1075 τοῦ
1107 1049 1230 1083 θεολόγον
1250 1049 1447 1083 ’Δποκάλυψιν,
1465 1049 1532 1084 πρὸς
1548 1049 1699 1084 Μαρκίωνα
1717 1050 1767 1076 καὶ
1783 1050 1832 1080 τὰς

1044 1094 1137 1126 λοιπὰς
1151 1095 1279 1130 αἱρέσεις,
1295 1095 1342 1121 καὶ
1356 1095 1402 1121 τὸν
1413 1095 1599 1128 ἑξκαιδέκατον
1623 1095 1680 1130 (l0)
1700 1096 1831 1131 ὲτηρικὸν

1044 1140 1090 1167 τοῦ
1104 1139 1197 1175 Πάσχα
1206 1140 1305 1167 κανόνα
1321 1140 1428 1173 ἐξέθετο
1444 1140 1614 1176 περιγράψας
1624 1141 1666 1172 εἰς
1679 1140 1711 1166 τὺ
1722 1139 1831 1176 πρῶτον

1045 1186 1103 1217 ἔτος
1123 1185 1298 1222 Ἀλεξάνδρου
1323 1186 1371 1212 τοῦ
1397 1186 1531 1221 Μαμμίας
1547 1186 1656 1220 τούτου,
1671 1188 1721 1214 καὶ
1740 1189 1833 1214 συντό-

1046 1239 1103 1266 μως
1122 1231 1204 1266 φάναι
1230 1231 1379 1266 θεοφράδης
1402 1232 1522 1267 ποταμὸς
1542 1233 1576 1266 τῇ
1596 1232 1749 1268 Ἐκκλησία
1766 1233 1832 1265 ζών-

1043 1284 1097 1302 των
1109 1276 1234 1311 ναμάτων
1251 1275 1376 1309 γέγονεν,
1394 1275 1439 1301 τὸν
1463 1274 1630 1310 μαρτυρικὺν
1649 1274 1832 1310 περιθέμενος

1045 1322 1174 1356 στέφανον
1193 1321 1260 1356 πρὸς
1270 1320 1309 1356 τῷ
1321 1320 1402 1347 τέλει.
1425 1318 1472 1347 Ἐκ
1488 1320 1581 1347 τούτου
1594 1320 1685 1347 λαϐὼν
1703 1321 1831 1356 ἀφορμὰς

1051 1366 1191 1402 Ὠριγένης
1214 1368 1228 1393 ό
1247 1367 1330 1398 τάλας
1358 1366 1612 1402 ὑπερεμνημάτισεν
1638 1366 1748 1393 πολλῶν
1781 1367 1832 1393 τῶν

1044 1413 1172 1450 Γραφῶν,
1192 1413 1353 1448 Ἀμϐροσίου
1371 1412 1568 1448 παρορμῶντος
1585 1412 1669 1439 αὐτὸν
1683 1414 1726 1444 εἰς
1738 1413 1831 1444 τοῦτο,

1045 1460 1092 1486 καὶ
1119 1459 1299 1494 χορηγοῦντος
1321 1458 1471 1492 ἀναγκαίας
1485 1466 1515 1484 τε
1532 1458 1625 1493 χρείας
1639 1457 1768 1492 ἀφθόνως
1787 1459 1831 1484 καὶ

1043 1504 1236 1539 ταχυγράφους
1259 1502 1328 1529 ἑπτὰ
1357 1503 1540 1538 παριστῶντος
1558 1503 1724 1539 ἀμείϐοντας

1044 1549 1105 1580 λους
1122 1547 1317 1584 ὑπαγορεύοντι
1339 1548 1386 1574 καὶ
1407 1547 1604 1584 καλλιγράφους
1626 1549 1758 1580 τελείους,
1774 1549 1831 1583 ἅμα

1044 1595 1140 1630 κόραις
1155 1594 1326 1628 ὴσκημέναις
1352 1593 1478 1628 γράφειν,
1502 1594 1603 1628 ἄφατόν
1629 1603 1659 1621 τε
1677 1595 1831 1630 προθυμίαν

208 1641 273 1668 dum
289 1641 393 1668 cierent
415 1641 536 1667 animum
559 1641 638 1675 plena
660 1648 742 1668 manu
764 1640 910 1676 praebente)
937 1641 994 1669 suis
1008 1657 1029 1686 ο
1045 1649 1058 1666 a

1080 1639 1118 1675 τῷ
1133 1640 1294 1675 παρέχοντος
1309 1639 1349 1671 εἰς
1364 1639 1394 1666 τὸ
1410 1639 1574 1666 συντάττειν.

208 1685 445 1713 lucubrationibus
460 1685 617 1713 illustravit.

934 1741 1008 1769 Idem
1027 1742 1091 1769 ibid.

243 1799 307 1827 Hac
321 1808 374 1827 non
390 1800 499 1835 proprio
516 1800 601 1828 Marte
616 1800 786 1836 collegimus,
801 1803 849 1828 sed
869 1808 901 1828 ex
918 1801 989 1828 beati

208 1846 324 1881 apostoli
339 1850 366 1872 et
380 1845 478 1873 Portus
493 1845 608 1873 Romani
625 1846 832 1881 archiepiscopi,
849 1847 990 1881 sanctique

210 1892 336 1926 martyris
354 1891 507 1927 Hippolyti,
520 1896 547 1918 et
563 1891 660 1919 Aniani
679 1892 874 1928 religiosissimi
897 1899 992 1920 mona-

210 1937 266 1970 chi,
281 1937 328 1972 qui
345 1937 451 1972 cyclum
470 1945 496 1964 χι
515 1937 671 1964 Paschalem
692 1945 826 1965 annorum
841 1938 893 1965 552
911 1938 991 1965 scho-

210 1983 254 2009 liis
274 1983 439 2010 illustratum
457 1983 656 2010 studiosissime
678 1982 805 2018 digessit,
830 1987 858 2010 et
881 1982 990 2010 Maximi

211 2028 380 2056 sanctissimi
397 2028 523 2056 monachi
547 2033 574 2056 et
595 2028 716 2063 prmelari
737 2028 906 2064 philosophi,
928 2035 992 2055 con-

210 2075 325 2102 fessoris
339 2079 366 2102 ct
377 2075 468 2110 magni
483 2075 610 2103 Ecclesiae
623 2075 753 2107 doctoris,
763 2075 955 2102 monumentis.

1077 1799 1168 1826 Ταῦτα
1183 1800 1233 1825 οὐκ
1247 1798 1292 1833 ἀφ’
1309 1797 1412 1825 ἑαυτῶν
1429 1793 1642 1834 συντετάχαμεν,
1657 1799 1716 1825 ἀλλ’
1735 1801 1768 1826 ὲκ
1779 1799 1830 1826 τῶν

1041 1845 1216 1879 παραδόσεων
1244 1844 1291 1871 τοῦ
1326 1844 1459 1880 μακαρίου
1496 1845 1644 1871 ἀποστόλου
1678 1846 1728 1872 καὶ
1755 1847 1831 1880 ἀρχι-

1041 1891 1190 1918 ὲπισκόπου
1206 1890 1333 1927 [Πόρτου]
1350 1891 1458 1926 Ῥώμης
1470 1890 1626 1917 Ἱππολύτου
1643 1892 1692 1918 καὶ
1701 1892 1825 1928 ἱερομὰρ

1042 1945 1134 1973 τυρος,
1149 1935 1267 1963 Ἀνιανοῦ
1281 1945 1311 1973 τε
1326 1935 1373 1962 τοῦ
1393 1937 1539 1963 ὀσιωτάτου
1556 1937 1686 1973 μοναχοῦ,
1703 1938 1752 1964 τοῦ
1761 1939 1827 1964 συν-

1044 1983 1172 2015 τάξαντος
1200 1982 1297 2009 κύκλον
1325 1985 1360 2008 ια’
1386 1982 1565 2018 πασχουάλιον
1594 1982 1655 2017 φὶβ¹
1676 1984 1746 2010 ὲτῶν
1773 1985 1827 2019 ἅμα

1046 2028 1161 2064 σχολίοις
1178 2028 1317 2064 ἀκριϐέσι,
1337 2028 1384 2055 καὶ
1404 2027 1528 2063 Μαξίμου
1546 2027 1592 2054 τοῦ
1610 2029 1764 2062 ἁγιωτάτου
1780 2038 1826 2064 μο-

1045 2073 1125 2109 ναχοῦ
1136 2075 1183 2100 καὶ
1195 2073 1339 2108 φιλοσόφου
1352 2073 1479 2109 μεγάλου,
1489 2074 1668 2110 όμολογητοῦ,
1685 2075 1733 2102 καὶ
1746 2076 1827 2111 μεγα-

1045 2118 1092 2145 λου
1109 2118 1266 2145 διδασκάλου
1283 2118 1332 2154 τῆς
1352 2118 1523 2152 Ἐκκλησίας.

1014 2175 1047 2204 ν.

1014 2176 1047 2204 V.

493 2222 608 2251 Joannes
623 2223 742 2252 Zonaras
753 2225 780 2251 in
791 2224 918 2252 Annalib.
932 2176 1033 2256 tom.xl,
1052 2232 1112 2259 pag.
1125 2223 1177 2251 626
1190 2223 1254 2250 edit.
1268 2223 1369 2256 Paris.,
1380 2223 1432 2251 468
1452 2223 1539 2250 Venet.

247 2283 304 2311 Sub
316 2282 428 2310 Urbano
439 2281 563 2310 Romano
575 2282 712 2318 episcopo,
727 2283 808 2310 etiam
822 2283 991 2319 Hippolytus,
1009 2284 1030 2312 D

1080 2283 1146 2308 Τότε
1172 2281 1310 2317 Οὐρϐανοῦ
1326 2281 1376 2316 τῆς
1389 2282 1540 2316 ἐπισκοπῆς
1558 2281 1608 2317 τῆς
1625 2282 1769 2317 Ῥωμαίων
1780 2282 1825 2307 πό-

211 2330 252 2356 vir
275 2329 465 2356 sanctissimus
491 2333 519 2356 et
539 2329 730 2363 doctissimus,
751 2329 866 2357 Romani
895 2329 992 2357 Portus

210 2375 354 2409 cpiscopus
379 2374 485 2406 ﬂoruit,
507 2375 553 2410 qui
580 2375 607 2402 in
628 2376 711 2403 multa
735 2383 820 2404 sacra:
845 2375 991 2411 Scripturae

211 2421 422 2448 commentarios
439 2421 609 2455 conscripsit.

1044 2328 1111 2359 λεως
1126 2327 1306 2363 προεστῶτος.
1320 2328 1367 2354 καὶ
1390 2327 1544 2358 Ἱππόλυτος
1558 2327 1644 2362 ῆνθει,
1664 2328 1735 2364 ἀνὴρ
1747 2326 1823 2362 ἱερώ-

1043 2381 1123 2404 τατος
1144 2373 1191 2399 καὶ
1207 2373 1377 2407 σοφώτατος,
1395 2373 1541 2404 ἐπίσκοπος
1564 2372 1611 2399 τοῦ
1633 2373 1704 2400 κατὰ
1720 2372 1822 2407 Ῥώμην

1044 2419 1145 2453 ΙΙὸρτου
1162 2418 1315 2453 γενόμενος,
1328 2417 1356 2450 ὃς
1366 2419 1412 2445 καὶ
1425 2418 1508 2444 πολλὰ
1530 2419 1735 2453 συγγράμματα
1751 2425 1823 2443 συνε-

1044 2464 1181 2499 γράψατο,
1197 2463 1313 2499 διάφορα
1328 2463 1376 2498 τῆς
1393 2464 1468 2495 θείας
1481 2463 1592 2499 Γραφῆς
1612 2464 1820 2499 ἐξηγησάμενος.

975 2532 1046 2560 XVI.

662 2603 823 2639 Nicephorus
838 2603 964 2631 Callistus
980 2603 1050 2630 Hist.
1064 2602 1130 2629 eccl.
1146 2601 1191 2628 lib.
1205 2609 1241 2634 tv,
1254 2609 1312 2636 cap.
1328 2601 1372 2628 51.

247 2647 426 2684 Temporibus
442 2648 532 2677 Severi
545 2649 705 2686 Hippolytus
716 2651 808 2682 etiam,
822 2651 922 2678 Portus
934 2650 988 2677 Ro-

213 2693 287 2719 mani
311 2693 470 2728 episcopus,
496 2694 611 2722 ﬂoruit:
635 2696 680 2730 qui
706 2703 767 2723 cum
791 2695 842 2722 alia
869 2695 988 2730 plurima

247 2782 268 2814 (l
276 2781 302 2814 ο)
317 2782 610 2819 Ἐκκαιδεκαιτηρικόν.

1077 2650 1139 2680 Τοῖς
1164 2649 1192 2675 δὲ
1209 2648 1279 2676 κατά
1296 2649 1414 2684 Σεύηρον
1428 2648 1548 2684 χρόνοις,
1565 2647 1612 2675 καὶ
1640 2648 1790 2678 Ἱππόλυτος
1805 2646 1818 2671 ὁ

1041 2694 1145 2730 Πόρτου
1168 2694 1217 2729 τῆς
1239 2693 1346 2730 Ῥώμης
1368 2695 1515 2726 ἐπίσκοπος
1538 2694 1675 2729 γεγονὼς,
1696 2692 1819 2730 ἀκμάζων
