1860 3051
26 105 64 132 581
652 106 697 134 DE
714 106 741 134 S.
763 105 968 134 IIlPPOLYTO.

1573 103 1625 132 532

24 160 60 196 ἦν,
73 162 122 188 Καὶ
138 151 174 197 ’δὴ
188 162 294 190 πολλῶν
310 163 510 199 ὑπομνημάτων
525 165 642 197 συνετῶς
655 165 728 201 αὐτῷ
742 174 786 200 γε-

873 166 937 200 ripta
954 165 1102 200 prudenter
1120 168 1147 192 ct
1163 164 1243 192 docte
1257 163 1351 197 edidit,
1368 168 1424 191 tum
1442 164 1476 192 de
1491 163 1624 191 Pasch-ate

26 209 186 243 γραμμένων,
205 210 254 235 καὶ
273 209 303 235 τὸ
325 209 389 244 περὶ
404 209 450 236 τοῦ
467 210 564 246 Πάσχα
580 211 714 239 ἐκτίθεται
728 212 792 247 σύγ-

26 262 127 289 γραμμα
137 263 159 285 ',
172 254 203 280 ἐν
231 251 253 288 ᾧ
268 254 322 281 τῶν
341 255 443 290 χρόνων
458 255 616 291 ἀναγραφὴν
631 256 790 292 ἐκθέμενος,

25 300 63 326 καί
74 308 129 326 τινα
144 300 247 326 κανόνα
259 299 524 335 ἐκκαιδεκαετηρίδος
543 302 608 337 περὶ
631 301 677 328 τοῦ
697 302 792 337 Πάσχα

25 345 135 380 προθεὶς,
149 345 197 372 ἐπὶ
209 345 241 372 τὺ
253 345 358 381 πρῶτον
385 347 444 377 ἔτος
465 346 637 382 Ἀλεξάνδρου
659 347 792 383 περιγρά-

25 400 61 426 eat
79 393 138 423 τοὺς
163 392 284 427 χρόνους.
303 391 342 419 Τά
367 400 399 426 γε
420 393 471 428 μὴν
488 392 569 420 αὑτοῦ
594 393 793 429 συγγράμματα

25 437 100 463 ταῦτα
119 438 186 464 εισι·
209 437 315 464 Βιϐλίον
337 438 377 469 εἰς
393 437 440 473 τὴν
463 437 628 474 ὲξαήμερον·
646 438 738 474 ἕτερον
753 440 793 470 είς

25 482 52 508 τὰ
64 482 126 518 μετὰ
138 483 188 518 τὴν
203 482 355 518 ἑξαήμερον
365 489 371 496 ·
388 483 577 518 ἀπιρῤητικὸς
589 483 655 519 πρὸς
664 484 793 519 Μαρκίω-

25 530 112 560 να·είς
129 528 160 555 τὸ
169 527 268 564 τᾼομα
283 528 335 555 τῶν
352 529 489 564 ᾀσμάτων
508 531 547 562 εἰς
563 531 633 566 μέρη
647 529 693 556 τοῦ
716 530 794 562 Ἰεζε-

25 574 90 610 χιήλ’
111 574 175 610 περὶ
191 574 240 601 τοῦ
253 575 348 610 Πάσχα
358 582 365 590 ”
389 574 530 610 σύνταγμα
557 575 623 611 πρὸς
639 575 728 608 πάσας
743 575 792 608 τὰς

26 621 127 656 αἱρέσεις
146 621 378 656 βιωφελέστατονθ
402 622 466 657 περὶ
493 622 542 657 τῆς
571 622 720 658 παρουσίας
746 622 792 649 τοῦ

30 667 216 703 ’Δντιχρίστοψ
232 667 296 703 περ).
315 667 504 699 ἀναστάσεωςο
520 668 565 694 καὶ
580 668 646 695 ἄλλα
662 668 790 696 πλεῖστα·

27 715 57 744 εἱς
77 712 224 748 Ζαχαρίαν·
247 713 312 748 περὶ
330 713 452 749 Ψαλμῶν
465 722 472 728 ·
491 714 531 746 είς
548 714 593 740 τὸν
612 714 738 741 Ἡσαΐαν
754 715 793 746 εἰς

26 759 61 786 τὸν
73 759 185 795 Δανιήλῄ
205 760 272 795 περὶ
293 759 516 795 Ἀποκαλύψεως·
535 760 599 796 περὶ
615 760 791 796 Παροιμιῶν·

27 805 78 840 περὶ
98 805 182 832 Σαοὺλ
206 805 254 832 καὶ
277 804 420 837 Πύθωνος·
445 805 508 840 περὶ
531 806 648 832 ἐπαίνων
669 806 715 832 τοῦ
735 807 792 833 Κυ-

28 850 74 886 ρίου
87 850 160 886 ἡμῶν
181 850 271 887 Ἰησοῦ
289 850 406 886 Χριστοῦ
418 860 424 866 ·
453 852 482 877 ἐν
500 849 541 883 οἷς
572 852 704 888 παρόντος
724 853 794 887 Ὠρι-

27 897 105 929 γένους
114 896 246 932 ὡμίλησε.
265 896 331 923 Τινὰ
344 896 372 923 δὲ
388 896 441 923 τῶν
460 897 681 932 συγγραμμάτων
701 897 794 932 ἐπιλή-

26 942 85 977 ψιμα
101 942 182 978 ἔχων,
208 941 249 977 τῷ
267 942 339 978 ὑπὲρ
352 942 471 978 Χριστοῦ
489 943 630 978 μαρτυρίῳ
645 942 713 978 μετὰ
729 943 794 969 ταῦ-

28 995 53 1012 τα
63 986 223 1019 τελειωθεὶς,
239 987 285 1014 τὸν
304 987 353 1022 τῆς
370 986 480 1020 ἀγνοίας
505 987 671 1023 ἀπετρίψατο
689 987 792 1022 μῶμον.

843 212 941 239 librum
958 211 1126 246 composuit,
1149 210 1176 237 in
1195 217 1250 246 quo
1268 210 1448 245 descriptione
1473 215 1626 246 temporum,

842 261 869 284 et
880 256 962 283 veluti
981 255 1111 283 fastorum
1132 255 1219 288 initio,
1236 259 1263 282 et
1282 263 1386 283 canone
1409 263 1542 282 annorum
1564 263 1626 284 διικ-

842 301 928 328 decim
947 301 980 328 de
1000 300 1132 328 Paschate
1151 301 1304 335 proposito,
1321 301 1454 328 rationem
1473 307 1624 336 temporum

843 355 930 381 usque
944 347 976 374 ad
990 347 1108 381 primum
1131 353 1232 372 annum
1251 345 1396 373 Alexandri
1413 346 1531 374 deducit.
1546 346 1627 374 Catav

843 391 920 425 logus
937 390 1067 417 librorum
1089 389 1147 424 ejus
1165 390 1205 417 sic
1226 389 1325 416 habet:
1347 389 1428 416 Liber
1442 390 1468 416 in
1485 390 1628 417 hexaemc-

843 444 903 468 ron,
918 441 944 463 et
959 436 1027 462 alter
1041 440 1103 470 post
1117 437 1297 462 hexaemeron
1309 443 1316 468 ;
1330 434 1510 462 refutalorius
1531 440 1626 463 contra

843 481 1028 515 Marcianum;
1050 482 1078 508 in
1101 481 1243 508 Canticum
1270 481 1457 514 canticorum;
1480 482 1507 508 in
1535 488 1627 517 partes

843 525 1009 558 Ezechielis;
1028 526 1062 552 de
1078 525 1226 557 Paschate;
1243 533 1312 560 opus
1334 530 1428 552 contra
1442 526 1558 554 lxzcreses
1568 534 1628 554 om-

844 578 902 603 nes,
920 570 1001 606 Ionge
1015 571 1190 598 utilissimum
1201 580 1207 601 ς
1220 571 1252 598 de
1268 571 1381 598 adventu
1397 571 1555 600 Antichristi
1569 594 1575 605 ,
1592 575 1626 600 de

843 617 1053 650 resurrectione,
1074 621 1101 644 et
1125 617 1177 643 alia
1202 616 1333 651 plurima;
1356 617 1383 644 in
1402 617 1573 651 Zachariam,
1594 619 1627 646 de

843 662 975 695 Psalmis,
991 663 1017 690 in
1036 662 1160 695 Esaiam,
1178 663 1205 690 in
1226 662 1378 696 Daniclem,
1394 663 1426 690 de
1445 663 1605 700 Apocalypsi
1618 685 1626 697 ,
1662 686 1668 699 κ

843 709 876 736 de
890 708 1054 741 Proverbiis,
1067 709 1100 736 de
1116 707 1180 735 Saul
1194 712 1220 736 et
1233 707 1370 744 Pythone,
1387 710 1420 736 de
1435 710 1561 738 laudibus
1574 710 1628 737 Do-

843 755 910 783 mini
926 756 1010 783 nostri
1031 754 1093 783 Jesu
1109 755 1224 787 Christi,
1245 757 1272 782 in
1294 756 1394 790 quibus
1415 761 1548 791 praesente
1566 755 1628 783 Ori-

843 808 910 836 gene
923 808 1076 828 sermonem
1090 800 1196 834 habuit.
1212 799 1339 832 Quadam
1356 809 1438 836 porro
1450 802 1549 837 scripta
1568 803 1627 836 ejus

843 854 905 874 cum
933 846 1145 881 reprehensione
1164 853 1218 873 non
1236 851 1362 879 careant,
1384 847 1514 882 martyrio
1534 852 1626 882 postea

842 899 891 926 pro
908 890 1010 919 Christi
1029 892 1137 919 nomine
1156 892 1293 924 absoluto,
1313 892 1473 926 ignorantia:
1492 893 1551 928 ejus
1570 901 1628 920 ma-

841 937 932 964 culam
949 937 1059 964 detrivit
1072 942 1154 972 atque
1168 937 1290 965 detersit.
1304 936 1382 964 Unde
1395 937 1538 973 Origenem
1551 939 1628 965 aiunt

843 982 950 1010 initium
966 982 1224 1010 commentariorum
1242 983 1269 1010 in
1287 990 1379 1010 sacras
1395 982 1548 1018 Scripturas
1561 984 1628 1011 scri-

32 1032 67 1065 Ἐξ
88 1029 122 1058 ὧν
138 1041 216 1067 φασι,
233 1032 283 1059 καὶ
303 1032 444 1068 Ὠριγένην
469 1032 555 1068 ἀρχὴν
576 1032 719 1068 ἐσχηκέναι
732 1033 793 1065 ταῖς

873 1028 991 1056 :ndorum
1005 1029 1165 1064 sumpsisse.
1183 1028 1245 1056 Haec
1261 1029 1295 1056 de
1311 1029 1465 1064 Hippolyto.

28 1076 97 1108 θείαις
119 1077 275 1104 ἐπιϐάλλειν
295 1077 425 1112 Γραφαϊς.
438 1076 562 1104 Τοσαῦτα
578 1077 607 1104 δὲ
624 1077 670 1104 καὶ
687 1077 722 1104 τὰ
742 1077 794 1104 Ἰπ-

29 1122 136 1150 πολύτου.

779 1192 860 1220 XVII.

27 1248 111 1274 Auctor
122 1257 271 1284 anonymus
283 1249 310 1276 in
325 1247 413 1276 Serm.
428 1248 462 1276 de
480 1248 778 1285 pseudoprophetisiln
799 1249 917 1285 Append.
936 1249 1046 1285 ad_tom.
1060 1247 1119 1276 VIII
1141 1248 1208 1284 Opp.
1235 1248 1264 1276 S.
1290 1249 1402 1276 Joannis
1425 1249 1606 1285 Chrysoslomi
1618 1271 1627 1282 ,

587 1282 647 1318 pag.
669 1282 711 1315 79,
725 1283 768 1316 Β..
780 1282 878 1311 uoci“.
888 1284 951 1311 edit.
964 1283 1054 1311 Paris.
1165 1282 1168 1284 ⁷
1182 1282 1186 1283 ν
1479 1282 1489 1285 ⁷
1598 1303 1601 1307 -

56 1340 102 1368 Ποῦ
123 1341 253 1372 Εὒόὃιος,
279 1339 297 1376 ή
319 1339 418 1367 εὐωδία
434 1339 483 1375 τῆς
501 1338 661 1374 Ἐκκλησίας
678 1338 724 1365 καὶ
739 1337 794 1365 τῶν

27 1386 97 1419 ἁγίων
109 1387 266 1414 ἀποστόλων
279 1385 397 1420 διάδοχος
415 1385 463 1412 καὶ
478 1385 613 1420 μιμητής;
633 1383 688 1410 Ποῦ
710 1384 795 1419 Ἰγνά-

27 1441 85 1465 110;,
100 1433 128 1460 τὺ
140 1434 185 1460 τοῦ
200 1432 274 1460 Θεοῦ
297 1430 469 1468 οῑκητήριονξ
487 1431 541 1458 Ποῦ
561 1431 574 1457 ὁ
590 1431 723 1462 Διονύσιος
733 1451 740 1463 ,
765 1431 795 1458 τὸ

28 1479 131 1505 πετεινὺν
152 1478 198 1506 τοῦ
206 1476 343 1514 ιοὺρανοῦ;
359 1477 413 1503 Ποῦ
435 1476 590 1508 Ἱππόλυτος
602 1476 616 1502 ὁ
628 1475 794 1510 γλυκύτατος
812 1478 817 1485 '

28 1526 65 1551 καὶ
79 1525 252 1556 εὐνούστατος
261 1533 269 1556 ;

883 1339 935 1367 Ubi
948 1343 989 1367 est
1004 1338 1133 1371 Evodius,
1148 1338 1236 1367 bonus
1256 1340 1324 1368 odor
1337 1340 1463 1368 Ecclesiae
1477 1344 1504 1368 et
1520 1346 1629 1370 sancto-

846 1394 907 1413 rum
922 1386 1105 1421 apostolorum
1120 1393 1273 1418 successor,
1287 1391 1316 1413 et
1331 1387 1468 1414 imitator?
1484 1386 1534 1414 Ubi
1548 1388 1628 1423 lgna--

847 1432 910 1463 tius,
924 1431 969 1459 Dei
985 1431 1171 1460 domicilium?
1183 1432 1231 1459 Ulli
1246 1432 1401 1468 Dionysius,
1419 1434 1536 1461 volucris
1549 1433 1629 1462 cadi?

847 1478 898 1506 Ubi
913 1478 1074 1514 Hippolytus
1089 1478 1265 1505 dulcissimus
1283 1483 1310 1506 et
1329 1479 1559 1514 benignissimus?

769 1587 861 1616 XVIII.

101 1650 196 1676 Auctor
215 1648 326 1676 Catenae
344 1647 455 1676 Patrum
472 1647 628 1675 Graecorum
649 1647 677 1674 in
688 1646 810 1675 Ieremia:
829 1655 896 1679 xvu,
921 1647 964 1680 II,
980 1652 1044 1674 (om.
1058 1646 1080 1674 II
1098 1647 1162 1675 edit.
1185 1647 1368 1680 Ghisleriana,
1390 1657 1451 1684 pag.
1469 1649 1531 1677 M9.

57 1707 105 1742 (Η)
119 1708 172 1735 Τοῦ
182 1708 273 1742 ἁγίου
291 1707 472 1734 Ἱππολύτου.
485 1707 522 1734 Οὐ
536 1707 622 1743 μάτην
635 1707 649 1733 ὀ
662 1707 801 1742 προφήτης

29 1754 167 1789 ἀπεφήνατο
180 1754 214 1780 τδ
230 1753 324 1789 ῥητόν,
338 1762 365 1781 κ.
381 1761 407 1780 τ.
420 1754 451 1780 .2.

889 1706 982 1735 Sancti
1003 1707 1150 1744 Hippolyti.
1172 1707 1230 1736 Non
1257 1708 1354 1736 frustra
1381 1709 1437 1736 hanc
1461 1709 1567 1738 locutus
1587 1711 1630 1738 est

845 1751 990 1788 Propheta,
1004 1757 1054 1781 etc.

66 1833 116 1868 (ll)
139 1832 231 1861 Locus
253 1832 413 1868 desumptus
435 1839 467 1859 cx
491 1832 562 1859 libro
582 1831 614 1859 de
636 1831 808 1866 Amic/arista,
825 1838 884 1866 cap.
904 1831 950 1859 55.
