1860 3051
200 93 253 122 5‘67

633 87 660 114 S.
681 82 862 114 llll’l’OLYTl
885 81 959 110 OPP.
976 80 1068 109 PARS
1084 80 1103 109 1.
1121 95 1155 100 -
1173 78 1377 107 ΕΧΕΟΕΤΙΟΑ.

1762 72 1814 100 588

234 153 303 188 Erga
327 151 535 187 primogenitum
556 156 634 176 suum
658 156 691 175 ex
711 147 825 182 Egypto
839 145 978 180 populum,
993 146 1016 175 Α

1069 142 1233 169 Ηινροιῑτυς
1245 149 1252 166 :
1271 139 1333 166 Ἐπὶ
1344 139 1398 174 γὰρ
1412 136 1449 172 τῷ
1461 133 1625 172 πρωτοτόκῳ
1633 133 1663 165 ἐξ
1676 131 1814 166 Αἰγύπτου

199 199 285 226 multa
301 198 409 225 virtutis
424 196 618 224 demonstratio
633 194 703 221 facta
723 201 738 220 a
755 193 810 219 Deo
829 191 890 218 fuit.
909 190 977 217 Nam

199 244 323 279 plurimis
341 242 429 269 modis
444 241 536 276 punita
554 240 587 267 ab
599 247 631 266 eo
643 242 684 266 est
693 238 766 273 regio
781 236 977 272 Egyptiorum.

198 289 307 316 Primus
337 289 381 315 ille
409 287 523 322 populus
556 294 589 312 ex
614 281 978 317 circumcisionefortitudo

200 345 256 364 mea
271 341 294 362 et
307 334 464 368 principium
476 332 594 367 ﬁliorum
605 339 738 362 meorum;
752 330 823 357 sicut
831 329 902 356 Deus
916 336 979 363 pro-

199 381 310 408 miserat
322 379 476 406 Abrahamo
488 381 515 404 et
530 377 625 404 semini
640 376 709 410 ejus.
724 375 757 402 At
768 375 849 401 durus
865 373 980 409 populus

199 427 244 453 illc
271 426 304 452 ad
336 424 483 460 ferendum,
514 422 648 457 siquidem
674 421 707 448 ad
734 419 893 454 obsequium
926 419 980 445 Dco

199 472 383 507 praestandum
397 470 537 497 obduruit.
559 469 648 495 Durus
663 472 687 493 et
701 466 822 501 pervicax
836 473 845 492 :
857 464 980 500 quando-

199 519 308 553 quidem
331 525 383 545 nou
403 521 507 543 tantum
528 516 613 542 durus
624 514 657 541 ad
670 513 829 548 obsequium
842 512 897 539 Deo
912 519 981 545 prm-

199 565 337 595 standum,
358 563 405 590 sed
422 563 503 589 etiam
522 561 645 596 pervicax
663 567 693 587 ut
705 567 801 586 manus
818 558 930 585 Domino
940 557 982 583 in-

199 610 291 638 ferret.
304 609 404 636 Fecisti
419 607 615 640 contumeliam,
633 606 761 641 quoniam
775 612 822 639 per
838 603 981 631 Dominum

184 661 323 684 ‘nostrum
343 654 436 682 Jesum
453 653 591 680 Christum
614 651 777 679 contumelia
803 650 911 677 Patrem
935 655 982 683 po-

200 703 281 737 pulus
308 701 407 728 aﬂ'ecit.
427 699 472 726 Ait
493 703 583 726 autem
612 698 739 733 Spiritus,
767 705 798 723 ne
820 695 981 730 e/fervescaa,

201 747 398 774 consolationis
409 753 502 778 causa,
516 752 551 772 ne
562 744 671 779 penitus
685 742 884 771 eﬂ'erveseeudo
897 740 983 768 eﬂ‘un—

201 795 296 826 datur;
316 793 361 820 sed
377 800 452 827 spem
466 792 518 827 ipsi
534 791 622 819 adhuc
641 791 687 818 dat
698 790 804 818 salutis.
821 787 897 821 Quod
910 786 981 814 enim

202 838 328 866 cﬁerbuit
346 837 515 871 eil‘usumque
528 840 579 869 est,
594 835 682 871 periit.

236 885 304 912 Gen.
318 892 380 911 xttx
392 903 398 915 ,
414 883 431 910 4
449 893 455 909 :
472 883 620 910 Asceudisti
633 882 701 909 enim
712 890 789 916 super
803 881 886 908 cubile
900 881 985 916 patris

203 931 252 958 tui.

239 975 359 1002 Primum
387 974 495 1009 quidem
519 981 576 1000 rem
602 972 738 1007 exponit:
762 972 834 1007 quod
856 972 986 999 nimirum

203 1021 299 1049 diebus
314 1020 416 1046 ultimis
429 1018 551 1053 ,populus
565 1017 677 1045 insidias
699 1021 786 1044 struet
805 1017 874 1044 lecto
888 1016 986 1050 Patris,

205 1068 257 1095 hoc
272 1072 312 1094 est
333 1073 440 1100 sponsae
455 1064 597 1095 Ecclesiae,
612 1063 733 1091 eamdem
752 1062 844 1089 volens
864 1069 987 1089 corrum-

203 1119 277 1147 pere.
302 1111 379 1144 Quod
395 1115 421 1137 et
439 1109 519 1136 hodie
538 1109 687 1136 etiamnum
701 1107 778 1141 facit,
792 1107 855 1134 dum
874 1106 987 1134 insidias

204 1159 254 1194 ipsi
270 1157 379 1185 molitur
396 1164 443 1191 per
460 1154 653 1190 blasphemias.

240 1248 307 1276 Gen.
326 1255 400 1279 χιιι,
416 1246 432 1273 5
451 1254 457 1272 :
480 1244 587 1272 Simeon
599 1249 623 1271 et
633 1243 694 1271 Levi
705 1243 810 1278 fratres.

240 1294 374 1328 Quoniam
388 1301 418 1320 ex
434 1291 561 1319 Simeone
576 1290 682 1324 scribae,
696 1294 723 1317 et
737 1297 770 1316 ex
787 1288 849 1316 Levi
864 1287 989 1315 sacerdo-

206 1347 256 1369 tes.
277 1340 379 1368 Seribae
396 1339 468 1367 enim
492 1343 519 1366 et
538 1338 693 1366 sacerdotes
712 1340 902 1371 perpetrarunt
915 1333 988 1369 inju-

206 1388 318 1420 slitiam,
340 1392 420 1422 atque
443 1386 581 1413 voluntate
602 1391 651 1411 sua
678 1383 707 1410 in
729 1390 811 1409 unam
827 1381 988 1409 sententiam

207 1434 406 1469 conspirantes,
423 1432 566 1459 Dominum
584 1430 751 1458 occiderunt.

242 1478 309 1506 Gen.
330 1486 403 1508 XLIX.
417 1477 434 1504 5
449 1487 454 1503 :
473 1476 579 1504 Simeon
598 1480 622 1503 et
641 1475 699 1502 Levi
716 1476 811 1509 fratres
822 1482 988 1501 consumma—
1001 1488 1023 1517 ο

207 1529 297 1552 uerunt
316 1524 482 1559 iniquitatem
498 1522 626 1558 propositi
649 1522 690 1547 sui
711 1529 719 1547 :
742 1521 770 1547 in
789 1520 930 1547 consilium
943 1528 988 1547 co-

207 1579 266 1597 rum
278 1579 329 1597 non
344 1572 430 1597 veniat
441 1569 531 1595 anima
542 1577 608 1600 mea,
622 1572 647 1594 et
657 1567 683 1594 in
694 1567 890 1602 congregatione
900 1574 990 1593 eorum

208 1625 259 1643 non
275 1616 432 1643 contendant
453 1615 551 1641 viscera
567 1621 642 1646 mea;
658 1613 725 1648 quia
748 1613 775 1639 in
791 1613 880 1647 furore
893 1621 940 1639 suo
951 1613 991 1639 in-

210 1663 365 1697 terfecerunt
378 1661 504 1694 homines,
520 1665 544 1688 et
561 1661 588 1687 in
605 1660 748 1694 cupiditate
759 1668 809 1686 sua
822 1659 992 1687 subneruave—

209 1713 271 1735 runt
284 1712 401 1734 taurum.

245 1753 301 1780 Hoc
318 1753 356 1780 ait
376 1752 408 1779 de
426 1751 637 1786 conspiratione,
658 1753 711 1786 qua
727 1755 819 1779 essent
829 1751 927 1779 coituri
943 1752 992 1780 ad-

210 1806 306 1827 versus
323 1798 479 1826 Dominum.
506 1797 582 1831 Quod
606 1797 679 1824 enim
699 1797 732 1824 de
748 1797 798 1824 hac
817 1797 935 1826 coitione
952 1798 994 1825 lo-

211 1846 312 1881 quitur,
327 1845 500 1873 manil‘estum
515 1849 557 1872 est
571 1844 661 1875 nobis,
675 1851 737 1871 cum
749 1843 821 1870 dicat
833 1844 929 1871 beatus
940 1844 990 1871 Da-

210 1893 255 1921 vid
274 1903 281 1920 :
304 1892 439 1928 Principes
460 1891 610 1926 congregati
630 1895 690 1918 sunt
708 1895 799 1917 contra
815 1891 958 1918 Dominum
973 1892 992 1925 ί,

211 1945 238 1968 et
253 1947 313 1975 qua:
327 1943 485 1974 sequuntur.
503 1937 581 1965 Hunc
591 1942 716 1965 eventum
731 1937 854 1972 praedixit
866 1937 993 1972 Spiritus,

213 1995 274 2015 cum
291 1986 329 2013 ait
349 1994 355 2012 :
383 1985 422 2011 Ne
432 1985 588 2011 contendant
604 1985 704 2012 viscera
719 1992 777 2011 utea
789 1991 798 2011 :
812 1984 924 2019 cupiens
935 1991 993 2015 eos,

213 2034 237 2061 si
261 2033 320 2060 fieri
344 2032 439 2066 pessit,
465 2031 578 2065 eripere,
601 2038 634 2058 ne
659 2038 706 2065 per
728 2031 789 2058 illos
810 2031 910 2057 malum
928 2030 994 2057 illud

213 2079 335 2106 futurum
348 2077 530 2112 perﬁceretur.
550 2075 742 2111 lnterfecerunt
753 2076 879 2108 homines,
893 2080 917 2103 et
931 2076 993 2102 sub-

213 2129 382 2152 uervaverunt
400 2128 514 2150 taurum.
528 2122 578 2149 Per
593 2126 700 2149 taurum
711 2123 841 2154 validum,
856 2122 993 2150 Christum

1027 187 1084 223 λαῷ
1099 187 1182 223 πολλὴ
1198 185 1289 221 ἰσχύος
1303 183 1430 217 ἐπίδειξις
1443 182 1536 217 γέγονε
1548 180 1624 216 παρὰ
1638 178 1716 206 Θεοῦ.
1737 178 1816 204 Ἐχο-

1029 235 1124 266 λὰζετο
1144 234 1198 268 γὰρ
1212 232 1281 259 κατὰ
1298 230 1438 260 πλείστους
1457 227 1572 262 τρόπους
1589 226 1643 252 τῶν
1659 224 1816 258 Αἰγυπτίων

1030 282 1046 316 ἡ
1064 280 1148 315 χώρα.
1172 279 1201 305 Ὁ
1219 277 1326 314 πρῶτος
1342 275 1406 306 λαὸς
1421 276 1434 301 ὁ
1451 275 1483 300 ἐκ
1493 272 1641 308 περιτομῆς
1659 272 1816 305 Ισχίνςμου

1030 327 1078 354 καὶ
1095 325 1174 360 ἀρχὴ
1191 324 1302 351 τέκνων
1315 330 1391 357 μου-
1412 319 1501 350 καοὼς
1526 318 1641 352 ὑπέσχεν
1665 318 1678 342 ὁ
1695 316 1761 346 Θεὸς
1778 315 1817 349 τῷ

1036 370 1159 405 Ἀϐραὰμ
1180 369 1229 404 τὴν
1248 366 1411 401 ἐπαγγελίαν
1427 365 1472 391 καὶ
1496 363 1534 398 τῷ
1558 363 1695 397 σπέρματι
1721 360 1816 386 αὐτοῦ.

1031 415 1164 449 Σκληρός
1174 414 1201 440 δὲ
1218 413 1366 449 φέρεσθαι,
1384 411 1476 446 ἐπειδὴ
1490 407 1715 444 παρεσκληρύνῡη
1730 407 1818 437 ὀλοὸς

1032 462 1099 497 προς
1117 461 1164 496 τὴν
1181 459 1302 494 ὑπακοὴν
1315 459 1360 484 τοῦ
1371 457 1448 484 Θεοῦ.
1463 456 1518 483 Καὶ
1528 453 1662 488 σκληρὸς
1673 452 1817 485 αὐθάδης,

1031 508 1072 535 ὅτι
1089 507 1118 534 οὗ
1141 507 1219 543 μόνον
1242 506 1356 541 σκληρὸς
1373 504 1440 540 πρὸς
1462 503 1512 537 τὴν
1529 500 1650 534 ὑπακοὴν
1668 499 1714 525 τοῦ
1738 498 1817 529 Θεοῦ,

1032 554 1088 580 ἀλλ’
1104 554 1145 580 ὅτι
1163 553 1210 580 κα.)¹
1227 552 1344 586 αὐθάδης
1366 550 1472 584 ἐγένετο
1492 548 1558 583 πρὸς
1582 546 1612 573 τὸ
1628 547 1708 581 χεῖρα
1723 544 1819 571 ἐπιϐα-

1032 601 1088 627 λεῖν
1104 599 1142 634 τῷ
1158 599 1262 634 Κυρίῳ.
1284 598 1467 630 Ἐξύϐρισιις,
1482 593 1575 628 ἐπειδὴ
1591 593 1634 618 διὰ
1652 591 1698 618 τοῦ
1716 591 1817 625 Κυρίου

1032 645 1109 681 ἡμῶν
1133 643 1220 679 Ἰησοῦ
1238 641 1355 678 Χριστοῦ
1373 640 1514 675 ἐξύϐρισεν
1527 640 1540 665 ὁ
1555 637 1618 668 λαὸς
1634 635 1680 662 τὸν
1698 635 1816 670 Πατέρα..

1032 692 1060 717 Μ
1064 689 1080 724 ὴ
1094 689 1216 723 ἐκζέσῃς
1232 688 1260 715 δὲ
1276 686 1391 722 λέγει·τὸ
1408 685 1519 720 Πνεῦμα.
1535 681 1758 719 παρακλητικῶς,
1775 680 1819 707 ἵνα.

1035 735 1072 771 μὴ
1100 735 1190 762 τέλεον
1213 733 1327 764 ὲκζὲσας
1354 730 1514 766 ὑπερχυθῇ,
1539 727 1633 756 ἐλπίδα
1658 726 1722 758 δοὺς
1747 724 1819 760 αὐτῷ

1036 781 1181 817 σωτηρίοις.
1202 780 1239 806 Τὸ
1253 779 1307 815 γὰρ
1323 777 1435 810 ἑκῖἐσαν
1449 776 1497 803 καὶ
1509 774 1621 811 ἐκχυθὲν
1633 773 1766 801 ἀπώλετο.

1078 880 1197 914 Ἀνέόης
1216 879 1270 914 γὰρ
1285 879 1333 905 ἐπὶ
1350 876 1403 912 τῆς
1417 876 1518 910 κοίτης
1528 875 1581 903 τοῦ
1593 874 1708 908 πατρός
1718 880 1785 900 σου.

1075 969 1243 996 [ltrrou'rus
1263 977 1269 994 :
1288 966 1399 1002 Πρῶτον
1429 966 1477 1001 μὲν
1497 964 1527 991 τὺ
1552 963 1657 999 συμϐὰν
1674 962 1765 996 λέγει·
1782 961 1822 987 ὅτι

1037 1015 1079 1042 ἐπ’
1097 1015 1217 1050 ἐσχάτων
1233 1012 1286 1039 τῶν
1302 1012 1411 1048 ἡμερῶν
1424 1011 1514 1046 μέλλει
1538 1011 1552 1036 ὁ
1563 1009 1626 1040 λαὸς
1637 1007 1822 1034 ἐπιϐουλεύειν

1036 1062 1069 1096 τῇ
1085 1061 1161 1096 κοίτῃ
1170 1059 1215 1086 τοῦ
1226 1058 1340 1094 Πατρδς,
1355 1057 1492 1084 τουτέστιν
1504 1057 1537 1091 τῇ
1550 1055 1643 1090 νύμφῃ
1664 1053 1821 1087 Ἐκκλησίᾳ,

1038 1107 1106 1142 πρὸς
1116 1106 1145 1132 τὸ
1158 1104 1298 1141 βούλεσθαι
1308 1104 1392 1138 αὐτὴν
1403 1102 1565 1137 διαφθεῖραι.
1578 1101 1666 1135 Ὅπερ
1679 1099 1728 1129 καὶ
1739 1097 1823 1134 πράτ-

1037 1161 1077 1179 τει
1104 1152 1184 1187 μέχρι
1202 1151 1248 1178 καὶ
1269 1151 1387 1186 τήμερον
1409 1147 1588 1175 ἐπιϐουλεύων
1611 1146 1681 1181 αὐτῇ
1706 1144 1751 1171 διὰ
1771 1143 1823 1170 τῶν

1039 1197 1226 1234 βλασενημιῶν.

1074 1243 1194 1278 Συμεὼν
1208 1242 1256 1269 καὶ
1266 1241 1338 1269 Λευῒ
1352 1240 1487 1275 ἀδελφοί.

1074 1288 1241 1316 “IPPOLYTUS
1259 1296 1266 1314 :
1291 1286 1453 1321 Ἐπειδήπερ
1476 1285 1508 1311 ὲκ
1529 1284 1576 1311 τοῦ
1598 1282 1711 1319 Συμεὼν
1737 1291 1826 1318 γραμν

1041 1336 1144 1371 ματεῖς,
1172 1335 1203 1360 ὲκ
1226 1333 1272 1359 τοῦ
1298 1331 1363 1359 Λευῒ
1387 1333 1479 1367 ἱερεῖς.
1497 1331 1674 1366 Γραμματεῖς
1697 1328 1752 1364 γὰρ
1782 1327 1826 1354 καὶ

1039 1382 1121 1417 ἱερεῖς
1147 1379 1319 1407 συνετέλεσαν
1341 1378 1446 1406 ἀδικίαν
1467 1377 1629 1417 ὲξσιρέσεως
1647 1375 1750 1408 αὐτῶν,
1764 1374 1826 1409 μίαν

1039 1413 1150 1462 γνώμην
1170 1426 1275 1461 ἔχοντες
1291 1424 1395 1451 ἀνεῖλον
1409 1423 1454 1450 τὸν
1470 1413 1581 1458 Κῦριονι

1078 1471 1200 1507 Συμεὼν
1216 1471 1266 1498 καὶ
1279 1470 1350 1498 Λευῒ
1358 1469 1480 1503 ἀδελφοὶ
1497 1467 1703 1495 συνετέλεσαν
1711 1466 1828 1493 ἀδικίαν

1041 1518 1218 1553 ἐξαιρέσεως
1232 1516 1340 1544 αὐτῶν.
1353 1516 1403 1548 Εἰς
1414 1514 1534 1548 βουλὴν
1548 1513 1646 1541 αὐτῶν
1660 1513 1702 1548 μὴ
1714 1513 1798 1540 ἔλθοι
1811 1513 1827 1546 ὴ

1042 1562 1127 1599 ψυχή
1139 1572 1208 1597 μου,
1222 1562 1269 1588 καὶ
1283 1561 1334 1587 ἐπὶ
1345 1560 1381 1595 τῇ
1395 1560 1543 1587 συστάσει
1552 1559 1652 1586 αὐτῶν
1661 1559 1704 1594 μὴ
1731 1559 1828 1592 ἐρίσαι

1040 1610 1076 1637 τὰ
1090 1608 1189 1643 ἧπατὰ
1200 1617 1259 1643 μου
1271 1615 1277 1622 ·
1294 1607 1338 1633 ὅτι
1349 1607 1383 1633 ἐν
1396 1606 1435 1638 τῷ
1446 1605 1526 1640 θυμῷ
1540 1605 1638 1632 αὐτῶν
1649 1605 1829 1632 ἀπέκτειναν

1041 1654 1225 1689 ἀνθρώπους,
1245 1653 1294 1680 καὶ
1311 1653 1345 1680 ἐν
1358 1652 1394 1687 τῇ
1406 1652 1545 1687 ἐπιθυμίᾳ
1560 1651 1660 1678 αὐτῶν
1677 1650 1830 1685 ἐνευροκό-

1042 1709 1146 1735 πησαν
1156 1700 1276 1734 ταῦρον.

1077 1755 1246 1783 lllprourus
1263 1763 1269 1780 :
1288 1753 1371 1780 Τοῦτο
1396 1752 1468 1786 λέγει
1490 1751 1535 1777 ἐπὶ
1561 1752 1594 1786 τῇ
1621 1749 1790 1782 συνελεύσει,

1043 1801 1154 1837 ἔμελλον
1174 1799 1350 1836 συνέρχεσθαι
1364 1799 1411 1824 ἐπὶ
1424 1800 1470 1824 τὸν
1487 1797 1598 1832 Κύριον.
1616 1797 1677 1822 ’Ότι
1688 1796 1717 1822 δὲ
1730 1795 1829 1829 ταύτην

1043 1849 1091 1883 τὴν
1111 1847 1263 1874 συνέλευσιν
1279 1846 1366 1879 λέγει,
1383 1845 1461 1880 δῆλόν
1476 1845 1549 1870 ἐστιν
1561 1844 1628 1878 ἡμῖν
1640 1851 1646 1858 ·
1671 1842 1770 1876 ψάλλει
1782 1841 1829 1876 γὰρ

1043 1893 1057 1917 ὁ
1080 1891 1212 1926 μακάριος
1237 1889 1330 1916 Δαυῒδ·
1356 1890 1517 1923 Ἄρχοντες
1543 1887 1748 1921 συνήχθησαν
1763 1885 1830 1913 κατὰ

1043 1938 1096 1965 τοῦ
1111 1937 1231 1971 Κυρίου,
1249 1936 1296 1963 καὶ
1312 1935 1346 1962 τὰ
1364 1935 1436 1970 ἑξῆς.
1464 1935 1524 1961 Ἐπὶ
1538 1934 1639 1969 ταύτην
1658 1933 1688 1960 δὲ
1706 1933 1757 1968 τὴν
1775 1941 1829 1959 συν-

1044 1985 1149 2011 έλευσιν
1168 1983 1356 2019 προηγόρευσε
1370 1981 1400 2007 τὸ
1417 1980 1528 2015 Πνεῦμα
1541 1980 1619 2014 λέγον
1630 1988 1636 1994 ·
1656 1979 1705 2013 Μὴ
1738 1978 1831 2012 ἐρίσαι

1043 2032 1079 2058 τὰ
1095 2029 1193 2064 ἣπατιὶ
1209 2038 1268 2064 μου
1279 2038 1285 2043 ·
1305 2027 1438 2063 ῥύσασθαι
1461 2027 1619 2062 βουλόμενος
1636 2027 1737 2058 αὐτοὺς
1747 2026 1795 2057 ὡς,
1811 2027 1831 2052 εἰ

1043 2078 1163 2109 δυνατὸν,
1193 2076 1230 2112 μὴ
1246 2075 1371 2110 γενέσθαι
1396 2075 1429 2101 δι’
1451 2074 1539 2101 αὐτῶν
1565 2074 1594 2100 τὺ
1618 2073 1716 2108 μέλλον
1743 2072 1830 2100 κακόν.

1050 2122 1236 2151 Ἀπέκτειναν
1242 2122 1300 2156 μὲν
1313 2120 1383 2152 τοὺς
1394 2119 1577 2153 ἀνθρώπους,
1589 2118 1832 2152 ἐνευροκόπησαν

213 2172 313 2200 innuit.
341 2171 419 2198 Hunc
445 2170 690 2201 subnervaverunt,
704 2169 813 2203 quando
833 2168 867 2195 ad
893 2168 994 2203 lignum
1009 2162 1033 2190 Ῑ)
1048 2169 1065 2196 δ

1069 2171 1081 2196 ὲ
1097 2169 1150 2196 τὸν
1165 2168 1285 2202 ταῦρον.
1305 2168 1365 2193 Ὅτι
1379 2166 1476 2201 ταῦρον
1495 2165 1605 2200 ἰσχυρὸν
1621 2165 1744 2200 Χριστὸν
1753 2165 1830 2197 λέγει.

214 2219 286 2246 aﬂixi
299 2225 397 2245 nervos
415 2215 596 2251 periorarunt.
616 2214 650 2241 In
663 2215 704 2241 ira
715 2223 763 2241 sua
778 2214 998 2241 subneruaverunt

217 2269 332 2291 taurum.
348 2263 414 2290 Vide
425 2262 489 2289 dicti
508 2261 669 2290 sententiam
685 2270 692 2287 :
711 2260 901 2294 Interfacerunt
916 2260 1001 2286 Itami-

216 2319 272 2342 διεδ,
282 2316 307 2337 et
319 2309 541 2337 subnervaverunt
551 2314 666 2335 taurum.
680 2306 766 2334 Morte
777 2306 924 2333 adfecerunt
937 2313 1000 2332 sau-

217 2362 286 2388 ctos,
313 2356 360 2391 qui
383 2363 470 2390 usque
492 2354 524 2382 ad
547 2353 754 2381 resurrectionis
775 2358 881 2387 tempus
897 2351 998 2379 mortui

217 2408 338 2431 manent.
366 2402 419 2430 Sed
440 2402 576 2434 Christus,
602 2401 673 2429 sicut
689 2401 790 2428 vitulus
806 2400 996 2431 subnervatus,

217 2448 419 2485 quodammodo
439 2447 515 2474 humi
530 2447 686 2481 procubuit,
706 2453 767 2473 cum
782 2451 897 2472 mortem
909 2444 999 2471 carnis

218 2496 312 2523 volens
331 2493 443 2521 subierit
464 2503 471 2520 :
493 2498 521 2520 at
544 2493 624 2520 morti
650 2499 704 2519 non
724 2491 876 2519 succubuit.
898 2489 998 2517 Verum

218 2541 282 2569 licet
301 2543 425 2567 mortuus
448 2537 529 2565 fuerit
551 2542 679 2572 tanquam
707 2537 799 2569 homo,
820 2540 937 2562 attamen
956 2543 998 2562 se-

220 2587 339 2614 cundum
353 2584 500 2612 divinitatis
517 2589 640 2611 naturam
662 2583 762 2609 mansit
784 2582 871 2609 vivus.
894 2581 1000 2608 Taurus

221 2633 312 2667 itaque
332 2630 467 2661 Christus,
487 2629 628 2656 robustqu
655 2631 684 2654 ut
697 2627 814 2654 maxime
828 2627 928 2654 animal
951 2633 1001 2660 pu-

220 2684 337 2713 rumque
351 2681 378 2704 et
400 2676 532 2704 sacriﬁcio
548 2681 650 2710 aptum.
676 2673 806 2701 Dominus
831 2680 896 2700 vero
912 2673 998 2699 virtu-

221 2729 279 2753 tum
292 2745 299 2758 ,
316 2724 416 2756 Filius,
434 2723 480 2757 qui
495 2727 633 2757 peccatum
654 2728 708 2748 non
728 2720 846 2753 admisit,
861 2728 890 2748 se
910 2719 999 2754 ipsum

261 2809 269 2825 ’
287 2809 358 2838 Paul.
377 2817 405 2842 ιιι,
423 2809 450 2836 2.

1055 2214 1287 2249 Ἐνευροκόπησαν
1308 2213 1355 2246 δὲ,
1373 2211 1465 2246 ἐπειδὴ
1490 2213 1519 2238 ὲν
1541 2211 1577 2246 τῷ
1596 2210 1666 2245 ξύλῳ
1681 2210 1831 2246 πεπηγότος

1049 2261 1130 2288 αὑτοῦ
1143 2260 1279 2295 διέτρισαν
1291 2258 1324 2285 τὰ
1340 2258 1432 2294 νεῦρα.
1453 2259 1517 2284 Ὅτι
1531 2257 1579 2284 καὶ
1595 2257 1630 2283 ἐν
1642 2256 1684 2289 τῷ
1696 2257 1780 2291 θυμῷ
1789 2257 1832 2282 αἰν-

1049 2308 1107 2335 τῶν
1125 2305 1371 2340 ἑνευροχόπησαν
1382 2304 1500 2338 ταῦρον.
1516 2303 1569 2329 Καὶ
1582 2303 1631 2338 ὅρα
1642 2302 1691 2329 τοῦ
1700 2302 1780 2337 λόγου
1790 2301 1831 2336 τὴν

1050 2353 1164 2388 ἐπιτήρη
1169 2360 1209 2378 σιν
1218 2359 1225 2366 ’
1250 2347 1500 2383 Ἀπέκτεινανμὲν
1508 2346 1562 2382 γὰρ
1571 2347 1641 2379 τοὺς
1651 2346 1830 2380 ἁνθμῦποιις,

1052 2399 1295 2432 ἑνετῳοκὸπησαν
1313 2395 1347 2422 δὲ
1366 2395 1420 2422 τὸν
1440 2395 1559 2428 ταῦρον.
1584 2393 1699 2428 Θανάτῳ
1722 2392 1771 2427 μὲν
1785 2391 1831 2426 γὰρ

1053 2443 1263 2478 περιϐεϐλήκασι
1285 2441 1347 2472 τοὺς
1364 2440 1468 2474 ἁγίους,
1493 2439 1540 2466 καὶ
1560 2438 1733 2473 μεμενήκασι
1750 2436 1831 2472 νεκροὶ

1052 2488 1096 2516 τὸν
1115 2487 1163 2522 τῆς
1179 2486 1350 2517 ἀναστάσεως
1369 2485 1463 2520 καιρὸν
1483 2483 1686 2519 περιμένοντες,
1710 2483 1779 2509 Ἀλλ’
1795 2479 1831 2507 οἷά

1052 2542 1093 2564 τις
1116 2533 1213 2567 μόσχος
1228 2530 1474 2567 νευροκοπούμενος
1495 2528 1602 2555 ὤκλασε
1625 2528 1675 2562 μὲν
1699 2528 1830 2556 οἱονείτεως

1053 2581 1092 2611 εἰς
1108 2579 1175 2614 γῆν,
1195 2579 1208 2604 ὁ
1225 2577 1340 2613 Χριστὸς
1356 2575 1425 2603 ἑκὼν
1444 2575 1591 2610 ὑπομείνας
1609 2574 1654 2601 τὸν
1671 2574 1723 2609 τῆς
1741 2572 1831 2609 capri);

1054 2626 1182 2652 θάνατον·
1209 2625 1276 2659 πλὴν
1288 2624 1317 2650 οὐ
1335 2624 1430 2658 γέγονε
1447 2622 1485 2658 τῷ
1501 2622 1607 2656 θανάτῳ
1624 2620 1749 2656 κάτοχος.
1771 2617 1830 2646 Ἀλλ’

1052 2672 1076 2697 εἰ
1093 2671 1138 2697 καὶ
1154 2670 1263 2704 γέγονεν
1276 2670 1305 2695 ὲν
1316 2670 1420 2704 νεκροῖς
1435 2668 1472 2700 ὡς
1484 2667 1635 2703 ἄνθρωπος,
1644 2666 1830 2702 ἁπομεμένηκε

1052 2718 1105 2750 ζῶν
1119 2719 1150 2752 τῇ
1168 2717 1217 2752 τῆς
1233 2715 1356 2750 Θεότητος
1373 2715 1462 2749 φύσει.
1485 2713 1588 2748 Ταῦρος
1609 2713 1663 2748 γὰρ
1675 2714 1690 2739 ὁ
1707 2711 1829 2747 Χριστός·
