1860 3051
56 82 99 112 589

618 84 827 114 FRAGMENTA
848 85 882 114 IN
900 85 1057 114 GENESIN.

1597 89 1650 118 590

54 144 164 177 εὐσθενὲς
177 144 229 181 γὰρ
242 145 281 171 ὅτι
298 144 411 180 μάλιστα
435 145 503 178 ζῶον
521 147 567 173 καὶ
586 147 706 183 καθαρόν
727 156 757 174 τε
771 147 818 174 καὶ

907 152 961 175 tem
976 148 1066 183 potius
1080 148 1176 176 obtulit
1189 154 1238 183 pro
1252 146 1330 175 nobis
1342 147 1368 174 in
1376 147 1485 175 odorem
1498 147 1652 183 fragrantia:

57 192 183 227 ἱερατικόν.
201 192 300 227 Κύριος
321 192 349 217 δὲ
371 191 425 218 τῶν
441 192 580 228 δυνάμεων
605 193 704 225 ὁΥἱδς,
728 193 758 225 ὃς
782 194 812 220 οὐ

57 238 188 272 πεποίηκεν
212 238 354 274 ἁμαρτίαν,
384 239 477 265 ἑαυτὸν
497 238 526 265 δὲ
550 239 648 274 μᾶλλον
668 239 728 266 ἔθυε
744 240 814 276 ὑπὲρ

57 284 122 319 ἡμῶν
135 284 172 316 είς
187 284 272 320 ὀσμὴν
283 285 395 317 εὐωδίας
408 284 446 320 τῷ
457 284 515 320 Θεῷ
532 285 579 311 καὶ
591 285 686 321 Πατρί.
708 285 816 312 Ἀκουέ-

55 338 131 356 τωσαν
151 330 238 357 τοίνυν
253 332 277 357 οἱ
295 331 340 357 τὸν
355 330 439 363 οὕτως
457 331 554 358 σεπτὸν
567 332 816 367 νευροκοπήσαντες

55 378 153 414 ταῦρον·
177 378 399 412 Ἐπικατάρατος
415 380 431 405 ό
450 378 542 413 θυμὸς
555 378 653 405 αὐτῶν
666 378 710 405 ὅτι
728 377 818 405 αὐθά-

56 425 110 457 δης,
128 424 173 451 καὶ
194 425 212 458 ἠ
234 423 322 458 μῆνις
343 424 441 451 αὐτῶν
457 424 502 451 ὅτι
519 425 722 459 ὲσκληρύνθη.
747 424 817 451 Ἀλλ’

55 472 92 505 ὅγε
105 471 154 498 τῶν
174 471 304 498 Ἰουδαίων
320 471 406 506 δῆμος
418 471 583 507 τετόλμηκεν
594 472 680 498 εἰπεῖν
693 480 819 507 νευροκο-

55 518 103 544 πῶν
113 518 154 544 τὸν
165 517 262 554 ταῦρον
271 526 277 533 ·
286 519 320 545 Αἱ
334 518 431 552 χεῖρες
441 517 524 552 ἡμῶν
534 518 656 554 ἐξέχεον
668 519 755 546 τοῦτο
769 519 818 554 (ri),

54 564 133 598 ἕτερον
146 563 197 599 γὰρ
216 561 290 598 οἶμαι
308 563 384 599 παρὰ
397 564 473 590 τοῦτό
489 565 561 590 ἐστιν
574 564 664 597 οὐδὲν,
681 564 712 591 τὸ
724 565 819 591 ἀσυνέ-

54 617 98 640 τως
111 609 199 634 εἰπεῖν·
215 608 250 635 Τὸ
258 606 328 643 aliud
340 608 444 641 αὐτοῦ,
462 609 509 636 καὶ
525 609 557 636 τὰ
575 609 647 645 ἑξῆς.
664 610 818 637 Ἀνακαλεῖ-

54 662 90 680 ται
100 654 211 689 Μωῦσῆς
226 654 273 690 τὴν
286 654 357 681 κατὰ
372 654 419 681 τοῦ
433 655 498 681 Λευῒ
509 656 641 692 κατάραν,
659 657 758 692 μᾶλλον
773 657 820 684 καὶ

54 700 86 730 εἰς
99 699 214 733 εὐλογίαν
229 700 313 735 αὑτὴν
332 696 479 737 ἀνατρέπει
496 701 539 728 διὰ
559 702 604 728 τὸν
621 701 733 737 ὕστερον
750 703 820 739 ὑπὲρ

54 744 92 770 τοῦ
104 745 165 772 Θεοῦ
179 745 256 781 ζῆλον
274 746 324 781 τῆς
338 746 423 782 φυλῆς
440 747 486 774 καὶ
499 747 546 774 τοῦ
559 748 641 775 Φινεῖ.
660 748 715 784 Τὴν
732 748 822 784 μέντοι

54 790 112 817 κατὰ
122 791 165 818 τοῦ
178 791 288 828 Συμεὼν
298 793 347 819 οὐκ
358 793 548 827 ἀνεκαλέσατο,
566 794 605 821 διὸ
618 794 648 830 δὴ
663 795 708 821 καὶ
722 797 761 827 εἰς
777 796 822 832 ἕρ-

865 193 921 222 Deo
933 198 960 221 et
978 194 1063 222 Patri.
1085 194 1203 222 Audiant
1224 195 1306 230 igitur
1319 195 1365 229 qui
1382 202 1445 221 vere
1466 194 1650 222 venerabilem

866 239 1099 267 subnervaverunt
1117 244 1225 267 taurum
1247 248 1254 265 :
1274 239 1432 266 Maledictus
1454 240 1529 274 furor
1549 247 1652 271 eorum,

865 285 927 320 quia
942 285 1081 320 pervicax;
1095 290 1119 312 et
1136 286 1178 312 ira
1188 293 1289 318 eorum,
1307 286 1369 320 quia
1380 286 1507 312 indurata
1515 287 1582 312 αι’.
1599 285 1653 312 Sed

866 330 1021 358 Iudaeorum
1047 331 1164 366 populus
1185 339 1268 359 ausus
1293 336 1336 359 est
1357 329 1460 366 jactare
1486 340 1515 360 se
1543 336 1653 360 taurum

868 377 1048 405 subnervasse
1072 387 1078 404 :
1102 377 1197 404 Manus
1221 383 1317 405 nostra
1335 379 1403 406 hunc
1418 380 1571 414 sanguinem
1588 380 1655 414 effu—

868 424 975 451 derunt.
988 422 1061 450 Nihil
1078 424 1149 450 enim
1162 423 1235 450 aliud
1248 429 1306 457 est,
1323 429 1353 452 ut
1368 425 1464 460 opinor
1475 446 1482 457 ,
1500 425 1574 460 quod
1588 425 1655 452 insi-

869 470 972 505 pienter
989 470 1115 498 dixerunt
1133 479 1140 497 :
1159 470 1274 505 Sanguis
1290 471 1346 505 ejus
1361 479 1438 505 super
1450 479 1496 497 nos
1512 471 1522 486 ³
1535 492 1542 503 ,
1558 475 1655 506 etqtue

870 521 1032 551 sequuntur.
1065 515 1183 544 Revocat
1208 516 1316 551 Moyses
1332 516 1343 532 ⁸
1365 517 1535 544 malcdictttm
1556 516 1653 543 adver-

871 568 919 588 sus
943 560 1024 594 Levi;
1051 562 1092 588 vel
1116 562 1205 596 potius
1230 561 1363 588 convertit
1389 561 1415 588 in
1441 561 1656 588 benedictionem

870 611 981 642 propter
1000 607 1087 634 zelum
1109 615 1189 642 quem
1211 608 1298 634 tribus
1313 607 1358 633 illa
1375 615 1423 641 pro
1439 607 1493 634 Deo
1509 611 1603 641 postea
1620 613 1659 633 tc-

872 648 942 681 stata
954 658 1006 685 est,
1025 657 1053 680 et
1067 658 1177 688 propter
1191 653 1332 680 Phincam.
1352 653 1404 680 Sed
1418 653 1590 680 maledictum
1610 653 1660 679 ad-

871 706 967 727 versus
999 699 1154 727 Simeonem
1183 707 1237 727 non
1268 699 1406 727 revocavit
1433 709 1439 726 :
1464 707 1548 734 quare
1575 699 1657 725 etiam

872 750 985 774 eventus
1000 746 1066 772 illud
1083 745 1278 780 comprobavit.
1296 745 1388 779 Neque
1403 745 1474 772 enim
1497 744 1607 772 Simeon
1630 750 1661 772 ut

873 796 978 820 exterae
1008 792 1095 819 tribus
1119 792 1285 819 haereditatis
1311 796 1411 819 sortem
1440 795 1587 818 consecuta
1606 795 1658 824 est,

54 844 93 869 γον
115 836 198 872 ὲξέῦη.
225 838 254 864 '0
273 837 328 874 γὰρ
352 838 464 874 Συμεὼν
491 839 540 866 οὐκ
564 839 657 874 εἴληφε
673 840 722 875 μὲν
741 840 778 872 ὡς
795 842 822 868 αἱ

907 839 922 865 d
944 838 970 865 in
998 838 1088 866 medio
1114 837 1184 865 Juda
1205 838 1349 866 habitavit.
1372 838 1484 865 Servata
1501 843 1590 865 tamen
1605 843 1658 869 est,

54 881 132 908 λοιπαὶ
146 883 223 917 φυλαὶ
242 882 441 920 κληρονομίαν,
458 885 487 911 ὲν
505 884 559 921 γὰρ
579 886 652 921 μέσῳ
671 886 718 913 τοῦ
738 886 825 915 Ἰούδα.

54 929 195 965 κατοικήθη.
215 929 348 962 Ἐσὼζετο
358 931 396 963 δὲ,
410 932 435 958 εἰ
448 931 494 958 καὶ
501 932 577 968 ὀλίγη
590 932 636 958 τὸν
650 933 765 969 ἀριθμὸν
779 932 823 970 ἦν.

83 977 226 1010 Δεσμεύων
237 977 314 1011 πρὸς
327 977 463 1012 ἄμπελον
474 977 528 1005 τὸν
541 977 643 1006 πῶλον
655 980 758 1012 αὑτοῦ,
776 980 826 1008 καὶ

55 1021 85 1055 τῇ
105 1021 175 1048 ἕλικι
194 1022 250 1049 τὸν
274 1022 376 1050 πῶλον
389 1023 445 1057 τῆς
462 1024 534 1051 ὄνου
546 1024 638 1052 αὑτοῦ
649 1033 655 1040 ·
670 1025 782 1052 πλυνεῖ
792 1027 827 1053 ἐν

55 1067 114 1100 οϊνῳ
125 1067 178 1101 τὴν
188 1067 306 1102 στολὴν
316 1068 420 1101 αὑτοῦ,
435 1069 483 1095 καὶ
500 1069 535 1096 ἐν
547 1069 646 1104 αἵματι
667 1071 826 1105 σταφυλῆς

56 1112 102 1145 τὴν
113 1114 271 1148 περιϐολὴν
283 1114 388 1142 αὑτοῦ.

83 1157 362 1187 ΗιιψοιςτυετΠῶλον
386 1159 459 1194 λέγει
485 1160 533 1195 τὴν
559 1160 588 1193 ἐξ
620 1161 720 1189 ἐθνῶν·
736 1162 825 1194 ἄλλον,

56 1203 96 1239 τὴν
115 1205 143 1230 ἐκ
168 1206 319 1241 περιτομῆς
344 1206 440 1241 κλῆσιν
451 1215 458 1222 '
474 1207 532 1234 ὄνον
548 1205 577 1233 δὲ
596 1208 674 1243 μίαν·
689 1209 826 1236 τουτέστιν

56 1250 82 1276 ἐκ
106 1252 164 1286 μιᾶς
189 1252 309 1284 πίστεως
332 1253 356 1279 οἱ
380 1253 426 1279 δύο
449 1253 546 1280 πῶλοι·
562 1255 630 1290 ὅπερ
647 1255 720 1282 ἐστὶν
736 1256 764 1282 αἱ
780 1255 827 1283 δύο

55 1296 158 1331 κλήσεις.
175 1298 229 1324 Καὶ
244 1298 290 1324 τὸν
307 1298 356 1333 μὲν
370 1298 458 1325 πῶλον
474 1299 664 1335 προσδεδέσθαι
677 1299 707 1327 ἐν
724 1302 756 1336 τῇ
773 1301 826 1336 ἁμ-

54 1343 126 1379 πέλῳ,
142 1344 184 1370 τὸν
201 1344 229 1370 δὲ
246 1344 340 1378 ἕτερον
362 1345 391 1371 ὲν
412 1346 444 1381 τῇ
469 1345 631 1373 ἓλικι.”Ητοι
655 1347 704 1383 τὴν
726 1347 775 1382 μὲν
796 1345 826 1380 ἐξ

56 1389 126 1416 ἐθνῶν
143 1390 302 1426 Ἐκκλησίαν
319 1391 508 1427 προσδεδὲσθαι
522 1392 561 1428 τῷ
574 1393 667 1428 Κυρίῳ
676 1402 682 1408 ·
700 1393 746 1420 τὸν
759 1394 781 1420 δ’
793 1394 826 1421 ὲκ

57 1437 186 1472 περιτομῆς
199 1438 231 1472 τῇ
250 1436 298 1463 τοῦ
312 1437 394 1473 νόμου
409 1436 577 1474 παλαιότητι.
590 1439 745 1466 Πλυνεῖέν
755 1439 826 1474 οϊνῳ

56 1481 102 1514 τὴν
124 1482 235 1516 στολὴν
261 1483 363 1509 αὑτοῦ.
381 1482 507 1510 Τουτέστι
521 1484 565 1511 διὰ
580 1483 626 1511 τοῦ
649 1485 725 1519 ἁγίου
741 1486 825 1513 Πνεύ-

57 1536 127 1562 ματος
147 1529 192 1556 καὶ
214 1529 265 1555 τοῦ
288 1530 374 1564 Λόγου
397 1530 448 1565 τῆς
471 1530 599 1566 ἀληθείας
621 1530 763 1566 καθαρίσει
779 1530 828 1567 τὴν

56 1573 141 1610 σάρκα,
156 1576 223 1611 ὅπερ
239 1575 368 1612 ἐμφαίνει
389 1576 439 1611 τὴν
464 1577 569 1612 στολήν.
595 1577 649 1604 Καὶ
673 1578 708 1603 ἐν
730 1578 830 1612 αἵματι

55 1620 196 1656 σταφυλῆς
211 1621 351 1657 θλιϐείσης
368 1623 414 1649 καὶ
426 1623 547 1659 ἀνιείσης
557 1620 636 1658 αἷμα,
649 1623 716 1659 ὅπερ
728 1623 801 1650 ἐστὶν
811 1624 828 1659 ἡ

57 1665 114 1700 σὰρξ
126 1666 170 1692 τοῦ
187 1667 303 1703 Κυρίου,
320 1667 409 1694 πᾶσαν
427 1667 476 1703 τὴν
491 1667 520 1700 ἐξ
534 1666 619 1695 ἐθνῶν
633 1668 727 1704 κλῆσιν
743 1668 829 1695 καθα-

57 1710 124 1746 ρίζει.

83 1758 230 1792 Χαροποιοὶ
253 1761 280 1787 οι
303 1759 449 1795 ὀφθαλμοὶ
468 1760 559 1787 αὑτοῦ
580 1760 639 1787 ἀπὸ
663 1761 758 1793 οἴνου,
781 1761 830 1788 καὶ

54 1803 143 1832 λευκοί
155 1807 181 1833 οἱ
194 1806 318 1839 ὀδόντες
330 1806 422 1833 αὐτοῦ
436 1806 455 1840 ἢ
471 1805 556 1841 γάλα.
571 1807 730 1834 Ζαϐουλὼν
741 1807 830 1842 παρά-

54 1850 110 1884 λιος
116 1853 295 1886 κατοικήσει,
310 1852 357 1879 καὶ
366 1852 457 1885 αὐτὸς
467 1852 533 1886 παρ’
548 1852 639 1887 ὅρμον
649 1853 771 1886 πλοίων,
781 1854 830 1880 καὶ

54 1899 198 1933 παρατενεῒ
214 1900 273 1932 ἕως
292 1898 430 1931 Σιδῶνος.
440 1898 583 1934 Ἰσσάχαρ
598 1899 632 1926 τὸ
653 1900 748 1927 καλὸν
762 1901 829 1928 ἐπε-

54 1946 184 1980 θύμησεν,
200 1946 432 1980 ἀναπαυόμενος
444 1945 502 1972 ἀνὰ
517 1945 615 1980 μέσον
629 1946 688 1972 τῶν
700 1946 827 1981 κλήρων.

55 1990 100 2017 Καὶ
115 1991 181 2019 ιδὼν
196 1992 256 2026 τὴν
270 1991 443 2019 ἀνάπαυσιν
459 1991 504 2018 ὅτι
518 1991 607 2025 καλὴ,
626 1992 675 2018 καί
702 1991 759 2026 τὴν
773 1991 831 2027 γῆν

54 2035 91 2062 ὅτι
102 2037 181 2069 πίων,
197 2037 332 2071 ὑπέθηκε
344 2036 397 2063 τὸν
411 2034 492 2071 ὦμον
503 2037 596 2064 αὐτοῦ
609 2037 652 2070 εὶς
664 2037 696 2064 τὸ
714 2038 829 2070 πονεῖν,

55 2082 96 2108 καὶ
108 2082 229 2118 ἐγενήθη
243 2083 322 2117 ἀνὴρ
335 2083 470 2118 γεωργός.

83 2127 244 2157 Ηιιιιιοιῖτοε
263 2138 270 2156 :
289 2129 428 2161 Τουτέστι,
447 2130 553 2166 φαιδροὶ
578 2129 601 2156 οἱ
623 2129 755 2165 ὀφθαλμοὶ
779 2131 829 2156 αὺ-

876 885 940 913 licet
960 885 1059 920 exiguo
1074 893 1201 912 numero.

911 984 1010 1014 Genes.
1024 993 1098 1018 xm,
1113 986 1144 1012 H
1161 995 1166 1012 :
1180 985 1300 1020 Alligans
1312 986 1348 1012 ad
1364 986 1441 1012 vitam
1456 986 1557 1020 pullum
1571 995 1659 1019 suum.

876 1035 900 1057 et
915 1031 949 1057 ad
963 1031 1071 1057 Italicam
1082 1030 1185 1065 pullum
1200 1032 1283 1058 asina:
1297 1039 1367 1063 sure;
1380 1030 1479 1058 Iuvabit
1495 1033 1521 1058 in
1535 1033 1592 1059 vino
1607 1038 1661 1059 slo-

877 1076 930 1103 lam
945 1085 1032 1109 suam,
1050 1082 1075 1103 et
1088 1077 1115 1103 in
1131 1078 1257 1112 sanguine
1273 1085 1328 1104 ιιι-ιε
1344 1078 1470 1105 amictum
1484 1086 1571 1106 suum.

876 1165 887 1195 ἴ
911 1163 1018 1192 Pullum
1029 1166 1323 1192 vocatvomtionemex
1332 1166 1473 1201 gentibus;
1486 1166 1611 1200 alterum,
1628 1176 1662 1194 ex

880 1210 1090 1238 circumcisione
1100 1211 1268 1238 vocationem
1280 1220 1287 1244 ;
1299 1212 1402 1240 asinam
1411 1220 1474 1238 vero
1483 1220 1573 1245 unam,
1586 1213 1610 1240 id
1620 1218 1662 1240 est

877 1263 959 1283 unam
978 1256 1069 1290 ﬁdem,
1087 1257 1162 1283 itaut
1176 1264 1208 1283 ex
1218 1264 1269 1284 una
1285 1257 1338 1284 ﬁde
1350 1257 1464 1285 sintduo
1478 1259 1613 1293 pulli,hoc
1622 1265 1663 1288 est

878 1301 938 1330 dua:
951 1303 1118 1331 vocationes.
1134 1302 1167 1330 Et
1180 1311 1264 1330 unum
1281 1302 1389 1338 quidem
1407 1304 1509 1338 pullum
1522 1305 1661 1339 alligatqu

877 1354 938 1375 esse
947 1347 1004 1380 viti,
1016 1346 1129 1374 alterum
1151 1347 1238 1374 helici.
1256 1347 1312 1374 lloc
1327 1352 1378 1381 est,
1394 1347 1541 1377 Ecelesiam
1551 1358 1566 1376 e
1577 1351 1664 1384 genti-

878 1393 930 1420 bus
941 1393 1077 1428 alligatam
1086 1401 1146 1420 esse
1161 1392 1275 1419 Domino
1286 1402 1292 1426 ;
1303 1393 1408 1420 illorum
1423 1402 1507 1422 vei-0e
1519 1395 1664 1422 circumci-

877 1439 954 1466 sione
976 1441 1094 1475 antiquaa
1117 1440 1178 1474 legi.
1196 1439 1305 1466 Lavabit
1331 1440 1358 1466 in
1381 1441 1438 1466 uiro
1461 1440 1556 1468 stolam
1575 1450 1662 1470 suam.

878 1481 935 1511 Hoc
950 1488 1001 1517 est,
1017 1492 1064 1519 per
1079 1483 1211 1519 Spiritum
1226 1489 1350 1511 sanetum
1363 1489 1389 1511 et
1405 1492 1452 1519 per
1469 1485 1583 1513 Verbum
1597 1488 1664 1515 veri-

881 1530 943 1557 tatis
957 1531 1099 1558 mundabit
1111 1538 1230 1563 carnem,
1245 1539 1305 1566 quae
1317 1539 1363 1565 per
1375 1531 1471 1558 stolam
1484 1533 1663 1568 signiﬁcatm.

882 1574 916 1602 Et
939 1576 966 1602 in
983 1577 1110 1611 sanguine
1129 1583 1185 1604 uva:
1199 1576 1308 1603 calcatae
1324 1581 1350 1603 et
1365 1578 1526 1613 sanguinem
1542 1580 1666 1607 emitten-

881 1622 925 1654 tis,
939 1630 1000 1657 qua:
1020 1627 1061 1650 est
1081 1622 1190 1650 Domini
1205 1630 1278 1654 caro,
1295 1630 1403 1651 omnem
1418 1631 1433 1651 e
1446 1625 1570 1660 gentibus
1585 1634 1666 1653 voea-

880 1667 980 1694 tionem
995 1673 1104 1703 purgat.

916 1759 1014 1787 Genes.
1033 1767 1107 1792 xm,
1123 1759 1219 1787 12-15:
1237 1760 1357 1794 Grati/id
1374 1761 1444 1787 oeuli
1456 1761 1513 1795 ejus
1530 1770 1546 1788 a
1561 1762 1629 1796 uino,
1640 1768 1665 1790 et

881 1805 988 1832 candidi
1011 1805 1099 1832 dentes
1124 1806 1179 1839 ejus
1204 1813 1257 1840 pra:
1274 1806 1350 1833 lacte.
1367 1806 1486 1833 Zabulon
1498 1807 1578 1842 juxta
1595 1817 1666 1837 mare

881 1850 1021 1884 habitabit,
1041 1855 1066 1877 et
1092 1859 1165 1878 secus
1192 1860 1324 1878 accessum
1349 1853 1465 1885 navium,
1482 1857 1507 1879 et
1533 1855 1666 1887 pertemlet

881 1905 961 1932 usque
981 1899 1016 1923 ad
1038 1896 1172 1924 Sidanem.
1188 1896 1313 1924 Issachar
1330 1898 1425 1925 bonum
1439 1899 1606 1932 desideravit,
1626 1910 1666 1928 rc—

880 1943 1012 1978 quiescens
1025 1943 1094 1969 inter
1107 1943 1204 1970 medios
1219 1943 1312 1971 clerus.
1326 1943 1361 1970 Et
1376 1944 1464 1972 videtis
1477 1946 1591 1981 requiem
1604 1947 1667 1982 quia

881 1989 948 2016 bona
963 1993 1013 2020 est,
1027 1994 1051 2016 cl
1070 1993 1166 2016 terram
1176 1990 1238 2024 quia
1250 1990 1364 2025 pinguis,
1379 1992 1515 2026 supposuit
1530 1992 1666 2020 humerum

880 2043 957 2061 suum
977 2035 1010 2061 ad
1024 2034 1209 2068 laborandum,
1226 2041 1250 2062 et
1267 2035 1356 2070 [actus
1366 2041 1404 2062 est
1421 2037 1461 2063 vir
1474 2038 1600 2072 agricola.

916 2129 973 2157 Hoc
995 2134 1046 2161 est,
1062 2129 1168 2165 pulchri
1183 2134 1246 2157 sunt
1261 2129 1332 2158 oculi
1348 2130 1407 2165 ejus
1426 2138 1441 2157 a
1455 2138 1580 2158 sermone
1595 2132 1666 2158 veri—

55 2173 103 2207 τοῦ,
117 2175 152 2207 ὡς
174 2176 229 2203 ἀπὸ
255 2174 301 2202 τοῦ
323 2174 402 2210 λόγου
421 2176 471 2211 τῆς
491 2175 634 2211 ἀληθείας·
653 2176 822 2202 ἐπιϐλέπουσι

910 2175 944 2202 tis
962 2184 968 2201 :
988 2175 1137 2209 respiciunt
1154 2175 1226 2201 enim
1253 2174 1287 2200 ad
1311 2181 1406 2201 omnes
1433 2174 1479 2208 qui
1505 2174 1619 2201 credunt
1639 2175 1666 2201 in

53 2221 100 2256 γὰρ
108 2222 150 2248 ἐπὶ
163 2222 269 2253 πάντας
283 2222 344 2252 τοὺς
354 2221 530 2253 πιστεύοντας
542 2223 582 2253 εἰς
592 2222 681 2248 αὐτόν.
693 2222 746 2249 Καὶ
759 2224 829 2249 λευ-

54 2267 93 2293 κοί
105 2269 128 2294 οἱ
143 2268 265 2300 ὀδόντες
285 2267 378 2294 αὐτοῦ
397 2267 416 2301 ἢ
437 2267 522 2302 γάλα.
538 2267 574 2293 Τὸ
589 2267 732 2301 φωτοειδὲς
745 2266 827 2294 αὑτοῦ

54 2312 99 2339 τῶν
111 2314 236 2349 ῥημάτων
252 2313 327 2349 δηλοῖ
337 2322 344 2328 ”
361 2313 404 2340 διὰ
415 2313 494 2339 τοῦτο
508 2313 619 2344 λευκοὺς
629 2313 766 2348 ὀνομάζει,
779 2313 829 2347 γά-

55 2357 122 2385 λακτι
143 2360 171 2386 δὲ
195 2360 368 2395 παρεικάζει,
383 2358 477 2395 ὥσπερ
500 2359 547 2385 καὶ
573 2359 661 2395 σάρκα
680 2359 727 2386 καὶ
739 2359 828 2394 ψυχὴν

54 2405 227 2442 διατρέφοντα.
246 2406 404 2433 Ζαϐουλὼν
426 2406 454 2432 δὲ
477 2405 653 2442 ἑρμηνεύεται
670 2405 767 2432 εὐωδία
784 2406 829 2432 καὶ

56 2453 160 2486 εὐλογία.

879 2222 979 2257 ipsutn.
996 2220 1032 2247 Et
1049 2220 1155 2251 candidi
1179 2220 1267 2247 dentes
1283 2220 1339 2254 ejus
1364 2228 1419 2254 prce
1434 2219 1511 2246 lacte.
1534 2219 1666 2247 Lucidum

879 2268 1023 2296 candorem
1044 2267 1187 2294 verborum
1208 2265 1266 2300 ejus
1281 2265 1431 2300 signiﬁcat;
1453 2265 1514 2292 ideo
1536 2265 1667 2293 candidos

879 2314 996 2349 appellat
1017 2318 1044 2340 et
1067 2321 1129 2340 eum
1153 2312 1222 2339 lacte
1238 2311 1353 2343 confert,
1367 2319 1421 2346 quo
1435 2319 1498 2338 caro
1523 2316 1549 2338 et
1575 2312 1666 2339 anima

880 2360 1011 2388 nutritur.
1026 2358 1156 2391 Zabulon,
1173 2358 1196 2385 si
1210 2357 1406 2393 interpreteris,
1422 2362 1463 2384 cst
1478 2357 1625 2392 fragrantia
1640 2362 1668 2384 ct

879 2405 1043 2434 benedictio.

639 2499 738 2527 Deinde
753 2504 810 2534 post
827 2497 923 2533 Cyrilli
939 2496 1078 2525 nonnulla.

85 2545 263 2575 Hirmtvrus:
276 2547 361 2574 Πάλιν
372 2547 534 2583 ὰπορῥήτως
541 2546 591 2581 τῆς
608 2547 713 2582 Καινῆς
730 2547 827 2582 Διαοή-

55 2599 98 2627 nec
115 2593 160 2620 τοῦ
180 2595 307 2630 Σωτῆρος
321 2594 398 2629 ἡμῶν
411 2595 445 2621 τὰ
462 2594 598 2629 μυστήρια
609 2592 726 2628 ἡγοῦμαι
738 2593 828 2626 διαγο-

56 2637 150 2670 patiam,
167 2639 216 2666 καὶ
232 2640 335 2666 λευκοὶ
356 2640 382 2665 οὶ
403 2639 523 2671 ὀδόντες
541 2636 632 2664 αὐτοῦ
654 2637 673 2671 ἢ
695 2636 781 2672 γάλα,
799 2637 828 2663 τὸ

55 2682 168 2720 λαμπρὸν
185 2687 233 2712 καὶ
247 2686 365 2721 καθαρὸν
383 2685 432 2720 τῆς
448 2684 649 2721 μυστηριώδους
663 2684 763 2719 τροφῆς
780 2683 827 2718 δη-

55 2728 118 2757 λοῦν.
135 2733 190 2759 Καὶ
215 2733 255 2764 τὸ,
276 2732 378 2762 λευκοὶ
397 2733 424 2759 ol
444 2731 565 2764 ὀδόντες
585 2731 676 2758 αὐτοῦ
700 2730 719 2764 ἢ
738 2729 826 2765 γάλα,

916 2546 1013 2572 iterum
1030 2543 1144 2579 mystice
1158 2546 1223 2578 pulo
1245 2541 1312 2569 Novi
1327 2541 1492 2569 Testamenti
1516 2541 1666 2570 SalvatOris

881 2591 966 2619 nostri
982 2594 1151 2618 sacramenta
1168 2589 1254 2616 innui.
1272 2587 1337 2615 Nam
1353 2588 1433 2615 verba
1451 2588 1558 2615 candidi
1576 2589 1665 2615 dentes

880 2639 935 2675 ejus
952 2645 1007 2672 pra:
1020 2636 1097 2669 lacte,
1114 2637 1272 2670 praeclarum
1287 2642 1440 2669 purumque
1453 2634 1480 2661 in
1496 2641 1666 2662 sacramento

881 2684 969 2711 cibum
986 2682 1147 2717 signiﬁcant.
1167 2682 1266 2709 Eadem
1286 2689 1367 2716 porro
1381 2681 1472 2708 verba.
1487 2681 1593 2707 candidi
1605 2681 1666 2707 den-

881 2735 917 2756 tes
938 2728 994 2763 ejus
1019 2735 1073 2762 pne
1086 2727 1164 2760 lacte,
1182 2727 1209 2754 in
1235 2735 1295 2754 eam
1320 2728 1481 2754 sententiam
1506 2726 1665 2761 accipimus,

85 2779 95 2794 '
109 2779 174 2808 Gen.
192 2789 267 2814 nu,
284 2782 310 2809 7.
330 2779 333 2781 ξ
349 2781 358 2796 ³
373 2780 468 2808 Matth.
484 2788 569 2813 xxvn,
582 2780 627 2808 25.
666 2779 677 2794 ‘
692 2778 771 2806 Deut.
783 2786 822 2805 xx

907 2778 927 2804 ἰ.

87 2824 121 2860 (ι)
137 2825 275 2861 Ἐξέχεον
283 2827 379 2854 τοῦτο.
395 2827 458 2855 Post
468 2826 557 2860 τοῦτο,
570 2834 632 2855 cum
641 2834 673 2855 ex
684 2825 820 2861 versione,

913 2823 1031 2852 maxime
1047 2825 1226 2861 ett-contextu
1239 2822 1346 2850 videtur
1358 2822 1492 2850 excidisse
1504 2821 1532 2847 τὸ
1547 2819 1626 2856 αἷμα.
