1860 3051
213 136 266 166 595

653 138 681 166 S.
704 137 888 166 HIPPOLYTI
906 138 981 166 OPP.
1002 138 1092 166 PARS
1111 139 1131 166 l.
1151 153 1185 158 —
1201 129 1410 168 EXEGETICA.‘

1770 140 1815 168 596

214 195 353 222 sidiaberis
376 196 498 223 calcaneo
521 197 576 232 ejus
595 197 626 222 “.
649 196 688 224 Ita
709 205 776 225 vero
799 197 918 226 insidiati
934 202 998 226 sunt
1011 202 1034 230 Α
1047 198 1117 234 τάχα
1131 206 1157 224 τι
1172 198 1206 225 τὰ

1059 198 1117 234 ;άχα
1131 206 1157 224 τι
1172 198 1206 225 τὰ
1225 197 1278 224 τῶν
1295 197 1377 232 ἔχεων
1401 197 1526 232 δήγματα
1546 197 1744 232 δυσδιάφευιιτά
1755 207 1817 232 ⁴ιπως

214 241 324 275 quidam
343 242 444 269 sanctis
467 243 608 276 apostolis,
626 247 657 269 ut
673 247 789 270 mortem
808 244 889 271 etiam
905 245 995 272 carnis

215 285 367 313 intulerint.
383 285 474 321 ltaque
488 292 514 314 et
528 287 580 315 talc
589 287 689 323 aliquid
701 289 863 317 sustinuisse
874 297 922 318 eos
934 290 997 317 licet

215 331 316 363 dicere.
332 332 411 367 quale
424 333 480 367 pati
497 333 566 361 solet
580 328 627 368 pes
638 334 701 368 equi
716 335 868 362 vacillantis
880 341 909 364 et
922 341 998 364 retro.

215 379 298 406 veluti
323 380 468 407 succussi:
492 387 576 415 eques
600 380 673 407 enim
699 381 855 415 dejicietur;
874 386 954 417 atque
969 382 996 408 in

218 430 315 451 terram
337 425 417 452 datus
433 426 488 458 hic,
503 426 610 461 spirans
628 427 717 454 adhuc
733 432 882 462 permanet.
898 428 999 463 Super-

216 471 293 498 stites
308 477 432 497 mansere
445 470 527 498 etiam
545 471 628 498 divini
645 471 782 507 discipuli,
798 477 825 499 et
836 473 931 500 salutis
944 481 1000 500 suae

214 520 324 551 tempus
336 521 494 550 exspectant
510 524 567 551 quo
581 517 750 545 vocabuntur
770 518 798 545 in
819 526 931 553 regnum
947 518 1000 545 im-

215 569 300 589 mune
319 561 354 589 ab
374 562 451 588 omni.
466 562 668 596 perturbatione
678 583 685 595 ,
701 563 813 597 quando
824 563 949 591 Christus
961 563 1001 591 eis

217 607 379 635 acclamabit
394 617 401 634 :
422 606 522 641 Venite,
542 608 667 635 benedicti
680 608 771 636 Patris
787 609 839 636 mei
855 610 888 642 ",
902 614 928 636 et
941 616 1002 644 quae

188 664 198 696 ξι
218 658 380 688 sequuntur.

194 699 196 702 ’
219 700 397 736 κεκλήσονται
415 701 454 732 εἰς
468 700 604 736 βασιλείαν
624 700 780 737 ἀκλόνητον,
798 701 995 736 ἐπιφωνοῦντος

220 747 335 781 Πατρός
345 756 418 782 μου,
431 748 478 774 καὶ
491 747 525 774 τὰ
543 747 617 783 ἑξῆς.

197 789 199 791 ’
255 795 334 828 Quod
350 795 373 822 si
389 795 452 830 quis
467 795 536 822 nolit
556 795 705 831 intelligere
720 796 826 831 aliquos
837 797 1002 832 serpentium

220 840 308 868 instar
323 840 376 875 ipsi
390 840 448 867 Dan
465 841 634 874 insidiantes,
650 842 697 869 sed
711 842 799 877 ipsum
814 842 875 870 aliis
890 842 1003 870 insidias

221 891 327 914 struere
341 886 481 914 :dicemus
497 895 545 921 per
558 886 615 915 Dan
627 888 702 915 illum
719 889 841 916 denotari
859 888 967 916 Scribas
978 892 1005 916 et

220 931 376 960 Phariszeos
396 932 563 967 hypocritas,
578 934 624 968 qui
646 941 707 960 cum
729 933 776 968 jus
797 934 887 962 dicere
904 935 1004 970 populo

221 978 302 1012 eique
314 984 432 1012 praeesse
453 977 592 1011 deberent,
611 979 776 1013 serpentium
798 979 882 1006 instar
895 978 1004 1007 Christo

222 1023 346 1051 insidiati
369 1027 444 1056 sunt,
461 1023 596 1059 impieque
609 1024 773 1052 studuerunt
793 1024 918 1060 impactis
932 1033 1005 1053 mor-

223 1068 301 1097 sibus
320 1068 436 1102 ciﬁcerc,
452 1074 482 1097 ut
501 1069 524 1097 is
549 1077 597 1105 per
613 1070 694 1097 altam
715 1070 879 1106 plenamque
895 1072 1006 1099 omnino

223 1113 348 1141 semitam
361 1113 518 1150 ingrediens
539 1114 658 1142 caderet.
671 1113 833 1150 Quanquam
854 1124 917 1143 vero
936 1116 1007 1143 ceci-

223 1160 264 1188 dit
286 1167 386 1195 eques,
409 1164 559 1195 spontanea
585 1160 657 1188 obita
681 1166 768 1188 morte
791 1163 892 1196 carnis,
916 1167 1006 1189 tamen

224 1207 323 1234 iterum
336 1206 448 1239 revixit.
465 1206 617 1241 adjutorem
633 1210 661 1234 et
685 1207 856 1235 rcductorem
872 1209 900 1235 in
923 1209 1006 1235 vitam

224 1251 328 1279 habens
352 1252 471 1279 Patrem.
494 1252 562 1279 Cum
582 1253 654 1280 enim
671 1254 789 1287 potentia
809 1253 856 1281 Dei
874 1258 901 1281 et
919 1254 1008 1282 Patris

225 1298 261 1326 sit
276 1297 372 1332 Filius,
386 1299 517 1333 templum
535 1307 615 1326 suum
636 1299 698 1326 vitae
713 1300 841 1327 restituit.
856 1300 948 1335 Itaque
960 1301 1007 1335 qui

224 1348 255 1372 ut
270 1344 352 1372 homo
366 1345 516 1379 periculum
533 1345 663 1378 subierat,
680 1356 695 1375 a
711 1347 790 1375 Patre
813 1346 933 1374 salvatus
947 1354 1009 1374 esse

227 1390 386 1424 alﬁrmatur,
403 1399 560 1426 quanquam
582 1397 679 1420 natura
705 1401 754 1421 sua
776 1393 909 1421 exsistens
925 1391 1008 1426 Deus,

226 1440 254 1464 et
277 1436 431 1464 universam
454 1437 512 1472 ipse
525 1438 659 1466 visibilem
681 1443 708 1466 et
727 1439 888 1467 invisibilem
904 1443 1010 1466 creatu-

227 1491 286 1511 nm
300 1483 327 1510 in
343 1483 415 1511 bono
427 1488 499 1512 statu
513 1492 689 1513 conservans.
707 1485 744 1513 ita
761 1486 914 1521 intelligens
927 1485 1008 1512 etiam

227 1529 338 1556 divinus
357 1529 458 1557 Paulus
481 1530 514 1558 de
536 1531 581 1558 illo
594 1531 632 1558 ait
655 1539 662 1557 :
679 1531 738 1558 Etsi
760 1532 902 1566 crucifixus
917 1537 956 1559 est
976 1539 1008 1559 ea:

227 1575 394 1610 inﬁrmitate,
409 1576 453 1602 sed
467 1576 528 1603 vivit
543 1584 575 1603 ea:
589 1577 684 1604 virtute
703 1577 750 1604 Dei
767 1577 798 1604 ".

267 1662 335 1690 Aser
359 1667 433 1690 sorte
458 1664 562 1698 accepit
588 1663 783 1691 Ptolemaidem‘
809 1667 837 1691 et
867 1664 1009 1696 Sidonem'.

231 1706 293 1734 ideo
306 1707 343 1734 ait
357 1715 364 1733 τ
381 1707 493 1743 Pinguis
505 1709 561 1743 ejus
576 1710 667 1743 panis,
687 1713 712 1736 et
736 1709 790 1744 ipse
810 1709 882 1736 dabit
902 1709 1011 1737 delicias

231 1753 403 1788 principibus.
427 1753 485 1782 Hoc
505 1755 618 1790 ﬁguram
634 1755 785 1783 vocationis
808 1760 909 1783 nostrae
929 1757 1012 1784 inler-

232 1801 382 1831 pretamur.
401 1797 478 1830 Quod
498 1799 571 1826 enim
587 1799 696 1834 pingue,
714 1800 816 1827 lautum
829 1805 878 1828 est.
896 1800 1014 1833 Quinam

232 1850 297 1869 vero
308 1843 387 1877 panis
401 1843 500 1871 lautior
523 1845 635 1872 nostro?
650 1845 747 1873 Noster
763 1847 835 1874 enim
857 1847 936 1881 panis
958 1847 1012 1874 Do-

232 1889 324 1916 minus
339 1893 389 1922 est,
410 1894 438 1916 ut
459 1890 515 1924 ipse
528 1890 584 1917 ait:
602 1890 657 1926 Ego
673 1900 730 1918 sum
750 1893 824 1925 panis
842 1893 902 1920 vita:
916 1893 948 1920 ¹⁵.
963 1891 1015 1920 Ec—

232 1935 295 1969 quis
311 1942 374 1961 vero
389 1935 459 1963 alius
477 1936 551 1963 dabit
566 1937 655 1964 cibum
670 1938 846 1973 principibus,
862 1947 944 1974 quam
958 1939 1023 1966 Do-r

232 1980 324 2008 minus
340 1986 431 2008 noster
453 1981 532 2010 Jesus
554 1983 698 2010 Christus?
716 1983 774 2012 Non
796 1989 902 2012 tantum
918 1985 952 2013 iis
967 1985 1013 2020 qui

232 2026 347 2054 credunt
359 2035 374 2054 c
385 2028 521 2062 gentibus,
535 2029 581 2056 sed
598 2029 679 2056 etiam
693 2038 724 2058 ex
737 2031 955 2064 circumcisione,
968 2032 1013 2066 qui

231 2073 415 2108 principatum
439 2079 531 2101 tenent
557 2075 583 2101 in
608 2076 675 2108 (ide,
701 2077 752 2104 hoc
772 2082 814 2104 est
833 2077 970 2112 patribus.
988 2082 1014 2104 et

232 2119 407 2155 patriarchis,
425 2124 453 2147 et
467 2122 620 2156 prophetis,
638 2122 819 2158 omnibusque
842 2123 1014 2152 credentibus

232 2165 261 2192 in
277 2174 374 2193 nomen
392 2165 451 2202 ejus
465 2175 497 2194 ac
510 2168 674 2202 passionem.

1048 244 1131 271 ἐστίν.
1149 244 1227 271 Κατά
1241 253 1272 278 γε
1288 244 1372 279 αὐτὴν
1382 244 1505 277 ἐγένοντο
1525 243 1573 279 τὴν
1590 243 1716 279 πτέρναν·
1731 244 1817 277 Αὐτὸς

1049 291 1103 326 γάρ
1119 297 1177 317 σου
1189 289 1312 324 τηρήσει
1324 289 1382 323 τὴν
1395 289 1540 323 κεφαλὴν,
1555 288 1604 315 καὶ
1616 289 1656 315 σὺ
1672 288 1760 315 αὐτοῦ
1773 297 1817 322 τη-

1047 336 1153 369 ρήσεις
1167 334 1305 368 πτέρναν.
1327 334 1538 360 Ἐπεόούλευσαν
1552 334 1581 360 δὲ
1595 333 1667 360 οὕτω
1684 333 1752 366 τινὲς
1768 335 1818 365 rei;

1051 382 1138 415 ἁγίοις
1154 381 1320 413 ἀποστόλοις,
1336 381 1372 412 ὼς
1394 381 1440 407 καὶ
1459 380 1537 407 αὐτὸν
1553 380 1702 414 ἐπαγαγεῖν
1720 380 1762 406 τὸν
1776 379 1819 414 τῆς

1052 426 1151 461 σαρκὸς
1174 425 1296 452 θάνατον.
1310 426 1364 452 Καὶ
1386 425 1417 461 δὴ
1440 424 1557 451 τοιοῦτον
1577 425 1723 459 ὑποστῆναί
1739 432 1820 459 φαμεν

1052 470 1150 501 αὐτοὺς
1163 471 1251 497 ὁποῖον
1268 470 1347 497 πάθοι
1363 470 1379 505 ἢ
1397 470 1476 504 τυχὸν
1491 469 1558 501 ποῦς
1573 469 1734 500 ὀκλάσαντος
1746 469 1820 495 ἵππου

1054 517 1100 543 καὶ
1121 516 1214 543 ἁνόπιν
1236 515 1329 551 ὥσπερ
1349 516 1521 551 ὑφεξηκότος·
1543 515 1757 550 ὑπεραρθήσεται
1774 515 1821 551 γὰρ

1055 562 1186 597 ἐπιϐάτης
1198 562 1245 588 καὶ
1255 563 1294 593 εἰς
1310 562 1360 597 γῆν
1373 559 1449 596 οἶμαί
1459 570 1508 588 που
1525 560 1678 596 περιπεσὼν
1692 561 1822 596 περιμένει

1053 607 1098 634 τὸν
1115 607 1212 639 ζῶντα.
1229 608 1465 644 Περιμεμενήκασι
1477 607 1506 634 δὲ
1522 607 1569 634 καὶ
1585 608 1610 633 οἱ
1629 606 1762 633 θεσπέσιοι
1777 615 1825 641 μα-

1055 653 1134 688 θηταὶ
1148 653 1195 680 τὸν
1209 654 1259 689 τῆς
1271 653 1373 681 ἑαυτῶν
1391 653 1526 688 σωτηρίας
1537 653 1641 688 καιρδν,
1657 652 1717 679 καθ’
1731 652 1759 679 ὃν
1774 653 1824 678 εἰσ-

1018 702 1109 733 αὐτοῖς
1136 701 1183 728 τοῦ
1211 701 1328 737 Χριστοῦ
1355 701 1397 727 τό’
1413 701 1513 731 Δεῦτε,
1522 702 1548 727 at
1568 699 1760 735 εὐλογημένοι
1777 699 1826 726 τοῦ

1089 794 1144 821 Καὶ
1159 793 1250 824 πάλιν,
1263 792 1286 818 εί
1302 791 1330 818 δὲ
1344 791 1380 827 μὴ
1398 789 1510 825 βούλητό
1521 798 1563 820 τις
1575 789 1634 823 οὐχὶ
1654 787 1693 823 τῷ
1707 787 1758 814 Δὰν
1772 787 1826 813 ἐσε-

1056 839 1118 866 σῦαί
1130 847 1204 870 τινας
1215 838 1252 870 ὡς
1265 837 1325 871 ὖφις
1342 836 1556 871 ἐγκαθημένους,
1566 834 1622 861 ἀλλ’
1636 833 1717 860 αὑτὸν
1735 832 1827 868 ἑτέροις

1020 904 1040 932 Β
1056 884 1240 912 ἐπιϐουλεύειν
1256 883 1300 911 τὸν
1314 882 1366 908 Δὰν
1377 883 1489 913 ἐκεῖνον,
1507 879 1622 917 ἐροῦμεν
1634 879 1675 905 ὃτι
1688 879 1718 905 τὸ
1735 878 1828 932 κρίνειν

1055 931 1102 958 καὶ
1126 929 1303 965 καθηγεῖσθαι
1329 928 1401 954 λαῶν
1424 927 1529 962 ἔχοντες
1551 928 1576 952 οἱ
1596 926 1770 961 Γραμματεῐς
1788 923 1829 950 καὶ

1055 977 1211 1012 Φαρσιαῑοι,
1237 974 1381 1010 ὕποκριταὶ
1406 972 1489 1008 ἔχεων
1519 972 1595 1007 δίκην
1628 971 1775 1005 ἐπεφύοντο
1797 970 1830 1004 τῷ

1055 1023 1174 1060 Χριστῷ,
1197 1023 1243 1048 καὶ
1255 1021 1395 1052 οἱονειπως
1410 1019 1456 1046 τοῦ
1474 1020 1505 1045 ἐκ
1521 1018 1567 1046 τοῦ
1589 1018 1698 1044 πίπτειν
1714 1018 1757 1044 διὰ
1770 1017 1831 1052 ὑψη-

1055 1069 1105 1104 λῆς
1118 1068 1243 1096 ὁδεύοντα
1257 1067 1304 1094 καί
1314 1067 1388 1097 λείας
1406 1066 1503 1093 ἄττονα
1519 1064 1610 1101 τριῦον
1630 1064 1765 1098 δήγμασιν
1784 1072 1830 1089 πει-

1057 1114 1237 1151 ρακόπτοντες
1258 1113 1372 1144 ἀνοσίως
1398 1110 1572 1142 ἐσπούδαζον.
1601 1109 1669 1135 Ἀλλ’
1688 1110 1714 1135 εί
1731 1109 1776 1135 καὶ
1791 1108 1832 1133 πέ-

1057 1169 1164 1188 πτωκεν
1180 1161 1194 1186 ὁ
1212 1160 1320 1190 ἱππεὺς,
1335 1156 1474 1192 ἐθελοντὴς
1489 1154 1604 1186 ἀνατλὰς
1619 1155 1664 1180 τὸν
1681 1155 1730 1188 τῆς
1741 1153 1833 1188 σαρκίς

1058 1206 1181 1233 θάνατον·
1197 1204 1252 1231 ἀλλ’
1272 1202 1318 1230 οὖν
1340 1203 1386 1230 καὶ
1407 1200 1586 1229 ἁναϐιώσεται
1609 1199 1782 1234 συλλήπτορα
1794 1199 1833 1224 και

1057 1250 1199 1284 ἐπαγωγὸν
1216 1248 1374 1283 ποιούμενος
1387 1246 1432 1272 τὸν
1449 1246 1566 1280 Πατέρα.
1596 1244 1716 1278 Δύναμις
1734 1243 1788 1278 γὰρ
1802 1242 1834 1268 ὢν

1057 1297 1104 1324 τοῦ
1120 1294 1187 1322 Θεοῦ
1203 1295 1249 1321 καὶ
1263 1293 1369 1329 Πατρὸς
1388 1293 1402 1319 ὸ
1424 1292 1496 1324 Υἱὸς,
1512 1291 1556 1317 τὸν
1572 1290 1636 1316 ἴδιον
1655 1289 1738 1316 αὑτοῦ
1762 1287 1834 1320 ἐζωο-

1058 1342 1131 1377 γόνει
1147 1341 1219 1368 ναόν.
1241 1339 1334 1374 Ταύτῃ
1352 1337 1484 1364 σεσῶσθαι
1505 1336 1613 1370 λέγεται
1629 1335 1705 1370 παρὰ
1724 1334 1770 1360 τοῦ
1787 1334 1835 1360 Πα-

1058 1389 1122 1425 τρὸς
1138 1385 1349 1417 κεκινδυνευκὼς
1360 1384 1397 1415 ὡς
1408 1383 1558 1419 ἄνθρωπος,
1573 1382 1661 1408 καίτοι
1676 1381 1748 1408 κατὰ
1763 1380 1836 1415 φύσιν

1059 1435 1189 1470 ὑπάρχων
1204 1432 1280 1464 Θεὸς,
1297 1431 1345 1458 καὶ
1360 1431 1423 1466 ὅλην
1437 1429 1517 1460 αὐτὸς
1533 1429 1573 1460 εἰς
1586 1428 1616 1455 τὸ
1631 1426 1661 1454 εὖ
1676 1425 1746 1454 εἶναι
1765 1427 1836 1453 συνέ-

1060 1490 1114 1517 χων
1128 1479 1226 1516 ὁρατήν
1239 1487 1269 1505 τε
1284 1478 1330 1504 καὶ
1343 1477 1456 1513 ἀόρατον
1472 1476 1569 1502 κτίσιν.
1590 1474 1668 1501 Οὕτω
1685 1482 1737 1500 που
1755 1473 1837 1502 συνεὶς

1061 1528 1108 1555 καὶ
1131 1528 1145 1553 ὁ
1168 1525 1309 1556 θεσπέσιος
1331 1523 1436 1554 Παῦλος
1456 1522 1519 1558 περὶ
1540 1520 1622 1548 αὑτοῦ
1649 1528 1724 1555 φησι·
1741 1521 1777 1546 Et
1796 1518 1838 1544 καὶ

1023 1575 1044 1604 c
1059 1571 1232 1606 ἐσταυρώθη
1245 1570 1279 1603 ἐξ
1298 1569 1465 1601 ἀσθενείας,
1486 1567 1565 1594 ἀλλὰ
1581 1565 1615 1600 ζῇ
1634 1565 1682 1592 καὶ
1705 1565 1739 1591 ἐκ
1755 1563 1840 1590 δυνά-

1059 1627 1138 1654 μεως
1151 1617 1234 1644 Θεοῦ.

1105 1663 1188 1699 Ἀσὴρ
1203 1660 1404 1698 ἐκληρονόμησε
1420 1658 1455 1686 τὰ
1475 1659 1538 1694 περὶ
1551 1656 1720 1692 Πτολεμαΐδα
1739 1656 1789 1682 καὶ
1804 1655 1840 1680 Σι-

1063 1710 1143 1742 δῶνα,
1159 1709 1206 1736 καὶ
1219 1708 1261 1735 διὰ
1277 1707 1354 1734 τοῦτό
1365 1715 1441 1742 φησι·
1455 1706 1534 1732 11ιων
1544 1703 1637 1731 αὑτοῦ
1651 1705 1667 1730 ὁ
1678 1702 1784 1736 ἄρτος,
1798 1701 1840 1727 καὶ

1064 1756 1155 1789 αὐτὸς
1176 1754 1264 1782 δώσει
1281 1753 1397 1788 τρυφὴν
1418 1751 1554 1786 ἄρχουσι.
1567 1750 1652 1776 Τοῦτο
1672 1748 1841 1783 λαμϐάνομεν

1065 1803 1105 1834 εἰς
1117 1802 1201 1829 τύπον
1217 1801 1266 1836 τῆς
1281 1801 1402 1835 κλήσεως
1419 1799 1467 1833 τῆς
1486 1796 1631 1832 ἡμετέρας.
1645 1795 1681 1821 Τὸ
1704 1793 1759 1829 γὰρ
1777 1792 1840 1822 πίον,

1064 1847 1177 1884 λιπαρόν
1203 1848 1271 1873 ἐστι.
1295 1845 1416 1880 Λιπαρὸς
1441 1843 1468 1870 δὲ
1484 1843 1555 1873 τίνος
1578 1841 1659 1876 ἄρτος
1672 1840 1690 1875 ἦ
1705 1839 1802 1875 ἡμῶν;
1817 1838 1841 1863 ‘0

1064 1895 1118 1930 γὰρ
1134 1893 1236 1929 Κύριός
1260 1892 1333 1918 ἐστιν
1356 1889 1433 1926 ἡμῶν
1457 1890 1471 1916 ὁ
1492 1889 1583 1924 ἄρτος,
1601 1885 1693 1917 καθὼς
1712 1884 1842 1919 λέγεικαὶ

1065 1929 1154 1971 αὐτὸς*
1174 1938 1244 1974 Ἐγώ
1263 1939 1322 1972 ειμι
1343 1939 1359 1964 ὀ
1372 1936 1459 1969 ἄρτος
1482 1933 1535 1968 τῆς
1552 1932 1636 1966 ζωῆς·
1649 1931 1697 1963 Τίς
1721 1931 1751 1957 δὲ
1773 1929 1843 1959 an";

1065 1987 1144 2014 δώσει
1168 1986 1270 2022 τροφὴν
1293 1985 1431 2020 ἄρχουσιν,
1457 1982 1505 2018 ἢὸ
1523 1980 1624 2016 Κύριος
1648 1978 1727 2013 ἡμῶν
1748 1976 1844 2013 Ἰησοῦς

1065 2033 1197 2069 Χριστ6ς;
1214 2032 1250 2058 Οὺ
1267 2031 1345 2066 μόνον
1361 2031 1416 2061 τοῖς
1437 2027 1466 2060 ἐξ
1487 2027 1571 2053 ἐθνῶν
1585 2025 1771 2057 πιστεύουσιν,
1785 2022 1844 2050 ὀ,ὶᾶεᾶ

1066 2079 1179 2109 καὶτοῖς
1194 2078 1226 2103 ὲκ
1245 2076 1409 2111 περιτομῆς,
1423 2073 1564 2109 ἐξάρχουσι
1582 2071 1629 2106 τῆς
1644 2071 1774 2101 πίστεως.
1784 2079 1846 2096 tam?

1069 2125 1127 2152 ἐστι
1167 2123 1286 2158 πατράσι
1308 2121 1355 2148 καὶ
1378 2119 1574 2155 πατριάρχαις,
1599 2116 1648 2143 καὶ
1676 2115 1844 2151 προφήταις,

1067 2170 1114 2196 καὶ
1130 2169 1195 2195 πᾶσι
1209 2169 1265 2199 τοῖς
1281 2165 1452 2193 πιστεύουσιν
1468 2165 1506 2195 εἰς
1519 2163 1548 2189 τὸ
1561 2162 1645 2197 ὅνομα
1657 2160 1739 2188 αὑτοῦ
1754 2161 1801 2186 καὶ
1813 2160 1845 2187 εἰς

1066 2217 1097 2243 τὺ
1112 2215 1206 2247 πάθος.

270 2256 368 2285 Cenes.
389 2266 463 2290 xtlx,
476 2258 558 2285 21—26
574 2268 580 2286 :
599 2258 771 2294 Nephlhalim
786 2261 927 2297 virgultum
944 2270 1014 2289 reso-
1029 2265 1051 2292 D
1101 2263 1209 2296 Nesctia.

1101 2260 1268 2296 Νεφθαλείμ
1293 2259 1437 2294 στέλεχος
1460 2257 1615 2293 ἀνειμένον
1639 2254 1794 2288 erudito/iw
1818 2253 1847 2279 ἐν

234 2302 329 2335 lutum,
344 2303 410 2330 dans
429 2305 457 2330 in
480 2306 593 2340 germine
608 2306 840 2341 pulchritudinem.
861 2306 949 2334 Filius
968 2316 1015 2334 au-

234 2353 292 2374 ctus
311 2348 417 2383 Ioseph,
432 2350 504 2384 filius
521 2357 612 2378 auctus
632 2361 703 2380 meus
720 2353 835 2384 uelatus,
856 2353 927 2387 ﬁlius
945 2361 1016 2381 meus

234 2393 443 2427 adolescentior;
468 2397 502 2423 ad
527 2405 566 2424 me
591 2403 725 2425 revertere.
749 2399 782 2426 In
806 2408 881 2434 quem
905 2401 1017 2427 consilia

234 2440 394 2474 conferentes
410 2442 608 2476 maledicebant,
624 2449 648 2471 et
664 2445 829 2472 intendebant
851 2446 878 2472 in
897 2454 955 2472 eum
969 2447 1017 2473 do-

236 2486 301 2512 mini
323 2489 532 2522 sagittationum.
556 2490 590 2517 Et
609 2492 714 2518 contriti
737 2497 797 2518 sunt
821 2501 879 2519 cum
900 2494 1017 2527 potentia

236 2540 314 2560 arcus
333 2541 432 2567 eorum,
445 2540 469 2562 et
483 2536 604 2564 dissoluti
619 2542 680 2564 sunt
696 2539 766 2565 nervi
782 2538 947 2565 brachiorum
962 2547 1018 2565 ma-

237 2585 320 2605 nuum
333 2587 423 2606 eorum
447 2589 493 2616 per
515 2591 622 2610 manum
641 2584 753 2618 potentis
767 2584 861 2612 Iacob.
883 2584 949 2611 Inde
971 2585 1016 2619 qui

236 2625 395 2658 confortavit
415 2626 500 2655 Israel
522 2638 539 2656 α
561 2629 614 2656 Deo
631 2631 716 2664 patris
739 2631 788 2658 tui.
811 2630 846 2657 Et
869 2631 970 2665 adjuvit
993 2637 1018 2658 te

237 2669 307 2696 Deus
319 2679 400 2705 meus,
418 2678 441 2700 et
456 2674 586 2702 benedixit
599 2682 624 2703 te
638 2675 814 2703 benedictione
828 2676 885 2703 coeli
898 2676 1017 2711 desuper.

236 2721 260 2742 et
277 2715 451 2747 benedictione
473 2726 550 2749 terra:
567 2722 686 2749 habentis
707 2722 805 2755 omnia,
822 2727 927 2757 propter
941 2722 1016 2748 bene-

285 2835 305 2855 “
319 2835 384 2864 Gen.
405 2844 446 2871 ιιι,
459 2837 503 2865 15.
555 2837 576 2852 ¹¹
590 2835 684 2864 Matth.
700 2843 762 2868 xxv,
780 2835 823 2862 Et.

871 2836 891 2851 "
906 2835 926 2862 ll
943 2835 1006 2862 Cor.
1023 2842 1083 2868 xm,
1095 2834 1122 2862 4.

1067 2309 1107 2342 τῷ
1128 2307 1288 2344 γεννήματι
1303 2306 1426 2339 κάλλος.
1448 2305 1515 2337 Υἱὸς
1535 2303 1707 2338 ηὐξημένος
1729 2301 1845 2333 Ἰωσὴἕὲι

1067 2355 1132 2389 υίὸς
1143 2353 1311 2389 ηὐξημένος
1323 2362 1382 2388 μου
1398 2351 1534 2386 ζηλωτὸς,
1546 2350 1610 2383 υίός
1624 2358 1685 2384 μου
1697 2348 1845 2377 νεώτατος

1068 2403 1143 2436 πρός
1165 2409 1203 2435 με
1229 2398 1430 2432 ἀνάστρεψον.
1452 2397 1503 2429 Εἰς
1532 2395 1568 2422 ὃν
1591 2393 1848 2427 διαϐουλευόμενιι

1068 2448 1250 2482 ἐλοιδόρουν,
1261 2446 1309 2473 καὶ
1324 2445 1440 2480 ἐνεῖχσν
1452 2443 1531 2476 αὐτῷ
1541 2443 1637 2477 κύριοι
1652 2440 1845 2475 τοξευμάτων-

1069 2494 1125 2522 Καὶ
1136 2494 1294 2528 συνετρίϐη
1306 2492 1380 2527 μετὰ
1394 2491 1521 2526 κράτους
1538 2490 1575 2517 τὰ
1591 2489 1667 2522 τόξα
1681 2487 1791 2519 αὐτῶν,
1806 2484 1847 2512 και

1069 2541 1196 2574 ἐξελύθη
1216 2539 1252 2566 τὰ
1269 2539 1361 2572 νεῦρα
1378 2538 1548 2572 βραχιόνων
1560 2535 1669 2570 χειρῶν
1686 2533 1789 2562 αὐτῶν
1807 2530 1849 2557 διὰ

1070 2586 1153 2621 χεῖρα
1179 2584 1329 2611 δυνάστου
1351 2583 1456 2610 Ἰακώϐ.
1478 2582 1604 2609 Ἐκεῖθεν
1624 2581 1640 2607 ὀ
1664 2579 1849 2621 κατισχύσας

1076 2629 1195 2664 Ἰσραὴλ
1213 2629 1292 2664 παρὰ
1314 2628 1387 2655 Θεοῦ
1405 2627 1458 2654 τοῦ
1475 2626 1584 2660 πατρός
1608 2633 1678 2652 σου.
1694 2624 1753 2652 Kal
1773 2620 1850 2651 ἐϐοή-

1071 2676 1145 2710 οησέ
1161 2683 1210 2703 σοι
1228 2678 1244 2703 ὁ
1261 2674 1332 2708 Θεὸς
1345 2676 1360 2701 ό
1373 2673 1454 2708 ἐμὸς,
1477 2673 1525 2700 καὶ
1545 2670 1699 2707 εὐλόγησέ
1712 2679 1751 2698 σε
1769 2669 1849 2696 εὐλυ-

1071 2721 1139 2756 τίαν
1154 2719 1282 2756 οὐραγοῦ
1296 2720 1420 2752 ἄνωθεν,
1434 2719 1483 2746 καί
1501 2717 1642 2753 εὐλογίαν
1654 2716 1713 2752 γῆς
1724 2714 1850 2752 ἐχούσης·

1169 2833 1191 2852 ¹⁵
1204 2833 1282 2874 ann.
1296 2841 1321 2861 Vl
1330 2854 1337 2868 ,
1350 2833 1393 2860 55.
