1860 3051
190 103 244 132 605

623 99 651 126 S.
670 95 853 125 HIPPOLYTI
870 94 945 123 ΟΡΡ.
964 93 1054 122 PARS
1071 93 1091 121 1.
1113 108 1148 113 -
1164 90 1376 120 EXEGETlCA.

1757 83 1812 110 604

226 164 325 193 Genes.
342 171 415 196 xux,
441 161 476 188 27
489 170 496 189 :
510 160 649 195 Benjamin
674 159 751 194 lupus
776 165 880 193 rapax,-
895 164 972 184 mane
985 160 1010 188 Α

1061 155 1200 190 Βενιαμὶν
1213 154 1306 186 λύκος
1319 150 1419 186 ἅρπαξ
1422 149 1479 183 (es
1491 148 1622 196 apem-er
1639 145 1736 173 ἔδεται
1755 145 1811 177 ἔτι,

190 210 306 238 comedet
320 209 416 238 adhuc.
431 212 455 234 et
468 207 502 234 ad
518 214 649 241 vesperam
671 205 718 232 dat
737 213 834 234 escam.

226 255 344 282 Omnino
366 253 480 288 quadrat
508 253 536 280 in
565 252 680 279 Paulum
711 251 866 286 apostolum
886 249 933 285 qui
959 256 975 276 θ

191 299 263 326 tribu
274 298 413 332 Benjamin
429 297 489 324 fuit.
507 296 575 324 Cum
590 297 662 324 enim
672 296 781 331 juvenis
794 300 876 329 esset,
893 295 977 329 lupus

191 345 243 371 fuit
256 351 356 378 rapax;
371 347 514 378 postquam
525 350 591 369 vero
604 341 728 371 credidit,
740 340 856 375 prazbuit
872 339 973 367 cibum.

191 390 350 418 Declaratur
360 389 440 416 nobis
457 388 547 416 ethoc
563 395 609 422 per
627 388 742 422 gratiam
755 386 864 414 Domini
886 384 975 412 nostri

187 436 251 462 Jesu
270 434 383 466 Christi,
408 434 482 469 quod
498 434 584 461 tribus
608 434 748 468 Benjamin
775 434 803 461 in
818 431 977 469 principati-

188 481 250 514 bus,
268 480 322 507 hoc
343 480 416 507 enim
445 483 487 507 est
503 487 590 512 "iane,
618 479 799 514 persequitur.
828 478 893 506 Saul
904 480 976 507 enim

188 527 233 562 qui
249 535 264 554 e
281 527 353 553 tribu
369 525 511 560 Benjamin
528 525 589 559 fuit,
602 525 731 552 Davidcm
745 525 860 560 ﬁguram
874 525 976 553 Christi

188 576 326 607 gerentem
339 575 381 599 est
399 574 571 605 persecutus.

1026 201 1074 228 καὶ
1090 201 1133 233 εἰς
1151 199 1185 226 τὸ
1201 198 1331 232 ἑσπέρας
1353 196 1476 222 δίδωσιν
1490 193 1612 228 τροφήν.

1063 246 1231 274 Hirrotvrus
1254 254 1260 271 :
1276 242 1443 279 Συναρμόςει
1463 241 1533 267 πάνυ
1547 239 1585 274 τῷ
1601 240 1634 265 ὲκ
1645 237 1731 272 φυλῆς
1747 236 1813 263 Βεν-

1028 293 1103 328 ιαμὶν
1135 291 1240 326 Παύλῳ.
1256 291 1321 316 Ὅτε
1347 289 1401 325 γὰρ
1419 286 1454 324 ἦν
1476 287 1546 318 νέος,
1566 285 1647 316 λύκος
1659 281 1694 319 ἦν
1709 282 1810 328 ἆρποξ·

1026 327 1124 366 δέδωκε
1138 338 1166 364 δὲ
1178 336 1278 372 τροφὴν
1292 335 1449 366 πιστεύσας.
1458 332 1587 368 Δηλοῦται
1598 330 1666 366 ἡμῖν
1676 329 1722 356 καὶ
1734 327 1814 354 τοῦτο

1028 385 1073 411 διὰ
1088 385 1137 419 τῆς
1151 383 1261 418 χάριτος
1275 382 1320 409 τοῦ
1338 380 1441 417 Κυρίου
1468 378 1547 415 ἡμῶν
1572 376 1661 413 Ἰησοῦ
1680 374 1809 411 Χριστοῦ,

1028 430 1069 456 ὅτι
1084 430 1100 464 ἡ
1118 428 1247 463 Βενιαμὶν
1271 427 1341 462 φυλὴ
1358 428 1386 453 ἐν
1401 426 1459 457 ταῖς
1487 425 1599 460 ἀρχαῖς,
1617 423 1686 457 ὅπερ
1701 421 1757 448 ἐςτί
1777 420 1811 446 τὸ

1028 474 1169 509 aputu-dar,
1182 473 1283 500 διώκει.
1308 473 1337 499 '0
1361 471 1415 508 γὰρ
1441 470 1527 498 Σαοὺλ
1548 469 1577 501 ὃς
1593 467 1627 504 ἦν
1641 469 1673 494 ὲκ
1687 467 1736 502 τῆς
1749 467 1812 493 Βεν-

1030 518 1105 556 ιαμὶν
1122 520 1223 556 φυλῆς,
1241 519 1288 546 τὸν
1315 519 1355 551 εἰς
1386 518 1471 543 τύπον
1492 515 1539 543 τοῦ
1561 515 1666 559 Κυρίου
1689 513 1813 548 κείμενον

1028 566 1108 594 Δαυϊδ
1124 566 1245 593 ἐδίωκεν.

987 616 1027 644 ll.‘

345 666 388 693 Ex
402 665 506 692 Leontii
523 671 548 693 et
562 665 674 693 Joannis
695 665 796 693 Rerum
825 673 964 694 sacrarum
987 664 1053 692 libra
1071 671 1102 697 11,
1125 671 1168 698 ap.
1183 662 1249 695 MAI,
1264 661 1364 696 Script.
1382 665 1447 693 vet.,
1462 659 1547 693 LVII,
1558 667 1584 694 ρ.
1596 659 1640 687 84.

189 712 228 740 Ex
251 713 339 740 sancti
370 713 505 749 Hippolyti
530 713 623 741 Romae
651 713 854 741 Commentario
873 715 900 741 in
927 713 980 741 Ge-

225 767 325 788 nesrm.

1032 711 1086 739 Τοῦ
1107 711 1186 746 ἁγίου
1206 709 1363 737 Ἱππολύτου
1388 708 1496 744 Ῥώμης
1512 707 1567 744 (11)
1589 708 1621 734 ὲκ
1641 707 1692 742 τῆς
1715 706 1754 737 εἷς
1769 705 1816 741 τὴν

1067 759 1179 793 Γὲνησιν
1194 757 1393 793 πραγματείας.

224 806 292 834 Gen.
309 814 339 839 tl,
353 806 369 832 7
389 815 396 833 :
411 805 549 833 Formanit
565 807 648 841 igitur
660 806 789 833 Dominus
803 806 874 833 Deus
891 806 976 833 liomi-
991 804 1015 831 Β

1062 807 1115 833 Καὶ
1130 805 1266 832 ἔπλασεν
1283 805 1299 831 ό
1319 804 1390 836 Θεὸς
1408 802 1462 829 τὸν
1478 802 1634 836 ἄνθρωπον
1659 801 1735 836 χοῦν
1758 800 1815 828 ἀπὸ

189 860 248 879 nem
261 852 294 879 de
308 852 371 878 limo
387 857 473 879 term.
499 851 555 879 Cur
568 852 627 879 ita?
649 851 744 879 Nonne
755 853 833 887 juxta
845 860 976 887 querunt-

189 898 251 924 dam
276 897 431 932 opinionem
470 902 526 925 tres
564 897 688 925 homines
724 898 839 932 legimus
871 897 974 930 factos,

190 949 275 969 unum
291 942 467 976 -spiritalem,
497 942 579 969 alium
605 943 766 975 animalem,
793 943 875 970 alium
892 947 976 970 terre-

189 988 291 1014 strem?
314 987 373 1014 Non
399 995 442 1015 res
456 987 492 1014 ita
518 995 547 1014 se
562 987 662 1020 habet;
677 988 723 1015 sed
742 988 775 1015 de
795 996 851 1016 uno
869 993 975 1015 tantum

189 1033 299 1060 homine
313 1033 433 1068 loquitur
447 1037 501 1061 tota
525 1033 655 1068 narratio.
668 1033 725 1062 Hoc
734 1034 841 1068 quidem
856 1044 862 1061 :
879 1033 977 1061 Facia—

189 1087 258 1111 mus,
271 1079 305 1106 de
320 1079 430 1106 homine
444 1078 536 1106 futuro
560 1084 614 1112 est;
643 1079 708 1106 illud
734 1085 824 1107 autem
838 1089 844 1107 :
863 1079 978 1106 Forma-

189 1122 228 1148 vit
241 1142 248 1149 .
265 1142 272 1149 .
290 1141 297 1149 .
316 1122 445 1149 Dominus
464 1123 531 1151 Deus
554 1124 685 1150 hominem
711 1125 743 1151 de
760 1125 822 1151 limo
840 1131 925 1156 terrm,
944 1125 978 1152 de

188 1175 244 1195 uno
264 1176 296 1196 ac
317 1169 411 1196 eodem
441 1169 552 1197 homine
579 1170 609 1197 lit
634 1171 763 1198 narratio.
790 1171 870 1198 Modo
887 1171 952 1199 dicit
970 1181 976 1198 :

189 1213 369 1246 Fiat;modo
388 1219 480 1243 autem
506 1215 583 1251 facit,
600 1221 628 1244 et
653 1217 793 1252 quomodo
819 1217 896 1251 facit,
915 1226 979 1245 nar-

188 1263 277 1288 ratur.

1028 851 1083 885 τῆς
1105 851 1171 886 γῆς.
1200 850 1233 877 Τί
1253 849 1280 877 δέ
1307 851 1364 876 ἐστι
1388 848 1483 881 toﬁ-.0;
1499 846 1552 883 ἆρα
1577 847 1613 883 μὴ
1629 847 1702 874 κατὰ
1714 847 1763 882 τὴν
1778 855 1817 873 τε-

1028 898 1081 926 γῶν
1098 898 1234 929 ὑπόνοιαν,
1256 897 1331 932 τρεῖς
1349 895 1507 931 ἀνθρώπους
1532 894 1647 929 λέγομεν
1667 893 1816 927 γεγονέναι,

1028 946 1076 972 ἕνα
1089 943 1282 980 πνευματικὸν,
1305 943 1353 969 καὶ
1382 942 1429 968 ἕνα
1442 941 1566 977 ψυχικὸν,
1581 941 1628 967 καὶ
1646 940 1694 966 ἕνα
1708 939 1816 974 χοῖκόν;

1028 992 1077 1027 οὐχ
1090 991 1175 1022 οὕτως
1191 990 1258 1025 ἔχει,
1287 988 1355 1015 ἀλλὰ
1382 988 1446 1024 περὶ
1470 987 1529 1019 ἑνὸς
1548 987 1693 1022 ἀνθρώπου
1713 987 1729 1021 ἡ
1745 987 1818 1016 πᾶσα

1028 1038 1162 1072 διήγησις
1182 1036 1210 1062 τὸ
1232 1035 1295 1071 γάρ·
1309 1034 1493 1068 Ποιήσωμεν,
1509 1033 1573 1068 περὶ
1594 1032 1738 1068 μέλλοντός
1750 1032 1816 1057 ἐστι·

1027 1082 1057 1108 τὸ
1071 1081 1108 1108 δέ·
1129 1081 1286 1114 Ἐποίησεν
1298 1081 1314 1106 ὁ
1330 1079 1402 1112 Θεὸς
1417 1079 1470 1106 τὸν
1484 1078 1642 1112 ἄνθρωπον
1668 1078 1745 1112 χοῦν
1759 1077 1815 1103 ἀπὸ

1028 1127 1082 1162 τῆς
1098 1127 1164 1162 γῆς,
1181 1126 1251 1153 ὥστε
1267 1126 1330 1162 περὶ
1341 1126 1399 1160 ἐνὸς
1410 1124 1554 1161 ἀνθρώπου
1569 1124 1615 1151 τοῦ
1633 1124 1717 1150 αὑτοῦ
1731 1125 1748 1159 ἡ
1762 1124 1817 1158 διή-

1028 1182 1109 1208 γησις
1134 1173 1248 1207 γίνεται·
1263 1172 1323 1198 τότε
1340 1171 1394 1207 γὰρ
1410 1172 1499 1205 λέγει·
1516 1167 1720 1204 Γενήσεσθαι,
1734 1170 1780 1196 νῦν
1792 1170 1817 1196 δὲ

1030 1221 1113 1251 ποιεῖ,
1129 1219 1175 1245 καὶ
1186 1219 1215 1245 τὸ
1232 1218 1290 1250 πῶς
1306 1220 1378 1245 ποιεῖ
1390 1219 1531 1254 διηγεῖται.

982 1321 1028 1349 ill.

452 1367 530 1402 Apud
545 1367 575 1396 S.
593 1368 784 1404 Hieronymum
796 1389 805 1402 ,
821 1368 900 1404 epist.
919 1368 953 1396 36
968 1369 1003 1396 ad
1019 1369 1175 1401 Damasum,
1192 1377 1263 1396 num.
1280 1369 1324 1397 18.
1341 1368 1396 1404 (Ea:
1412 1367 1550 1402 Galland.)

225 1413 281 1449 (-12)
297 1413 373 1442 Isaac
393 1419 485 1450 portat
513 1415 658 1451 imaginem
672 1416 720 1444 Dei
736 1416 835 1445 Patris.
851 1417 975 1444 Rebecca
989 1420 1010 1448 C
1027 1417 1103 1445 ribus
1118 1417 1298 1452 accipiuntur.
1324 1415 1402 1449 Quod
1431 1420 1520 1442 autem
1554 1415 1621 1442 duos
1644 1414 1763 1448 iubetur
1779 1411 1818 1439 al-

189 1458 307 1494 Spiritus
324 1460 423 1487 sancti.
436 1460 508 1488 Esau
521 1462 614 1496 populi
630 1462 741 1496 prioris,
756 1468 784 1490 et
801 1462 913 1490 diaboli.
929 1461 976 1489 Ja-

188 1506 239 1534 cob
251 1506 388 1539 Ecclesiae,
400 1507 458 1534 sive
471 1506 586 1535 Christi.
599 1508 730 1535 Senuisse
747 1508 833 1541 Isaac,
848 1516 977 1535 consum-

188 1553 337 1580 mationem
351 1553 438 1582 ,orbis
463 1554 601 1581 ostendit:
630 1555 716 1582 oculis
737 1555 880 1590 caligasse,
897 1557 976 1584 tidem

188 1598 293 1633 perisse
306 1598 339 1625 de
355 1598 469 1632 mundo,
497 1603 524 1626 et
553 1599 694 1634 religionis
717 1601 810 1628 lumen
838 1606 900 1628 ante
914 1610 977 1628 eum

188 1643 342 1678 neglectum
357 1651 418 1670 esse
433 1643 577 1678 significat.
593 1643 670 1676 Quod
695 1644 768 1672 ﬁlius
795 1646 883 1680 major
898 1654 978 1674 voca~

188 1694 244 1722 tur,
263 1689 387 1724 acceptio
401 1689 469 1724 legis
487 1693 529 1716 est
542 1687 710 1716 Iud-morum.
727 1689 805 1722 Quod
818 1699 895 1718 escas
918 1691 977 1726 ejus

188 1739 271 1769 atque
287 1739 429 1769 capturam
446 1734 534 1770 diligit
555 1739 643 1769 pater,
666 1735 793 1763 homines
808 1741 871 1764 sunt
887 1737 921 1764 ab
934 1745 978 1765 er-

187 1788 252 1808 rore
267 1780 375 1813 salvati,
399 1787 470 1815 quos
498 1789 546 1815 per
572 1781 725 1808 doctrinam
752 1782 845 1817 justus
862 1783 978 1818 quisque

187 1831 314 1854 venatur.
328 1825 425 1854 Sermo
440 1826 499 1860 Dei,
520 1827 718 1855 benedictionis
735 1832 777 1856 est
791 1830 976 1864 repromissio,

188 1877 216 1900 et
228 1881 291 1908 spes
313 1873 389 1908 regni
415 1873 524 1906 futuri;
553 1873 581 1901 in
600 1882 656 1909 quo
681 1882 744 1902 cum
762 1875 871 1903 Christo
890 1877 977 1904 sancti

189 1923 253 1946 sunt
277 1919 428 1954 regnaturi,
453 1924 480 1947 et
502 1928 598 1948 verum
621 1919 772 1948 Sabbatum
803 1922 976 1950 celebraturi.

188 1964 312 1992 Rebecca
328 1965 408 2000 plena
423 1964 527 2001 Spiritu
543 1971 651 1999 sancto,
668 1967 757 1994 sciens
768 1967 832 2002 quid
857 1969 978 1996 audisset

188 2015 336 2046 antequam
353 2017 472 2046 pareret,
500 2013 564 2047 quia
590 2013 676 2046 maior
698 2014 790 2040 serviet
817 2015 914 2041 minori
937 2016 976 2048 '5;

189 2057 277 2092 magis
294 2062 383 2085 autem
402 2057 492 2085 forma
515 2058 634 2092 Spiritus
657 2060 755 2092 sancti,
774 2059 801 2086 in
816 2059 901 2087 Jacob
915 2066 977 2087 ante

1027 1463 1108 1495 ferre,
1124 1463 1240 1491 duorum
1248 1462 1411 1497 populorum
1427 1461 1631 1497 significabatur
1644 1458 1817 1494 assumptio;

1028 1510 1100 1544 quod
1114 1514 1214 1536 teneros
1241 1513 1267 1535 et
1284 1511 1375 1541 bonos,
1392 1507 1495 1535 dociles
1508 1511 1536 1534 et
1547 1507 1709 1534 innocentes
1722 1507 1819 1533 anima!

1028 1556 1094 1591 (14).
1111 1556 1185 1583 Stola
1208 1554 1250 1581 vel
1276 1555 1470 1581 vestimentum
1496 1553 1580 1586 Esau,
1597 1553 1666 1580 fides
1694 1557 1724 1579 et
1747 1552 1819 1579 Scri-

1028 1607 1114 1636 ptura:
1131 1606 1195 1628 sunt
1212 1600 1398 1632 Ilchrmorum,
1422 1599 1522 1634 quibus
1545 1598 1689 1633 gentilium
1709 1598 1819 1625 indutus

1028 1651 1069 1674 est
1080 1648 1204 1682 populus.
1221 1646 1308 1674 Pelles
1329 1654 1390 1681 quae
1406 1646 1465 1680 ejus
1491 1645 1614 1672 brachiis
1637 1645 1815 1672 circumdata:

1029 1698 1104 1725 sunt,
1119 1697 1231 1728 peccata
1246 1693 1390 1727 utriusque
1410 1696 1474 1719 sunt
1498 1691 1595 1727 plebis,
1617 1699 1679 1727 qua:
1691 1691 1819 1719 Christus

1029 1739 1056 1766 in
1069 1740 1227 1776 extensione
1239 1747 1369 1766 manuum
1384 1740 1459 1766 cruci
1485 1747 1579 1766 secum
1605 1739 1712 1774 pariter
1724 1738 1817 1765 aﬂixit.

1028 1784 1107 1818 Quod
1125 1785 1200 1812 Isaac
1211 1785 1308 1820 quaerit
1324 1785 1358 1812 ab
1370 1783 1466 1817 Iacob,
1478 1793 1528 1812 cur
1554 1789 1609 1812 tam
1631 1785 1689 1812 cito
1713 1785 1817 1812 venerit

1030 1832 1053 1847 ³⁸
1066 1831 1140 1866 (15),
1152 1831 1303 1858 admiratur
1316 1831 1432 1858 celerem
1444 1831 1613 1858 credentium
1630 1830 1726 1859 ﬁdem.
1742 1830 1818 1864 Quod

1029 1878 1082 1904 cibi
1095 1877 1268 1905 delectabiles
1285 1877 1448 1909 offeruntur,
1461 1877 1550 1904 hostia
1565 1877 1678 1911 placens
1690 1877 1760 1910 Deo,
1778 1885 1818 1904 sa-

1029 1924 1072 1951 lus
1088 1929 1129 1950 est
1144 1929 1328 1958 peccatorum.
1345 1923 1412 1950 Post
1425 1930 1500 1949 esum
1515 1922 1640 1956 sequitur
1653 1923 1816 1955 benedictio,

1027 1974 1054 1997 et
1069 1970 1129 2004 ejus
1143 1970 1225 1997 odore
1241 1969 1407 2005 perfruitur;
1423 1969 1549 1995 virtutem
1569 1969 1783 1996 resurrectionis
1795 1974 1817 1996 et

1028 2016 1114 2050 regni,
1129 2020 1220 2050 aperta
1245 2023 1314 2043 voce
1337 2015 1542 2050 pronuntians:
1569 2015 1711 2049 quomodo
1727 2016 1814 2046 etiam,

1029 2061 1141 2088 adorent
1153 2069 1215 2088 eum
1232 2061 1330 2088 fratres
1346 2061 1388 2089 sui
1402 2065 1429 2088 et
1445 2060 1566 2088 serviant
1578 2061 1614 2093 ei,
1627 2062 1776 2090 credentes
1787 2070 1815 2089 ex

187 2105 336 2132 meditatur
351 2113 357 2131 :
374 2104 495 2139 loquitur
515 2105 572 2140 (15)
588 2105 621 2131 ad
637 2105 721 2132 ﬁlium
734 2106 866 2133 minorem
882 2117 889 2133 :
905 2106 975 2133 Vade
993 2098 1012 2124 D
1029 2106 1121 2134 Israel.
1140 2107 1210 2140 Quia
1238 2108 1322 2142 igitur
1337 2107 1467 2143 iniquitas
1493 2113 1534 2136 est
1560 2108 1671 2135 inimica
1686 2108 1814 2143 ‘justitire,

188 2150 223 2176 ad
232 2158 344 2185 gregem,
358 2150 484 2185 et'aecipe
498 2150 635 2178 nti/iiduos
648 2151 782 2183 haedos";
797 2152 975 2186 prteligurans

188 2204 317 2223 carneum
332 2196 483 2224 Salvatoris
507 2197 665 2231 adventum,
682 2197 708 2224 in
729 2205 783 2232 quo
798 2205 844 2225 eos
859 2199 900 2225 vel
917 2206 976 2225 ma-

188 2244 261 2271 xime
283 2243 421 2275 liberaret,
442 2244 489 2278 qui
515 2244 634 2279 peccatis
663 2243 826 2271 tenebantur
843 2244 972 2278 obnoxii;

188 2288 324 2323 siquidem
343 2289 371 2316 in
392 2289 520 2316 omnibus
535 2288 684 2324 Scripturis
698 2290 766 2317 haedi
781 2298 829 2325 pro
850 2295 974 2325 peccato-

224 2369 246 2384 “
271 2367 339 2395 Gen.
358 2376 421 2401 xxv,
439 2368 484 2396 23.
524 2370 546 2385 ²¹¹
567 2370 634 2397 Gen.
653 2378 738 2403 xxvu,
752 2371 779 2399 9.
819 2372 841 2387 ³⁸
856 2371 922 2400 Ibid.
935 2373 980 2400 9.0.

224 2437 420 2479 (MLGrmcus
446 2445 548 2479 auctor
574 2442 698 2479 intelligit
729 2443 839 2479 Ῥώμης
861 2445 971 2471 ἐπισκό-

188 2482 256 2515 που,
283 2473 396 2500 Romani
411 2475 543 2515 episcopi;
565 2484 645 2512 quem
659 2473 971 2515 "Gr-meorulu'frequen—

188 2513 242 2535 tem
259 2516 378 2536 errorem
395 2510 458 2537 alibi
472 2519 515 2538 me
529 2510 642 2541 narrare
657 2515 780 2542 memini.

225 2543 280 2578 (12)
299 2543 334 2586 lis
345 2551 406 2586 quae.
418 2545 499 2586 refert
520 2553 631 2586 sanctus
649 2549 754 2586 doctor,
780 2558 813 2577 ex
836 2549 971 2586 Hippolyti

190 2577 387 2620 geminentur-io
398 2581 423 2606 in
439 2581 550 2620 Genesi);
580 2584 724 2619 descripta,
744 2577 796 2613 ista
812 2577 970 2620 prmiriittthV:

190 2613 323 2655 Quoniam
338 2621 425 2655 autem
437 2616 549 2651 polliciti
575 2613 705 2646 sumus'et
718 2613 763 2647 'de
786 2613 819 2647 eo.
830 2620 935 2655 (Isaaeo
946 2627 972 2648 et

190 2646 324 2690 Rebecca,
348 2650 415 2690 Gen,
437 2646 524 2690 xuii)
551 2654 615 2688 quid
635 2646 808 2689 signiﬁcaret
827 2646 971 2690 iniiinii;

189 2683 349 2725 adiungere;
377 2683 519 2725 Hippolyti,
538 2683 671 2724 martyris
697 2683 773 2717 uerba
797 2683 935 2725 ponamus,
957 2683 974 2718 ά

188 2725 240 2762 quo
255 2723 280 2744 et
299 2718 448 2762 Victorinus
474 2718 562 2762 noster
586 2718 637 2751 non
663 2718 807 2759 plurimum
819 2718 951 2762 discrepat
964 2734 973 2752 :

188 2755 328 2796 uouguod
356 2758 443 2796 omnia
469 2759 572 2796 plenius
597 2755 734 2787 exsecutus
762 2762 806 2791 sit,
830 2764 875 2788 sed
903 2755 972 2796 quod

188 2788 442 2850 pzsisitoccasioncm
465 2788 578 2828 in'a'bero
609 2796 699 2822 lecturi
720 2796 754 2822 ad
771 2788 973 2832 inlt‘lligenliant

238 2832 316 2850 orem.

268 2833 316 2854 em.

1030 2153 1102 2180 Esau
1119 2153 1145 2180 in
1163 2154 1329 2181 discordiam
1353 2154 1518 2186 concitatur,
1548 2158 1574 2181 et
1593 2162 1688 2182 necem
1708 2155 1816 2182 fraudu-

1029 2199 1118 2226 lentus
1134 2200 1270 2234 excogitat
1295 2200 1387 2227 dicens
1416 2200 1442 2226 in
1466 2200 1547 2228 corde
1567 2208 1639 2227 suo:
1670 2201 1816 2236 Appropin-

1028 2250 1106 2280 quent
1120 2245 1176 2281 (16)
1190 2246 1245 2273 dies
1260 2246 1390 2281 passionis
1415 2246 1500 2280 patris
1519 2247 1579 2279 mei,
1599 2252 1624 2273 et
1637 2248 1761 2274 occidam
1772 2247 1816 2273 Ja-

1029 2293 1075 2319 cob
1097 2292 1207 2327 fratrem
1220 2301 1305 2320 meum
1322 2293 1355 2320 ".
1379 2292 1508 2321 Diabolus
1539 2293 1697 2321 fratricidas
1712 2293 1814 2321 Judzros

1020 2375 1042 2390 ²⁹
1060 2374 1128 2402 Ihid.
1141 2375 1186 2402 M.

1135 2445 1254 2488 Quidam
1282 2455 1360 2488 mss-.1,
1377 2447 1467 2474 medit.
1485 2451 1511 2474 et
1529 2446 1662 2488 loquitur._
1675 2447 1807 2488 Vutsns.

1061 2481 1118 2518 (14)
1135 2481 1256 2509 Subaudi
1269 2483 1471 2517 signiﬁcantur:
1483 2490 1533 2509 nec
1546 2481 1620 2509 enim
1637 2483 1730 2518 placet
1745 2483 1811 2518 quod

1026 2516 1127 2543 habent
1140 2521 1246 2544 veteres
1262 2516 1342 2548 editi,
1352 2518 1450 2545 dociles
1464 2523 1489 2545 et
1504 2516 1654 2545 innocentes
1667 2516 1769 2546 animai
1781 2519 1812 2544 si-

1026 2552 1147 2585 gnificat.
1165 2551 1291 2579 Proxime
1308 2561 1372 2580 vero
1393 2553 1432 2580 vel
1454 2554 1649 2586 vestimentum,
1669 2562 1703 2581 ex
1720 2554 1809 2582 iisdem

1025 2587 1122 2624 editis.
1135 2586 1266 2615 Vaticano
1294 2588 1410 2623 aliisque
1434 2589 1573 2615 nonnullis
1593 2597 1662 2616 mss.
1690 2589 1810 2624 reposui-

1025 2629 1096 2648 mus.
1114 2623 1151 2649 In.

1061 2657 1117 2692 tlS)
1133 2657 1193 2694 Duo
1214 2665 1292 2690 mss.,
1321 2659 1483 2692 admiratur,
1497 2664 1525 2684 ut
1544 2659 1738 2694 loquatur,ctc.
1761 2659 1810 2686 An-

1024 2696 1065 2719 tea
1078 2697 1145 2725 erat,
1159 2693 1354 2720 admirabatur.
1374 2695 1413 2721 In.

1060 2727 1116 2762 (16)
1129 2727 1280 2765 Fictorjus
1303 2730 1513 2765 appropinquant
1542 2730 1699 2757 immutavit
1719 2734 1809 2757 contra

1024 2770 1103 2801 mss._
1120 2763 1209 2790 Iidem.
1235 2763 1335 2792 Deinde
1360 2765 1414 2792 duo
1438 2763 1530 2792 vclcra
1563 2766 1809 2801 cxetuplaria,dies

1025 2799 1138 2860 mut-tisi:
1166 2807 1247 2832 quant
1278 2804 1367 2828 tamen
1388 2801 1457 2828 infra
1484 2801 1626 2828 lectionem
1647 2799 1726 2828 haud
1755 2809 1802 2827 scr-

1027 2839 1097 2860 uml.
1125 2842 1150 2860 υ.

1027 2839 1097 2860 \ant.
1115 2839 1150 2860 ιυ.
