1860 3051
38 78 87 106 609

633 80 844 109 FRAGMENTA
865 79 897 107 IN
917 81 1083 109 PSALMOS.

1609 84 1660 116 6w

35 137 142 166 τιωτῶν
158 138 301 172 παίζεται,
319 141 365 167 καὶ
381 141 432 168 ὑπὸ
455 142 585 169 Ἰουδαίων
599 142 668 177 ξύλῳ
702 143 806 179 προςπή

895 148 901 170 t
919 144 951 170 ad
967 143 1072 171 Patrem
1096 143 1217 173 clamans
1241 145 1366 180 spiritum
1391 146 1415 173 ei
1434 147 1616 180 commendat,
1633 154 1659 176 et

36 196 144 222 γνυται,
157 188 207 214 καὶ
217 189 286 224 πρὸς
296 189 403 225 Πατέρα
411 190 477 224 βοῶν
486 191 662 225 παρατίθεται
674 191 703 217 τὸ
712 191 827 226 πνεῦμα,

36 233 80 259 καὶ
107 233 212 260 κλίνων
235 234 356 270 κεφαλὴν
382 236 492 267 ἐκπνεί,
528 236 574 262 καὶ
603 236 722 272 πλευρὰν
744 237 827 272 λόγχῃ

35 280 178 312 miserant,
196 281 245 307 καὶ
262 280 359 307 σίνδονι
376 281 545 315 ἑλισσόμενος
570 282 599 308 ὲν
615 282 738 317 μνημείῳ
755 282 828 307 τίθε-

34 335 94 358 ται,
122 326 173 352 καὶ
195 326 344 362 τριήμερος
366 326 418 352 ὑπὸ
438 327 544 362 Πατρὸς
565 327 721 354 ἀνίσταται·
746 327 776 353 τὸ
798 327 826 353 δὲ

35 371 124 398 θεῑχὸν
140 372 228 399 αὑτοῦ
245 372 326 399 πάλιν
343 372 466 408 φανερῶς
481 373 554 399 ἐστιν
573 373 645 404 ἰδεῖν,
663 373 706 399 ὅτε
722 373 767 399 ὑπ’
779 373 829 407 ἀγ-

33 417 121 451 γέλων
144 419 356 453 προσκυνεῖται,
382 418 428 445 καὶ
449 418 590 454 θεωρεῖται
611 418 662 445 ὑπὸ
680 418 827 453 ποιμένων,

34 465 78 491 καὶ
92 465 287 500 προσδοκᾶται
307 464 359 491 ὑπὸ
373 464 494 500 Συμεὼν,
510 466 556 492 καὶ
570 466 622 492 ὑπὸ
636 466 735 500 ιἈννης
757 473 826 500 μαρ-

33 511 172 545 τυρεῖται,
182 510 230 536 καὶ
247 511 365 545 ζητεῖται
374 510 425 537 ὑπὸ
434 511 536 546 μάγων,
553 512 600 538 καὶ
616 511 775 547 σημαίνεται
789 511 824 537 δι’

33 555 162 590 ἀστέρος,
179 554 308 590 καιῦδωρ
317 557 346 582 ὲν
356 556 454 590 γάμοις
469 555 539 582 οἴνου
550 556 609 591 (sic)
627 556 823 592 ἀπεργάζεται,

9 606 14 610 “
32 601 76 627 καὶ
97 600 229 636 θαλάσσῃ
251 601 303 628 ὑπὸ
326 601 384 636 βίας
400 601 510 636 ἀνέμων
547 601 675 637 κινομένῃ
699 601 822 636 ἐπιτιμᾷ,

31 646 75 672 καὶ
89 647 142 673 ἐπὶ
156 647 298 683 Θαλάσσης
311 648 465 683 περιπατεῖ,
480 648 526 674 καὶ
537 647 634 681 τυφλὸν
646 649 678 674 ὲκ
691 646 823 681 γεννητῆς

31 694 96 728 ὸρᾷν
114 694 202 727 ποιεῖ,
215 693 263 720 καὶ
276 693 370 729 νεκρὸν
381 693 506 729 Λάζαρον
519 693 704 729 τετραήμερον
718 691 824 726 ἀνιστᾷ,

881 190 1012 217 inclinato
1026 191 1114 224 capite
1128 192 1258 226 exspirat,
1279 197 1306 219 et
1319 193 1413 220 hnccn
1431 192 1501 220 latus
1519 193 1578 227 ejus
1593 201 1660 221 eon-

880 235 992 268 foditur,
1010 239 1036 262 et
1050 237 1164 264 sindone
1180 238 1316 265 involutus
1333 238 1360 265 in
1378 243 1553 266 monumento
1577 240 1663 267 collo-

880 286 967 312 catur.
980 285 1006 308 et
1020 283 1100 309 tertio
1112 283 1155 310 die
1171 290 1185 309 a
1198 283 1276 310 Patre
1291 284 1476 311 resuscitator.
1491 284 1586 312 Divina
1598 290 1662 314 vero

879 327 967 362 ipsius
981 333 1079 356 natura
1096 336 1149 356 non
1165 329 1279 357 obscure
1293 330 1422 362 cernitur,
1437 331 1546 365 quando
1559 331 1593 358 ab
1611 339 1661 358 an-

877 372 945 406 gelis
961 373 1102 407 adoratur,
1120 379 1145 401 et
1159 382 1174 401 a
1190 374 1345 409 pastoribus
1360 381 1507 411 spectatur,
1522 381 1548 404 et
1561 385 1660 412 exspe-

876 421 966 444 ctatur
984 426 999 445 a
1014 419 1150 453 Simeone,
1168 425 1195 447 et
1214 420 1299 448 Annae
1322 422 1476 449 testimonio
1494 430 1617 455 ornatur,
1634 423 1661 450 et

877 463 1008 496 quaeritur
1029 471 1044 490 a
1061 465 1156 499 magis,
1173 469 1199 491 et
1216 465 1350 492 indicatur
1367 474 1382 493 a
1397 467 1484 500 stella,
1501 474 1527 495 et
1542 476 1574 495 ex
1588 476 1660 504 aqua

877 508 904 534 in
919 509 1020 543 nuptiis
1036 511 1128 536 vinum
1147 510 1221 543 facit,
1239 515 1266 538 et
1280 519 1354 538 mare
1366 513 1392 539 vi
1409 519 1551 541 ventorum
1573 516 1660 550 agita-

877 557 934 580 tum
949 554 1085 590 objurgat,
1104 559 1132 583 et
1148 556 1174 582 in
1191 558 1258 584 mari
1277 558 1412 591 ambulat,
1428 563 1454 586 et
1472 567 1543 587 eazco
1560 567 1575 586 a
1589 561 1661 587 nati-

876 598 958 626 vitate
977 600 1065 628 visum
1087 601 1225 634 restituit,
1246 607 1273 629 et
1290 602 1423 631 Lazarum
1447 605 1660 639 quatriduanum

876 646 1036 679 resuscitat,
1058 654 1085 674 et
1109 648 1199 675 varias
1224 648 1340 676 virtutes
1364 650 1480 684 perlicit,
1503 655 1529 678 et
1549 657 1660 686 peccata

878 692 1000 725 remittit,
1018 697 1045 719 et
1062 698 1221 727 potestatem
1241 695 1394 722 remittendi
1410 696 1456 724 dat
1470 697 1622 732 discipulis.

32 742 76 768 καὶ
96 741 232 774 ποικίλας
246 741 374 778 δυνάμεις
390 741 471 776 τελεῖ,
495 741 541 768 καὶ
559 740 695 776 ἁμαρτίας
716 739 823 774 ἀφίησι,
837 738 886 764 καὶ
900 738 1023 770 ἐξουσίαν
1037 740 1128 768 δίδωσι
1142 741 1287 776 μαθηταῖς.

674 860 709 889 In
739 858 899 888 Psalmum
923 857 1030 887 XXII.

607 934 682 961 Idem
696 933 867 960 Thcodoritus
880 932 985 966 dialogo
998 931 1092 966 primo.

32 994 82 1020 Τοῦ
109 994 193 1027 ἁγίου
216 992 373 1020 Ἱππολύτου
392 992 541 1019 ἐπισκόπου
566 993 613 1019 καὶ
626 993 771 1028 ,μάρτυρος
788 992 806 1017 ἐπ

907 990 1022 1028 Sanetus
1037 990 1197 1028 Hippolytus
1213 992 1357 1028 episcopus
1373 997 1400 1020 et
1414 999 1517 1028 martyr
1531 993 1557 1020 in
1573 1001 1654 1022 enar-

87 1030 138 1056 τοῦ
156 1029 239 1063 λόγου
255 1029 300 1054 τοῦ
314 1029 368 1059 εἰς·
390 1037 398 1053 ε
419 1028 518 1063 Κύριος
534 1027 670 1063 ποιμαίνει
688 1027 731 1063 μεέ
754 1037 762 1052 ι

65 1077 123 1102 Καὶ
141 1075 259 1106 κιϐωτὸς
273 1074 301 1101 δὲ
315 1075 346 1100 ὲκ
361 1073 445 1106 ξύλων
458 1074 586 1109 ἁσήπτων
599 1072 678 1105 αὐτὸς
696 1071 729 1108 ἦν
738 1074 751 1099 ὁ
763 1074 819 1099 Σω-

31 1122 97 1158 τὴρ·
118 1122 150 1148 τὸ
164 1121 218 1157 γὰρ
232 1122 350 1156 ἄσηπτον
369 1118 448 1147 αὐτοῦ
472 1120 518 1147 καὶ
535 1119 695 1155 ἀδιάφθορον
721 1120 817 1154 σκῆνος

30 1169 120 1203 ταύτῃ
138 1167 340 1202 κατηγγέλλετο
354 1167 383 1193 τὸ
400 1166 531 1203 μηδεμίαν
557 1166 752 1201 ἁμαρτήματος
773 1173 819 1199 ση-

30 1214 132 1239 πεδόνα
140 1212 243 1247 φύσαψ
252 1213 280 1238 ’0
288 1211 342 1248 γὰρ
354 1213 512 1249 ἁμαρτήσας
524 1212 569 1238 καὶ
579 1210 738 1245 ὲξομολογού
744 1210 821 1246 μενός

29 1267 97 1294 φησι
105 1267 112 1273 ·
123 1258 322 1292 Προσώζεσιιν
334 1259 383 1285 καὶ
399 1258 559 1292 ἐσάπησαν
569 1259 594 1284 οἱ
604 1256 818 1292 μώλωπέςμου.

29 1305 90 1331 ἀπὸ
106 1303 274 1338 προσώπου
287 1303 344 1337 τῆς
356 1303 531 1337 ἀφροσύνης
543 1311 612 1336 μου.
632 1302 660 1328 '0
674 1301 702 1327 δὲ
720 1302 820 1336 Κύριος

31 1350 231 1386 ἀναμάρτητος
248 1347 293 1384 ἦν,
316 1351 347 1375 ἐκ
366 1349 419 1375 τῶν
441 1349 569 1384 ἀσήπτων
594 1347 679 1380 ξύλων
702 1347 732 1373 τὸ
750 1346 820 1372 κατὰ

29 1396 186 1432 ἄνθρωπον,
204 1395 342 1422 τουτέστιν
359 1395 391 1421 ἐκ
404 1395 452 1430 τῆς
468 1394 602 1430 Παρθένου
618 1394 664 1420 καὶ
678 1393 724 1419 τοῦ
740 1391 817 1426 ἁγίου

30 1442 192 1477 Πνεύματος
215 1442 326 1474 ἔσωθεν,
341 1441 386 1468 καὶ
402 1441 500 1474 ἔξωθεν
515 1441 562 1467 τοῦ
575 1440 655 1475 λόγου
673 1439 720 1466 τοῦ
739 1438 817 1471 Θεοῦ,

28 1483 73 1512 οἶα
90 1486 281 1522 καθαρωτάτῳ
295 1485 398 1522 χρυσίῳ
416 1485 694 1522 περικεκαλυμμένος.

943 1026 1046 1052 ratione
1062 1027 1170 1060 psalmi,
1192 1035 1200 1051 ι
1216 1027 1344 1055 Dominus
1359 1033 1451 1062 pastor
1467 1026 1553 1056 nieus.
1574 1038 1583 1054 ›

906 1071 977 1098 Area
995 1072 1156 1099 concinnata
1170 1080 1204 1099 ex
1218 1073 1299 1108 lignis
1323 1081 1378 1100 non
1394 1074 1520 1101 obnoxiis
1537 1074 1656 1108 putrefa~

871 1117 954 1143 ctioni
968 1121 1026 1144 erat
1045 1117 1102 1151 ipse
1117 1117 1250 1145 Salvator.
1270 1118 1374 1146 Etenim
1390 1119 1442 1146 hac
1455 1119 1655 1154 signiﬁcabatur

872 1162 1075 1190 tabernaculum
1112 1163 1198 1198 ipsius
1227 1172 1280 1190 non
1309 1164 1428 1191 sentiens
1455 1166 1573 1198 cariem,
1606 1171 1655 1193 aut

871 1209 1083 1243 corruptionem,
1100 1209 1152 1236 hoc
1172 1214 1224 1242 est,
1243 1210 1344 1236 nullam
1362 1211 1464 1244 peccati
1483 1211 1653 1245 putredinem

870 1254 993 1289 gignens.
1017 1253 1086 1280 Nam
1109 1259 1236 1288 peccator
1259 1255 1329 1282 hanc
1353 1255 1408 1283 edit
1433 1257 1652 1284 confessionem:

870 1298 1033 1326 I’utruerunt
1060 1303 1086 1326 et
1107 1305 1230 1334 corrupta
1252 1305 1313 1327 sunt
1338 1301 1445 1328 vulnera
1467 1308 1524 1328 mea
1548 1307 1654 1337 propter

869 1345 1047 1380 insipientiam
1062 1354 1144 1372 meam
1157 1346 1188 1372 ".
1203 1346 1334 1374 Dominus
1348 1355 1413 1374 vero
1428 1348 1530 1382 peccati
1544 1355 1653 1383 expers.-

871 1396 897 1418 et
912 1399 945 1418 ex
960 1391 1040 1426 lignis
1068 1392 1235 1419 immunibus
1254 1400 1268 1419 a
1285 1392 1480 1427 putrefactione
1504 1393 1653 1421 secundum

872 1437 1020 1470 hominem,
1037 1438 1088 1464 hoc
1103 1443 1154 1470 est,
1168 1446 1200 1464 ex
1219 1437 1328 1472 Virgine
1343 1443 1370 1465 et
1383 1437 1484 1472 Spiritu
1502 1443 1596 1466 sancto
1611 1439 1654 1466 in-‘

872 1485 925 1514 tus,
944 1487 971 1509 et
990 1482 1056 1509 foris
1079 1482 1159 1509 verbo
1176 1482 1238 1515 Dei,
1256 1483 1334 1517 quasi
1358 1483 1477 1518 quodam
1506 1483 1654 1518 purissimo

871 1535 939 1554 auro
957 1532 1068 1562 opertus
1084 1527 1145 1554 fuit.

683 1630 718 1659 In
742 1629 896 1668 psalmum
925 1631 1044 1662 XXIII.

762 1694 837 1722 Idem
859 1696 924 1722 ibid.

57 1752 118 1779 Τοῦ
131 1751 218 1779 αὐτοῦ
231 1752 261 1779 ἐκ
274 1751 321 1778 τοῦ
337 1751 414 1787 λόγου
427 1752 473 1779 τοῦ
488 1753 528 1784 εἰς
539 1752 585 1779 τὸν
600 1756 645 1787 κγ’
666 1753 780 1788 ψαλμὸν.

65 1799 198 1834 Ἔρχεται
215 1798 261 1824 ἐπὶ
278 1798 327 1829 τὰς
345 1797 472 1833 οὐρανίας
495 1798 597 1830 πύλας,
614 1798 723 1832 ἄγγελοι
744 1799 817 1834 αὑτῷ

27 1844 219 1875 συνοδεύουαι,
240 1844 287 1870 καὶ
304 1844 492 1878 κεκλεισμέναι
516 1844 584 1870 εἰσιν
608 1845 634 1870 αἱ
657 1843 739 1871 πύλαι
762 1844 816 1871 τῶν

24 1890 164 1926 οὐρανῶν.
197 1890 309 1916 Οὐδέπω
333 1890 386 1925 γὰρ
416 1889 583 1925 ἀναϐέϐηκεν
609 1891 648 1921 εἰς
675 1890 814 1926 οὐρανούς.

26 1938 143 1973 Πρῶτος
164 1936 212 1963 νῦν
233 1935 355 1970 φαίνεται
376 1937 435 1967 ταῖς
454 1936 584 1970 δυνάμεσι
604 1937 664 1967 ταῖς
679 1936 816 1971 οὐρανίαις

26 1982 99 2020 σάρξ
117 1982 311 2010 ἀναϐαίνουσα.
329 1981 443 2015 Λέγεται
459 1979 504 2007 οἶν
521 1983 580 2012 ταῖς
599 1982 744 2017 δυνάμεσιν
762 1981 814 2008 ὑπὸ

23 2030 81 2056 τῶν
105 2029 230 2063 ἀγγέλων
248 2028 301 2054 τῶν
322 2028 524 2063 προτρεχόντων
545 2028 590 2054 τὸν
613 2028 742 2063 Σωτῆρα.
767 2028 813 2054 καὶ

24 2075 145 2111 Κύριον·
174 2075 282 2109 Ἀρατει
295 2075 404 2106 πύλας,
430 2075 457 2100 οἱ
473 2074 625 2107 ἄρχοντες,
645 2074 738 2108 ὑμῶν,
762 2075 812 2101 καὶ

24 2120 186 2155 ἐπὰρθητε,
199 2120 291 2146 πύλαι
300 2118 420 2150 αιώννιοι,
435 2119 483 2146 καὶ
496 2119 699 2146 εἰσελεύσεται
723 2121 739 2145 d
756 2121 813 2146 Bu-

23 2167 134 2199 σιλεὺς
153 2165 209 2200 τῆς
232 2165 335 2199 δόξης.

912 1755 984 1782 Idem
1003 1756 1029 1782 in
1047 1756 1218 1783 emrralione
1234 1755 1331 1790 psalmi
1345 1763 1424 1784 χχιιι.

903 1800 982 1829 Venit
999 1802 1032 1829 ad
1048 1802 1172 1829 caelestes
1186 1807 1280 1836 portas
1293 1803 1395 1837 angelis
1411 1804 1497 1837 ipsum
1516 1803 1649 1830 comitan-’

867 1846 948 1879 tibus,
971 1852 998 1874 et
1021 1848 1120 1876 clausa:
1143 1853 1221 1874 erant
1243 1853 1327 1882 por-tte
1353 1849 1495 1876 cmlornm.
1522 1847 1647 1876 Nondum

866 1893 938 1920 enim
963 1893 988 1919 in
1016 1894 1113 1920 coelum
1130 1895 1298 1926 ascenderat,
1317 1895 1362 1922 sed
1384 1900 1448 1921 tunc
1466 1896 1583 1929 primum
1601 1903 1649 1930 ap-

867 1939 957 1973 paruit
991 1934 1171 1974 potestatibus
1205 1941 1362 1968 ccelestihns
1393 1948 1457 1967 caro
1486 1941 1646 1968 asundens.

866 1983 968 2011 Dicitur
981 1992 1045 2019 ergo
1058 1985 1235 2018 potestatibus
1251 1986 1285 2012 ah
1297 1986 1410 2021 angelis,
1426 1986 1471 2021 qui
1487 1990 1565 2014 erant
1579 1994 1647 2021 prm-

865 2036 990 2056 cnrsores
1005 2028 1152 2058 Salvatoris
1169 2036 1195 2058 et
1208 2030 1314 2058 Domini
1329 2040 1335 2058 :
1350 2031 1444 2058 Tollite
1458 2038 1559 2066 portas,
1571 2033 1647 2065 prin—

864 2075 944 2108 cipes,
962 2080 1070 2108 vestras,
1091 2081 1115 2102 et
1129 2077 1276 2109 elevamiui,
1298 2082 1380 2111 porta:
1400 2079 1546 2111 wlcrnales,
1566 2085 1590 2105 et
1606 2080 1647 2105 iu-

864 2123 952 2149 troibit
963 2122 1018 2149 Rex
1029 2123 1120 2158 gloria:
1134 2122 1164 2149 ³³.

693 2282 727 2311 In
747 2281 905 2320 psalmum
932 2281 1011 2311 CIX.

587 2344 661 2372 Idem
674 2345 846 2374 Theodoritus
859 2346 964 2381 dialogo
980 2345 1103 2372 secundo.

65 2394 116 2421 Τοῦ
131 2393 214 2422 αὑτοῦ
229 2396 262 2422 ἐκ
274 2393 321 2421 τοῦ
335 2394 414 2429 λόγου
426 2394 465 2426 είς
480 2393 529 2428 τὴν
543 2393 614 2429 ᾠδὴν
627 2395 758 2430 μεγάλην.

67 2442 96 2468 '0
110 2441 155 2468 τὸν
165 2440 323 2468 ἀπολωλότα
336 2441 366 2466 ὲκ
376 2439 431 2477 γῆς,
439 2439 647 2474 πρωτόπλαστον
658 2440 810 2476 ἄνθρωπον,

26 2488 73 2513 καὶ
88 2489 117 2514 ἐν
132 2487 242 2522 δεσμοῖς
258 2486 372 2513 Θανάτου
390 2485 583 2522 κρατούμενον,
599 2485 628 2518 ἐξ
644 2485 706 2521 ᾅδου
724 2495 812 2513 κατω-

23 2534 107 2560 τὰτου
128 2533 259 2564 ἑλκύσας·
279 2533 293 2558 ὁ
313 2531 414 2558 ἄνωθεν
435 2530 585 2563 κατελθὼν,
609 2530 716 2557 καὶτὸν
736 2532 809 2558 κάτω

23 2581 65 2610 εἰς
80 2579 116 2606 τὰ
128 2579 185 2606 ἄνω
204 2578 369 2611 ἀνενέγκας·
389 2578 402 2603 ὁ
412 2577 466 2603 τῶν
483 2576 588 2613 νεκρῶν
604 2577 808 2612 εὐαγγελιστὴς.

23 2625 138 2652 καὶτῶν
151 2624 244 2660 ψυχῶν
258 2623 408 2659 λυτρωτὴς,
422 2623 469 2650 καὶ
483 2622 630 2654 ἀνάστασις
639 2622 693 2648 τῶν
707 2621 809 2656 τεθαμ-

26 2672 114 2706 μένων
128 2671 270 2706 γινόμενος
280 2666 366 2700 οὗτος·
382 2667 415 2704 ἦν
430 2670 444 2695 ὁ
455 2669 502 2695 τοῦ
514 2668 688 2704 νενικημένου
706 2667 810 2703 ἀνθρώ-

24 2725 76 2744 τωο
98 2717 281 2753 γεγενημένος
309 2715 404 2750 βοηθὸς
428 2715 486 2741 κατ’
514 2715 594 2741 αὑτὸν
623 2715 714 2750 ὅμοιος
733 2713 808 2748 αὐτῷ

60 2800 80 2816 ³¹
92 2800 163 2828 Psal.
180 2806 298 2830 xxxvm,
314 2798 340 2824 5.
378 2797 399 2812 "
411 2796 482 2824 Psal.
499 2804 572 2831 xxtv,
589 2796 614 2824 7.

971 2393 1043 2421 Idem
1061 2394 1087 2420 in
1103 2394 1232 2420 concione
1252 2393 1284 2420 de
1303 2400 1401 2428 magno
1416 2392 1532 2421 cantico.

896 2439 946 2472 Qui
977 2439 1112 2474 perditum
1138 2439 1276 2466 hominem
1305 2446 1338 2465 ex
1355 2444 1427 2465 terra
1451 2438 1596 2465 formatum
1617 2443 1644 2465 et

859 2485 977 2512 vinculis
995 2484 1090 2512 mortis
1113 2484 1278 2518 implicatum
1300 2492 1333 2511 ex
1353 2484 1447 2511 intimo
1466 2485 1571 2511 inferno
1587 2484 1642 2511 cri-

860 2532 928 2565 puit,
947 2536 973 2558 et
988 2530 1103 2564 desuper
1127 2530 1238 2556 veniens
1264 2530 1291 2556 in
1309 2530 1424 2556 sublime
1450 2529 1546 2556 extulit
1567 2529 1641 2555 humi

858 2577 1004 2612 jaccntem,
1031 2577 1118 2604 factus
1142 2580 1310 2602 mortuorum
1336 2575 1511 2610 evangelista,
1533 2579 1560 2601 et
1584 2574 1641 2601 ani-

860 2631 964 2650 marum
982 2623 1146 2656 redemptor,
1160 2626 1187 2648 et
1202 2620 1366 2648 resurrectio
1388 2621 1573 2654 sepultorum;
1596 2619 1641 2647 hic

863 2669 934 2695 victo
951 2667 1052 2694 homini
1073 2674 1151 2701 opem
1169 2666 1240 2699 tulit,
1251 2665 1338 2693 factus
1354 2665 1378 2692 ei
1394 2665 1491 2692 similis
1506 2665 1640 2700 primoge-

861 2714 933 2742 nitus
946 2712 1048 2747 Λόγος,
1076 2712 1194 2747 primum
1217 2717 1355 2746 parentem
1378 2712 1465 2739 Adam
1488 2711 1516 2740 in
1536 2711 1638 2746 virgine
