1860 3051
214 84 265 112 611
632 83 664 110 ’8.
683 79 863 111 IllPPOLYTI
882 80 957 110 OPP.
977 82 1067 111 PARS
1086 82 1107 111 Ι.
1126 97 1160 103 -
1179 81 1384 114 EXEGETICA.
1770 84 1816 114 lii!

214 144 340 175 visitans.
358 143 506 179 spiritualis
526 148 662 170 terrenum
682 144 709 170 in
729 144 840 171 matrice
854 151 979 179 quaerens

1070 142 1212 173 οωτότοκος
1227 142 1326 176 Λόγος,
1348 142 1394 169 τὸν
1414 142 1623 178 πρωτόπλαστον
1641 142 1726 178 Ἀδὰμ
1743 145 1770 170 ἐν
1788 143 1816 179 τῇ

216 196 323 224 semper
336 189 428 215 vivens
457 196 505 222 per
523 187 732 214 inobedicntiam
750 193 897 219 mortuum,
915 187 981 214 ccele

1070 188 1173 224 αροένῳ
1189 188 1433 223 ἐπισκεπτόμενος,
1453 189 1467 215 ὁ
1481 189 1663 225 πνευματικὸς
1676 189 1722 216 τὸν
1738 191 1818 225 χοῖκὴνι

217 235 266 262 stis
281 239 433 261 terrestrem
447 234 478 260 ad
494 233 632 267 superiora
647 240 758 265 vocans,
774 233 872 260 nobilis
887 241 981 260 servun

1070 242 1074 257 γ
1091 235 1124 269 τῇ
1141 234 1232 269 μήτρᾳ
1258 233 1403 268 ἐπιζητῶν,
1415 234 1431 259 ὁ
1445 234 1489 261 ἀεὶ
1503 234 1555 266 ζῶν
1570 234 1615 261 τὸν
1628 235 1672 262 διὰ
1687 236 1817 271 imprimi;

216 289 264 316 per
276 280 410 315 propriam
428 279 607 306 obedientiam
634 279 758 306 libertate
774 279 874 306 donare
890 279 994 312 volens,

216 326 261 360 qui
282 327 308 352 in
323 330 420 352 terram
437 325 584 352 resolutum
600 325 733 351 hominem
752 329 778 351 et
790 325 918 359 pabulum
938 332 996 352 ser-

215 372 303 406 pentis
319 371 436 404 factum,
458 371 485 397 in
502 365 674 398 adamantem
695 377 856 398 convertens
871 371 951 405 idque
967 371 994 397 in

1045 278 1214 306 ἀποθανόντα
1228 288 1234 294 -
1265 279 1279 305 ὁ
1293 279 1416 314 οὐράνιος
1439 279 1484 305 τὸν
1510 280 1628 314 ἐπίγειον
1650 281 1690 312 είς
1714 280 1748 307 τὰ
1770 281 1817 307 ἄνω

1048 325 1138 352 καλῶν
1149 333 1156 340 ”
1174 326 1188 351 ὁ
1210 325 1321 360 εὐγενὴς
1338 325 1382 351 τὸν
1398 325 1488 352 δοῦλον
1505 325 1549 352 διὰ
1564 326 1612 361 τῆς
1628 325 1695 357 ἰδίας
1707 327 1818 361 ὑπακοῆς

1048 372 1189 406 ἐλεύθερον
1203 371 1340 404 ἀποδεῖξαι
1359 371 1453 398 θέλων·
1471 372 1485 398 ὀ
1507 371 1553 398 τὸν
1568 373 1607 403 είς
1629 372 1681 407 γῆν
1701 372 1818 407 λυόμενον

214 417 286 451 ligno
302 417 472 451 pendentem,
490 416 632 443 Dominum
651 416 780 443 adversus
799 416 928 443 victorem
945 415 978 443 de

1070 417 1185 453 ιθρωπον
1207 417 1254 443 καὶ
1269 417 1365 453 βρῶμα
1386 417 1474 451 ὄφεως
1489 418 1682 454 γεγενημένον,
1702 419 1742 450 είς
1763 419 1819 446 ἀδά-

214 461 326 488 claravit
345 466 426 495 atque
441 461 477 487 ita
495 468 543 496 per
559 461 661 495 lignum
675 461 762 488 victor
777 461 923 488 invenitur.

1046 471 1134 497 μαντα
1157 462 1274 497 τρέψας,
1296 462 1343 488 καὶ
1363 461 1440 488 τοῦτο
1465 463 1510 488 ἐπὶ
1536 462 1614 495 ξύλου
1629 463 1820 498 κρεμασθέντα,

213 506 314 543 Κύριον
336 507 406 534 κατὰ
431 506 476 533 τοῦ
502 506 673 541 νενικηκότος
698 507 851 541 ἀποδείξας,
868 507 916 533 καί⁹
943 507 986 534 διὰ
996 506 1073 534 τοῦτο
1088 508 1131 534 διὰ
1143 507 1232 540 ξύλου,
1249 509 1394 543 νικηφόρος
1412 508 1577 543 εὑρίσκεται·

407 553 478 581 Idem
493 554 519 581 in
534 555 627 581 eadem
642 554 791 582 concione:

250 599 302 633 Qui
326 599 423 627 Filium
448 599 494 626 Dei
519 600 545 626 in
571 608 653 627 carne
673 609 745 628 nunc
764 608 817 627 non
833 605 994 635 agnoscunt,

213 649 359 679 agnoscent
385 645 473 678 ipsum
503 645 621 678 judicem
648 645 674 672 in
700 645 784 680 gloria
807 647 993 678 constitutum,

212 697 294 725 quem
310 694 388 717 antea
398 690 425 716 in
436 697 549 724 corpore
565 690 658 717 humili
670 691 820 725 petulanter
836 695 991 718 tractarant.

421 735 493 763 Idem
510 737 536 762 in
553 737 645 763 eadem
659 737 789 764 concione
800 747 808 766 :

247 780 353 808 Etenim
370 783 485 817 apostoli
501 791 562 811 cum
579 783 718 811 venissent
734 782 767 809 ad
785 788 990 812 monumentum

1210 555 1261 581 Τοῦ
1276 555 1358 582 αὑτοῦ
1375 556 1407 581 ἐκ
1422 555 1468 581 τοῦ
1480 554 1562 582 αὑτοῦ
1576 555 1669 589 λόγου·

1082 600 1113 626 Οἱ
1129 600 1182 637 γὰρ
1196 601 1241 627 τὸν
1253 601 1316 627 Υἱὸν
1335 600 1381 627 τοῦ
1393 600 1459 626 Θεοῦ
1479 600 1609 636 ἕνσαρκον
1625 601 1673 627 νῦν
1688 601 1724 636 μὴ
1742 602 1821 635 ἐπιγι-

1046 645 1195 678 νώσκοντες
1206 667 1212 677 ,
1233 646 1427 680 ὲπιγνὼσονται
1448 646 1528 672 αὑτὸν
1548 646 1643 681 κριτὴν
1657 647 1686 672 ὲν
1774 655 1821 673 1w.-

1047 691 1222 726 ραγινόμενον
1243 692 1288 717 τὸν
1308 691 1355 717 νῦν
1376 691 1405 716 ἐν
1419 690 1503 726 ἀδόξῳ
1519 690 1623 726 σώματι
1643 690 1820 726 ὑϐριζόμενον.

1211 736 1265 763 Τοῦ
1278 736 1360 763 αὑτοῦ
1373 738 1405 763 ἐκ
1415 736 1462 762 τοῦ
1475 735 1555 762 αὐτοῦ
1572 736 1663 770 λόγου·

1079 783 1134 809 Καὶ
1155 782 1209 818 γὰρ
1224 783 1248 809 οἱ
1258 782 1399 809 ἀπόστολοι
1415 782 1535 813 ἐλθόντες
1550 782 1589 813 εἰς
1603 782 1633 809 τὸ
1649 783 1777 818 μνημεῖον
1792 783 1820 817 τῇ

213 826 257 853 die
270 827 362 860 tertio,
373 835 427 855 non
436 828 597 856 invenerunt
611 837 710 865 corpus
722 830 797 865 Jesu,
814 830 981 865 quemadmo.

1070 829 1135 864 ιέρᾳ
1155 831 1188 864 τῇ
1205 829 1299 865 τρίτῃ,
1318 830 1366 864 οὐχ
1383 828 1507 866 εὕρισκον
1522 829 1553 856 τὸ
1572 829 1651 864 σῶμα
1664 829 1711 855 τοῦ
1727 828 1819 864 Ἰησοῦ·

214 872 279 899 dum
304 872 352 900 ﬁ-lii
375 872 458 901 Israel
485 875 637 910 sepulcrum
655 876 739 912 Moysi
767 876 944 903 ascendentes
965 875 981 902 ii

1070 884 1074 898 ι
1088 875 1186 910 τρόπον
1195 876 1219 901 οἱ
1228 876 1281 902 υἱοὶ
1291 875 1337 902 τοῦ
1346 875 1453 911 Ἰσραὴλ
1467 875 1515 910 τὴν
1530 875 1618 911 ταφὴν
1632 875 1681 901 τοῦ
1694 874 1821 907 Μωῡσέως

213 921 333 944 montem
350 919 576 957 quaesiverunt,et
592 929 644 948 non
660 922 830 950 invenerunt.

1070 920 1194 952 ναϐάντες
1207 921 1235 947 ἐν
1248 920 1286 956 τῷ
1298 920 1356 955 ὖρει
1373 919 1494 956 ἐζήτουν,
1511 920 1557 947 καὶ
1575 920 1624 955 οὐχ
1638 919 1774 955 εὕρισκον.

834 1069 869 1099 In
901 1069 1057 1108 psalmum
1073 1069 1230 1100 LXXVII.

491 1126 611 1160 (BANDINI,
630 1129 735 1161 Calalog.
749 1128 820 1154 codd.
836 1131 913 1155 erc.
933 1129 1040 1155 biblioth.
1060 1128 1358 1160 Mediceo-Laurentianw,
1368 1133 1427 1156 tom.
1438 1131 1458 1161 Ι,
1469 1137 1493 1162 p.
1510 1131 1561 1163 91.)

250 1181 284 1209 45
301 1190 307 1208 :
321 1181 394 1208 Misit
405 1182 431 1208 in
443 1189 485 1208 eos
501 1183 701 1218 cynomyiam,et
715 1184 825 1211 comedit
835 1192 895 1217 eos;
909 1188 932 1211 el
947 1192 994 1211 ra-

215 1232 311 1263 uam,et
328 1227 483 1262 disperdidit
495 1236 549 1255 eos.

250 1316 295 1344 46.
319 1316 353 1342 Et
377 1316 448 1343 dedit
469 1317 580 1352 mrugini
604 1316 706 1352 [ructus
727 1325 816 1344 eorum
841 1321 866 1344 et
894 1317 995 1344 labores

214 1371 304 1390 eorum
315 1362 434 1390 locustw.

249 1410 295 1437 47.
313 1409 347 1436 Et
364 1410 459 1436 occidit
477 1409 505 1436 in
525 1408 653 1444 grandine
668 1409 755 1436 vineas
770 1418 859 1437 eorum
873 1413 897 1437 et
910 1417 995 1437 moros

215 1464 304 1484 eorum
319 1457 346 1483 in
361 1456 467 1491 pruina.

250 1502 484 1537 Quemadmodum
495 1510 559 1530 vero
572 1509 620 1537 per
631 1502 839 1530 immoderatam
852 1502 940 1529 victus
954 1509 997 1528 ra-

215 1550 317 1576 tionem
342 1548 461 1576 exitialis
484 1548 594 1583 quidam
618 1553 645 1575 et
668 1548 782 1576 biliosus
800 1548 827 1574 in
846 1548 997 1575 visceribus

217 1594 368 1622 concrescit
384 1594 494 1626 humor,
514 1601 594 1628 quem
618 1598 676 1620 arte
694 1601 743 1620 sua
762 1592 884 1620 medicus
901 1593 933 1619 ad
951 1601 997 1619 vo-

216 1639 315 1666 mitum
337 1639 482 1670 eliciendo,
510 1647 564 1665 non
583 1639 605 1666 is
621 1638 741 1673 profecto
765 1639 791 1665 in
809 1645 890 1665 causa
907 1637 996 1670 luerit,

215 1689 247 1712 ut
262 1685 307 1711 ille
321 1685 466 1712 morbosus
478 1684 504 1711 in
519 1692 632 1719 corpore
645 1684 829 1719 producatur;
842 1692 922 1719 quem
937 1684 998 1719 qui-

217 1731 279 1758 dem
300 1730 507 1765 intemperantia
524 1731 577 1758 cibi
597 1730 696 1763 effecit,
720 1730 747 1757 in
769 1736 891 1764 apertum
907 1735 998 1757 autem

216 1777 311 1805 eduxit
324 1785 368 1805 ars
382 1779 484 1806 medica
500 1779 559 1806 :sic
575 1779 657 1806 etiam
676 1779 801 1813 quamvis
815 1778 921 1806 dicatur
937 1785 997 1805 mo-

1081 1181 1132 1216 με’.
1159 1182 1387 1215 Ἐξαπέστειλεν
1399 1184 1442 1215 είς
1459 1183 1568 1217 αὐτοὺς
1583 1184 1760 1220 κυνόμυιαν.
1780 1184 1824 1213 καὶ

1045 1227 1212 1262 κατέφαγεν
1227 1229 1346 1262 αὐτοὺς,
1360 1229 1408 1256 καὶ
1422 1229 1586 1265 βάτραχον,
1603 1230 1654 1257 καὶ
1668 1228 1824 1267 διέφθειρεν

1046 1275 1167 1308 αὐτούς.

1082 1321 1141 1356 με’.
1160 1321 1214 1349 Καὶ
1228 1320 1319 1348 ἔδωκε
1342 1321 1380 1356 τῇ
1402 1322 1526 1356 ἐρυσίϐῃ
1543 1322 1613 1356 τσὺς
1628 1323 1764 1358 καρποὺς
1779 1325 1825 1351 σίν

1045 1367 1113 1399 τῶν,
1129 1367 1177 1394 καὶ
1191 1367 1260 1400 τοὺς
1271 1367 1384 1401 πόνους
1397 1368 1494 1395 αὐτῶν
1508 1368 1544 1403 τῇ
1560 1369 1668 1403 ἀκριδι.

1083 1413 1137 1449 μζ.
1165 1412 1345 1440 Ἀπέκτεινεν
1363 1413 1398 1440 ἐν
1418 1413 1530 1448 χαλάζῃ
1547 1414 1604 1448 τὴν
1620 1415 1759 1449 ἄμπελον
1779 1417 1826 1443 ai;-

1047 1458 1115 1489 τῶν,
1132 1458 1180 1485 καὶ
1193 1458 1245 1490 τὰς
1264 1459 1449 1493 συκαμίνους
1462 1459 1561 1485 αὐτῶν
1571 1459 1606 1485 ἐν
1617 1459 1655 1494 τῇ
1667 1460 1780 1496 πάχνη.

1081 1502 1187 1539 Ὥσπερ
1201 1503 1228 1530 δὲ
1243 1503 1285 1529 διὰ
1298 1503 1346 1538 τῆς
1361 1504 1543 1540 ἀτακτοτέρας
1555 1504 1660 1540 διαίτης
1673 1505 1828 1541 φθοροποιός

1046 1558 1087 1582 τις
1101 1549 1186 1585 χυμὸς
1196 1549 1243 1575 καὶ
1253 1549 1370 1585 χολώδης
1383 1551 1412 1576 ὲν
1424 1551 1480 1581 τοῖς
1491 1550 1653 1586 σπλάγχνοις
1664 1553 1827 1583 συνίσταται.

1047 1596 1076 1622 ὃν
1094 1596 1108 1621 ό
1127 1595 1217 1631 ίατρὸς
1235 1595 1278 1622 διὰ
1299 1597 1348 1630 τῆς
1365 1595 1462 1631 τέχνης
1479 1597 1518 1627 εἰς
1535 1596 1630 1632 ἔμετον
1643 1598 1829 1634 ἐφελκόμενος,

1047 1641 1098 1668 οὐκ
1114 1640 1147 1667 ἂν
1158 1640 1186 1666 ἐν
1199 1640 1273 1675 αἰτίᾳ
1286 1640 1390 1675 γένοιτο
1408 1641 1455 1668 τοῦ
1472 1641 1555 1669 αὑτοῦ
1567 1643 1716 1679 ἐμποιῆσαι
1733 1645 1773 1679 τῷ
1786 1645 1831 1670 σώ-

1050 1697 1113 1723 ματι
1124 1687 1169 1714 τὸν
1186 1687 1288 1722 νοσώδη
1304 1687 1399 1722 χυμὸν,
1414 1688 1471 1714 ἀλλ’
1481 1689 1590 1723 ἐποίησε
1605 1689 1655 1724 μὲν
1671 1691 1722 1725 τῆς
1732 1693 1830 1726 τροφῆς

1047 1734 1155 1767 ἀταξία,
1165 1735 1205 1766 εἰς
1213 1734 1241 1761 δὲ
1251 1734 1281 1761 τὸ
1291 1735 1409 1769 ἐμφανὲς
1419 1734 1520 1770 ἢγαγεν
1532 1735 1548 1769 ἡ
1561 1735 1669 1770 ἰατρικὴ
1683 1736 1830 1772 ἐπιστήμη.

1048 1781 1140 1812 Οὕτως
1155 1781 1206 1807 κᾶν
1221 1780 1298 1817 παρὰ
1311 1780 1377 1807 Θεοῦ
1392 1780 1514 1814 γίνεσθαι
1528 1779 1638 1815 λέγηται
1658 1782 1715 1812 τοῖς
1733 1782 1831 1818 μοχθη-

217 1825 313 1853 lestam
328 1825 552 1858 vindicationem,
568 1833 621 1860 qua
632 1825 786 1860 plectuntur
800 1825 846 1860 qui
859 1825 981 1852 voluntat

1070 1828 1105 1859 ai;
1115 1827 1163 1863 τὴν
1177 1827 1335 1862 προαίρεσιν
1363 1827 1379 1862 ὴ
1395 1826 1503 1862 ἀλγεινὴ
1520 1826 1707 1859 ἁνταπόδοσις,
1726 1827 1831 1862 εὓλογον

217 1876 281 1899 sunt
295 1872 426 1906 perversi,
437 1879 453 1899 a
469 1871 524 1899 Deo
539 1879 614 1904 esse;
633 1871 732 1898 rationi
747 1871 840 1906 utique
852 1877 998 1899 consenta-

218 1925 298 1945 neum
317 1917 397 1950 l‘oret,
413 1926 446 1945 ex
461 1918 540 1945 nobis
553 1917 703 1953 ipsisinitia
713 1922 834 1952 repetere
849 1922 875 1945 et
888 1926 996 1950 causas,

217 1964 374 1999 hujusmodi
396 1965 468 1991 mala
490 1964 647 1999 recipiendi.
671 1963 722 1997 Qui
745 1965 816 1991 enim
839 1964 897 1992 sine
920 1964 998 1999 culpa

217 2011 325 2043 vixerit,
349 2017 403 2037 non
426 2011 465 2038 illi
490 2010 607 2038 tenebrat
630 2014 705 2042 sunt,
732 2018 785 2037 non
807 2010 917 2042 vermis,
943 2017 997 2036 non

217 2057 352 2093 gehenna,
370 2065 424 2084 non
443 2057 525 2093 ignis.
551 2064 604 2084 non
627 2057 700 2084 aliud
726 2057 873 2091 quidquam
890 2056 1000 2083 terribi-

217 2104 283 2131 lium
310 2111 402 2131 rerum
426 2109 453 2131 et
473 2111 639 2138 poenarum:
666 2103 884 2138 quemadmodun
912 2109 1000 2138 neque

217 2150 338 2178 Hebraeis
362 2150 525 2177 detrimento
548 2148 659 2175 fuerunt
676 2147 808 2183 [Egyptim
828 2148 924 2182 plagze,
944 2155 998 2175 non

219 2196 316 2223 minuti
342 2196 380 2222 illi
406 2194 543 2228 sciniphes
569 2193 657 2219 inviso
683 2201 775 2220 morsu
791 2192 912 2220 dolorem
929 2191 999 2219 infe—

219 2247 319 2274 rentes,
337 2249 391 2268 non
408 2239 549 2275 cynomyia
577 2238 713 2265 mordicus
732 2238 825 2265 aculeo
838 2238 936 2265 acerbo
950 2237 998 2265 ad-

219 2288 384 2319 haerescens,
401 2293 453 2312 non
472 2291 588 2319 superne
602 2284 758 2318 ingruentes
775 2283 914 2318 grandinis
929 2283 1000 2318 lapi-

220 2334 300 2361 dibus
314 2332 449 2368 proccllze,
478 2339 531 2358 non
551 2338 615 2357 arva
637 2330 748 2357 locustis
770 2330 924 2364 absumpta,
945 2338 998 2357 non

221 2380 325 2407 obsitus
354 2378 473 2405 tenebris
501 2384 562 2409 aer,
589 2381 740 2410 creteraque
772 2376 938 2411 hujusmodi.
970 2375 1000 2403 In

221 2430 347 2461 promptu
372 2428 462 2451 autem
488 2423 543 2451 Deo
572 2428 613 2450 est
640 2423 763 2450 excolere
789 2430 880 2449 veram
906 2423 1000 2454 vitem,

222 2472 376 2507 Egyptiam
401 2478 465 2498 vero
483 2470 605 2505 perdere,
627 2477 688 2496 cum
714 2469 767 2496 illis
789 2469 872 2496 etiam
894 2473 998 2504 parcat,

221 2518 267 2553 qui
285 2517 424 2544 comesturi
447 2521 506 2543 sunt
518 2523 595 2542 uvam
610 2515 691 2550 fellis,
709 2519 734 2542 et
752 2515 861 2542 bibituri
877 2523 1000 2542 venenum

223 2564 343 2598 aspidum
381 2563 527 2590 insanabile
558 2563 590 2589 ”.
633 2562 780 2590 Subruitur
818 2562 897 2596 plane
933 2562 1002 2588 ﬁcus

222 2609 361 2644 Egyptia,
376 2617 429 2636 non
445 2613 534 2637 autem
554 2609 599 2636 illa
614 2616 695 2643 quam
710 2607 857 2636 Zacchaeus
868 2615 1000 2635 conscen-

223 2655 273 2687 dit,
289 2661 318 2682 ut
330 2655 473 2683 Dominum
492 2664 581 2683 meum
600 2655 699 2682 intueri
715 2655 803 2689 possit
817 2664 824 2681 ι
840 2653 1002 2688 fructusque

223 2701 331 2738 Egypti
352 2707 570 2737 corrumpuntur,
591 2710 671 2736 opera
685 2702 814 2728 nimirum
827 2701 933 2732 carnis;
946 2707 1002 2728 non

223 2753 312 2776 autem
330 2748 428 2783 fructus
442 2748 568 2783 Spiritus,
582 2748 708 2780 charitas,
726 2748 861 2783 gaudium,
871 2755 923 2782 pax
932 2747 963 2773 ³⁵.

260 2809 282 2824 ³⁵
298 2809 402 2837 Dcuter.
417 2817 503 2844 xxxii,
516 2809 560 2836 55.
575 2809 621 2848 J"
634 2808 692 2836 Gal.
706 2816 732 2842 ν,
748 2808 792 2836 22.

1048 1872 1080 1899 ἂν
1092 1872 1134 1908 εἴη
1146 1871 1175 1904 ἐξ
1184 1874 1200 1908 ἡ
1205 1872 1262 1908 μῶν
1275 1871 1364 1899 αὐτῶν
1379 1873 1448 1899 νοεῖν
1461 1872 1510 1904 τὰς
1523 1872 1609 1908 ἀρχὰς
1623 1873 1670 1899 καὶ
1681 1872 1732 1905 τὰς
1748 1874 1831 1904 αἰτίας

1048 1917 1082 1943 τὰ
1101 1917 1213 1944 τοιαῦτα
1234 1917 1384 1952 λαμϐάνειν
1404 1917 1488 1953 πάθη.
1510 1917 1554 1952 Τῷ
1568 1917 1621 1953 γὰρ
1635 1918 1831 1954 ἀναμαρτήτως

1050 1962 1190 1997 βεϐιωκότι
1203 1963 1233 1988 οὐ
1250 1963 1344 1994 σκότος
1359 1964 1441 1995 ἐστὶν,
1457 1963 1486 1989 οὐ
1502 1962 1617 1997 σκώληξ,
1635 1963 1666 1989 οὐ
1682 1964 1791 1998 γέεννα,
1806 1967 1832 1991 οὺ

1049 2008 1114 2044 πῦρ,
1137 2009 1187 2035 οὐκ
1206 2008 1269 2035 ἄλλο
1291 2017 1318 2035 τι
1341 2008 1395 2035 τῶν
1419 2008 1540 2044 φοϐερῶν
1565 2009 1706 2044 ὀνομάτων
1735 2019 1767 2036 τε
1791 2010 1832 2036 καὶ

1049 2056 1228 2092 πραγμάτων,
1250 2055 1288 2087 ὡς
1311 2055 1371 2082 οὐδὲ
1391 2056 1445 2087 τοῖς
1479 2055 1613 2090 Ἑϐραίοις
1634 2057 1662 2082 αἱ
1688 2057 1833 2090 Αἰγύπτιαι

1050 2102 1161 2136 πληγαὶ,
1176 2102 1201 2128 οι
1217 2101 1311 2128 λεπτοὶ
1328 2101 1451 2133 σκίνιπες
1467 2102 1573 2133 ἐκεῖνοι,
1587 2103 1611 2128 οἱ
1632 2104 1689 2134 τοῖς
1707 2103 1833 2138 ἀφανέςιν

1050 2148 1210 2182 ἀλγύνοντες
1229 2147 1374 2182 δήγμασιν,
1391 2149 1407 2183 ὴ
1429 2147 1565 2183 ὀδυνηρῶς
1580 2147 1624 2174 διὰ
1639 2148 1686 2175 τοῦ
1700 2149 1833 2184 δήγματκ

1051 2194 1207 2230 ὲμφυομένη
1223 2193 1261 2228 τῷ
1274 2193 1379 2228 σώματι
1407 2193 1550 2229 κυνόμυια,
1565 2194 1589 2219 οἱ
1599 2193 1705 2221 ἄνωθεν
1718 2196 1834 2230 πρηστῆη

1052 2248 1097 2275 ρες
1111 2241 1168 2271 τοῖς
1179 2239 1227 2274 τῆς
1241 2238 1361 2274 χαλάζης
1370 2238 1453 2270 λίθοις
1464 2239 1744 2272 συγκαταπίπτοντες,
1760 2242 1776 2275 ὴ
1789 2240 1834 2266 ὑπὸ

1051 2285 1104 2312 τῶν
1118 2285 1233 2321 ἀκρίδων
1255 2284 1490 2320 καταφθειρομένη
1512 2284 1663 2318 γεωπονία,
1683 2287 1698 2312 ὸ
1715 2286 1833 2321 μελαινό-

1054 2339 1133 2366 μενος
1150 2331 1213 2366 ἀὴρ,
1233 2330 1267 2357 τὰ
1286 2330 1362 2357 ἄλλα.
1380 2330 1526 2366 Πρόκειται
1538 2330 1566 2356 δὲ
1582 2330 1621 2366 τῷ
1631 2331 1693 2367 Θεῷ
1707 2332 1835 2367 γεωργεῖν

1054 2378 1102 2413 μὲν
1115 2377 1164 2413 τὴν
1179 2376 1308 2412 ἀληθινὴν
1331 2376 1461 2412 ἄμπελον,
1482 2377 1641 2404 ἀποκτεῖναι
1652 2377 1682 2404 δὲ
1693 2377 1745 2413 τὴν
1755 2378 1833 2410 Δίγυ-

1053 2424 1132 2451 πτίαν
1141 2423 1290 2458 φειδομένῳ
1299 2422 1356 2449 τῶν
1363 2424 1538 2457 μελλόντων
1551 2423 1663 2450 ἐσθίειν
1675 2422 1834 2457 σταφυλὴν·

1053 2469 1148 2504 χολῆς
1158 2469 1206 2496 καί
1224 2469 1320 2495 πίνειν
1331 2468 1425 2503 θυμὸν
1440 2468 1576 2496 ἀσπίδων
1595 2469 1731 2496 ἀνίατον.
1755 2469 1834 2494 ’Δναιι

1056 2520 1143 2554 ρεῐται
1157 2518 1185 2544 δὲ
1201 2517 1248 2543 καὶ
1267 2517 1414 2552 συκάμινος
1437 2516 1581 2550 Αἰγυπτία,
1609 2516 1639 2542 οὐ
1668 2516 1723 2551 μὴν
1746 2515 1832 2547 ἐκείνη

1056 2563 1139 2599 ἐφ’ἢν
1153 2563 1291 2590 ἀναϐαίνει
1307 2563 1450 2597 Ζακχαῖος,
1466 2562 1509 2589 ἵνα
1527 2561 1626 2597 δυνηθῇ
1645 2562 1710 2589 ἰδεῖν
1725 2571 1776 2598 μου
1792 2561 1836 2588 τὸν

1055 2610 1166 2646 Κύριον.
1187 2609 1241 2636 Καὶ
1257 2608 1453 2644 διαφθείρονται
1474 2607 1574 2644 καρποὶ
1596 2607 1751 2642 Αἰγύπτιοι,
1769 2608 1836 2643 ἔργα

1057 2655 1166 2691 σαρκὸς,
1179 2655 1208 2681 οὐ
1227 2655 1279 2690 μὴν
1301 2656 1317 2682 ό
1333 2653 1384 2681 τοῦ
1395 2653 1567 2688 Πνεύματος
1584 2655 1709 2688 καρπὸς,
1722 2653 1833 2688 ἀγα-τη,

1055 2702 1140 2746 χαρὰ,
1154 2701 1266 2736 εἰρήνη-
