1860 3051
49 69 114 98 6ιῦ

653 78 864 111 FRAGMENTA
882 84 917 112 IN
938 85 1105 116 PSALMOS.

1632 98 1682 127 BH

93 132 157 166 μη¹.
176 131 235 159 Kal
257 134 426 169 παρέδωκεν
439 137 482 170 εἰς
495 137 627 172 χάλαζαν
641 141 678 167 τὰ
695 141 790 177 κτήνη
801 151 823 169 αι

93 184 119 192 μ
147 178 410 192 ....i-.r.-._~.__s..,,
488 183 500 189 -
561 185 573 189 -
658 186 665 192 ,

939 145 984 173 48.
1003 146 1037 174 Ει
1064 147 1174 174 tradidit
1188 149 1312 184 qrandini
1325 151 1447 186 jumenta
1458 161 1560 190 eorum,
1580 161 1607 184 et
1628 166 1688 192 pos-

49 182 132 207 των,
146 178 199 204 καὶ
211 178 272 213 τὴν
284 180 411 215 ὕπαρξιν
425 183 522 210 αὐτῶν
537 185 577 217 τῷ
592 186 673 220 πυρί.

97 222 132 249 '0
152 222 182 249 δὲ
200 224 423 262 Σύμμαχος-Τοῦ
438 229 580 263 ἐκδόντος
593 232 684 266 λοιμῷ
706 233 741 260 τὰ
759 234 852 268 κτήνη

46 270 174 303 αὐτῶν,
205 273 255 299 καὶ
278 273 314 300 τὰ
333 274 465 309 κτήματα
480 276 578 303 αὐτῶν
594 279 718 311 οἰωνοῖς.
740 280 852 315 Ἀθρόαν

45 317 108 353 γὰρ
126 317 271 354 δεξάμενα
284 319 421 355 τελευτὴν,
441 321 513 357 θοίνη
526 323 580 349 τῶν
594 325 766 360 σαρκοϐόρων
781 326 853 360 ὀρνί-

44 362 107 388 θων
130 363 273 398 ἐγένοντο.
295 366 373 392 Κατὰ
386 366 413 393 δὲ
429 368 491 399 τοὺς
510 368 708 404 Ἐϐδομήκοντα
720 371 759 396 ὀὺ
772 371 851 397 τοῦτο

42 409 140 442 λέγει,
159 410 206 436 ὅτι
227 411 279 446 ἰδία
297 412 345 447 μὲν
360 413 376 447 ἡ
393 413 496 448 χάλαζα
517 414 550 441 τὰ
571 416 655 451 κτήνη
674 415 778 451 ἀνῄρει,
798 416 850 452 ἰδίᾳ

41 453 73 479 δὲ
90 454 128 481 τὸ
145 455 218 491 πῦρ,
236 456 284 492 τὴν
301 457 384 493 ἄλλην
397 459 522 495 ὕπαρξιν,
537 460 593 487 ἀλλ’
607 461 648 487 ὃτι
660 460 763 496 χάλαζα
781 462 848 496 μετὰ

40 500 139 535 πυρὸς
165 499 326 538 παραδόξως
348 505 565 541 καταφερομένη,
588 507 640 542 πρὸ
666 506 773 533 πάντων
800 508 848 542 μὲν

40 546 95 580 τὴν
114 547 249 582 ἄμπελον
265 549 418 585 ἀπενέκρου
437 552 484 577 καὶ
503 552 550 583 τὰς
567 552 740 588 συκαμίνους,
756 553 793 585 ὡς
810 553 846 589 μὴ

37 591 211 628 δυναμένας
226 595 294 627 ὅλως
307 596 442 632 ἀντισχεῖν
461 599 493 633 τῇ
514 598 607 635 πρώτῃ
623 599 767 635 προσϐολῇ.
780 598 846 627 Εἶτα

36 637 75 664 τὰ
91 639 192 675 κτήνη
207 640 258 666 ὅσα
268 642 297 667 ἐν
309 643 364 673 τοῖς
377 642 476 675 πεδίοις
492 644 628 679 ἐνέμοντο,
642 644 735 672 ἔπειτα
751 645 780 672 δὲ
796 647 845 672 πᾶ-

38 693 93 711 σαν
115 685 244 722 βοτάνην
258 688 305 714 καὶ
326 689 380 715 πᾶν
395 689 489 723 φυτὸν,
511 690 541 716 τὸ
562 691 590 716 ὲν
609 692 642 726 τῇ
663 691 765 727 χαλάζῃ
789 691 843 729 πῦρ

37 731 233 764 ἐπεϐόσκετο,
253 734 299 760 καὶ
319 732 352 770 ἦν
368 735 398 761 τὸ
409 736 525 771 πρᾶγμα
541 737 691 772 τεράστιον,
712 738 798 773 πυρὸς
814 739 842 765 ἐν

35 776 125 803 ὕδατι
146 778 296 814 τρέχοντος
317 780 364 806 καὶ
382 780 604 818 διαπλεκομένου.
625 784 757 818 Διέτρεχε
775 785 840 819 γὰρ,

36 825 124 860 φησὶ,
140 825 179 851 τὸ
195 825 256 859 xi'p
275 826 310 852 ἐν
323 826 361 861 τῇ
379 827 502 862 χαλάζῃ·
518 826 552 864 ἦν
564 828 620 864 δὲή
635 829 737 864 χάλαζα
750 830 797 857 καὶ
812 831 843 857 τδ
858 822 879 850 Β

35 871 98 906 πῦρ
123 872 258 906 φλογίζον
278 873 307 899 ἐν
331 874 363 908 τῇ
384 873 499 910 χαλάζῃ.
526 875 662 910 Ὕπαρξιν
685 876 712 902 δὲ
732 876 780 902 εἴτ’
796 875 842 905 οὖν

35 919 165 954 πλοῦτον
181 918 260 945 καλεῖ
270 921 284 945 ὀ
311 919 392 946 Δαὸὶδ
405 920 440 947 τὰ
452 921 536 956 κτήνη
554 921 601 948 καὶ
614 921 658 949 τὸν
672 922 776 958 καρπὸν
787 923 841 951 τῶν

35 952 148 998 φυτῶν.
165 964 229 1000 Χρὴ
246 965 273 991 δὲ
285 964 428 998 γινώσκειν
446 966 498 997 ὅτι,
518 967 542 993 εἰ
562 967 609 993 καὶ
623 968 711 994 πᾶσαν
727 967 841 1004 βοτάνην

34 1010 86 1036 κα).
109 1011 171 1036 πᾶν
192 1009 270 1042 ξύλον
290 1011 306 1046 ἡ
325 1011 429 1046 χάλαζα
443 1011 596 1048 διαφθεῖραι
619 1013 768 1049 ἱστόρηται,
782 1015 839 1041 ἀλλ’

32 1054 83 1082 οὖν
98 1056 272 1082 ὑπελείπετό
289 1065 350 1084 τινα
363 1058 380 1084 ἃ
392 1058 461 1093 μετὰ
473 1058 521 1094 τὴν
534 1059 699 1095 πυρίπλοκον
708 1060 837 1095 χάλαζαν,

33 1102 202 1129 ἐπελθοῦσα
224 1103 406 1139 κατέφαγενή
424 1104 513 1140 ἀκρὶς,
536 1106 599 1141 περὶ
614 1103 646 1141 ἧς
663 1107 780 1141 εἴρηται,
798 1107 838 1134 ὃτι

32 1149 192 1175 κατέδεται
208 1149 297 1175 πᾶσαν
312 1150 436 1186 βοτάνην,
453 1151 499 1177 καὶ
510 1152 598 1178 πάντα
611 1153 656 1179 τὸν
669 1154 773 1189 καρπὸν
783 1154 836 1181 τῶν

31 1194 138 1226 ξύλων,
165 1195 198 1221 ὃν
215 1195 374 1222 ὑπελείπετο
397 1198 414 1232 ὴ
436 1196 550 1232 χάλαζα.
573 1198 651 1225 Κατὰ
666 1199 694 1225 δὲ
710 1199 834 1235 θεωρίαν,

30 1241 92 1267 ἐστι
109 1240 180 1267 τινὰ
195 1242 282 1276 κτήνη
301 1242 430 1278 Χριστοῦ,
452 1243 498 1269 καὶ
513 1244 570 1270 ἔστι
589 1245 649 1271 τινὰ
667 1246 834 1280 Αιγυπτίων.

28 1286 159 1313 Δύναται
184 1286 235 1321 μέν
252 1295 292 1313 τοι
312 1287 346 1313 τὰ
366 1288 431 1314 ποτὲ
453 1288 578 1325 ἀλλοτρία
599 1290 727 1323 γενέσθαι
752 1292 834 1319 αὐτοῦ

28 1332 183 1366 κτήματα,
208 1331 247 1363 ὡς
263 1332 298 1358 τὰ
317 1333 410 1360 Λαϐὰν
432 1334 479 1360 τοῦ
502 1335 607 1367 Ἰακὼϐ,
629 1337 676 1362 καὶ
690 1337 831 1365 ἀνάπαλιν.

29 1377 94 1402 Τῶν
108 1376 184 1410 γοῦν
198 1376 342 1412 προϐάτων
356 1378 406 1404 ὅσα
430 1379 525 1405 Ἰακὼὸ
542 1380 753 1416 ἀπεδοκίμασεν,
769 1383 832 1417 ἐχα-

29 1422 133 1457 ρίσατο
148 1421 192 1456 τῷ
215 1422 311 1449 Ἠσαῦ.
327 1423 397 1459 Ὅρα
412 1424 476 1458 γοῦν
492 1426 595 1460 μήποτε
606 1428 638 1453 ὲκ
649 1428 699 1462 τῆς
716 1428 831 1465 ποίμνης

27 1467 238 1503 εὑρισκόμενος
256 1468 354 1503 Ἰησοῦ,
370 1470 434 1496 ὅταν
449 1470 590 1506 πέμπηται
601 1472 674 1508 δῶρα
688 1473 726 1508 τῷ
746 1474 830 1501 Ἦσαῦ
844 1490 865 1518 c

26 1514 168 1550 ὲκλὲγῃς,
188 1515 237 1541 καὶ
248 1515 285 1546 ὡς
299 1515 426 1551 ἀδόκιμος
442 1517 489 1543 καὶ
501 1517 608 1549 ἀνάξιος
621 1518 667 1545 τοῦ
683 1528 829 1554 πνευματι-

25 1560 77 1586 κοῦ
111 1559 230 1593 Ἰακὼϐ,
258 1562 419 1597 ὲκπεμφθῇς
447 1563 516 1599 πρὸς
538 1564 583 1590 τὸν
612 1565 706 1592 Ἠσαῦ.
735 1567 827 1602 Κτήνη

24 1607 156 1642 Χριστοῦ
178 1607 204 1633 οἱ
227 1607 416 1644 ἀπλούστεροι,
435 1608 482 1640 οὓς
497 1608 577 1641 σώζει
593 1611 607 1636 ὁ
619 1610 684 1642 Θεὸς
700 1612 770 1638 κατὰ
786 1613 827 1639 τό·

31 1653 230 1688 Ἀνθιχῦδτους
247 1654 296 1680 καὶ
311 1654 404 1688 κτήνη
421 1654 532 1688 σώζεις,
554 1657 652 1690 Κύριε.
672 1658 763 1694 Κτήνη
777 1660 825 1686 Λὶ-

22 1699 171 1732 γυπτὶων,
187 1700 212 1725 οἱ
228 1698 324 1735 ἀλογίᾳ
336 1701 369 1735 τῇ
381 1699 455 1735 ἀθέῳ
465 1701 625 1737 διδασκαλίᾳ
635 1704 826 1736 συγκατατιθέ-

24 1754 117 1780 μενοι,
141 1745 163 1773 ﬁ.
185 1746 234 1772 καὶ
251 1745 441 1780 χαλαζοῦνται.
461 1747 515 1774 Καὶ
536 1748 679 1782 Αἰγύπτιοι
706 1750 754 1785 μὲν
774 1751 824 1777 ὅσα

22 1791 121 1827 ἔχουσι
142 1791 187 1826 τῷ
207 1792 273 1827 πυρὶ
291 1792 477 1826 παραδίδοται,
503 1793 629 1829 Ἀϐραὰμ
643 1794 672 1822 δὲ
687 1795 721 1822 τὰ
736 1796 824 1832 ὑπάρ-

20 1846 110 1874 χοντα
127 1838 173 1874 τῷ
196 1838 288 1865 Ἰσαὰκ
303 1838 413 1866 ἔδωκεν.

906 193 1048 219 sessionem
1062 201 1151 220 eorum
1167 195 1234 229 igni.

941 237 1027 265 Porro
1054 238 1234 275 Symmachus
1260 243 1349 271 reddit
1364 244 1431 277 :Qui
1456 248 1568 276 tradidit
1591 256 1687 283 pecora

904 292 995 311 eorum
1006 285 1082 319 fami,
1098 292 1122 314 et
1134 290 1307 322 possessiones
1321 299 1410 318 eorum
1420 293 1520 322 avibus.
1531 295 1598 323 Cum
1614 297 1686 324 enirn

904 332 1069 359 cumulatam
1083 334 1237 362 vastitatem
1252 341 1363 370 experta
1374 343 1474 373 essent,
1487 348 1577 368 escam
1589 343 1686 371 avibus

903 377 1055 405 carnivoris
1067 379 1250 414 praebuerunt.
1265 381 1420 411 Secundum
1432 392 1496 413 vero
1509 386 1684 424 Septuaginta

902 430 957 449 non
980 423 1031 450 hoc
1055 425 1102 457 ait,
1131 427 1276 460 separatim
1304 429 1407 459 scilicet
1432 439 1529 465 pecora
1553 436 1685 469 grandine

901 468 987 496 fuisse
1009 470 1182 506 interempta,
1203 473 1292 508 ignem
1314 483 1379 503 vero
1399 477 1556 512 singillatim
1574 482 1685 508 absum—

900 515 988 549 psisse
1006 521 1131 544 caeterum
1149 518 1348 553 substantiam;
1365 523 1411 550 sed
1433 525 1590 558 grandinem
1621 536 1683 555 cum

900 560 962 594 igne
983 561 1093 595 copiose
1113 563 1295 598 ingruentem,
1321 567 1347 594 in
1373 568 1468 602 primis
1487 571 1596 605 quidem
1611 574 1681 601 vites

898 607 1096 635 exterminasse
1119 617 1151 636 ac
1174 610 1252 643 ﬁcus,
1275 616 1403 648 tanquam
1422 615 1540 651 impares
1568 619 1680 645 omnino

897 659 959 686 quae
971 652 1025 679 vim
1048 653 1149 681 ferrent
1169 657 1319 691 eruptionis
1339 660 1449 694 primae;
1471 662 1567 690 deinde
1582 672 1680 698 pecora

897 704 1067 733 quaecunque
1090 707 1170 735 agros
1191 702 1382 738 depascebant,
1401 714 1464 734 mox
1486 715 1594 736 omnem
1617 711 1680 738 her-

896 741 958 768 bam
986 751 1150 780 omnemque
1168 747 1292 775 arborem
1329 750 1364 777 ab
1392 751 1453 786 igne
1471 760 1533 780 cum
1547 755 1680 789 grandine

894 789 1027 822 permisto
1043 790 1128 819 fuisse
1142 799 1345 829 consumptam.
1367 796 1485 832 Eratque
1507 801 1625 834 portenti
1641 803 1679 830 si-

894 835 968 867 mile,
985 836 1055 871 ignis
1073 844 1135 865 cum
1151 846 1222 875 aqua
1238 841 1406 875 discurrens,
1431 846 1675 883 complicatusque.

892 880 1064 910 Discurrebat
1075 884 1155 918 enim,
1167 886 1215 918 ait,
1230 887 1298 922 ignis
1313 890 1341 916 in
1354 891 1491 925 grandine.
1505 880 1675 930 Fuit‘nel-npe

892 927 997 961 grando
1021 933 1048 955 et
1073 929 1143 964 ignis
1168 931 1196 958 in
1218 934 1349 967 grandine
1362 936 1470 965 ardens.
1488 927 1674 968 Substantia-m

891 980 964 1004 vero,
979 973 1036 1001 sive
1055 975 1175 1009 divitias,
1196 977 1279 1006 David
1296 982 1413 1015 appellat
1427 991 1536 1017 pecora,
1552 990 1579 1012 et
1591 986 1673 1014 arbo-

890 1026 951 1046 rum
973 1019 1088 1049 fructus.
1112 1024 1337 1055 Animadvertere
1353 1034 1443 1056 autem
1466 1036 1583 1065 oportet,
1600 1034 1673 1067 quod

889 1065 995 1093 etiamsi
1009 1074 1118 1095 omnem
1137 1069 1249 1098 herbam
1265 1080 1427 1109 omnemque
1438 1076 1560 1104 arborem
1570 1080 1672 1113 grando

888 1111 1092 1145 consumpsisse
1102 1113 1224 1148 dicatur;
1235 1117 1358 1151 quadam
1372 1120 1551 1150 nihilominus
1563 1131 1672 1152 reman-

888 1159 992 1189 serunt,
1006 1165 1066 1191 quae
1079 1164 1141 1193 post
1154 1162 1313 1195 grandinem
1334 1165 1396 1199 igne
1416 1166 1565 1195 involutam
1577 1177 1667 1205 super-

887 1201 998 1229 veniens
1009 1202 1114 1232 locusta
1129 1207 1260 1241 comedit;
1283 1209 1317 1237 de
1327 1218 1379 1245 qua
1393 1212 1495 1240 dictum
1511 1220 1562 1248 est,
1576 1223 1669 1244 come-

890 1246 964 1274 disse
971 1255 1080 1277 omnem
1089 1250 1212 1286 herbam,
1224 1262 1389 1291 omnemque
1397 1258 1526 1286 arborum
1539 1262 1667 1294 fructum,

884 1299 1076 1330 quemcunque
1101 1299 1204 1332 grando
1226 1301 1390 1336 reliquisset.
1419 1303 1575 1333 Secundum
1600 1315 1667 1335 vero

884 1339 1029 1374 theoriam,
1046 1348 1110 1370 sunt
1125 1347 1248 1379 quaedam
1267 1348 1368 1376 Christi
1382 1358 1490 1385 pecora,
1504 1357 1531 1380 et
1542 1354 1666 1388 quaedam

883 1385 1072 1422 Egyptiorum
1083 1398 1090 1418 :
1103 1392 1168 1426 quin
1182 1393 1262 1420 etiam
1278 1400 1401 1429 possunt,
1419 1405 1480 1432 quae
1490 1385 1600 1428 alterius
1616 1401 1667 1428 ειιὶ-

882 1434 992 1466 quando
1007 1433 1125 1468 fuerant,
1141 1437 1226 1472 ipsius
1234 1439 1335 1467 Christi
1348 1443 1477 1477 evadere;
1488 1447 1666 1480 quemadmo-

882 1477 945 1504 dnm
960 1478 1063 1508 Labani
1079 1489 1177 1516 pecora
1192 1483 1286 1512 Jacobi
1305 1486 1373 1515 facta
1390 1494 1463 1522 sunt,
1487 1477 1513 1518 et
1531 1492 1663 1528 vicissim,

883 1529 1023 1558 propterea
1036 1528 1108 1561 quod
1117 1527 1200 1557 Jacob
1211 1538 1379 1568 quzecunque
1391 1535 1563 1571 improbavit,
1577 1538 1664 1568 Esavo

880 1570 1009 1606 elargitus
1025 1577 1076 1600 est.
1092 1574 1164 1602 Cave
1181 1577 1273 1612 igitur,
1294 1587 1328 1606 ne
1344 1580 1371 1607 in
1393 1582 1456 1609 ovili
1477 1583 1541 1612 Jesu
1566 1585 1663 1613 inven-

880 1619 933 1648 tus,
951 1625 1012 1644 cum
1029 1619 1062 1646 ad
1086 1619 1157 1648 Esau
1184 1622 1255 1650 dona
1282 1625 1437 1659 mittuntur,
1469 1630 1603 1666 seligaris,
1630 1640 1663 1661 ac

879 1663 1010 1696 tanquam
1037 1666 1169 1699 reprobus
1192 1668 1376 1706 indignosque
1398 1663 1546 1709 spiritualis
1567 1663 1661 1707 Jacobi

878 1709 1072 1739 transmittaris
1085 1713 1118 1739 ad
1131 1712 1212 1742 Esau.
1224 1714 1326 1745 Pecora
1341 1719 1468 1748 nimirum
1485 1722 1586 1751 Christi
1598 1731 1662 1754 sunt

877 1753 1068 1791 simpliciores,
1086 1766 1155 1794 quos
1170 1760 1242 1789 Deus
1257 1763 1353 1798 salvat,
1372 1765 1450 1800 juxta
1464 1767 1528 1796 illud
1543 1779 1550 1797 :
1564 1770 1661 1798 Homi—

874 1807 918 1827 nes
942 1807 966 1828 et
981 1803 1104 1837 jumenta
1125 1806 1257 1841 salvebis,
1276 1809 1387 1838 Domine
1406 1813 1438 1840 ³⁸.
1460 1813 1562 1843 Pecora
1576 1817 1661 1854 [Egy-

873 1848 993 1881 ptiorum
1006 1849 1043 1877 illi
1058 1856 1131 1883 sunt,
1142 1854 1189 1888 qui
1200 1855 1305 1883 ratione
1320 1857 1441 1886 destituti
1455 1861 1593 1891 adhaerent
1605 1848 1658 1892 iiii-

20 1885 76 1918 piaa
98 1884 236 1912 atheismi
256 1885 398 1918 doctrinae,
414 1885 516 1921 quique
530 1886 598 1914 adeo
614 1889 746 1923 grandine
759 1893 957 1924 percutiuntur.
982 1896 1071 1932 Atque
1093 1884 1212 1935 {Egvptii
1237 1902 1358 1938 quidem,
1386 1906 1512 1936 universa
1533 1917 1594 1944 qua:
1607 1911 1657 1939 ha-

21 1934 50 1944 L_
79 1939 87 1944 .
190 1933 356 1944 .--λμμηγ
382 1933 510 1944 ...η-μ.
528 1943 587 1944 ψη
607 1935 615 1944 .
631 1943 655 1944 η
695 1935 703 1944 -
808 1938 814 1944 -

19 1934 90 1962 bent
104 1934 170 1970 igni
190 1933 334 1961 traduntur
351 1943 358 1960 :
376 1933 513 1961 Abraham
528 1943 592 1962 vero
607 1935 676 1963 bona
693 1935 786 1965 lsaaco
799 1938 860 1967 data
876 1946 950 1969 sunt.

56 1993 117 2028 μιν.
147 1991 384 2024 Ἐξαπέστειλεν
398 1992 452 2025 τεὶς
477 1992 587 2025 αὐτοὺς
609 1993 702 2029 ὀργὴν
724 1996 819 2030 θυμοῦ

17 2039 131 2071 αὑτοῦ,
149 2037 250 2072 θυμὸν
267 2037 318 2064 καὶ
330 2037 423 2072 ὀργὴν
436 2038 485 2065 καὶ
507 2039 622 2073 θλίψιν,
642 2039 819 2076 ἀποστολὴν

18 2086 55 2113 δι’
68 2085 172 2122 ἀγγέλ
176 2094 218 2111 ων
231 2084 383 2119 πονηρῶν.

53 2133 155 2168 Θυμὸν
171 2131 219 2158 καὶ
230 2131 313 2167 ὀργὴν
330 2132 376 2158 καὶ
390 2131 488 2164 θλίψιν,
503 2131 552 2164 τὰς
569 2132 669 2169 πικρὰς
684 2135 818 2170 τιμωρίας

18 2180 158 2206 ἐκάλεσεν
168 2186 176 2193 ’
196 2179 211 2204 ὁ
227 2178 281 2213 γὰρ
291 2177 357 2209 Θεὸς
370 2177 485 2212 ἀπαθὴς·
498 2178 543 2204 καὶ
554 2178 638 2214 θυμὸν
650 2179 698 2214 μὲν
712 2181 817 2215 νοήσεις

16 2226 67 2257 τὰς
89 2223 180 2261 ἦττον
196 2223 373 2256 κολαζούσας,
389 2223 472 2259 ὀργὴν
485 2223 513 2249 δὲ
529 2224 576 2256 τὰς
597 2224 705 2259 μᾶλλον,
729 2225 817 2260 θλίψιν

17 2272 63 2304 δὲ,
82 2271 139 2302 τὰς
159 2270 211 2296 ἒτν
229 2270 360 2304 ἀγγέλους
380 2269 407 2295 δὲ
430 2269 574 2306 πονηροὺς,
590 2271 652 2302 τοὺς
667 2271 716 2306 τῆς
731 2272 816 2307 ὀργῆς

18 2317 195 2352 ὑπουργοὺς,
208 2315 269 2342 οὔτε
284 2315 364 2350 φύσει
378 2315 457 2341 τοῦτο
468 2316 556 2348 ὂντας,
572 2316 633 2343 οὔτε
646 2318 814 2353 προαιρέσει,

16 2364 86 2390 ἀλλὰ
103 2362 154 2389 διὰ
173 2362 203 2388 τὸ
222 2362 261 2393 εἰς
274 2362 385 2389 τοιαῦτα
403 2362 568 2398 διακονῆσαι,
589 2363 636 2389 καὶ
654 2363 752 2395 πόνους
767 2363 814 2390 καὶ

15 2410 115 2442 dii-39a;
125 2410 286 2444 ἐνεργῆσαι,
296 2409 428 2444 πονηροὺς
434 2408 639 2443 ὀνομασθέντας,
648 2409 684 2441 ὡς
691 2410 757 2445 πρὸς
766 2409 813 2445 τὴν

15 2457 71 2482 τῶν
79 2455 246 2491 πασχόντων
254 2455 381 2486 διάθεσιν,
390 2455 457 2481 καθὸ
470 2455 615 2491 καὶ-ἡμέρα
627 2455 754 2491 πονηρὰὴ
763 2456 811 2492 τῆς

16 2502 141 2542 κρίσεως
153 2501 273 2534 λέγεται,
283 2501 320 2532 ὡς
332 2501 457 2535 ἀναγκῶν
466 2502 512 2528 καὶ
527 2501 613 2528 πόνων
623 2503 678 2532 τοῖς
686 2505 813 2539 ἀμαρτω-

15 2549 73 2582 2,03;
88 2549 228 2585 γέμουσα.
245 2547 371 2574 Τοιοῦτον
381 2548 468 2575 καὶτὸ
478 2548 553 2584 παρὰ
566 2548 604 2583 τῷ
618 2549 725 2585 Ἡσαΐᾳ·
739 2549 809 2584 Ἐγὼ

47 2646 72 2662 ³⁸
85 2644 193 2672 Psalm.
210 2651 294 2678 xxxv,
307 2643 333 2670 7.

51 2732 113 2766 (‘31)
135 2730 336 2775 Thepdoretus,
355 2730 526 2775 Hippolytum
559 2737 680 2763 secutus,
701 2734 804 2775 angelos

14 2769 103 2793 malos
117 2773 170 2793 non
183 2767 334 2799 daemones,
350 2772 375 2794 at
392 2767 674 2802 poenaptemporaneac
686 2767 804 2796 adniini-

14 2809 90 2830 siros
114 2802 251 2830 intellexit
266 2811 272 2828 :
288 2802 315 2829 in
327 2802 424 2837 psalm.
442 2810 544 2836 Lxxvn,
559 2804 602 2838 51,
617 2810 643 2831 et
657 2804 683 2831 in
701 2803 800 2833 Jcrem.

907 1989 952 2017 49.
968 1990 1042 2018 Misit
1057 1993 1084 2018 in
1096 2002 1139 2021 eos
1160 1995 1229 2023 iram
1240 1997 1430 2034 indignationis
1452 2011 1517 2038 suda,
1530 2005 1655 2042 indigna-

873 2037 978 2071 tionem,
992 2042 1017 2065 et
1031 2039 1109 2073 iram,
1133 2047 1158 2068 et
1183 2043 1381 2073 tribulationem
1394 2049 1590 2080 ."immissiones
1608 2063 1655 2089 per

834 2098 857 2125 Β
872 2083 978 2118 angelos
993 2086 1088 2113 malos.

906 2129 1121 2165 lndignationem
1146 2138 1173 2161 et
1195 2135 1275 2169 iram,
1292 2142 1319 2166 et
1335 2140 1536 2170 tribulationem
1555 2147 1651 2175 acerba

870 2175 973 2211 ﬂagella
988 2178 1157 2207 nominavit:
1173 2180 1244 2210 Deus
1255 2184 1327 2211 enitn
1342 2189 1546 2220 perturbatione
1562 2199 1649 2223 vacat.

870 2221 1083 2258 lndignationem
1104 2227 1235 2261 profecto,
1259 2231 1364 2258 minora
1380 2233 1483 2268 ﬂagella
1499 2236 1648 2274 intelliges;

870 2267 937 2295 iram
953 2270 1060 2303 deinde,
1073 2273 1192 2307 majora;
1210 2276 1411 2305 tribulationem
1427 2288 1500 2313 vero,
1518 2286 1647 2313 maxima.

866 2315 985 2349 Angelos
1000 2322 1088 2345 autem
1106 2320 1202 2353 malos,
1217 2329 1263 2348 eos
1279 2323 1324 2357 qui
1343 2330 1406 2351 sunt
1420 2326 1467 2353 irae
1483 2328 1647 2365 administri,

866 2361 913 2395 qui
928 2369 1016 2396 neque
1029 2367 1126 2392 natura
1143 2365 1206 2392 mali
1224 2371 1298 2400 sunt,
1318 2375 1405 2403 neque
1424 2371 1578 2408 voluntate;
1600 2376 1648 2403 sed

865 2408 995 2442 quoniam
1020 2409 1095 2437 hisce
1120 2412 1209 2445 poenis
1230 2414 1410 2447 exsequendis
1434 2416 1596 2452 inserviunt,
1615 2429 1647 2450 ac

865 2462 1000 2482 aerumnas
1013 2456 1174 2492 doloresque
1185 2457 1320 2493 inﬂigunt,
1332 2461 1396 2488 mali
1409 2461 1553 2499 dicuntur;
1566 2469 1644 2502 quasi

865 2508 899 2528 ex
921 2509 1015 2530 eorum
1041 2503 1136 2531 aﬂ‘ectu
1163 2505 1209 2539 qui
1226 2506 1289 2534 talia
1307 2509 1447 2542 patiuntur
1459 2511 1525 2546 (21).
1545 2514 1646 2547 Quem-

864 2548 1009 2576 admodum
1025 2554 1051 2578 et
1071 2550 1130 2579 dies
1145 2552 1217 2580 mala
1233 2561 1404 2590 nuncupatur
1419 2557 1514 2592 judicii
1528 2560 1595 2594 dies,
1611 2569 1644 2589 eo

860 2742 933 2777 5’].th
947 2735 993 2777 _M_.
1012 2733 1063 2762 Sed
1075 2739 1100 2763 et
1112 2737 1157 2764 alii
1173 2739 1295 2777 eamdem
1310 2739 1337 2767 in
1349 2740 1510 2777 sententiam
1522 2740 1638 2773 iverunt.

859 2769 891 2797 ν.
907 2770 963 2799 Pol.
973 2773 1091 2806 Synops.
1106 2780 1136 2805 ll,
1153 2773 1205 2801 col.
1219 2774 1298 2802 1115.
