1860 3051
213 84 266 114 615

632 82 661 112 5.
681 77 861 110 llIPPOLYTI
887 82 960 110 OPP.
979 82 1068 111 PARS
1094 82 1113 111 I.
1142 99 1174 102 —
1191 82 1395 111 EXEGETICA.

1783 77 1831 109 διδ

214 147 288 183 quod
300 147 483 175 calamitatum
501 146 680 181 laborumque
694 146 825 173 adversus
842 151 998 181 peccatores
1013 149 1036 176 Α
1050 148 1079 173 Κ]

1081 147 1158 180 ὖριος
1172 145 1265 172 ποιῶν
1284 145 1407 180 εἰρήνην
1421 145 1469 172 καὶ
1488 143 1590 174 κτίζων
1608 142 1698 174 κακὰ,
1715 143 1758 169 ἵνα
1771 144 1830 180 εἴπῃ

215 194 294 228 plena
309 194 352 220 sit.
371 192 465 219 Simile
481 197 522 219 est
541 192 606 219 illud
624 191 702 219 Isaia:
718 201 724 218 :
740 191 796 226 Ego
812 192 940 219 Dominus
955 193 997 226 fa-

1052 193 1100 219 καὶ
1116 191 1265 228 είρηνέυειν
1279 192 1340 224 ἑῶν,
1355 192 1402 219 καὶ
1416 190 1589 226 πολεμεῖσθαι
1606 189 1766 225 συγχωρῶν.

215 242 286 268 ciens
301 249 390 276 pacem
405 245 429 267 et
451 248 541 267 aream
553 240 625 267 mala
633 240 672 271 ³⁷;
689 240 800 275 perinde
818 247 850 267 ae
865 241 889 268 si
907 240 989 274 dicat,
1002 244 1032 268 et
1047 248 1140 275 pacem
1155 239 1259 271 fovens,
1275 244 1301 267 et
1316 240 1383 268 bella
1399 239 1566 274 permittens.

230 348 1821 366 —__———_..__—______—_

795 433 858 477 IN
897 432 1261 498 PROVERQIA.

430 529 499 562 (Mn,
514 527 661 555 Bibliotheca
672 535 733 554 nova
743 528 854 558 Patrum,
867 527 920 559 VII,
932 534 957 559 ιι,
969 527 1009 558 τι,
1026 528 1109 553 Romae
1120 528 1191 559 185i,
1202 529 1228 553 in
1240 529 1275 559 4°,
1288 535 1320 553 ex
1333 532 1420 554 catena
1434 528 1549 554 Vaticana
1561 528 1620 560 ms.)

591 688 638 716 EK
662 689 730 716 ΤΩΝ
754 689 858 716 ΔΓΙΟΥ
881 689 1082 716 ΙΠΠΟΛΥΤΟΥ
1098 688 1152 715 ΕΙΣ
1169 687 1234 714 ΤΔΣ
1246 688 1443 715 ΠΑΡΟῙΜΙΑΣ.

250 777 444 807 lllPPOLYTl.
458 776 604 805 Proverbia
629 777 711 812 igitur
731 784 871 804 sermones
894 777 996 804 exhor-
1012 781 1034 808 Β

1084 777 1290 803 ΙΠΠΟΛΥΤΟΥ.
1307 777 1330 793 ³⁸
1342 777 1489 812 Παροιμίαι
1501 776 1589 804 τοίνυν
1606 777 1662 803 εἰσὶ
1681 776 1754 811 λόγοι
1771 785 1831 814 προ-

216 827 305 855 tatorii
321 829 395 857 sunt,
411 824 458 859 qui
473 823 608 850 universa:
629 823 692 850 vita:
713 823 887 850 moderandas
908 823 1000 851 confe-

215 877 291 899 runt:
311 878 375 898 nam
390 870 424 897 iis
443 869 490 904 qui
514 869 564 896 iter
586 868 619 896 ad
636 867 721 895 Deum
739 869 894 902 instituunt,
914 868 1000 896 duces

215 917 328 952 quidam
342 916 411 943 ﬁunt
426 923 458 942 ac
472 914 554 942 veluti
568 914 680 946 indices,
692 914 740 949 qui
756 914 910 942 laborantes
921 921 936 940 a
950 914 1000 941 via:

216 962 384 998 longitudine
410 965 547 989 recreant.
563 960 648 987 Porro
671 961 729 987 haec
752 960 895 995 proverbia
924 959 1001 987 Salo-

216 1008 307 1036 monis
324 1011 398 1041 sunt,
421 1007 526 1042 pacifici
544 1006 685 1039 nimirum,
706 1006 764 1034 sive
784 1006 886 1034 Christi
902 1005 997 1033 Serva-

216 1054 294 1082 toris.
313 1053 382 1087 Quia
396 1060 460 1080 vero
476 1052 584 1079 Domini
599 1059 749 1085 sermones,
766 1057 908 1087 propterea
927 1051 1000 1087 quod

215 1100 324 1127 Domini
346 1103 426 1133 sunt,
449 1099 553 1126 idcirco
570 1105 618 1126 eos
642 1099 702 1126 sine
717 1098 881 1126 offendicula
900 1105 1000 1133 cogno-

216 1146 337 1178 scimus;
349 1153 383 1173 ne
395 1145 457 1180 quis
473 1144 542 1173 forte
557 1153 608 1173 nos
622 1145 742 1173 nominis
756 1145 872 1180 paritate
883 1144 999 1176 falleret,

215 1191 291 1219 addit
304 1191 366 1226 quis
379 1191 437 1219 haec
448 1191 599 1227 scripserit,
613 1195 640 1218 et
653 1190 732 1226 cujus
746 1191 833 1226 gentis
849 1198 897 1217 rex
908 1189 998 1217 fuerit.

216 1236 263 1265 Sic
277 1238 350 1264 enim
367 1237 484 1264 dicentis
500 1237 651 1264 auctaritas
668 1236 926 1264 commendatiorem
943 1243 1000 1263 ser-

214 1290 325 1311 monem
339 1283 553 1318 attentioresque
569 1283 707 1310 auditores
727 1282 815 1310 faciet.
825 1282 912 1310 Verba
926 1281 1000 1310 enim

217 1329 373 1357 Salomonis
397 1330 470 1357 illius
492 1334 575 1362 sunt,
592 1330 635 1356 cui
656 1329 724 1357 dixit
748 1329 901 1356 Dominus:
925 1328 1001 1355 Dabo

216 1376 264 1403 tibi
279 1384 324 1403 cor
338 1376 451 1411 prudens
466 1381 543 1411 atque
558 1376 662 1410 sapiens
671 1383 681 1407 ;
693 1383 766 1402 nemo
781 1375 820 1402 tui
839 1375 927 1409 parin
940 1376 1000 1402 orbe

215 1421 275 1457 fuit,
290 1429 371 1456 neque
386 1426 489 1456 postero
508 1425 621 1456 tempore
646 1421 773 1452 exsistet;
792 1425 820 1448 et
843 1421 947 1456 reliqua
967 1421 1000 1449 de

215 1476 247 1496 eo
263 1468 375 1503 scripta.
386 1467 446 1495 Jam
464 1469 487 1495 is
507 1468 616 1502 sapiens
631 1476 646 1495 a
660 1468 783 1502 sapiente
803 1468 911 1502 genitus
928 1468 998 1495 fuit:
1013 1458 1034 1486 ε

215 1522 298 1550 quare
314 1515 446 1542 attexitur
457 1514 566 1542 Davidis
582 1522 691 1547 nomen,
707 1514 779 1542 unde
791 1514 920 1541 Salomon
937 1522 999 1549 pro.

215 1565 323 1588 ereatus
341 1560 410 1588 fuit:
429 1561 499 1588 idem
514 1569 528 1587 a
544 1568 629 1595 puero
641 1560 727 1588 sacris
740 1560 838 1588 litteris
856 1560 998 1593 eruditus;

216 1614 305 1641 neque
320 1611 395 1633 sorte
411 1607 453 1634 vel
472 1607 498 1633 vi
513 1607 602 1641 aliqua
619 1614 732 1641 regnum
748 1606 876 1638 obtinuit,
896 1606 942 1633 sed
953 1607 1000 1641 ju—

216 1652 289 1680 dicio
310 1651 428 1686 Spiritus
443 1656 470 1679 et
487 1653 594 1680 decreto
610 1652 666 1679 Dei.

254 1741 294 1768 Ad
314 1742 447 1768 sciendum
467 1742 626 1776 sapientiam
644 1747 669 1768 et
690 1742 869 1777 disciplinam.
884 1743 936 1776 Qui
954 1743 1000 1771 Dei

217 1787 377 1822 sapientiam
392 1788 477 1821 novit,
493 1788 517 1816 is
531 1788 565 1815 ab
582 1788 677 1816 eodem
690 1796 800 1824 quoque
814 1789 948 1823 eruditur,
964 1791 1000 1817 ita

218 1839 247 1861 ut
264 1833 395 1869 intelligat
419 1841 577 1862 sermonum
597 1835 737 1870 mysteria.
759 1835 818 1862 Jam
840 1836 886 1871 qui
908 1844 999 1863 veram

217 1880 410 1916 cmlestemque
433 1881 594 1915 sapientiam
624 1884 739 1914 tenent,
763 1881 781 1908 ii
810 1882 999 1917 mysteriorum

218 1927 379 1954 sententiam
403 1926 482 1954 facile
505 1927 664 1962 percipient.
687 1927 790 1955 idcirco
812 1929 873 1955 ait:
897 1928 938 1955 Ad
953 1937 1000 1955 ca-

217 1971 326 2005 piendas
341 1980 489 1999 sermonum
505 1973 635 2007 strophas.
660 1972 729 2000 Nam
749 1981 810 2008 qua:
830 1974 1000 2008 praeposteris

217 2017 301 2044 veluti
315 2017 406 2045 verbis
420 2026 435 2045 ιι
450 2023 545 2046 sancto
561 2018 663 2053 Spiritu
676 2019 746 2045 dicta
761 2018 880 2049 fuerunt,
890 2027 921 2045 ea
936 2019 999 2051 illis,

219 2063 265 2098 qui
283 2063 353 2090 fideli
375 2071 438 2099 erga
454 2063 539 2091 Deum
565 2064 647 2091 corde
665 2068 727 2090 sunt
746 2064 859 2098 prrediti,
879 2064 1000 2098 expedite

219 2108 402 2136 innotescunt.

256 2153 319 2182 Hzec
338 2154 371 2181 de
388 2153 542 2181 Judmorum
565 2154 673 2188 populo,
694 2159 722 2181 ct
743 2154 776 2182 de
798 2155 898 2182 Christi
920 2155 1001 2187 caede,

219 2201 353 2236 intelligit.
364 2199 499 2227 Putabant
510 2200 582 2227 enim
597 2200 673 2227 illum
689 2200 716 2227 in
732 2205 802 2227 terra
816 2202 1003 2228 tantummodo

219 2247 320 2274 habere
335 2246 580 2274 conversationem.

253 2290 313 2318 Non
330 2291 464 2325 accipient
482 2295 598 2322 tantum,
622 2290 670 2318 sed
695 2291 777 2318 etiam
796 2291 1002 2319 lirereditabunt.

225 2336 301 2372 lmpii
316 2345 381 2364 vero
397 2337 504 2364 etiamsi
516 2337 692 2369 exlolluntur,
706 2337 732 2364 id
744 2337 777 2364 ad
788 2338 916 2372 majorem
931 2338 1004 2373 ipso-

220 2389 280 2408 rum
298 2381 475 2416 ignominiam
493 2381 636 2409 redundat.
653 2381 742 2409 Veluti
754 2382 776 2409 si
790 2383 852 2416 quis
865 2382 999 2410 hominem

220 2426 368 2454 deformem
386 2431 467 2462 atque
492 2427 639 2455 distortum
664 2429 691 2455 in
715 2428 769 2456 alto
790 2428 924 2462 collocet,
946 2437 999 2456 non

222 2473 336 2500 honorat
357 2473 404 2500 sed
420 2474 506 2508 magis
525 2474 695 2507 dehonestat,
712 2474 883 2503 manifestam
898 2475 1000 2502 consti—

221 2526 300 2546 tuens
325 2519 448 2553 pluribus
470 2521 662 2556 turpitudinem
687 2521 757 2556 ejus.
778 2520 823 2548 Sic
846 2521 908 2549 item
929 2521 1000 2549 Deus

219 2564 328 2592 extollit
340 2565 448 2600 impios,
460 2571 490 2593 ut
501 2567 636 2600 publicum
652 2566 733 2594 faciat
747 2567 865 2595 dedecus
879 2568 998 2595 illorum.

221 2610 360 2639 Exaltatus
375 2611 426 2639 fuit
439 2613 521 2640 etiam
533 2613 648 2647 Pharao,
665 2614 712 2641 sed
730 2619 759 2640 ut
776 2615 907 2642 mundum
921 2622 1001 2642 accu-

221 2661 339 2684 satorem
358 2658 478 2686 haberet.

256 2702 530 2733 Animadvertendum
546 2711 598 2738 est,
614 2707 715 2735 donum
731 2708 831 2735 bonum
847 2708 901 2735 dici
917 2708 1001 2743 abeo

1049 823 1189 858 ’τρεπτικώ⁸
1200 823 1275 858 παρὰ
1289 824 1378 849 πᾶσαν
1393 823 1451 849 ὁδὸν
1464 822 1510 849 τοῦ
1529 822 1586 857 βίου
1604 823 1826 860 χρησιμεύοντες·

1048 869 1104 899 τοῖς
1120 867 1174 902 γὰρ
1194 868 1240 894 ἐπὶ
1257 868 1302 894 τὸν
1313 868 1378 894 Θεὸν
1398 867 1457 896 ὁδὸν
1482 868 1667 903 ποιουμένοις,
1686 869 1781 904 ὥηγός
1793 878 1830 901 τις

1049 913 1152 947 γίνεται
1160 914 1366 949 ’παραπλησίως
1379 914 1418 949 τῷ
1432 914 1622 949 ὑποδείγματι,
1636 915 1702 946 τοὺς
1720 914 1829 950 κάμνον-

1049 967 1098 990 τας
1116 958 1160 985 διὰ
1177 959 1208 985 τὸ
1231 959 1280 993 τῆς
1295 958 1355 985 ὀδοῦ
1373 959 1458 994 μῆκος
1482 960 1681 995 ἀνακτωμένη⁸
1705 961 1773 987 εἰσὶν
1789 959 1830 987 οὖν

1050 1000 1130 1030 αὗται
1144 1006 1172 1031 at!
1189 1005 1332 1041 παροιμίαι
1355 1004 1543 1040 Σολομῶντος,
1559 1006 1574 1032 ὂ
1590 1007 1664 1033 ἐστιν
1682 1007 1829 1042 εἰρηνικοῦ,

1050 1049 1109 1085 ἦτοι
1122 1049 1169 1076 τοῦ
1180 1050 1305 1086 Σωτῆρος
1315 1050 1442 1086 Χριστοῦ⁵
1456 1051 1548 1086 ἐπειδὴ
1560 1051 1588 1077 δὲ
1602 1051 1665 1083 τοὺς
1675 1051 1724 1078 τοῦ
1734 1053 1829 1088 Κυρίου

1050 1094 1155 1130 λόγους,
1170 1095 1217 1122 ἅτε
1232 1095 1264 1132 δὴ
1280 1096 1382 1131 Κυρίου
1398 1097 1588 1132 τυγχάνοντας,
1603 1098 1762 1130 ἀπταίστως
1777 1100 1829 1125 ἐπι-

1051 1141 1182 1176 στάμεθα,
1201 1141 1245 1168 ἵνα
1262 1142 1298 1178 μή
1314 1150 1355 1174 τις
1369 1143 1402 1169 ὲκ
1418 1143 1468 1178 τῆς
1485 1143 1642 1178 ὁμωνυμίας
1656 1144 1731 1180 ἡμᾶς
1749 1145 1830 1180 ἀφαρ-

1051 1189 1136 1225 πάσῃ,
1154 1189 1221 1224 φησὶ
1236 1189 1278 1221 τίς
1294 1191 1308 1216 ὁ
1323 1190 1430 1225 γράψας
1441 1189 1537 1224 ταῦτα,
1552 1191 1599 1217 καὶ
1614 1191 1695 1218 τίνων
1711 1189 1746 1226 ἦν
1762 1191 1830 1225 βασι-

1050 1235 1126 1267 λεύς-
1147 1235 1191 1262 ἵνα
1212 1236 1228 1270 ὴ
1248 1235 1295 1261 τοῦ
1317 1235 1441 1269 λέγοντος
1463 1235 1617 1270 ἀξιοπιστία
1634 1236 1829 1271 εὺωράδεκτον

1049 1281 1095 1308 τὸν
1108 1281 1185 1315 λόγον
1199 1281 1358 1318 καταστήσῃ
1374 1282 1421 1308 καὶ
1437 1284 1579 1318 προσεχεῖς
1593 1283 1657 1314 τοὺς
1677 1283 1828 1315 ἀκούοντας.

1051 1327 1221 1363 Σολομῶντος
1237 1330 1290 1364 γάρ
1306 1329 1376 1356 εἰσιν
1389 1329 1504 1360 ἐκείνου,
1521 1328 1589 1364 πρὸς
1605 1329 1634 1355 ὂν
1656 1327 1734 1356 εἶπεν
1746 1330 1761 1355 ὁ
1779 1329 1829 1355 Κύ-

1052 1381 1107 1408 ριος
1117 1381 1123 1388 ·
1142 1373 1229 1400 Δώσω
1241 1381 1290 1401 σοι
1305 1374 1431 1409 καρδίαν
1447 1375 1594 1409 φρονίμην
1607 1374 1657 1402 καὶ
1668 1374 1785 1409 σοφήν·
1797 1375 1830 1406 ὡς

1050 1421 1091 1447 σὺ
1104 1422 1139 1448 οὐ
1151 1419 1273 1455 γέγονεν
1285 1421 1335 1448 ἐπὶ
1345 1419 1398 1455 τῆς
1410 1420 1476 1455 τῆς,
1490 1421 1539 1448 καὶ
1551 1420 1626 1455 μετὰ
1645 1420 1684 1447 σὲ
1699 1422 1756 1448 οὐκ
1767 1421 1831 1448 ἁνα-

1050 1466 1195 1499 στήσεται
1211 1466 1311 1502 ὅμοιός
1331 1474 1380 1494 σοι
1391 1467 1414 1483 ³³
1424 1475 1431 1482 ·
1452 1468 1499 1494 καὶ
1519 1467 1554 1493 τὰ
1569 1467 1650 1494 λοιπὰ
1673 1467 1739 1503 περὶ
1755 1466 1830 1494 αὑτοῦ

1050 1513 1237 1548 γεγραμμένα·
1253 1511 1287 1549 ἦν
1302 1513 1329 1540 δὲ
1346 1513 1427 1548 σοφὸς
1449 1514 1482 1540 ἐκ
1504 1514 1597 1548 σοφοῦ·
1616 1514 1657 1540 διὸ
1677 1514 1830 1549 πρόσκειται

1050 1559 1080 1585 τὺ
1104 1559 1201 1592 Δαὸὶδ,
1216 1558 1246 1591 ἐξ
1268 1554 1299 1585 οὗ
1328 1559 1452 1593 Σολομὼν
1468 1561 1583 1594 γέγονε,
1608 1562 1640 1587 ἐκ
1666 1561 1784 1596 βρέφους
1802 1559 1831 1586 τὰ

1052 1605 1112 1641 ἱερὰ
1134 1606 1284 1641 γράμματα
1310 1605 1519 1640 παιδευόμενος,
1541 1606 1588 1632 καὶ
1610 1606 1641 1632 οὐ
1671 1607 1767 1642 κλήρῳ
1789 1606 1833 1642 τὴν

1051 1650 1136 1686 ἀρχὴν
1153 1650 1299 1686 λαϐόμενος
1312 1651 1372 1678 οὐδὲ
1386 1651 1442 1687 βίᾳ,
1457 1651 1525 1678 ἀλλὰ
1543 1652 1632 1687 κρίσει
1649 1652 1697 1679 τοῦ
1711 1652 1832 1688 Πνεύμα-

1051 1704 1098 1729 τος
1113 1698 1160 1724 καὶ
1173 1697 1254 1733 ψήφῳ
1266 1698 1342 1725 Θεοῦ.

1087 1743 1109 1759 ⁵⁸
1126 1743 1243 1770 Γνῶναι
1265 1745 1377 1778 σοφίαν
1401 1744 1449 1770 καὶ
1469 1743 1615 1770 παιδείαν.
1635 1744 1666 1770 Ὀ
1684 1745 1767 1778 γνοὺς
1789 1746 1831 1780 τὴν

1053 1790 1147 1825 σοφίαν
1163 1791 1209 1817 τοῦ
1227 1790 1294 1817 Θεοῦ
1312 1790 1444 1825 λαμϐάνει
1464 1790 1528 1826 παρ’
1542 1791 1624 1817 αὐτοῦ
1641 1792 1689 1818 καὶ
1702 1791 1829 1820 παιδείαν,

1052 1835 1228 1871 ἐκμανθάνων
1243 1837 1276 1863 δι’
1294 1836 1380 1872 αὐτῆς
1401 1837 1435 1863 τὰ
1452 1836 1499 1864 τοῦ
1515 1836 1595 1871 λόγου
1620 1838 1775 1873 μυστήριαο
1790 1838 1830 1864 καί

1051 1879 1076 1905 οί
1086 1880 1194 1914 γνόντες
1207 1881 1256 1917 τὴν
1270 1881 1356 1917 ἀληθῆ
1369 1881 1415 1908 καὶ
1429 1881 1588 1914 ἐπουράνιον
1599 1882 1706 1916 σοφίαν,
1720 1883 1829 1913 abutitur;

1052 1926 1176 1961 νοήσουσι
1199 1926 1263 1958 τοὺς
1286 1927 1330 1953 ὑπ’
1350 1927 1439 1953 αὐτῶν
1463 1927 1643 1962 λαλουμένους
1664 1928 1776 1962 λόγους
1796 1929 1830 1955 διό

1053 1978 1127 2007 φησι·
1143 1972 1288 2005 Δέξασθαι
1304 1972 1437 2006 στροφὰς
1452 1973 1563 2008 λόγων·
1580 1973 1613 2000 τὰ
1627 1973 1682 2009 γὰρ
1697 1975 1830 2008 ἀντιστρό-

1053 2027 1109 2053 φως
1134 2018 1184 2044 ὑπὸ
1205 2019 1250 2045 τοῦ
1273 2018 1349 2052 ἁγίου
1368 2018 1523 2054 Πνεύματος
1547 2019 1734 2056 λελαλημένα,
1754 2022 1831 2048 ταῦτα

1052 2065 1107 2095 τοῖς
1136 2063 1233 2099 πιστὴν
1262 2064 1374 2100 καρδίαν
1402 2065 1491 2100 ἔχουσι
1514 2065 1582 2100 πρὸς
1605 2065 1673 2092 Θεὸν
1697 2066 1830 2101 εὖγνωπα

1053 2110 1166 2144 γίνεται.

1090 2158 1111 2173 ⁸¹
1132 2157 1224 2184 Ταῦτα
1246 2160 1284 2190 εἰς
1306 2159 1349 2185 τὸν
1373 2159 1426 2186 τῶν
1460 2160 1593 2188 Ἰουδαίων
1609 2161 1698 2197 δῆμον
1721 2163 1767 2190 καὶ
1788 2164 1830 2198 τὴν

1055 2203 1124 2230 κατὰ
1151 2204 1268 2239 Χριστοῦ
1299 2205 1452 2240 μιαιφονίαν
1487 2205 1640 2242 ἐξείληφεν·
1671 2207 1758 2242 ᾤοντο
1785 2209 1832 2244 γὰρ

1055 2250 1135 2277 αὐτὸν
1147 2251 1193 2277 ἐπὶ
1209 2251 1260 2286 γῆς
1279 2251 1357 2286 μόνον
1373 2251 1444 2286 ἔχειν
1459 2252 1490 2278 τὸ
1507 2252 1669 2288 πολίτευμα.

1089 2296 1111 2313 δ’
1124 2297 1180 2332 Οὐχ
1197 2297 1289 2329 ἁπλῶς
1308 2298 1447 2333 λήψονται,
1462 2298 1529 2325 ἀλλὰ
1544 2299 1794 2336 κληρονομήσουσι·
1809 2301 1830 2327 οἱ

1054 2343 1082 2369 δὲ
1093 2343 1211 2376 ἀσεϐεῖς.
1224 2344 1248 2370 εί
1265 2344 1310 2370 καὶ
1329 2344 1465 2379 ὑψοῦνται,
1479 2345 1534 2371 ἀλλ’
1552 2344 1622 2371 ὥστε
1638 2346 1751 2381 μείζονα
1765 2346 1831 2381 γενέ-

1056 2388 1116 2415 σθαι
1132 2388 1181 2424 τὴν
1193 2389 1304 2424 ἀτιμίαν
1320 2389 1409 2416 αὐτῶν
1418 2399 1425 2405 ο
1437 2390 1474 2421 ὡς
1489 2389 1541 2426 γάρ
1558 2399 1599 2422 τις
1612 2391 1659 2417 τὸν
1671 2391 1780 2427 δυσειδῆ
1790 2394 1829 2418 καὶ

1054 2434 1280 2470 διεστραμμένον,
1295 2436 1318 2461 εἰ
1336 2435 1467 2470 ὑψώσειεν
1477 2456 1484 2469 ,
1500 2437 1548 2463 οὐκ
1567 2437 1689 2471 ὲδόξασε,
1709 2439 1765 2466 ἀλλ’
1779 2439 1828 2473 ἠτί-

1055 2489 1124 2515 μασε
1144 2481 1234 2514 πλέον,
1249 2482 1397 2516 κατάδηλον
1414 2483 1496 2509 αὐτοῦ
1507 2483 1537 2509 τὸ
1556 2481 1651 2519 αἶσχος
1671 2485 1778 2512 πλείοσι
1789 2495 1829 2512 κα-

1053 2527 1203 2562 ταστήσας·
1223 2527 1293 2554 οὕτω
1316 2529 1362 2555 καὶ
1377 2529 1391 2555 ὁ
1407 2528 1472 2561 Θεὸς
1488 2530 1550 2563 ὑψοῑ
1571 2531 1634 2562 τοὺς
1654 2531 1774 2564 ἀσεϐεῖς,
1795 2532 1829 2557 ἵνα

1055 2573 1160 2608 ἐμφανῆ
1172 2575 1329 2610 καταστήσῃ
1340 2574 1390 2610 τὴν
1402 2575 1512 2602 ἐκείνων
1522 2576 1720 2613 ἀσχημοσύνην
1729 2587 1736 2594 ο
1748 2577 1828 2612 ὑψώθη

1055 2618 1101 2643 καὶ
1126 2617 1241 2654 Φαραὼ,
1266 2619 1322 2645 ἀλλ’
1343 2619 1413 2647 ὥστε
1434 2620 1482 2656 τὴν
1501 2622 1662 2658 οἰκουμένην
1687 2625 1830 2659 κατήγορῡν

1055 2663 1098 2698 ἔχε
1104 2672 1136 2690 ιν.

1090 2709 1113 2725 ⁸³
1140 2710 1306 2745 Σημειωτὲον
1334 2713 1374 2738 ὅτι
1397 2712 1482 2748 δῶρον
1510 2713 1612 2747 ἀγαθὸν
1641 2715 1769 2750 ὀνομάζει
1794 2713 1829 2739 τὶν

257 2772 278 2787 ⁸⁷
296 2773 347 2800 lsa.
365 2783 424 2817 xii,
435 2776 462 2802 7.
490 2776 524 2821 "3
616 2786 636 2821 ι,
651 2777 675 2804 1.
708 2778 736 2821 ἐν
750 2777 783 2804 111
800 2777 864 2812 Reg.
879 2788 918 2821 ni,
931 2778 985 2821 12.Δ
1012 2778 1035 2821 1°
1045 2787 1079 2821 vi;

1081 2779 1114 2821 2-_
1146 2780 1167 2796 “
1178 2782 1238 2810 cod.
1250 2780 1309 2809 Vat.
1322 2782 1398 2816 1802,
1412 2782 1469 2811 sive
1479 2782 1512 2810 Α.
1526 2783 1545 2811 f.
1562 2783 1587 2817 7,
1601 2784 1628 2812 1).
1639 2801 1676 2806 -
1687 2793 1746 2821 cap.
1762 2792 1779 2817 ι,
1791 2783 1827 2810 Η.

220 2806 245 2838 μ’
257 2816 316 2844 cap.
329 2818 369 2843 ιιι,
441 2827 473 2832 -
484 2812 516 2839 Α.
533 2812 552 2840 r.
567 2806 611 2845 520,
628 2806 656 2840 ιι.

707 2813 728 2828 ⁵³
745 2821 804 2848 cap.
819 2821 844 2841 ιν
858 2834 865 2848 ,
880 2814 906 2839 2.
927 2829 960 2834 -
972 2814 1003 2842 Α.
1016 2813 1036 2841 f.
1050 2813 1094 2849 20,
1109 2815 1134 2842 b.
