1860 3051
56 88 100 115 617

56 149 135 182 νόμον,
149 145 194 173 διὰ
207 147 254 173 τὸν
267 147 435 183 λαμϐάνοντα
448 147 521 182 δῶρα
538 148 567 173 ὲν
584 147 691 179 κόλποις
707 147 822 180 ἀδίκως*
839 152 861 179 Α

55 194 121 226 οὗτος
129 193 156 220 δὲ
167 193 400 228 ὲγκαταλιμπάνει
410 193 500 228 νόμον,
511 195 524 220 ό
538 193 712 228 παραϐαίνων
724 193 805 220 αὐτόν
815 201 821 208 ·

54 239 123 275 νόμον
136 239 164 266 δὲ
176 239 236 274 ἦτοι
252 239 282 265 ὃν
296 239 378 272 λέγει,
395 238 412 274 ἢ
429 238 459 265 δν
472 239 518 265 καὶ
534 239 613 270 αὐτὸς
627 239 768 274 ἐφύλαξεν.

83 326 105 342 ⁸⁵
119 326 170 352 Καὶ
183 325 243 357 πῶς
257 326 324 358 ἐστι,
339 325 578 361 περιχαράκωσονς
595 326 747 361 Λογισμοὺς
755 327 823 362 αὐτῇ

55 370 136 406 κύκλῳ
153 370 263 405 περίθες
277 370 377 405 ἱερούς’
393 370 492 406 πολλῆς
502 370 556 406 γάρ
573 379 612 397 σοι
623 371 664 398 δεῖ
674 371 724 406 τῆς
737 371 825 406 ἀσφα-

54 417 128 448 λείας,
145 415 207 442 ἐπεὶ
228 415 277 442 καὶ
294 415 377 442 πολλὰ
394 415 427 442 τὰ
443 415 648 442 ἐπιϐουλεύοντα
665 417 697 451 τῇ
712 416 823 452 τοιαύτῃ

55 462 154 498 κτήσειο
168 462 193 488 εί
215 461 243 487 δὲ
258 461 299 494 ἐφ’
315 462 379 496 ἡμῖν
395 461 452 487 ἐστι
466 462 496 488 τὺ
512 461 712 498 περιχαρακοῦν
728 462 823 497 αὐτὴν,

54 509 76 535 αξ
88 508 114 534 δὲ
129 507 225 543 ἀρεταὶ
238 507 280 541 ἐφ’
296 508 370 542 ἡμῖν,
387 507 506 543 χάρακες
519 507 573 544 ἄρα
585 505 649 540 εἷεν,
664 509 692 535 αἱ
710 507 824 543 ὑψοῦσαι

54 554 94 589 τὴν
111 553 210 588 γνῶσιν
228 553 276 579 τοῦ
293 553 359 580 Θεοῦ
369 562 376 568 ο
392 551 456 585 οἷον,
478 553 602 588 ἄσκησις,
622 554 733 589 μελέτη,
749 555 796 581 καὶ
809 554 824 580 ὁ

54 600 121 632 ἄλλος
135 600 188 626 τῶν
207 598 312 635 ἀρετῶν
324 599 442 634 ὁρμαθός
452 608 458 613 ·
474 599 530 630 ἃ.ςὸ
545 599 646 635 τηρῶν,
663 599 711 635 τὴν
729 599 824 634 σοφίαν

54 646 124 681 τιμᾷ·
142 645 235 681 μισθὸς
251 645 288 676 δὲ,
310 644 340 671 τὸ
359 645 425 680 πρὸς
442 645 526 680 αὐτὴν
545 646 757 682 μετεωρισθῆναι
780 647 826 673 καὶ

55 691 242 727 πριληφθῆναι
257 692 301 717 ὑπ’
318 691 401 726 αὐτῆς
421 691 450 717 ἐν
462 691 501 726 τῷ
513 692 687 727 ὑπερκοσμίῳ
701 691 806 727 παστῷ.

83 737 103 752 ⁸³
121 736 240 768 ’Λσεϐεῖς
263 737 311 772 μὲν
331 736 355 762 οἱ
385 735 550 772 ἑτερόδοξοι,
576 737 729 773 παράνομοι
751 737 778 764 δὲ
802 739 826 764 οἱ

55 781 197 816 παραϐάται
210 780 258 807 τοῦ
267 781 348 815 νόμου
357 788 363 794 ·
376 776 412 806 ὧν
422 779 470 812 τὰς
480 781 565 813 ὀδοὺς,
574 781 633 816 ἦτοι
643 782 692 813 τὰς
703 781 825 818 πράξεις,

56 827 87 862 μὴ
98 826 217 853 ἐπελθεῖν
232 826 310 861 φησί.
840 823 861 849 Β

84 874 104 889 ⁸⁸
130 872 210 909 Ὀρθὰ
239 873 305 908 ὁρᾷ,
324 874 338 900 ό
358 871 503 908 λογισμοὺς
529 871 597 908 ἔχων
622 872 753 904 ἀπαθεῖς·
779 873 826 899 καὶ

54 920 164 954 δόγματα
177 919 276 955 ἀληθῆ,
288 920 302 946 ό
315 919 352 954 μὴ
364 919 427 954 περὶ
442 919 491 950 τὰς
505 918 557 950 ἔξω
570 918 717 953 φαντασίας
727 919 825 954 ἐπτοη-

57 965 138 999 μένοςσ
159 965 222 992 ὃταν
243 965 311 1001 λέγῃ
330 965 370 992 ὅτι
394 965 418 991 οἱ
439 956 571 999 ὀφθαλμοί
592 972 638 990 σου
655 963 721 1000 ὀρθὰ
731 964 826 1000 βλεπέ-

54 1019 142 1044 τωσαν,
156 1011 205 1047 τὴν
225 1011 321 1047 ὅρασιν
342 1009 415 1045 δηλοῖ
433 1009 483 1044 τῆς
505 1009 608 1044 ψυχῆς·
624 1009 670 1036 καὶ
681 1009 744 1036 ὅταν
757 1018 826 1046 παρ⁸

56 1059 108 1092 αινῇ
119 1077 125 1088 ,
145 1057 213 1092 φάγε
239 1056 310 1092 μέλι,
328 1056 380 1087 υἱὲ,
397 1056 440 1082 ἴνα
458 1055 595 1090 γλυκανθῇ
610 1056 624 1082 ό
642 1055 748 1091 φάρυγξ
768 1064 825 1087 σου,

57 1102 108 1137 μέλι
120 1102 254 1138 τροπικῶς
265 1102 314 1138 τὴν
326 1101 400 1128 θείαν
418 1101 493 1135 λέγει
510 1100 691 1133 διδασκαλίαν,
704 1101 764 1136 ἥτις
778 1102 826 1137 τὴν

56 1148 229 1184 πνευματικὴν
243 1146 402 1183 καταρτίζει
413 1147 462 1183 τῆς
479 1146 568 1182 ψυχῆς
579 1147 688 1180 γνῶσιν·
701 1147 767 1174 ἀλλὰ
780 1147 825 1174 καὶ

57 1194 156 1221 ἅπτεται
170 1194 260 1230 ψυχῆς
272 1196 289 1230 ἡ
304 1193 384 1229 σοφία
393 1203 399 1210 ·
417 1193 546 1229 ὲράσθητι
558 1193 621 1229 γὰρ,
630 1193 720 1228 φησὶν,
731 1193 824 1229 αὐτῆς,

57 1240 93 1266 ἶνα
110 1248 137 1266 σε
161 1239 313 1276 περιλάϐῃ·
338 1238 410 1275 ψυχὴ
431 1239 460 1265 δὲ
490 1239 533 1265 διὰ
557 1238 725 1274 περιπλοκῆς
746 1239 826 1274 σοφίᾳ.

57 1285 183 1317 ἐνωθείσα,
196 1285 334 1321 ἁγιασμοῦ
348 1284 498 1320 πληροῦται
513 1285 559 1311 καὶ
574 1284 770 1320 καθαρότητος·
785 1284 824 1311 ἔτι

58 1339 84 1364 γε
96 1331 145 1366 μὴν
160 1331 215 1358 τῶν
240 1330 359 1366 Χριστοῦ
380 1330 472 1367 μύρων
489 1331 506 1365 ή
525 1330 573 1365 τῆς
587 1330 674 1365 ψυχῆς
695 1329 824 1365 ἀντιλαμ-

59 1377 153 1404 ϐάνεται
165 1377 309 1413 ὄσφρησις.

88 1424 106 1439 ⁵⁷
126 1424 155 1450 ’11
168 1423 252 1460 ἀρετὴ
266 1423 382 1459 μεσότης
391 1431 398 1438 ·
415 1422 455 1449 διδ
467 1423 514 1449 καὶ
522 1422 572 1458 τὴν
587 1422 711 1458 ἀνδρείαν
725 1422 823 1458 μεταξὺ

58 1470 100 1505 τῆς
114 1469 276 1506 θρασύτητος
295 1469 343 1496 καὶ¹
360 1469 410 1504 τῆς
428 1469 528 1501 δειλίας
541 1467 610 1496 εἷναί
629 1477 712 1504 φησι·
730 1468 777 1495 νῦν
796 1468 824 1516 δὲ
836 1487 858 1516 c

58 1515 168 1551 ὀνομάζει
181 1515 274 1549 δεξιά’
292 1515 322 1542 οὺ
338 1514 372 1541 τὰ
392 1514 470 1549 φύσει
487 1514 561 1547 δεξιὰ
579 1514 652 1541 ἐστὶν
672 1515 698 1541 αἱ
717 1511 825 1550 ἀρεταὶ,

58 1561 154 1588 mare
171 1561 322 1596 φαινόμενα
336 1560 378 1587 σοὶ
394 1559 467 1593 δεξιὰ
487 1559 531 1586 διὰ
546 1560 594 1591 τὰς
605 1559 714 1595 ἡδονάς·
732 1558 823 1594 ἡδοναὶ

58 1607 81 1633 δέ
94 1608 170 1640 είσιν,
183 1608 214 1634 οὐ
233 1607 314 1643 μόνον
333 1605 497 1641 Ἀφροδίσια,
508 1605 576 1632 ἀλλὰ
587 1605 634 1632 καὶ
650 1605 761 1636 πλοῦτος
776 1604 823 1631 καὶ

58 1653 133 1688 τρυφὴ
141 1662 148 1668 ι
160 1653 292 1689 ἀριστερὰ
303 1652 342 1684 δὲ,
356 1651 460 1687 φθόνος,
474 1651 606 1688 ἁρπαγαὶ,
617 1651 664 1678 καὶ
673 1651 708 1678 τὰ
719 1651 823 1682 τούτοις

58 1699 137 1734 ὅμοια·
160 1699 256 1735 βορέας
271 1698 337 1734 γὰρ,
357 1697 435 1734 φησὶ,
456 1697 571 1733 σκληρὸς
585 1697 693 1732 ἄνεμος,
712 1697 822 1733 ὀνόματι

58 1744 80 1770 δὲ
96 1745 217 1776 ἐπιδέξιος
241 1743 378 1771 καλεῖται·
404 1742 499 1779 βορέαν
513 1743 567 1778 γὰρ
590 1742 758 1778 συμϐολικῶς
778 1743 822 1769 τὸν

59 1791 159 1826 πονηρὸν
172 1791 249 1817 καλεῖ
269 1791 328 1826 ἦτοι
352 1791 396 1817 τὸν
420 1790 541 1818 διάϐολον
553 1809 560 1820 ,
585 1789 631 1823 ἀφ’
646 1784 676 1814 οὗ
691 1787 822 1824 ἐξεκαύθη

58 1836 133 1862 πάντα
146 1836 178 1863 τὰ
197 1835 271 1863 κακὰ
287 1836 333 1862 ἐπὶ
349 1836 397 1871 τῆς
417 1836 482 1871 γῆς’
498 1834 609 1870 ὀνόματι
626 1833 654 1860 δὲ
672 1831 748 1865 οὗτος
762 1835 822 1860 ἐπι-

56 1881 144 1914 ἱέξιος,
161 1882 201 1909 ὅτι
225 1881 341 1916 ἄγγελος
364 1881 484 1908 καλεῖται
503 1880 581 1915 δεξιῷ
599 1879 762 1914 όνόματι.-
773 1879 820 1910 Σὺ,

59 1927 136 1961 φησὶν,
148 1928 270 1954 ἑκκλινον
285 1927 339 1954 ἀπὸ
353 1926 448 1959 κακοῦ,
465 1927 512 1954 καὶ
524 1926 562 1962 τῷ
577 1925 635 1961 Θεῴ
653 1925 763 1962 μελήσει
775 1925 822 1952 τοῦ

57 1971 150 2004 τέλους’
164 1973 361 2009 προπορεύεται
372 1973 426 2009 γάρ
438 1982 485 1999 σου
495 1982 502 1988 ·
515 1972 653 2000 καταλύων
667 1973 729 2004 τοὺς
743 1972 821 1998 πολε-

60 2017 134 2052 μίους,
145 2018 181 2050 ὡς
192 2020 220 2045 ὲν
237 2020 334 2056 εἰρήνῃ
346 2027 376 2045 σε
390 2018 506 2054 βαδίσαι.

87 2064 106 2080 ⁸⁸
121 2065 240 2092 Δείκνυσι
261 2064 316 2100 γὰρ
331 2065 378 2091 καὶ
392 2065 435 2092 διὰ
449 2063 496 2090 τοῦ
511 2063 590 2099 ζῴου,
609 2063 639 2090 τὸ
656 2063 706 2098 τῆς
727 2063 822 2098 ἡδονῆς

59 2108 174 2145 καθαρόν·
189 2111 235 2136 καὶ
248 2110 293 2136 διὰ
304 2109 350 2136 τοῦ
368 2109 467 2141 πώλου,
485 2109 516 2135 τὸ
534 2109 583 2144 τῆς
593 2109 719 2143 γυναικὸς
740 2109 820 2144 παρί-

59 2163 125 2191 στησι
139 2156 236 2192 γαῦρον
251 2156 297 2182 καὶ
311 2155 446 2182 ποθεινόν·
462 2155 509 2182 καὶ
521 2154 614 2190 ἐπειδὴ
625 2153 710 2181 πολλὰ
721 2151 774 2180 οἶδε
786 2153 821 2180 τὰ
837 2152 859 2180 D

59 2202 244 2236 παροξύνοντα,
269 2202 432 2237 ἀσφαλίξει,
449 2201 557 2237 ἀρραγῆ
583 2200 628 2227 τὸν
654 2200 702 2236 τῆς
730 2199 821 2234 φιλίας

58 2245 135 2278 αὐτοῖς
146 2247 242 2282 δεσμὸν
259 2246 405 2282 ἐπιτίθησι,
423 2245 453 2272 τὸ
466 2245 644 2281 ἀδιάρρηκτον
661 2245 750 2276 αὐτοῖς
767 2253 820 2279 μη-

59 2291 197 2327 χανώμενος
207 2302 213 2307 ·
229 2292 316 2324 ἄλλως
330 2292 358 2319 δὲ
370 2293 386 2327 ή
405 2292 485 2326 σοφία
494 2311 501 2323 ,
514 2290 619 2326 ἠτοιοῦν
637 2291 743 2324 ἔλαφος,
758 2291 820 2322 τοὺς

59 2337 103 2364 τῶν
118 2339 276 2375 ἑτεροδόξων
297 2338 420 2374 ὀφιώδεις
441 2338 534 2372 λόγους
558 2337 677 2372 πέφυκεν
698 2335 819 2362 ἐλαύνειν

59 2384 98 2410 καί
116 2384 245 2421 ἀναιρεῖν·
264 2384 333 2420 αὓτη
356 2382 412 2416 οὖν,
430 2383 510 2419 φησὶ,
531 2383 648 2409 συνέστω
668 2391 708 2408 σοι
732 2381 819 2414 πῶλος

59 2427 115 2456 οὖσα
129 2430 165 2466 τῷ
176 2430 280 2462 νεάζειν
293 2430 400 2457 ἃπασαν
411 2430 525 2465 ἀρετήν·
543 2428 589 2454 καὶ
603 2428 663 2454 ἐπεὶ
677 2427 714 2463 μὴ
730 2428 820 2462 ὅμοιον

60 2476 116 2512 γυνὴ
129 2478 171 2504 καὶ
189 2478 278 2512 σοφία,
294 2478 362 2512 αὕτη
377 2477 529 2504 τούναντίον
545 2475 663 2510 ἡγείσθω
680 2483 734 2501 σοι·
748 2474 818 2501 οὕτω

60 2520 106 2555 γὰρ
119 2521 278 2557 ἀποκυήσεις
291 2521 434 2557 λογισμοὺς
450 2519 577 2555 ἀγαθούς.

88 2566 107 2581 ⁵³
120 2567 174 2594 ’Ἰνα
193 2568 229 2603 μὴ
243 2568 340 2604 λέγῃςί·
358 2567 389 2594 Τί
405 2567 459 2602 γὰρ
477 2566 573 2602 βλάϐος
588 2567 642 2598 τοῖς
661 2566 815 2601 ὀφθαλμοῖς.

62 2610 92 2646 μὴ
107 2612 206 2645 πάντως
220 2613 301 2648 οὖα-ης
315 2613 435 2648 ἀνάγκης
450 2612 495 2639 τὸν
515 2611 649 2647 ἐνορῶντα
663 2612 816 2648 τραπῆναι;

60 2654 163 2685 δείκνυσί
181 2667 232 2691 σοι,
254 2659 319 2695 ὼςὴ
335 2659 383 2694 μὲν
404 2658 550 2693 ἐπιθυμία,
571 2657 627 2693 πῦρ
639 2658 729 2684 ἐστιν·
753 2658 770 2692 ἡ
790 2657 817 2683 δὲ

91 2749 111 2766 ⁸³
125 2752 223 2780 v.8.—
236 2753 268 2779 A.
282 2752 301 2778 f.
314 2752 358 2785 21,
370 2760 396 2779 a.
433 2753 454 2768 "
469 2761 494 2779 ν.
514 2753 556 2780 1-1.
570 2769 602 2773 -
616 2753 647 2780 Λ.

63 2791 86 2816 ν,
101 2785 181 2814 l9.-—
192 2787 223 2814 Α.
239 2787 258 2814 ί.
270 2787 316 2820 27,
328 2788 354 2814 b.
391 2788 413 2803 ⁸⁹
431 2796 489 2822 cap.
504 2796 541 2819 vr,
558 2787 602 2815 27,
613 2803 647 2808 -

202 2833 334 2863 Ριτιιοι..
351 2833 408 2864 Gn.
421 2834 461 2864 Χ-

665 2752 683 2779 1’.
697 2752 741 2780 22.
759 2753 785 2779 1).

659 2788 726 2815 Α.1’,
743 2788 786 2819 51,
799 2795 813 2813 a

610 87 819 116 FRAGMENTA
833 88 866 115 IN
886 87 1091 117 PROVERBIA.

1604 93 1656 121 613

876 156 926 184 pro
946 148 1012 184 lege,
1032 151 1141 182 propter
1155 147 1230 175 illum
1243 147 1290 182 qui
1313 147 1382 175 dona
1406 148 1432 175 in
1453 148 1541 176 sinum
1556 150 1655 185 injuste

875 195 984 229 accipit.
999 194 1044 221 llle
1063 194 1146 229 legem
1165 194 1276 227 deserit,
1295 194 1340 229 qui
1363 202 1423 221 eam
1447 196 1654 229 transgreditur.

877 240 972 276 Legem
993 248 1072 275 porro
1091 240 1133 267 vel
1145 247 1226 275 quam
1243 240 1343 267 diserte
1361 239 1493 272 nominat,
1511 241 1552 268 vel
1572 250 1655 277 quam

876 285 945 312 idcnt
959 285 1122 312 observavit.

909 331 977 363 Quid
993 335 1045 364 est,
1059 330 1214 358 circumda?
1223 330 1337 358 Sanclas
1348 331 1372 358 ei
1386 331 1541 366 circumjice
1553 333 1656 368 cogita-

875 376 972 403 tiones.
989 376 1073 403 Multo
1088 377 1159 404 enim
1181 377 1228 403 tibi
1247 384 1316 412 opus
1336 381 1378 404 est
1401 377 1561 411 munimine,
1584 386 1655 413 quo-

875 422 947 449 niam
961 422 1046 449 multa
1058 429 1122 450 sunt
1141 423 1186 449 tali
1205 422 1371 457 possessioni
1389 423 1558 452 insidiantia.
1576 423 1653 458 Quod

875 467 898 494 si
915 468 941 494 in
958 472 1050 495 nostra
1071 472 1203 504 potestate
1221 473 1262 496 est
1284 476 1343 495 eam
1360 468 1576 502 circumvallare,
1592 478 1654 497 tnu-

875 513 978 540 nimina
991 513 1099 548 quidem
1116 514 1194 542 nobis
1205 519 1286 541 erunt
1298 514 1411 542 virtutes
1432 522 1492 550 quae
1504 515 1550 543 Dei
1567 517 1654 544 scien-

875 559 942 585 tiam
966 559 1116 592 extollunt,
1137 559 1219 586 veluti
1240 559 1374 594 ascetica,
1398 564 1425 586 et
1450 561 1604 595 meditatio,
1628 566 1656 590 ct

876 604 996 639 reliquus
1010 604 1139 632 virtutum
1158 605 1276 638 chorus;
1300 613 1370 640 quas
1385 607 1431 641 qui
1449 612 1530 640 tenet,
1547 609 1655 643 sapien-

875 650 939 676 tiam
956 650 1072 677 honorat
1086 659 1093 678 :
1118 658 1222 678 merces
1236 659 1301 678 vero
1315 656 1366 685 est,
1383 653 1416 679 ad
1440 653 1527 687 ipsam
1549 655 1655 689 extolli,

874 699 901 721 et
914 702 975 722 cum
991 702 1022 722 ea
1036 695 1157 722 deliciari
1174 695 1200 722 in
1213 696 1316 723 cmlesli
1334 697 1463 724 thalamo.

910 740 988 775 lmpii
1011 746 1076 769 sunt
1098 742 1276 770 heterodoxi:
1301 747 1458 778 peccatores
1482 748 1572 772 autem
1588 745 1656 780 legis

877 790 1094 821 transgressores
1106 796 1114 816 :
1125 795 1242 822 quorum
1257 788 1314 816 vias
1327 792 1354 816 et
1370 794 1446 816 actus
1461 791 1558 817 sectari
1570 795 1654 820 vetat.

912 879 996 907 Recta
1013 880 1084 907 videt
1096 881 1142 915 qui
1155 880 1332 914 cogitationes
1353 881 1433 909 habet
1450 883 1655 917 perturbatione

876 926 975 953 liberas
987 935 994 953 :
1010 931 1037 953 et
1049 933 1112 954 vera
1126 926 1264 962 dogmata,
1279 927 1302 954 is
1314 927 1361 962 qui
1375 929 1557 956 exterioribus
1569 931 1655 965 phan-

877 972 952 999 Iasiis
968 979 1022 999 non
1037 972 1203 1007 percellitur.
1219 972 1287 1003 Cum
1300 973 1382 1000 dicit:
1398 973 1476 1001 Oculi
1493 975 1532 1002 tui
1546 976 1656 1003 videant

875 1018 1040 1052 :equitatem,
1053 1019 1086 1046 de
1098 1019 1203 1046 visione
1214 1019 1311 1047 animae
1325 1020 1455 1054 loquitur.
1467 1019 1501 1047 Et
1515 1028 1576 1048 cum
1592 1022 1657 1049 hor-

876 1068 966 1091 tatur:
981 1063 1101 1092 Comede
1115 1065 1178 1096 mel,
1196 1064 1245 1096 ﬁli,
1260 1069 1290 1092 ut
1303 1065 1338 1092 sit
1351 1065 1465 1093 dulcedo
1477 1067 1579 1101 gutturi
1597 1073 1655 1102 tuo,

875 1111 929 1138 mel
946 1111 1050 1146 tropice
1070 1110 1136 1138 dicit
1154 1110 1274 1138 divinam
1290 1111 1455 1143 doctrinam.
1470 1119 1530 1147 quae
1545 1113 1655 1148 spirita-

876 1157 926 1184 lem
943 1156 1052 1184 conﬁcit
1066 1156 1163 1184 animae
1177 1156 1329 1184 scientiam.
1348 1156 1401 1190 sed
1422 1162 1448 1184 et
1462 1158 1581 1186 animam
1594 1163 1656 1186 tan-

875 1202 913 1237 git
931 1202 1074 1237 sapientia.
1099 1202 1167 1229 Ama
1185 1202 1258 1235 enim
1276 1209 1346 1235 eam,
1370 1207 1399 1229 ut
1425 1203 1593 1238 amplexetur
1616 1209 1652 1233 te.

873 1247 934 1275 Jam
957 1249 1049 1276 anima
1069 1256 1117 1284 per
1129 1248 1301 1282 complexum
1316 1249 1408 1275 virtuti
1431 1249 1571 1284 copulata,
1590 1257 1654 1278 san-

874 1296 967 1323 ctitate
982 1295 1099 1330 repletur
1112 1300 1139 1322 et
1153 1295 1279 1330 puritate.
1293 1294 1404 1329 Insuper
1414 1294 1515 1323 Christi
1534 1304 1654 1332 unguen-

875 1345 963 1369 torum
980 1341 1070 1368 anima
1084 1340 1192 1367 affectat
1204 1339 1357 1367 odoratum.

910 1423 1003 1452 Virtus
1020 1423 1136 1451 medium
1161 1428 1242 1451 tenet.
1267 1423 1451 1457 Quare.etiam
1468 1426 1652 1454 fortitudinem

874 1471 941 1498 dicit
953 1479 1013 1499 esse
1027 1471 1142 1498 mediam
1158 1471 1228 1498 inter
1241 1471 1382 1498 audaciam
1395 1477 1421 1499 ct
1429 1471 1567 1500 timorem.
1576 1472 1654 1500 Nunc

874 1524 937 1544 vero
952 1516 1017 1544 dicit
1030 1516 1150 1549 dextera,
1163 1524 1216 1542 non
1233 1524 1294 1551 quae
1310 1521 1373 1543 sunt
1384 1517 1543 1545 naturaliter
1560 1518 1653 1546 dexte-

873 1571 914 1596 ra,
929 1561 1082 1598 cujusmodi
1102 1566 1165 1589 sunt
1179 1562 1301 1594 virtutes,
1317 1561 1364 1590 sed
1388 1570 1449 1597 quat
1467 1563 1577 1590 dextera
1590 1571 1654 1599 pro-

873 1613 933 1643 pter
945 1608 1096 1643 voluptates
1109 1607 1156 1634 tibi
1172 1606 1306 1634 videntur.
1318 1606 1475 1642 Voluptates
1485 1613 1574 1636 autem
1588 1614 1654 1636 sunt

873 1662 926 1682 non
942 1653 1029 1682 solum
1045 1652 1172 1680 Venereze
1182 1673 1189 1685 ,
1204 1660 1298 1680 verum
1314 1653 1395 1680 etiam
1415 1653 1516 1681 divitia:
1531 1662 1563 1682 ac
1586 1655 1653 1683 deli-

872 1700 931 1728 ciaa.
944 1699 1061 1727 Sinistra
1076 1706 1152 1731 vero,
1176 1699 1273 1731 caedes,
1292 1698 1408 1733 rapinae,
1429 1704 1454 1726 et
1475 1700 1517 1727 his
1540 1701 1650 1730 similia.

872 1745 938 1772 Nam
949 1746 1045 1772 boreas
1053 1745 1157 1780 rigidus
1165 1747 1270 1777 ventus,
1279 1744 1373 1772 dexter
1381 1745 1540 1780 appellatur.
1548 1746 1653 1783 Quippe

873 1791 981 1818 boream
1005 1790 1168 1826 symbolice,
1192 1790 1339 1825 malignum
1365 1790 1502 1818 diabolum
1529 1793 1650 1827 vocitat,

872 1845 887 1864 a
908 1845 963 1872 quo
986 1837 1057 1864 mala
1081 1836 1173 1863 omnia
1195 1836 1378 1863 incenduntur
1405 1837 1432 1864 in
1459 1837 1534 1865 orbe.
1557 1837 1649 1866 Eidem

873 1890 972 1910 nomen
986 1886 1028 1909 est
1040 1882 1143 1913 dexter,
1156 1881 1219 1916 quia
1235 1881 1346 1916 angelus
1366 1886 1479 1909 vocatur
1499 1882 1605 1917 dextro,
1622 1883 1650 1911 id

872 1933 914 1956 est
929 1928 1020 1956 fausto
1039 1927 1157 1954 nomine.
1170 1926 1270 1960 —Tu,
1287 1927 1391 1961 inquit,
1412 1927 1517 1955 declina
1535 1936 1550 1955 a
1568 1929 1649 1961 malo,

872 1979 899 2002 et
916 1974 970 2002 Deo
984 1981 1050 2002 cura
1065 1974 1115 2001 erit
1135 1973 1197 2001 ﬁnis
1212 1972 1259 2001 tui.
1279 1972 1399 2001 Anteibit
1414 1974 1487 2001 enim
1506 1979 1541 2008 te,
1559 1974 1651 2004 hostes

872 2019 1029 2056 proﬂigans,
1046 2024 1076 2046 ut
1087 2019 1199 2054 pacitice
1212 2019 1355 2053 gradieris.

907 2065 1008 2100 Nempe
1024 2071 1071 2099 per
1083 2071 1189 2092 cervam
1202 2064 1312 2091 denotat
1322 2064 1467 2098 voluptatis
1480 2065 1506 2091 in
1521 2065 1651 2101 coniugio

873 2111 1073 2143 innocentiam;
1092 2115 1118 2137 et
1137 2117 1185 2145 per
1203 2109 1317 2144 pullum,
1339 2110 1504 2137 alacritatem
1527 2111 1651 2139 mulieris

872 2157 998 2192 exprimit
1011 2161 1038 2184 et
1060 2156 1264 2183 amabilitatem.
1280 2154 1313 2182 Et
1329 2155 1392 2189 quia
1410 2155 1493 2182 multa
1517 2156 1604 2183 cernit
1615 2157 1649 2185 ad

872 2205 967 2231 vitium
984 2202 1123 2230 incitantia
1136 2223 1143 2234 ,
1169 2205 1248 2229 caute
1261 2201 1397 2233 consulit,
1413 2205 1440 2228 et
1461 2201 1651 2230 iudissolubilo

873 2248 1034 2284 conjugibus
1051 2248 1187 2275 vinculum
1201 2247 1302 2281 injicit,
1317 2246 1498 2274 constantiam
1517 2247 1569 2275 illis
1584 2256 1650 2276 con-

873 2295 978 2322 cilians.
994 2293 1099 2329 Alioqui
1116 2292 1258 2328 sapientia,
1273 2293 1346 2320 cervi
1362 2292 1455 2324 instar,
1469 2292 1648 2320 heterodoxo-

872 2347 933 2367 rum
949 2339 1119 2373 serpentinas
1131 2337 1268 2365 doctrinas
1279 2337 1408 2372 repellere
1419 2337 1489 2364 valet
1503 2342 1530 2364 et
1543 2338 1650 2365 exstin—

871 2388 963 2421 guer'c.
977 2384 1039 2412 Haec
1056 2385 1153 2419 igitur,
1167 2383 1266 2418 inquit,
1285 2388 1373 2410 tecum
1396 2383 1431 2410 sit
1445 2383 1522 2418 quasi
1546 2383 1648 2418 pullus,

871 2433 900 2456 ut
913 2436 1020 2455 omnem
1039 2429 1165 2455 virtutem
1183 2428 1302 2455 innovet.
1315 2427 1347 2455 Et
1370 2427 1434 2463 quia
1452 2435 1507 2455 non
1524 2433 1566 2456 est
1585 2437 1648 2456 mn-

870 2474 929 2501 lieri
945 2474 1042 2501 similis
1060 2473 1203 2508 sapientia,
1222 2474 1279 2501 haec
1294 2473 1385 2508 potius
1403 2474 1439 2500 sit
1453 2473 1500 2500 tibi
1515 2473 1581 2501 dux.
1602 2474 1651 2502 Sir

870 2520 943 2548 enim
961 2520 1045 2547 bonas
1059 2519 1213 2554 procreabis
1229 2519 1418 2554 cogitationes.

905 2564 944 2592 Ne
964 2564 1034 2592 forte
1054 2564 1148 2591 dicas:
1167 2564 1223 2591 Cur
1246 2568 1364 2591 noceant
1384 2565 1467 2597 oculi,
1489 2572 1550 2592 cum
1567 2564 1648 2599 plane

870 2618 924 2637 non
938 2610 973 2637 sit
989 2617 1100 2637 necesse
1114 2616 1175 2636 eum
1200 2609 1315 2643 perverti
1331 2610 1378 2643 qui
1403 2610 1508 2636 cernit?
1529 2610 1648 2637 ostendit

871 2655 918 2683 tibi
940 2654 1187 2690 concupiscentiam
1212 2661 1273 2682 esse
1294 2655 1401 2689 ignem;
1419 2662 1545 2689 carnem,
1565 2655 1647 2683 vesti-

823 2752 880 2778 “v.
894 2751 939 2779 ‘25.
950 2751 1008 2778 -Α,
1025 2750 1043 2778 ί.
1057 2750 1103 2784 ‘25,
1115 2751 1142 2778 b.
1179 2751 1200 2766 "’
1217 2758 1242 2777 v.
1258 2749 1301 2777 27.
1312 2749 1410 2784 ——A..f.
1423 2750 1468 2780 24,
1485 2757 1509 2776 a.
1548 2750 1570 2766 ⁸⁸
1585 2757 1645 2784 cap.

1421 2832 1459 2862 ΞΟ
