1860 3051
209 92 261 120 599

647 97 676 123 S.
699 96 880 125 illPPOLYTl
902 98 976 125 OPP.
999 77 1087 126 PARS
1105 99 1125 127 l.
1144 115 1178 121 —
1196 99 1401 128 EXEGETICA.

1776 100 1826 126 μου

210 153 364 189 Scripturas
388 156 531 183 ωςὶηαηὶυἱι
550 157 584 188 ν’,
597 157 742 185 demittens
758 159 830 185 ultro
853 166 882 186 se
906 159 992 193 ipsum
1007 163 1031 199 Α
1045 168 1090 186 κει

1074 160 1209 187 ῖκένωκεν
1225 160 1333 187 ἑαυτὸν·
1353 160 1424 187 κατὰ
1442 160 1491 192 τὰς
1512 160 1634 195 Γραφὰς,
1654 159 1753 190 καθεὶς
1769 159 1826 185 ἑθε-

208 199 237 228 in
253 200 278 227 id
294 202 365 235 quod
381 209 434 228 non
456 206 525 233 erat,
539 207 566 229 et
584 202 663 229 vilem
689 202 791 230 hancce
816 211 925 231 carnem
950 204 991 231 in-

208 245 279 277 duit,
294 251 375 281 atque
395 247 422 274 in
449 248 515 274 servi
530 247 616 282 forma
638 249 776 283 apparuit,
795 249 850 276 Deo
873 254 904 277 et.
919 249 991 277 Patri

209 290 295 326 factus
318 291 438 320 obcdiens
458 301 539 328 usque
563 294 598 320 ad
614 299 742 326 mortem;
765 300 900 330 eapropter
913 296 988 324 dein-

208 344 272 372 ceps
285 342 310 364 et
324 339 534 372 superezaltams
548 339 664 374 legitur;
683 345 710 367 et
727 345 856 375 tanquam
871 341 896 369 id
909 349 992 376 prope

208 391 263 410 non
281 384 382 412 habens
398 391 508 420 propter
528 386 674 413 humanam
688 392 824 418 naturam,
837 395 869 415 ac
881 388 991 423 gratuiti

205 429 295 456 instar
307 431 381 464 doni,
396 432 499 466 accepit
519 440 613 458 nomen
637 441 714 466 super
735 440 809 459 omne
828 441 930 466 nomen.
945 442 991 461 se-

206 477 326 503 cundum
342 477 412 504 beati
430 477 505 504 Pauli
521 479 611 505 verba.
629 478 681 506 Sed
703 486 734 505 ex
757 479 795 506 rei
810 480 932 511 veritate,
947 488 990 508 res

205 527 295 550 tamen
322 523 379 558 ipsa
406 531 459 550 non
477 528 535 551 erat
551 532 644 551 eorum
663 525 764 552 donum
780 533 840 560 quae
857 527 891 553 ab
912 527 991 554 initio

205 569 368 596 naturaliter
393 570 419 597 in
443 577 475 597 eo
494 570 566 597 haud
594 576 685 598 essent
700 571 791 605 (longe
812 572 890 599 aliter
902 581 931 600 se
946 581 990 601 res

204 616 313 651 habet);
334 617 380 644 sed
402 617 493 651 potius
517 617 620 644 reditus
641 617 838 646 existimandus
853 623 895 646 est
909 624 936 646 et
948 627 990 646 re-

183 665 186 670 '
205 670 304 689 cursus
320 662 353 689 ad
374 663 411 695 id,
428 663 500 698 quod
520 663 554 690 ab
576 663 654 694 initio
670 664 851 691 essentialiter
868 669 895 692 et
915 665 989 692 inse--

204 708 363 743 parabiliter
377 709 401 736 ei
417 709 515 736 inerat.
532 708 715 742 Quamobrem
732 715 759 737 et
773 718 835 737 cum
854 718 901 745 per
916 719 990 738 teco-

179 758 182 760 ‘
203 755 324 782 nomiam
339 755 490 782 humilitate
502 756 593 783 carnis
603 760 675 783 esset
688 757 808 790 indutus,
822 758 859 784 ait
872 766 879 784 :
897 757 987 790 Pater,

203 801 324 836 glori/ica
339 810 380 828 me
394 802 478 837 gloria
491 810 570 836 quam
584 802 664 829 habui
676 803 710 836 ¹¹,
721 808 747 830 et
756 811 816 838 qua;
828 808 987 838 sequuntur.

1042 205 1134 241 λοντὴς
1148 206 1241 232 ἑαυτὸν
1257 207 1296 238 είς
1314 206 1382 241 ὅπερ
1396 206 1446 232 οὐκ
1461 203 1505 241 ἦν,
1520 206 1565 232 καὶ
1587 206 1637 241 τὴν
1653 205 1751 238 ἄδοξον
1765 205 1826 231 ταύ-

1041 260 1091 286 την
1108 251 1196 287 σάρκα
1211 251 1377 286 ἠμπέσχετο,
1392 251 1438 277 καὶ
1453 251 1482 276 ὲν
1498 252 1530 286 τῇ
1539 250 1592 277 τοῦ
1603 250 1718 277 δούλου
1726 249 1826 284 μορφῇ

1042 297 1145 333 πέφηνε
1161 297 1198 332 (7)
1208 318 1216 329 ,
1232 296 1360 332 γεγονὼς
1376 296 1510 330 ὑπήκοος
1529 296 1567 331 τῷ
1590 296 1650 331 Θεῴ
1675 296 1726 322 καὶ¹
1742 296 1826 331 Πατρὶ

1039 342 1127 376 μέχρι
1147 343 1286 374 θανάτου,
1307 342 1399 376 ταύτῃ
1423 351 1464 369 τοι
1483 341 1573 368 λοιπὸν
1593 341 1642 368 καὶ
1655 341 1826 375 ὑπερυψοῦ-

1041 391 1112 416 σθαι
1133 389 1251 424 λέγεταιν
1270 389 1316 416 καὶ
1333 389 1369 421 ὡς
1392 389 1442 416 οὐκ
1458 388 1526 424 ἔχων
1542 388 1586 415 διὰ
1605 388 1636 415 τὸ
1657 387 1825 423 ἀνθρώπινον

1043 435 1191 469 μονονουχὶ,
1205 435 1252 461 καὶ
1265 435 1294 460 ἐν
1307 435 1415 470 χάριτος
1430 434 1522 470 μοίρᾳ,
1535 433 1668 469 λαμϐάνει
1686 433 1722 460 τὸ
1737 433 1826 466 ὄνομα

1040 483 1074 508 τὸ
1092 481 1166 516 ὑπὲρ
1186 481 1247 509 πᾶν
1262 481 1364 516 ὄνομα,
1381 481 1451 508 κατὰ
1466 481 1515 517 τὴν
1535 480 1582 507 τοῦ
1602 480 1742 516 μακαρίου
1758 478 1826 505 Παύ-

1041 527 1086 553 λου
1109 528 1209 563 φωνήν.
1235 527 1302 553 Ἀλλ’
1317 525 1351 562 ἦν
1365 527 1395 553 τὸ
1420 527 1514 562 χρῆμα
1537 526 1607 553 κατὰ
1622 526 1652 552 τὺ
1673 525 1776 561 ἀληθὲς
1792 525 1827 560 (8)

1040 574 1070 600 οὐ
1087 573 1158 604 δόσις
1174 573 1212 604 ὡς
1227 574 1255 599 ἐν
1271 574 1340 608 ἀρχῇ
1357 573 1410 599 τῶν
1421 574 1471 599 οὐκ
1484 573 1596 599 ἐνόντων
1606 572 1682 607 αὐτῷ
1695 572 1827 606 φυσικῶς,

1040 619 1137 645 πολλοῦ
1159 627 1191 653 γε
1208 619 1254 646 καὶ
1276 619 1323 645 δεῖ·
1350 620 1434 645 νοοῖτο
1445 618 1467 644 δ’
1483 618 1516 645 ἂν
1536 619 1634 654 μᾶλλον
1651 618 1827 652 ἀναφοίτιιςις

1040 663 1087 689 καὶ
1112 662 1249 698 ἀναδρομὴ
1265 663 1332 698 πρὸς
1348 663 1378 689 τὸ
1403 663 1432 688 ἐν
1456 663 1526 699 ἀρχῇ
1549 663 1596 690 καὶ
1620 663 1763 694 οὐσιωδῶς
1784 663 1827 688 καὶ

1039 708 1235 744 ἀναποϐλήτως
1252 709 1373 744 ὑπάρχον
1389 709 1472 744 αὐτῷ.
1487 710 1630 746 Τοιγάρτοι
1645 710 1695 736 καὶ
1710 710 1827 744 ἔφασκεν

1039 754 1053 779 ὁ
1069 753 1118 788 τῆς
1130 754 1340 790 ἀνθρωπότητος
1357 755 1386 781 τὸ
1404 756 1608 791 σμικροπρεπὲς
1625 756 1745 788 ὑποδοὺς
1761 757 1827 782 οἱκο-

1039 799 1168 834 νομικῶς·
1194 800 1300 834 Πάτερ,
1322 800 1456 832 δόξασόν
1478 810 1516 836 με
1541 801 1578 835 τῇ
1599 801 1674 836 δόξῃ
1695 799 1717 837 ᾖ
1737 800 1826 836 εἶχεν,

204 847 318 882 Semper
334 848 406 875 enim
422 853 479 875 erat
501 848 528 875 in
548 848 632 883 gloria
653 849 754 881 divina,
773 849 818 884 qui
831 854 892 876 ante
908 857 988 878 omne
1005 842 1025 869 Β
1041 846 1086 872 καὶ

1074 846 1086 872 ηὶ
1103 846 1136 872 τὰ
1153 846 1223 881 ἑξῆς.
1246 847 1301 872 Ἀεὶ
1314 846 1368 882 γὰρ
1384 844 1417 882 ἦν
1430 848 1459 874 ἐν
1473 847 1534 882 δόξῃ
1547 847 1706 883 θεοπρεπεῖ,
1720 848 1762 883 τῷ
1776 848 1827 882 ἰδίῳ

202 901 290 921 aerium
303 898 331 921 et
346 898 452 928 tempus
464 899 545 929 atque
567 899 630 922 ante
653 896 747 924 mundi
765 896 986 924 constitutionem

201 940 312 974 proprio
327 939 400 967 Patri
414 941 563 968 coexsistit.

238 985 401 1022 intelligitur
426 987 507 1014 etiam
522 987 716 1015 convenienter
736 996 785 1023 per
798 989 988 1017 adolescentio-

200 1040 256 1059 rem
273 1032 330 1059 sive
339 1032 484 1066 juniorem.
511 1033 645 1068 Apparuit
670 1034 743 1061 enim
774 1034 801 1060 in
823 1034 925 1062 ultimis
938 1035 988 1062 aevi

199 1079 382 1113 temporibus,
397 1083 424 1106 et
438 1084 498 1113 post
509 1083 666 1107 sanctorum
681 1080 873 1115 prophetarum
888 1081 986 1115 glorio-

200 1133 262 1153 sum
278 1129 306 1152 et
332 1124 444 1160 dignum
472 1132 565 1152 amore
584 1125 697 1153 chorum
711 1146 718 1157 ,
743 1130 770 1153 et
785 1126 943 1161 simpliciter
956 1134 988 1154 ac

200 1171 286 1200 semel
297 1175 327 1198 ut
339 1171 441 1203 dicam,
456 1175 518 1206 post
535 1179 631 1199 omnes
653 1176 788 1206 quotquot
804 1177 867 1200 ante
881 1177 987 1206 tempus

199 1217 412 1252 incarnationis,
428 1217 455 1243 in
472 1217 568 1244 ordine
584 1217 704 1244 ﬁliorum
721 1218 757 1245 ob
775 1218 902 1244 virtutem
915 1225 989 1245 com-

199 1263 287 1298 putati
311 1267 385 1290 sunt.
416 1263 524 1291 Zelams
541 1267 632 1290 autem
659 1263 733 1298 quod
749 1263 849 1290 dicitur
876 1263 988 1291 Emma-

199 1308 274 1341 nuel,
286 1312 328 1335 est
340 1308 544 1343 quodammodo
556 1308 723 1344 ambiguum.
738 1308 794 1336 lmo
809 1316 873 1336 vero
884 1310 988 1336 zelatus

201 1355 259 1384 sive
273 1355 445 1382 aamulandus
460 1360 502 1383 est
528 1355 641 1389 sanctis,
663 1356 710 1390 qui
736 1356 851 1392 vestigia
872 1357 931 1391 ejus
945 1364 988 1384 se—

199 1401 267 1433 ctari
282 1401 423 1429 studentes
437 1402 470 1428 ad
492 1401 614 1429 divinam
639 1402 699 1437 ejus
711 1403 940 1437 pulchritudinem
959 1410 989 1431 se

199 1448 383 1481 conformant.
400 1453 427 1479 et
438 1449 527 1485 ipsum
544 1449 598 1477 sibi
621 1453 782 1484 proponunt
797 1449 987 1484 praescriptum

198 1503 294 1523 eorum
310 1504 371 1531 quae
382 1503 463 1531 agere
477 1495 604 1528 debeant,
634 1502 826 1530 summamque
853 1494 917 1521 inde
932 1495 988 1530 glo-
1000 1511 1021 1540 Ο

199 1542 269 1569 riam
284 1541 418 1569 referunt.
434 1541 543 1575 Zelatus
557 1548 622 1568 vero
634 1541 716 1575 etiam
731 1541 759 1568 in
775 1541 858 1567 alium
873 1540 984 1575 intelligi

198 1588 311 1619 modum
324 1592 424 1622 potest,
452 1587 504 1615 hoc
531 1592 573 1615 est
594 1587 698 1614 invidia
723 1587 824 1621 petitus
838 1586 920 1614 abiis
938 1586 985 1620 qui

199 1640 263 1659 eum
279 1641 333 1660 non
360 1633 493 1667 diligunt;
521 1633 649 1664 ducibus,
665 1633 790 1667 inquam,
817 1631 983 1664 Judaorum,

199 1679 257 1706 sive
272 1678 377 1706 Scribis
404 1683 487 1714 atque
513 1678 675 1711 Pharisaais;
692 1678 740 1713 qui
769 1678 897 1707 acerbum
913 1678 941 1705 in
955 1685 985 1704 se

198 1723 381 1756 parturientes
397 1723 496 1756 zelum,
521 1728 548 1750 el;
572 1723 680 1750 invidia:
695 1723 839 1750 materiam
853 1722 984 1757 iacientes

201 1768 253 1795 sibi
269 1777 300 1798 ex
314 1768 374 1804 ejus
389 1777 450 1804 qua
462 1769 530 1804 eripi
549 1769 586 1796 illi
601 1777 656 1796 non
670 1773 760 1803 potest
779 1769 874 1804 gloria.
891 1768 984 1796 multis

199 1814 290 1842 modis
315 1822 375 1842 eum
401 1815 557 1849 captabant.
574 1814 700 1842 Christus
731 1815 840 1849 quidem
857 1815 884 1841 in
899 1815 982 1842 vitam

200 1865 374 1888 revocaverat
388 1865 511 1888 mortuos
522 1861 578 1895 jam
599 1859 724 1888 [ualentes
746 1866 772 1887 et
786 1865 937 1895 corruptos,
957 1865 984 1888 et

200 1908 253 1935 alia
269 1908 359 1935 divina
372 1908 448 1941 signa
459 1908 582 1935 ediderat
595 1917 603 1941 ;
618 1909 689 1936 unde
715 1908 756 1936 ias
777 1913 836 1936 erat
850 1909 913 1936 illos
926 1913 983 1936 stu-

145 1966 147 1968 -
199 1958 294 1988 pentes
320 1954 354 1981 ad
381 1954 451 1986 ista,
484 1955 595 1982 credere
632 1962 720 1989 neque
761 1954 878 1990 amplius
904 1954 984 1982 dubi-

1041 893 1218 928 συννπάρχων
1240 894 1382 929 γεννήτορι
1406 894 1458 929 πρὸ
1473 894 1573 926 παντὸς
1590 894 1689 926 αἰῶνος
1705 895 1757 921 καὶ
1769 895 1827 929 χρό-

1039 948 1085 966 νου
1101 939 1148 965 καὶ
1163 939 1212 974 τῆς
1227 939 1274 966 τοῦ
1286 941 1387 975 κόσμου
1402 941 1562 976 καταϐολῆς.

1074 985 1169 1010 Νοοῖτο
1178 984 1200 1010 δ’
1215 984 1248 1011 ἂν
1262 985 1373 1017 εἰκότως
1388 986 1434 1012 καὶ
1446 986 1599 1019 νεώτατος.
1609 985 1720 1021 Πέφηνε
1737 986 1792 1021 γὰρ
1803 986 1829 1012 ὲν

1039 1030 1200 1062 τελευταίοις
1220 1030 1266 1057 τοῦ
1293 1031 1389 1063 αἰῶνος
1414 1033 1530 1068 καιροῖς,
1549 1032 1596 1058 καὶ
1625 1032 1695 1068 μετὰ
1717 1031 1766 1058 τὸν
1779 1032 1829 1059 τῶν

1039 1076 1123 1110 ἁγίων
1133 1076 1280 1112 προφητῶν
1288 1077 1386 1104 εὐκλεᾶ
1401 1086 1430 1104 τε
1444 1077 1492 1104 καὶ
1503 1077 1667 1112 ἀξιάγαστον
1682 1077 1778 1113 χορὸν,
1786 1078 1828 1104 καὶ

1039 1122 1113 1156 ἅπαξ
1129 1122 1221 1154 ἁπλῶς
1245 1123 1314 1158 μετὰ
1336 1124 1440 1155 πάντας
1454 1124 1516 1155 τοὺς
1542 1124 1595 1159 πρὸ
1611 1124 1660 1158 τῆς
1682 1124 1827 1159 ἐπιδημίας

1038 1169 1076 1200 ὡς
1090 1169 1119 1196 ὲν
1134 1168 1199 1195 υἱῶν
1210 1169 1285 1202 τάξει
1299 1169 1504 1205 λελογισμένους
1516 1169 1549 1196 δι’
1564 1171 1676 1206 ἀρετήν.
1691 1170 1826 1203 Ζηλωτῦς

1039 1214 1067 1241 δὲ
1082 1215 1122 1241 ὅτι
1135 1214 1244 1249 γέγονεν
1259 1216 1273 1242 ὁ
1306 1215 1477 1252 Ἐμμανουὴλ
1506 1216 1564 1248 πῶς
1586 1217 1661 1243 ἐστιν
1691 1216 1827 1252 ἀμφιϐάλ-

1039 1260 1104 1287 λειν.
1127 1261 1207 1288 Ἀλλὰ
1223 1260 1341 1298 ζηλωτὸς
1361 1262 1410 1297 μὲν
1427 1261 1515 1296 ἁγίοις
1537 1262 1561 1288 οἳ
1579 1264 1634 1294 τοῖς
1651 1261 1760 1298 ἴχνεσιν
1785 1264 1828 1290 αὖ-

1039 1306 1085 1333 τοῦ
1101 1307 1308 1334 κατακολουθεῖν
1322 1308 1526 1340 σπουδάζοντες.
1542 1308 1589 1335 καὶ
1604 1309 1675 1344 πρὸς
1698 1309 1732 1336 τὸ
1764 1309 1827 1336 θεῖον

1039 1352 1122 1379 αὑτοῦ
1142 1353 1323 1389 μορφούμενοι
1338 1353 1445 1385 κάλλος,
1463 1354 1542 1380 αὐτόν
1562 1363 1590 1380 τε
1607 1354 1772 1389 ποιούμενοι
1787 1355 1827 1381 τὸν

1039 1400 1185 1434 πρακτέων
1204 1400 1396 1436 ὑπογραμμὸν,
1423 1400 1471 1435 τὴν
1490 1401 1602 1428 ἁπασῶν
1624 1401 1746 1437 ἀρίστην
1763 1402 1825 1428 ἀπο-

1039 1444 1166 1479 φέρονται
1181 1443 1268 1477 δόξαν.
1283 1445 1406 1480 Ζηλωτός
1427 1454 1459 1479 γε
1486 1445 1538 1481 μὴν
1555 1446 1601 1472 καὶ
1615 1446 1676 1472 καθ’
1689 1446 1789 1482 ἕτερον
1798 1447 1826 1472 ἂν

1038 1492 1123 1518 νοοῖτο
1138 1491 1236 1526 τρόπον
1256 1493 1312 1523 τοῖς
1324 1492 1374 1518 οὐκ
1399 1491 1507 1526 ἀγαπᾷν
1524 1491 1689 1526 εἰρημένοις·
1710 1493 1785 1527 φημὶ
1798 1491 1826 1527 δὴ

1038 1537 1093 1567 τοῖς
1107 1536 1162 1563 τῶν
1184 1537 1318 1564 Ἰουδαίων
1342 1536 1522 1572 καθηγηταῖς,
1538 1537 1596 1572 ἦτοι
1620 1538 1677 1568 τοῖς
1694 1538 1826 1573 Γραμμα-

1036 1584 1112 1610 τεῦσι
1129 1584 1176 1611 καὶ
1189 1584 1354 1619 Φαρισαίοις·
1369 1585 1394 1611 οἳ
1410 1585 1506 1620 πικρὸν
1525 1585 1553 1610 ὲν
1565 1585 1672 1616 ἑαυτοῖς
1687 1585 1826 1617 ὼδίνοντες

1037 1629 1117 1665 ζῆλον
1130 1631 1176 1657 καὶ
1193 1630 1341 1665 βασκανίας
1365 1630 1492 1657 ὑπόθεσιν
1505 1630 1554 1665 τὴν
1569 1630 1770 1666 ἀπαράϐλητον
1784 1631 1827 1658 αὐ-

1035 1677 1082 1704 τοῦ
1100 1677 1256 1713 ποιούμενοι
1270 1677 1348 1711 δόξαν
1360 1677 1430 1704 κατὰ
1445 1678 1560 1710 πολλοὺς
1573 1678 1686 1713 ἧλισκον
1698 1678 1824 1713 τρόπους.

1037 1725 1163 1760 Διανίστη
1179 1724 1228 1760 μὲν
1243 1725 1298 1760 γὰρ
1311 1725 1373 1757 τοὺς
1391 1725 1504 1760 νεκροὺς
1528 1726 1542 1751 ὁ
1560 1724 1680 1760 Χριστὸς
1694 1724 1824 1755 ὀδωδότας

1036 1770 1087 1805 ἥδη
1114 1771 1160 1797 καὶ
1175 1770 1398 1806 διεφθαρμένους,
1423 1770 1471 1796 καὶ⁴
1496 1769 1545 1801 τὰς
1559 1769 1641 1801 ἄλλοις
1663 1769 1824 1804 θεοσημείας

1037 1816 1167 1843 ἐπετέλει·
1183 1818 1246 1848 τοὺς
1273 1817 1300 1843 δὲ
1324 1816 1542 1852 κατατεθηπέναι
1567 1816 1624 1842 δέον
1645 1816 1695 1842 καὶ
1717 1816 1787 1851 πρὸς
1798 1814 1823 1840 τὸ

1037 1862 1134 1896 χρῆναι
1150 1861 1287 1889 πιστεύειν
1303 1861 1401 1893 ἵεσθαι,
1424 1860 1516 1888 λοιπὸν
1529 1860 1604 1893 οὐδὲν
1627 1859 1822 1892 ἐνδοιάζοντας.

1037 1908 1068 1933 Ol
1084 1907 1111 1933 δὲ
1125 1908 1204 1934 τοῦτο
1219 1908 1267 1943 μὲν
1279 1908 1329 1934 οὐκ
1347 1908 1441 1944 ἔδρων,
1468 1907 1610 1933 ὲδάκνοντο
1624 1906 1653 1932 δὲ
1670 1906 1711 1942 τῷ
1729 1906 1822 1941 φθόνῳ,

1037 1954 1085 1980 καὶ
1098 1954 1198 1990 πικρὰς
1214 1955 1253 1986 είς
1267 1953 1330 1981 νοῦν
1343 1954 1464 1989 ὲδέχοντο
1477 1953 1575 1985 λύπας.

198 2005 267 2028 tare.
284 2001 317 2029 At
337 2002 374 2029 illi
389 2002 441 2030 hoc
457 2003 614 2038 neutiquam
651 2002 801 2036 faciebant;
829 2011 924 2033 verum
949 2002 1049 2031 invidia
1082 2003 1247 2030 vexabantur
1261 2002 1300 2038 et]
1311 2002 1438 2030 acerbum
1462 2003 1552 2028 animo
1580 2008 1730 2034 mmrorem
1764 2008 1823 2028 con-

198 2050 344 2084 cipiehant.

849 2099 912 2126 Post
930 2099 1026 2134 Cyrillt'
1041 2097 1188 2124 nonnulla:

236 2143 335 2179 Ecquis
348 2144 417 2173 alius
430 2145 492 2177 iste,
508 2153 590 2180 quam
617 2147 689 2174 sicut
703 2147 917 2174 demonstratum
937 2154 986 2173 no-
1003 2147 1024 2174 D
1075 2144 1090 2171 ll

1075 2144 1243 2172 "IPPOLYTUS
1260 2153 1266 2170 :
1293 2143 1340 2174 Τίς
1351 2143 1428 2175 ἄλλος
1439 2141 1526 2173 οὗτος,
1542 2141 1559 2176 ἢ
1581 2140 1674 2173 καθὼς
1690 2142 1820 2168 δείκνυται

198 2190 242 2217 bis
258 2195 301 2217 est
328 2191 362 2218 ab
387 2190 529 2226 Apostolo,
547 2193 676 2218 secundus
703 2193 780 2219 homo
793 2192 925 2219 Dominus
953 2192 985 2219 de

199 2237 263 2262 cmlo
283 2237 315 2263 ".
330 2237 419 2272 Atque
431 2238 457 2265 in
473 2238 629 2273 Evangelia.
648 2243 816 2273 postremum
837 2239 875 2266 ait
887 2238 985 2266 fecisse

197 2282 364 2310 voluntatem
379 2282 468 2315 Patris
478 2283 510 2310 ".
522 2282 619 2312 Verbis
633 2284 784 2317 autem,Ad_
797 2292 837 2310 me
847 2289 982 2317 revertere,

1038 2193 1103 2226 ἡμῖν
1115 2190 1158 2217 διὰ
1175 2189 1223 2216 τοῦ
1242 2188 1412 2220 Ἀποστόλου,
1429 2190 1469 2216 ὅτι
1481 2189 1495 2215 ὁ
1509 2188 1648 2221 δεύτερος
1671 2189 1823 2223 ἄνθρωπος

1037 2240 1050 2265 ὁ
1068 2237 1168 2273 Κύριος
1193 2236 1228 2268 ἐξ
1242 2235 1380 2269 οὐρανοῦ.
1396 2235 1451 2262 Καὶ
1478 2236 1506 2261 ὲν
1528 2234 1566 2269 τῷ
1582 2234 1757 2270 Εὐαγγελίῳ,
1783 2235 1822 2260 τὸν

1038 2284 1188 2319 ποιήσαντα
1201 2281 1230 2308 τὺ
1243 2281 1348 2317 θέλημα
1361 2281 1407 2308 τοῦ
1417 2280 1522 2316 Πατρὸς
1533 2278 1609 2307 εἶπεν
1625 2281 1639 2307 ὁ
1653 2279 1770 2315 ἔσχατος
1781 2281 1820 2314 (9).

234 2342 257 2358 ²⁰
270 2341 386 2378 Philipp.
400 2351 432 2377 ιι,
448 2342 503 2370 7-9.
542 2344 563 2358 ¹¹
584 2342 663 2370 Joan.
685 2351 751 2374 xvu,
769 2343 794 2370 5.
833 2344 855 2358 "
873 2342 882 2369 ι
897 2343 958 2370 Cor.
974 2351 1018 2375 xv,
1033 2342 1077 2370 47.

1074 2362 1077 2369 .
1115 2342 1138 2357 ’³
1161 2340 1255 2368 Matth.
1273 2348 1331 2372 xxt,
1352 2340 1395 2367 3L

235 2401 273 2434 (Τ)
288 2401 394 2437 Καζρν
414 2401 452 2437 τῇ
470 2402 524 2430 τοῦ
545 2402 659 2430 δούλου
675 2402 777 2437 μορφῇ
837 2403 929 2436 ταύτῃ
943 2411 987 2429 τοι

198 2436 317 2463 λοιπόν.
342 2436 404 2464 Πίος
429 2438 509 2465 habet
532 2436 687 2472 excerptum
713 2438 896 2470 Grabianum;
926 2446 986 2472 quze

198 2476 290 2498 tamen
305 2472 331 2498 in
345 2472 549 2508 ediloiFabricii
563 2473 768 2506 desiderantur;
783 2473 846 2500 licet
856 2481 887 2500 ea
899 2473 987 2508 requi-

198 2510 242 2534 rat
258 2511 402 2544 contextus
418 2507 560 2541 Paulinus,
574 2508 608 2536 ad
623 2516 704 2543 quem
720 2507 749 2535 S.
768 2508 929 2544 Hippolytus
942 2509 985 2536 hic

198 2543 295 2577 procul
309 2543 393 2569 dubio
408 2543 535 2577 respexit.
871 2543 877 2552 ‘

215 2577 373 2639 6(gg‘rlggfd
385 2578 428 2612 τὸ¹
436 2578 556 2612 ἀληθές.
573 2578 642 2606 Male
663 2579 734 2614 apud
749 2579 902 2606 Fabricium
914 2598 921 2611 ,
937 2579 984 2605 καὶ

197 2614 229 2639 τὸ
244 2614 354 2644 ἀληθές.

197 2634 487 2684 [νῶδηλῖὀᾭξσχατος.
516 2648 649 2676 Ohservat
671 2649 813 2677 Fabricius
837 2654 899 2684 post
923 2649 983 2676 Mil-

198 2683 402 2719 iiunt,_codices
434 2685 596 2716 nonnullos,
622 2689 652 2711 ut
679 2685 821 2714 Cantabr..
841 2686 939 2719 legere,
954 2689 985 2710 ut

198 2718 245 2755 hic
265 2717 435 2755 Hippolytus.
453 2719 570 2747 Sanctus
587 2719 768 2755 Hieronymus
794 2717 941 2746 Comment.
957 2720 983 2745 in

200 2753 311 2786 Matt/1.,
327 2753 374 2782 lib.
396 2763 437 2787 ιιι,
464 2755 496 2781 ad
519 2763 579 2789 cap.
598 2763 657 2785 xxx.
676 2753 705 2781 5⁷1
725 2764 731 2781 :
753 2765 761 2780 ε
778 2755 982 2788 Sciendumest,

198 2788 298 2822 inquit,
314 2789 340 2816 in
357 2791 429 2817 veris
452 2791 654 2824 exemplaribus
668 2798 723 2817 non
748 2790 841 2816 haberi
869 2790 982 2816 nouissi-

199 2831 280 2859 ptum,
300 2826 345 2852 sed
361 2828 487 2861 primum,
514 2831 542 2852 ut
559 2826 669 2861 proprio
682 2825 786 2861 judicio
801 2824 982 2853 condemnen-

1039 2407 1093 2429 tur.
1108 2400 1136 2428 Si
1151 2405 1240 2428 autent
1255 2400 1424 2426 novissimum
1438 2399 1602 2426 voluerimus
1615 2399 1719 2434 legere,
1739 2401 1822 2427 mani-

1039 2437 1108 2464 festa
1122 2441 1164 2463 est
1179 2435 1383 2470 interpretatio:
1402 2440 1430 2461 ut
1444 2434 1568 2470 dicamus
1592 2435 1751 2469 intelligere
1767 2435 1823 2468 qui-

1039 2473 1100 2499 dem
1117 2469 1260 2498 veritatem
1286 2470 1404 2500 Judmos.
1433 2469 1480 2497 sed
1498 2470 1684 2504 tergiversari.
1700 2475 1729 2497 et
1753 2471 1821 2497 nolle

1038 2507 1130 2535 dicere
1143 2507 1214 2540 quod
1226 2505 1373 2540 sentinam
1386 2504 1549 2540 Wetstenius
1565 2507 1592 2532 in
1609 2513 1660 2532 sua
1668 2505 1741 2532 Nov.
1752 2505 1820 2532 Τὶιςι.

1038 2543 1123 2570 Graeci
1137 2539 1266 2573 editione,
1284 2545 1351 2568 tom.
1366 2539 1387 2572 l,
1401 2548 1462 2575 pag.
1479 2539 1542 2573 467,
1565 2540 1638 2568 hunc
1652 2541 1746 2575 ipsum
1761 2540 1821 2573 Ilip-

1037 2578 1122 2613 polyti
1137 2577 1225 2613 locum
1241 2577 1269 2603 in
1286 2576 1404 2613 medium
1418 2575 1530 2613 profert,
1548 2575 1613 2613 licet
1624 2576 1822 2613 minusemeu-

1037 2611 1109 2644 date,
1136 2612 1282 2646 subditque
1297 2612 1417 2639 doctoris
1443 2611 1555 2638 maximi
1571 2611 1666 2639 verbis
1679 2611 1800 2639 recitatis
1814 2620 1819 2636 :

1041 2658 1049 2673 ι
1067 2648 1198 2674 Nimirum
1215 2645 1372 2674 recordatus
1385 2646 1494 2680 aliquis,
1511 2645 1622 2674 ultimos
1637 2646 1697 2674 fore
1709 2647 1819 2680 primos.

1037 2684 1111 2718 quod
1130 2683 1229 2710 dicitur
1246 2682 1340 2709 Matth.
1353 2690 1399 2714 xx,
1419 2681 1463 2714 16,
1483 2681 1589 2718 putavit
1602 2682 1819 2718 publicanors‘re—

1037 2716 1108 2745 clins
1122 2718 1234 2745 ultimos
1246 2718 1336 2755 vocari
1352 2727 1358 2744 :
1377 2724 1457 2752 quam
1474 2717 1695 2755 emendationem
1711 2716 1818 2755 quidam

1037 2762 1069 2780 eo
1087 2762 1173 2787 usque
1187 2753 1377 2784 extenderunt,
1405 2757 1433 2779 ut
1449 2752 1529 2779 etiam
1555 2752 1751 2786 responsiones
1769 2752 1816 2787 mi-

1036 2793 1172 2823 grarent.»
1197 2787 1284 2820 Quam
1299 2788 1408 2823 quidem
1423 2795 1449 2813 ν.
1465 2795 1504 2823 (εκ
1517 2787 1706 2820 conjecturam
1732 2786 1818 2813 erudi-

1035 2828 1124 2852 torum
1139 2823 1241 2859 judicio
1267 2823 1459 2858 permittimus.
1489 2822 1625 2850 Caeterum
1660 2823 1733 2850 haud
1752 2829 1815 2863 pra;-
