1860 3051
189 124 243 153 605

226 185 325 213 Cenes.
342 191 414 216 xux,
440 181 475 208 27
489 191 495 208 :
509 180 648 215 Benjamin
673 179 750 214 lupus
775 184 879 212 rapax;
894 183 972 203 mane
984 178 1009 206 Α

189 230 306 258 comedet
320 229 415 258 adhuc.
429 233 454 254 et
468 227 502 254 ad
517 234 649 261 uesperam
671 225 718 252 dat
736 232 834 253 escam.

226 275 343 303 Omnino
365 273 480 309 quadrat
508 273 535 300 in
564 271 679 299 Paulum
710 270 866 305 apostolum
885 268 933 304 qui
957 275 974 295 e

190 320 262 346 tribu
274 318 413 353 Benjamin
428 317 488 344 fuit.
507 316 575 344 Cum
589 316 662 344 enim
671 315 781 350 juvenis
793 319 875 347 esset,
892 314 975 348 lupus

190 365 243 392 fuit
256 371 355 398 rapax;
372 367 514 398 postquam
525 369 591 389 vero
604 360 728 391 credidit,
740 360 855 395 praebuit
871 358 973 386 cibum.

190 411 350 439 Declaratur
361 409 440 436 nobis
457 408 547 436 ethoc
562 416 609 442 per
627 408 742 442 gratiam
756 405 863 433 Domini
886 403 975 432 nostri

188 456 251 483 Jesu
270 455 383 487 Christi,
408 454 482 490 quod
498 454 585 481 tribus
608 454 749 488 Benjamin
774 453 803 480 in
817 450 977 488 principati-

188 502 250 534 lius,
269 501 322 528 hoc
344 500 417 527 enim
445 504 487 527 est
503 507 590 532 ntane,
618 499 800 534 persequitur.
828 498 893 525 Saul
904 499 976 526 enim

188 548 235 583 qui
249 555 264 574 e
281 547 353 574 tribu
370 545 511 580 Beniamin
529 545 589 579 fuit,
602 545 731 572 Davidem
745 545 860 580 ﬁguram
874 544 977 572 Christi

187 596 326 628 gerentem
340 595 382 619 est
400 594 572 626 persecutus.

621 118 650 146 S.
668 114 852 145 HIPPOLYTI
869 113 944 142 OPP.
963 112 1052 141 PARS
1070 112 1090 139 i.
1112 126 1146 132 -—
1163 108 1375 138 EXEGETICA.

1759 99 1811 127 σοι

1058 173 1199 209 Βενιαμὶν
1212 172 1305 204 λύκος
1318 168 1417 204 ἅρπαξ
1421 166 1478 200 [τὸ
1490 165 1621 200 πρωινὸν
1639 162 1737 190 ἔδεται
1758 162 1810 194 ἔτι,

1024 219 1073 247 καὶ
1089 220 1132 252 εις
1150 217 1184 244 τὸ
1200 216 1330 250 ἑσπέρας
1352 213 1475 240 δίδωσιν
1489 210 1612 246 τροφήν.

1062 265 1230 292 Ηιριιουιτυε
1253 272 1259 289 :
1275 260 1442 297 Συναρμόςει
1462 258 1532 285 πάνυ
1546 255 1585 292 τῷ
1601 257 1632 282 ὲκ
1644 254 1732 289 φυλῆς
1749 252 1812 279 Βεν-

1027 312 1102 347 ιαμὶν
1134 309 1240 344 Παύλῳ.
1256 309 1320 334 "Ore
1346 306 1401 343 γὰρ
1419 303 1453 341 ἦν
1475 304 1546 335 νέος,
1565 302 1647 333 λύκος
1658 298 1693 336 ἦν
1709 299 1810 347 ᾷρπῗξι

1026 344 1124 385 δέέωκε
1138 356 1166 383 δὲ
1177 354 1278 390 τροφὴν
1292 353 1448 384 πιστεύσας.
1457 349 1587 385 Δηλοῠται
1598 347 1665 383 ἡμῖν
1676 345 1723 373 καὶ
1736 344 1813 371 τοῦτο

1028 403 1072 430 διὰ
1088 403 1136 437 τῆς
1151 401 1261 437 χάριτος
1275 399 1320 426 τοῦ
1338 398 1441 434 Κυρίου
1468 395 1547 432 ἡμῶν
1572 393 1660 430 Ἰησοῦ
1680 390 1810 428 Χριστοῦ,

1027 449 1069 475 ὅτι
1084 449 1100 483 ἡ
1118 446 1247 482 Βενιαμὶν
1271 445 1340 480 φυλὴ
1358 445 1386 470 ὲν
1400 444 1460 474 ταῖς
1487 442 1599 477 ἀρχαῖς,
1617 440 1686 474 ὅπερ
1700 438 1759 464 ἐπὶ
1779 437 1811 462 τι)

1028 492 1169 528 «putrer,
1182 491 1283 519 διώκει.
1309 491 1337 517 '0
1360 489 1415 525 γὰρ
1441 487 1528 515 Σαοὺλ
1548 487 1577 518 ὃς
1593 483 1627 521 ἦν
1641 486 1673 511 ἐκ
1687 484 1738 519 τῆς
1751 483 1812 509 Βεν-

1030 536 1106 575 ιαμὶν
1123 538 1223 574 φυλῆς,
1242 537 1288 564 τὸν
1316 537 1355 568 εἰς
1385 535 1470 561 τύπον
1492 532 1539 560 τοῦ
1561 531 1666 576 Κυρίου
1689 530 1812 564 κείμενον

1028 585 1109 612 Δαυτδ
1124 585 1246 612 ἐδίωκεν.

987 635 1027 662 ll.‘

346 686 388 713 Ex
403 685 506 713 Leontii
524 691 549 713 et
563 685 674 712 Joannis
696 685 797 713 Rerum
825 692 965 713 sacrarum
988 683 1055 711 libro
1072 690 1103 716 ll,
1126 689 1169 716 ap.
1183 680 1250 714 MAI,
1265 679 1365 714 Script.
1382 682 1448 710 vet.,
1463 677 1549 710 LVII,
1558 684 1584 711 ι).
1597 676 1640 703 84.

189 733 229 761 Ex
252 734 340 761 sancti
370 733 506 770 Hippolyti
531 733 624 761 Romae
651 733 854 761 Commentario
873 734 900 760 in
928 732 980 760 Ge-

226 789 326 808 [1881111.

1033 730 1087 757 Τοῦ
1108 729 1186 764 ἁγίου
1208 727 1364 755 Ἱππολύτου
1389 725 1497 762 Ῥώμης
1513 724 1568 761 (ll)
1589 725 1622 751 ὲκ
1642 723 1693 759 τῆς
1716 723 1756 754 εἰς
1771 722 1815 757 τὴν

1068 777 1180 811 Γὲνησιν
1195 775 1394 811 πραγματείας.

225 827 292 855 Gen.
310 835 340 859 ιι,
354 827 370 853 7
389 835 397 854 :
412 825 550 853 Formauit
566 826 648 862 igitur
661 826 789 853 Dominus
805 825 875 853 Deus
892 825 978 852 ltomi—
993 822 1016 850 B

1067 825 1116 852 Kal
1131 823 1267 850 ἔπλασεν
1284 824 1300 849 ό
1320 821 1392 854 Θεὸς
1409 820 1463 847 τὸν
1479 819 1636 853 ἄνθρωπον
1659 817 1738 853 χοῦν
1760 817 1815 844 ἀπὸ

191 881 249 900 nem
263 873 295 900 de
309 873 372 899 limo
387 878 474 900 terra.
500 872 556 899 Cur
569 873 628 899 ita?
649 871 745 899 Nonne
756 872 834 906 juxta
847 879 978 906 quorum-

191 919 253 946 dam
277 918 432 953 opinionem
471 922 527 945 tres
565 917 689 945 homines
725 918 840 952 legimus
872 916 976 950 factos,

191 971 275 990 unum
291 963 468 997 -spiritalem,
498 963 581 989 alium
607 963 768 995 animalem,
795 963 877 990 alium
894 966 977 989 terre-

190 1009 292 1036 strem?
315 1007 374 1035 Non
399 1016 443 1035 res
458 1008 494 1035 ita
519 1015 548 1035 se
564 1008 664 1039 habet;
679 1008 725 1035 sed
744 1008 778 1035 de
797 1015 853 1035 uno
871 1012 977 1034 tantum

190 1055 301 1082 homine
314 1054 434 1089 loquitur
448 1057 503 1081 tota
527 1054 657 1088 narratio.
671 1053 728 1081 Hoc
736 1054 844 1088 quidem
859 1063 864 1080 :
881 1053 979 1080 Facia—

191 1108 259 1132 ntus,
273 1099 306 1128 de
321 1100 431 1127 homine
446 1099 538 1126 futuro
562 1104 617 1131 est;
646 1099 710 1126 illud
737 1104 826 1127 autent
841 1109 846 1126 :
866 1098 980 1125 Forma-

191 1144 230 1170 vit
243 1163 250 1170 .
266 1163 274 1170 .
291 1162 299 1170 .
318 1143 448 1170 Dominus
466 1144 533 1171 Deus
557 1144 687 1170 hominen:
713 1144 746 1171 de
763 1145 825 1171 limo
842 1150 928 1176 term,
946 1144 980 1171 de

190 1197 246 1216 uno
266 1197 298 1217 ac
319 1190 413 1217 eodem
443 1190 554 1217 homine
582 1190 612 1216 ﬁt
637 1191 766 1218 narratio.
793 1191 872 1218 Modo
890 1190 979 1218 dicit:

191 1234 276 1267 Fiat;
289 1236 371 1263 modo
390 1240 483 1264 autem
508 1236 586 1270 facit,
604 1241 631 1264 et
657 1237 796 1272 quomodo
822 1237 900 1270 facit,
917 1245 982 1264 nar-

191 1285 279 1309 ratur.

1029 869 1084 903 τῆς
1107 869 1172 905 γῆς.
1202 868 1234 894 Τί
1253 868 1281 895 δέ
1308 868 1365 894 ἐστι
1389 866 1484 898 τοῦτος
1500 863 1554 900 ἆρα
1578 863 1614 900 μὴ
1631 864 1704 891 κατὰ
1715 864 1765 898 τὴν
1779 872 1817 889 τι-

1030 917 1082 944 νῶν
1100 917 1235 947 ὑπόνοιαν,
1258 915 1333 950 τρεῖς
1350 913 1508 949 ἀνθρώπους
1534 911 1648 946 λέγομεν
1667 910 1816 944 γεγονέναι,

1030 964 1078 991 ἕνα
1091 961 1283 998 πνευματικὸν,
1307 961 1355 987 καὶ
1384 960 1430 986 ἕνα
1443 958 1568 994 ψυχικὸν,
1582 957 1630 984 καὶ
1647 957 1696 983 ἕνα
1710 956 1816 991 χοῖκὸνζ

1030 1011 1079 1046 οὐχ
1092 1009 1177 1040 οὕτως
1193 1008 1260 1043 ἔχει,
1289 1006 1357 1034 ἀλλὰ
1383 1006 1448 1041 περὶ
1471 1005 1530 1036 ἐνὸς
1549 1003 1695 1039 ἀνθρώπου
1714 1004 1731 1037 ἡ
1748 1003 1818 1032 πᾶσι

1030 1056 1164 1091 διήγησις
1184 1054 1213 1080 τὸ
1234 1052 1298 1089 γὰρ·
1312 1051 1495 1086 Ποιήσωμεν,
1511 1050 1575 1085 περὶ
1596 1048 1741 1085 μέλλοντός
1753 1049 1816 1074 ἐπιε

1029 1101 1059 1127 τὸ
1073 1100 1110 1127 δέ·
1131 1099 1288 1132 Ἐποίησεν
1300 1100 1316 1125 ὀ
1332 1097 1404 1130 Θεὺς
1420 1097 1472 1123 τὸν
1485 1096 1644 1130 ἄνθρωπον
1670 1094 1748 1129 χοῦν
1763 1093 1816 1120 ἀπὸ

1030 1146 1085 1180 τῆς
1100 1145 1166 1180 γῆς,
1183 1144 1253 1171 ὥστε
1270 1144 1332 1179 περὶ
1343 1144 1401 1177 ἐνὸς
1412 1142 1556 1179 ἁνῡρώπου
1570 1141 1617 1168 τοῦ
1635 1141 1720 1168 αὑτοῦ
1735 1141 1752 1176 ὴ
1765 1141 1818 1175 6ιή-

1030 1200 1112 1227 γησις
1137 1191 1250 1225 γίνεται·
1265 1190 1325 1216 τότε
1342 1189 1396 1225 γὰρ
1412 1189 1485 1222 λέγει
1495 1197 1501 1203 ·
1518 1185 1542 1215 Γ
1544 1187 1723 1221 ενήσεσθαι,
1738 1187 1782 1212 νῦν
1794 1187 1818 1212 δὲ

1032 1239 1115 1269 ποιεῖ,
1131 1237 1218 1264 καὶτὸ
1235 1236 1292 1268 πῶς
1309 1237 1380 1263 ποιεῖ
1393 1236 1534 1272 διηγεῖται.

984 1339 1030 1368 ΠΙ.

455 1387 533 1422 Apud
549 1387 578 1416 S.
596 1388 787 1424 Hieronymum
799 1409 808 1421 ,
823 1388 903 1424 epist.
921 1387 956 1415 56
972 1388 1006 1415 ad
1022 1387 1178 1419 Damasum,
1195 1395 1266 1414 num.
1283 1386 1327 1415 18.
1344 1385 1398 1422 (Ea:
1415 1384 1552 1418 Galland.)

228 1434 284 1470 (-12)
300 1434 376 1463 Isaac
395 1440 488 1470 portat
516 1436 661 1472 imaginem
676 1436 723 1463 Dei
739 1435 837 1464 Patris.
855 1436 978 1464 Rebecca
992 1439 1013 1467 (ζ
1031 1436 1106 1463 ribus
1121 1435 1302 1470 accipiuntur.
1327 1433 1405 1466 Quod
1434 1437 1524 1460 autem
1557 1432 1623 1458 duo:
1647 1430 1766 1466 jubctur
1781 1428 1818 1455 al-

192 1480 310 1516 Spiritus
327 1481 426 1509 sancti.
440 1481 511 1508 Esau
524 1482 617 1517 populi
633 1482 744 1517 prioris,
760 1487 787 1509 et
805 1481 917 1509 diaboli.
932 1480 980 1508 Ja-

191 1528 243 1555 cob
255 1528 391 1560 Ecclesiae,
403 1528 461 1555 sive
475 1527 589 1556 Christi.
602 1528 733 1556 Senuisse
751 1528 837 1560 Isaac,
852 1535 981 1555 consum-

191 1574 341 1602 mationem
355 1574 442 1602 .orbis
467 1574 604 1602 ostendit:
633 1575 720 1602 oculis
740 1575 883 1610 caligasse,
900 1576 980 1602 tidem

191 1619 297 1654 perisse
309 1620 343 1646 de
359 1619 472 1652 mundo,
500 1624 527 1647 et
557 1619 697 1654 religionis
720 1621 813 1647 lumen
841 1625 904 1648 ante
918 1628 980 1648 eum

192 1664 346 1699 neglectum
360 1671 422 1691 esse
437 1663 581 1699 signilicat.
597 1663 674 1697 Quod
699 1664 771 1692 ﬁlius
800 1665 887 1700 major
902 1673 983 1693 voca-

193 1715 248 1743 tur,
267 1710 390 1744 acceptio
405 1709 473 1745 legis
491 1714 532 1737 est
546 1708 714 1736 Jndmorum.
731 1709 809 1742 Quod
822 1718 899 1738 escas
922 1710 982 1745 ejus

192 1760 275 1790 atque
291 1760 433 1790 capturam
450 1754 538 1791 diligit
559 1759 648 1790 pater,
670 1755 797 1783 homines
811 1760 876 1783 sunt
891 1756 926 1784 ab
939 1765 982 1784 er-

192 1809 256 1830 rore
271 1801 380 1834 salvati,
403 1808 475 1836 quos
501 1809 550 1836 per
577 1801 730 1828 doctrinam
756 1802 849 1836 justus
866 1803 982 1838 quisque

191 1853 318 1875 venatur.
333 1846 430 1875 Sermo
445 1847 503 1881 Dei,
524 1847 722 1875 benedictionis
739 1852 781 1876 est
796 1849 981 1883 reprotnissio,

193 1898 220 1922 et
233 1902 295 1929 spes
318 1894 393 1929 regni
420 1894 528 1927 futuri;
557 1893 586 1921 in
605 1902 660 1929 quo
686 1902 748 1922 cum
767 1895 876 1923 Christo
895 1896 982 1923 sancti

193 1944 258 1968 sunt
281 1940 432 1976 regnaturi,
457 1945 484 1968 et
507 1948 602 1968 verum
626 1940 777 1968 Sabbatum
808 1941 980 1969 celebraturi.

193 1985 317 2014 Rebecca
333 1987 413 2021 plena
428 1986 531 2021 Spiritu
548 1991 656 2018 sancto,
673 1986 762 2014 sciens
773 1987 837 2021 quid
862 1987 983 2015 audisset

193 2037 341 2068 antequam
358 2037 477 2068 pareret,
504 2033 569 2068 quia
595 2032 682 2065 major
703 2033 795 2060 serviet
821 2034 918 2060 minori
942 2035 980 2067 ἐς

194 2079 281 2114 magis
299 2083 388 2106 autent
407 2079 496 2106 forma
520 2078 638 2113 Spiritus
662 2079 760 2111 sancti,
779 2079 806 2106 in
821 2078 907 2106 Jacob
920 2085 982 2106 ante

1031 1482 1111 1514 ferre,
1128 1482 1242 1509 duorum
1253 1480 1414 1515 populorum
1430 1478 1634 1514 signiﬁcabatur
1647 1475 1818 1510 assumptio;

1031 1528 1104 1563 quod
1117 1533 1217 1554 teneros
1244 1531 1271 1554 et
1287 1529 1378 1558 bonos,
1396 1525 1499 1552 dociles
1511 1529 1539 1551 et
1550 1524 1712 1551 innocentes
1726 1523 1820 1550 animo:

1032 1574 1098 1609 (l4).
1115 1574 1188 1601 Stola
1211 1573 1253 1600 vel
1280 1573 1473 1599 vestimentum
1500 1570 1582 1602 Esau,
1600 1569 1670 1596 ﬁdes
1698 1574 1727 1596 et
1751 1568 1821 1595 Seri-

1032 1625 1118 1655 pturtc
1135 1625 1199 1647 sttnt
1216 1619 1402 1651 llehrworutn,
1425 1617 1526 1652 quibus
1549 1615 1693 1650 gentilium
1713 1615 1820 1641 indutus

1032 1670 1073 1693 est
1084 1666 1208 1700 populus.
1224 1664 1312 1692 Pelles
1333 1671 1394 1698 qua:
1410 1663 1469 1698 ejus
1494 1662 1618 1690 brachiis
1641 1661 1815 1689 circumdata:

1034 1717 1108 1743 sunt,
1123 1715 1235 1747 pccrata
1250 1711 1393 1745 utriusque
1413 1713 1478 1736 sunt
1502 1709 1599 1744 plebis,
1621 1716 1683 1743 qua:
1695 1708 1820 1735 Christus

1034 1758 1060 1785 in
1074 1758 1231 1794 extensione
1243 1765 1374 1784 manuum
1388 1757 1463 1784 cruci
1489 1764 1583 1784 secum
1609 1756 1715 1791 pariter
1727 1755 1818 1782 alﬁxit.

1033 1803 1112 1836 Quod
1129 1803 1205 1831 Isaac
1215 1803 1313 1838 quaerit
1329 1803 1362 1829 ab
1374 1801 1471 1835 Jacob,
1483 1810 1532 1830 cur
1558 1806 1613 1829 tam
1635 1801 1693 1829 cito
1716 1801 1818 1829 venerit

1034 1850 1057 1865 ³⁸
1071 1850 1126 1884 (15)
1138 1870 1145 1881 ,
1156 1849 1308 1876 admiratur
1321 1849 1436 1876 celerem
1448 1848 1618 1876 credentium
1634 1847 1728 1876 ﬁdem.
1745 1847 1819 1881 Quod

1034 1896 1087 1923 cibi
1100 1895 1273 1923 delectabiles
1290 1895 1453 1927 oti'ernntur,
1465 1894 1554 1921 hostia
1570 1893 1681 1928 placens
1695 1893 1762 1926 Deo,
1780 1901 1820 1921 sa-

1033 1942 1077 1969 lus
1093 1948 1134 1969 est
1149 1946 1333 1976 peccatorum.
1350 1940 1417 1967 Post
1429 1948 1505 1967 esum
1521 1939 1645 1974 sequitur
1658 1939 1818 1971 benedictio,

1032 1993 1059 2016 et
1075 1988 1134 2022 ejus
1147 1988 1230 2015 odore
1246 1987 1412 2023 perfruitur;
1428 1986 1554 2013 virtutem
1574 1986 1784 2013 resurrectionis
1796 1990 1819 2012 et

1033 2035 1118 2069 regni,
1133 2039 1225 2068 aperta
1250 2041 1319 2061 voce
1342 2033 1548 2068 pronuntians:
1574 2032 1715 2067 quomodo
1729 2033 1817 2062 etiam,

1033 2080 1146 2106 adorent
1158 2087 1220 2106 eum
1237 2079 1335 2107 fratres
1351 2079 1393 2106 sui
1407 2083 1434 2106 et
1450 2078 1570 2106 serviant
1583 2078 1619 2110 ei,
1632 2079 1778 2106 credentes
1789 2086 1818 2105 ex

193 2126 341 2153 meditatur
356 2134 362 2152 :
379 2125 500 2160 loquitur
520 2125 577 2160 (15)
593 2125 626 2152 ad
643 2125 727 2152 tilium
739 2125 871 2153 mium-em
887 2136 894 2152 :
910 2125 980 2152 Vade
998 2117 1017 2143 D
1034 2125 1126 2153 Israel.
1145 2125 1215 2158 Quia
1244 2126 1327 2160 igitur
1342 2125 1472 2160 iniquitas
1497 2131 1539 2153 est
1565 2125 1676 2152 inimica
1697 2125 1817 2160 justitiw,

193 2171 228 2197 ad
237 2180 350 2207 gregem,
363 2172 489 2206 et'accipc
504 2171 640 2198 nti/tiduos
653 2171 741 2198 [mdes
748 2172 787 2203 ";
803 2172 980 2206 prmlignrans

193 2225 322 2245 carneum
337 2217 488 2245 Salvatoris
513 2217 671 2251 adventum,
688 2217 713 2244 in
735 2225 789 2251 quo
803 2225 850 2244 eos
865 2218 906 2245 vel
922 2225 981 2244 ma-

193 2266 267 2292 xime
289 2265 427 2296 liberaret,
447 2265 495 2299 qui
520 2264 639 2299 peccatis
668 2263 831 2291 tenebantur
848 2264 977 2297 obnoxii;

194 2310 329 2345 siquidem
348 2310 377 2337 in
398 2310 526 2337 omnibus
540 2309 690 2345 Scripturis
703 2310 771 2337 haedi
786 2318 835 2345 pro
855 2314 980 2345 peccato-

230 2391 252 2406 "
277 2389 345 2416 Gen.
363 2397 427 2422 xxv,
445 2389 490 2416 25.
529 2391 551 2406 ²⁷
573 2390 640 2418 Gen.
659 2398 744 2422 nvtt,
758 2391 784 2418 9.
824 2391 847 2407 ’⁸
861 2391 928 2420 Ibid.
941 2392 986 2418 ‘20.

230 2458 426 2499 (H)_Graecus
452 2465 554 2499 auctor
580 2462 704 2499 intelligit
735 2463 978 2499 'Pu'ajmgrémcné-

194 2494 262 2526 που,
288 2494 402 2522 Romani
417 2496 549 2533 episcopi;
571 2505 652 2532 qttetn
666 2494 978 2533 "Grzccorutit‘l'requen-

194 2534 248 2557 tem
264 2537 384 2558 err0rem
401 2531 464 2558 alibi
477 2540 520 2559 me
536 2531 648 2562 narrare
663 2534 786 2562 memini.

230 2565 286 2600 (i2)
304 2565 340 2593 lis
351 2573 412 2604 quae
424 2566 506 2604 refert
526 2573 637 2596 sanctus
656 2569 761 2603 doctor,
786 2577 820 2596 ex
843 2569 979 2604 Hippolyti

195 2599 392 2640 Commentario
403 2602 429 2628 in
445 2602 557 2640 Genestu
586 2605 731 2640 descripta,
751 2599 802 2632 ista
819 2599 977 2639 praeitiitti't:

196 2635 329 2674 Quoniam
344 2642 431 2674 autem
443 2637 556 2672 polliciti
581 2635 711 2667 sumus'et
726 2635 770 2667 'da
792 2635 826 2666 ω’
838 2639 942 2674 (lsaaeo
953 2645 980 2667 et

196 2669 329 2710 Rebecca,
354 2672 422 2710 Gen.
443 2669 531 2710 'xrwt)
558 2675 621 2709 quid
641 2676 805 2709 signiﬁcaret
834 2669 861 2702 iu
882 2676 979 2709 ﬁgura,

195 2705 356 2747 adiungere;
383 2707 520 2747 Hippolyti
544 2705 677 2744 martyris
693 2705 781 2747 Acerba
804 2705 943 2744 ponamus,
965 2705 981 2736 ὰ

194 2748 246 2774 quo
262 2746 286 2767 et
306 2740 454 2780 Victorinus
480 2740 568 2771 noster
593 2740 644 2772 non
670 2740 814 2778 plurimum
827 2746 980 2780 discrepat:

194 2777 334 2816 non-quod
362 2780 450 2806 omnia
476 2780 579 2814 plenius
605 2777 741 2807 exsecutus
769 2781 814 2811 sit.
838 2783 882 2807 sed
911 2777 980 2815 quod

194 2815 448 2872 po‘ssitoccasioncm
472 2815 586 2849 pra'bcrc
616 2816 706 2842 lectori
728 2816 761 2842 ad
778 2816 981 2851 intelligentiam

206 2854 220 2871 α
234 2854 323 2872 torem.

206 2854 323 2876 altorem.

1036 2172 1108 2199 Esau
1124 2172 1151 2199 in
1169 2172 1334 2199 discordiam
1358 2172 1523 2204 concitatur,
1553 2175 1579 2198 et
1598 2179 1693 2199 necem
1712 2171 1819 2198 fraudu-

1034 2218 1124 2245 lentus
1139 2218 1275 2252 excogitat
1300 2218 1393 2245 dicens
1422 2218 1448 2244 in
1471 2218 1552 2245 corde
1573 2225 1644 2245 suo:
1675 2218 1818 2252 Appropin-

1033 2269 1111 2299 quent
1126 2263 1182 2299 (16)
1196 2265 1250 2291 dies
1265 2264 1396 2299 passionis
1421 2264 1505 2298 patris
1525 2264 1585 2296 mei,
1605 2269 1629 2290 et
1642 2264 1765 2290 occidam
1776 2263 1819 2290 Ja-

1035 2312 1081 2338 cob
1103 2311 1213 2346 fratrem
1226 2319 1311 2338 meum
1328 2311 1360 2337 ".
1385 2310 1515 2338 Diabolus
1545 2309 1702 2338 iratricidas
1716 2310 1817 2337 Judmos

1026 2394 1048 2408 ⁸³
1066 2393 1133 2420 Ihid.
1147 2393 1192 2420 ΑΗ.

1081 2465 1124 2500 15)
1145 2463 1260 2500 Quidam
1288 2473 1366 2496 mss.,
1384 2465 1474 2492 medit.
1491 2469 1517 2492 et
1536 2463 1663 2500 loquitur.
1680 2463 1812 2492 VALLAIIS.

1068 2499 1124 2533 (Η)
1141 2499 1262 2527 Subaudi
1275 2500 1477 2535 significantur:
1490 2508 1539 2527 nec
1553 2501 1626 2527 enim
1642 2500 1735 2534 placet
1749 2499 1816 2534 quod

1033 2535 1134 2562 habent
1146 2540 1252 2562 veteres
1269 2536 1345 2565 editi.
1358 2536 1456 2562 dociles
1471 2541 1496 2562 et
1511 2535 1660 2562 innocentes
1673 2537 1773 2563 anima.-
1785 2535 1817 2561 si-

1033 2571 1154 2604 gniﬁcat.
1172 2569 1298 2598 Proxime
1314 2579 1378 2598 vero
1400 2571 1439 2598 vel
1460 2571 1656 2603 vestimentum,
1675 2579 1710 2597 ex
1726 2571 1814 2598 iisdem

1032 2606 1130 2668 editis,I
1142 2605 1273 2633 Vaticano
1300 2606 1416 2641 aliisque
1441 2606 1580 2633 nonnullis
1599 2614 1668 2634 mss.
1696 2606 1815 2641 reposui-

1032 2648 1103 2667 lllllS.
1133 2649 1158 2668 Ι).

1032 2648 1103 2667 lllllS.
1121 2648 1158 2668 ID.

1068 2676 1124 2710 US)
1141 2676 1199 2703 Duo
1221 2683 1299 2707 mss.,
1328 2677 1491 2709 admiratur,
1504 2682 1532 2702 ut
1551 2676 1745 2711 quuatur,etc.
1766 2675 1816 2703 An-

1031 2715 1072 2737 tea
1085 2716 1152 2743 erat.
1166 2711 1362 2738 admirabatur.
1381 2713 1420 2739 lo.

1067 2746 1287 2783 (lGii/ictorius
1311 2748 1520 2783 appropinquant
1549 2747 1706 2774 immutavit
1725 2751 1814 2783 contra

1032 2789 1098 2808 mss.
1127 2782 1216 2809 Iidem.
1242 2781 1342 2810 Deinde
1367 2783 1422 2810 duo
1445 2781 1536 2810 vetera
1570 2782 1814 2818 cxcmplaria,dict

1033 2817 1146 2879 ntorlisl.‘
1174 2825 1254 2851 quam
1285 2822 1374 2846 tamen
1395 2819 1464 2846 inl‘ra
1491 2819 1634 2845 lectionem
1656 2817 1732 2845 haud
1762 2826 1808 2844 scr-

1034 2858 1105 2879 \illll.
1133 2861 1158 2879 ιι.

1034 2858 1105 2879 \unl.
1123 2858 1158 2879 lt».
