1860 3051
31 79 79 106 609

625 80 837 108 ramum“
858 78 889 106 ιν
909 72 1076 108 PSALMOS.

1601 81 1653 113 610

29 138 136 166 τιωντῶν
153 139 294 172 παίζεται,
312 141 358 167 καὶ
374 141 424 168 ὗπδ
448 141 578 168 Ἰουδαίων
591 141 661 176 ξύλῳ
695 142 801 178 προσπή

891 164 893 168 ,
912 143 944 169 ad
960 142 1065 170 Patrem
1089 142 1209 171 clamans
1234 143 1358 178 spiritum
1384 145 1408 171 ci
1426 145 1609 178 commendat,
1625 151 1652 173 et

29 197 137 223 γννται,
151 188 201 215 καὶ
211 189 279 224 πρὸς
289 189 396 226 Πατέρα
404 189 470 224 βοῶν
479 190 656 225 παρατίθεται
667 190 696 216 τὸ
705 190 820 225 πνεῦμα,

30 233 74 260 καὶ
99 233 205 261 κλίνων
229 234 349 270 κεφαλὴν
375 235 485 267 ὲκτωεῐ,
521 236 567 262 καὶ
596 235 715 271 πλευρὰν
738 235 820 270 λόγχῃ

30 280 172 313 νύσσεται,
190 281 238 307 καὶ
255 281 351 308 σίνδονι
369 281 538 314 ἑλισσόμενος
563 282 592 307 ἐν
608 281 731 316 μνημείῳ
748 280 820 306 τίθε-

29 335 88 358 ται,
115 327 166 352 καὶ
188 326 336 362 τριήμερος
360 326 411 352 ὑπὸ
431 326 537 362 Πατρὺς
559 326 714 353 ἀνίσταταιπ
739 327 769 352 τὸ
791 326 819 352 δὲ

30 372 118 398 Θεῖκὸν
133 372 222 399 αὐτοῦ
239 372 319 398 πάλιν
336 372 459 408 φανερῶς
474 372 547 399 ἔστιν
566 372 638 403 [δεῖν.
656 373 699 399 ὅτε
715 372 761 398 ὑπ’
773 373 822 406 ἀγ-

29 418 114 452 γέλων
137 419 350 453 προσκυνεῖται,
375 418 422 444 καὶ
442 417 583 454 θεωρεῖται
604 418 656 444 ὑπὸ
674 417 820 452 ποιμένων,

29 465 72 492 καὶ
87 465 281 500 προσδοκᾶται
301 463 353 491 ὑπὸ
367 464 488 500 Συμεὼν,
503 466 550 492 καὶ
564 465 616 492 ὑπὸ
630 457 728 499 ’Ᾱννης
751 472 820 500 μαρ-

28 512 164 545 τυρεῖται,
175 510 223 537 καὶ
240 511 358 545 ζητεῖται
367 510 418 537 ὑπὸ
427 511 530 546 μάγων,
546 511 594 538 καὶ
610 510 769 546 σημαίνεται
782 510 817 536 δι’

28 555 156 591 ἀστέρος,
173 555 301 591 xui-65mg:
312 556 339 582 ὲν
350 556 448 591 γάμοις
463 555 533 582 οἴνου
544 555 603 591 (sic)
621 555 817 591 ἀπεργάζεται,

5 601 70 627 ’καὶ
92 601 223 637 θαλάσσῃ
245 601 297 628 ὑπὸ
319 601 378 636 βίας
394 601 503 636 ἀνέμων
541 601 670 636 κινομένῃ
693 600 816 635 ἐπιτιμᾷ,

25 647 70 673 καί
84 647 137 673 ἐπὶ
150 647 292 683 θαλάσσης
306 648 460 683 περιπατεῖ,
474 648 520 673 καὶ
531 647 628 681 τυφλὸν
640 647 672 673 ὲκ
685 645 817 680 γεννητῆς

26 694 91 728 ὸρᾷν
110 695 196 727 ποιεῖ,
209 694 257 721 καὶ
270 693 365 729 νεκρὸν
375 693 500 729 Λάζαρον
513 693 698 728 τετραήμερον
712 691 818 725 ἀνιστᾷ,

875 189 1004 215 inclinato
1019 190 1106 223 capite
1120 190 1250 224 exspirat,
1272 195 1299 217 ct
1311 191 1405 218 hncca
1424 191 1494 218 latus
1512 190 1571 224 ejus
1586 199 1653 218 oon-

873 234 985 267 foditur,
1002 238 1029 261 (τι
1043 236 1156 262 sindone
1173 236 1309 264 involutus
1326 237 1352 263 in
1371 241 1546 264 monumento
1571 238 1655 265 collo-

873 285 960 311 catur,
973 283 999 307 et
1013 282 1092 308 tertio
1105 281 1148 308 die
1163 289 1178 308 a
1191 281 1269 308 Patre
1283 282 1469 309 resnscitatur.
1484 282 1579 310 Divina
1591 288 1655 311 vero

873 326 960 360 ipsius
974 331 1072 355 natura
1089 335 1142 354 non
1158 327 1272 355 obscure
1286 329 1415 361 cernitur,
1430 329 1538 364 quando
1552 328 1586 356 ab
1604 337 1654 356 an-

871 371 939 405 gelis
955 371 1095 405 adoratur,
1113 377 1138 399 ct
1153 381 1167 399 a
1184 373 1339 407 pastoribus
1353 378 1500 408 spectatur,
1514 379 1541 402 et
1555 383 1654 410 exspe—

869 420 959 443 ctatur
978 424 992 444 a
1007 417 1143 451 Simeone,
1161 423 1188 445 et
1207 418 1293 446 Annae
1316 421 1470 447 testimonio
1488 427 1610 452 ornatur,
1627 420 1654 448 et

870 461 1001 495 quaeritur
1023 470 1038 489 a
1054 463 1149 498 magis,
1166 467 1193 489 et
1209 463 1344 490 indicatur
1361 471 1376 490 a
1391 465 1477 497 stella,
1494 471 1521 492 et
1535 474 1568 493 ex
1581 474 1653 501 aqua

871 507 898 533 in
913 507 1014 542 nuptiis
1029 509 1122 535 vinum
1141 508 1215 541 facit,
1233 514 1259 536 et
1273 517 1347 537 mare
1360 511 1385 536 vi
1403 516 1545 539 ventorum
1567 513 1654 548 agita-

872 556 928 579 tum
943 553 1079 588 objurgat,
1098 558 1125 581 et
1142 554 1168 581 in
1185 556 1253 582 mari
1271 556 1406 589 ambulat,
1421 561 1448 584 ct
1466 565 1537 584 caeco
1553 565 1568 584 a
1583 558 1655 584 nati—

870 598 952 625 vitate
971 599 1059 626 visum
1081 600 1219 632 restituit,
1240 605 1267 627 et
1284 600 1416 628 Lazarum
1441 603 1654 637 quatriduanum

871 645 1030 678 resuscitat,
1052 653 1079 672 et
1103 647 1193 673 varias
1218 646 1334 675 virtutes
1358 648 1474 681 perlicit,
1497 652 1523 676 et
1543 654 1653 684 peccat:

872 691 994 723 remittit,
1011 695 1039 718 et
1056 696 1215 726 potestatem
1236 693 1388 720 remittendi
1404 694 1450 721 dat
1464 694 1615 729 discipulis.

28 742 71 768 καὶ
92 741 224 773 ποικίλας
239 741 369 777 δυνάμεις
384 741 465 775 τελεῖ,
489 741 536 768 καὶ
554 740 690 776 ἁμαρτίας
711 738 817 773 ἀφίησι,
832 737 880 763 καὶ
894 737 1017 769 ἐξουσίαν
1031 739 1123 766 δίδωσι
1137 739 1281 775 μαθηταῖς.

668 859 703 888 In
734 857 894 887 Psalmum
918 855 1024 886 XXII.

602 933 676 961 Idem
691 932 862 959 Tlicodoritus
875 931 980 965 dialogo
993 930 1087 964 primo.

28 995 78 1020 Τοῦ
106 994 187 1027 ἁγίου
211 993 368 1030 Ἱππολύτου
387 992 535 1030 ἐπισκόπου
561 993 607 1018 καὶ
620 992 766 1030 ,μάρτυρος
783 991 802 1016 ἐς

901 989 1017 1029 Sanctus
1032 988 1192 1030 Hippolytus
1208 991 1352 1030 episcopus
1368 996 1394 1017 et
1409 997 1512 1026 martyr
1525 990 1551 1017 in
1568 990 1648 1018 enar-

83 1030 135 1056 τοῡ
151 1029 233 1063 λόγου
249 1028 295 1055 τοῦ
309 1030 363 1059 εἰς’
385 1038 394 1053 ι
414 1027 513 1063 Κύριος
529 1027 665 1062 ποιμαίνει
682 1036 725 1062 με.
749 1036 757 1051 ι

61 1077 120 1102 Καὶ
137 1075 254 1106 κιϐωτὸς
268 1074 296 1101 δὲ
310 1075 341 1100 ἐκ
356 1073 439 1105 ξύλων
453 1074 581 1109 ἀσήπτων
594 1072 673 1104 αὐτὸς
691 1071 746 1108 ἦνὸ
758 1073 813 1098 Σω-

27 1123 94 1158 τήρ·
115 1122 146 1148 τὸ
160 1122 213 1158 γὰρ
227 1122 346 1156 ἄσηπτον
364 1118 443 1146 αὐτοῦ
467 1120 513 1146 καὶ
530 1119 691 1154 ἀδιάφθορον
716 1119 812 1153 σκῆνος

27 1169 116 1204 ταύτῃ
134 1167 335 1203 κατηγγέλλετο
349 1166 379 1192 τὸ
395 1166 527 1203 μηδεμίαν
552 1165 747 1201 ἁμαρτήματος
768 1172 814 1198 ση-

27 1214 128 1240 πεδόνα
136 1213 238 1247 φύσαν·
247 1213 276 1238 ’0
283 1211 337 1247 γὰρ
350 1213 508 1249 ἁμαρτήσας
519 1211 564 1238 καὶ
573 1209 733 1245 ὲξομολογού
739 1209 816 1245 μενός

26 1267 109 1295 ᾳησιο
119 1258 318 1293 Προσώζεσιιν
330 1259 378 1285 καὶ
394 1258 554 1292 ἐσάπησαν
564 1258 590 1284 οἱ
599 1255 814 1291 μώλωπέςμου,

26 1305 87 1331 ἀπὸ
103 1303 269 1338 προσώπου
283 1303 339 1336 τῆς
352 1303 526 1337 ἀφροσύνης
538 1311 608 1336 μου.
627 1301 656 1327 '0
670 1300 697 1327 δὲ
715 1301 815 1336 Κύριος

28 1351 226 1386 ἀναμάρτητος
244 1347 289 1384 ἦν,
311 1351 342 1376 ἐκ
361 1348 415 1375 τῶν
436 1349 565 1383 ἀσήπτων
589 1346 674 1379 ξύλων
697 1346 727 1372 τὸ
746 1345 815 1372 κατὰ

27 1396 182 1432 ἄνθρωπον,
200 1396 338 1422 τουτέστιν
354 1396 386 1421 ἐκ
399 1395 448 1429 τῆς
464 1393 598 1430 Παρθένου
614 1393 660 1420 καὶ
673 1392 720 1419 τοῦ
736 1391 813 1425 ἁγίου

27 1443 188 1478 Πνεῦματος
211 1442 321 1475 ἑσωοεν,
336 1441 382 1468 καὶ
397 1440 495 1474 ἔξωθεν
510 1440 557 1467 τοῦ
571 1440 650 1474 λόγου
669 1439 716 1466 τοῦ
734 1437 813 1470 Θεοῦ,

26 1483 70 1512 οἷα
87 1486 277 1522 καθαρωτάτῳ
291 1486 394 1522 χρυσίῳ
411 1483 690 1521 περικεκαλυμμένος.

938 1025 1041 1051 ratione
1058 1025 1165 1058 psalmi,
1187 1034 1195 1049 ι
1209 1024 1338 1052 Dominus
1354 1031 1445 1060 pastor
1462 1024 1547 1053 nieus.
1569 1036 1578 1052 ι

901 1069 972 1097 Area
990 1070 1151 1097 concinnata
1165 1078 1197 1097 ex
1213 1071 1294 1106 lignis
1318 1078 1372 1098 non
1389 1071 1515 1098 obnoxiis
1532 1072 1650 1106 putrefa-

865 1115 949 1142 ctioni
963 1120 1021 1142 erat
1040 1116 1097 1150 ipse
1113 1115 1245 1143 Salvator.
1265 1116 1370 1143 Etenim
1386 1116 1437 1143 hac
1449 1117 1651 1151 signiﬁcabatur

867 1161 1070 1188 tabernaculum
1107 1161 1192 1196 ipsius
1222 1170 1276 1188 non
1304 1162 1423 1189 sentiens
1450 1163 1568 1195 cariem,
1601 1168 1650 1190 aut

867 1207 1078 1242 corruptionem,
1095 1207 1147 1234 hoc
1168 1212 1219 1239 est,
1239 1208 1339 1234 nullam
1357 1208 1459 1242 peccati
1478 1209 1648 1243 putredinem

866 1253 989 1287 gignens.
1013 1251 1081 1279 Nam
1105 1258 1231 1287 peccator
1254 1253 1325 1280 hanc
1349 1253 1403 1280 edit
1429 1254 1647 1281 conlessioucm:

866 1297 1029 1324 Pulruerunt
1056 1302 1081 1324 et.
1102 1303 1225 1332 corrupta
1248 1303 1309 1325 sunt
1333 1298 1440 1326 vulnera
1463 1306 1520 1325 mea
1544 1304 1649 1334 propter

864 1344 1042 1378 insipientium
1057 1352 1140 1371 meum
1152 1345 1183 1370 ³¹.
1199 1344 1330 1371 Dominus
1344 1353 1408 1372 vero
1423 1345 1526 1379 peccati
1540 1353 1647 1380 expers,

866 1394 893 1417 ct
907 1397 940 1417 ex
955 1390 1036 1425 lignis
1063 1390 1230 1417 immunibus
1249 1398 1263 1417 a
1280 1390 1475 1425 putrefactione
1500 1391 1648 1418 secundum

868 1436 1015 1469 hominem,
1032 1436 1083 1463 hoc
1099 1441 1149 1468 est,
1164 1444 1196 1462 ex
1215 1435 1323 1470 Virgine
1339 1440 1366 1463 ct
1379 1435 1479 1471 Spiritu
1497 1441 1592 1463 sancto
1607 1436 1650 1463 in-

867 1485 921 1513 tus,
940 1486 966 1507 et
986 1481 1051 1508 foris
1074 1481 1155 1507 verbo
1172 1481 1233 1513 Dei,
1252 1481 1330 1515 quasi
1354 1480 1472 1516 quodam
1501 1480 1650 1515 purissima

868 1533 935 1552 auro
953 1532 1063 1560 opertus
1080 1525 1140 1552 fuit.

679 1629 714 1658 In
738 1629 893 1667 psalmum
922 1630 1040 1660 XXIII.

759 1693 833 1721 Idem
855 1695 920 1721 ibid.

56 1753 116 1780 ’Τοῦ
129 1752 214 1779 αὑτοῦ
227 1752 258 1779 ἐκ
271 1751 317 1778 τοῦ
333 1751 411 1786 λόγου
424 1751 469 1778 τοῦ
485 1753 524 1784 εἰς
536 1752 581 1778 τὸν
597 1756 641 1786 κγ’
662 1751 777 1787 ψαλμὸν.

63 1799 195 1834 Ἔρχεται
212 1798 258 1824 ἐπὶ
275 1798 323 1829 τὰς
342 1797 469 1833 οὐρανίας
491 1797 593 1830 πύλας,
611 1797 719 1832 ἄγγελοι
740 1798 813 1834 αὐτῷ

26 1844 216 1876 συνοδεύουσι,
237 1844 284 1870 καὶ
301 1843 489 1878 χεκλεισμέναι
513 1843 580 1870 εἰσὶν
604 1844 630 1869 αἱ
654 1843 736 1870 πύλαι
758 1844 812 1870 τῶν

23 1891 160 1926 οὐρανῶν.
194 1890 306 1917 οὐδέπω
329 1889 383 1926 γὰρ
413 1889 579 1924 ἀναϐέϐηκεν
606 1890 644 1921 εἰς
671 1889 811 1925 οὐρανούς.

25 1938 140 1973 Πρῶτος
160 1937 209 1964 νῦν
229 1936 352 1970 φαίνεται
372 1937 432 1967 ταῖς
451 1935 580 1970 δυνάμεσι
600 1936 660 1967 ταῖς
675 1935 813 1970 οὐρανίαις

26 1983 97 2020 σὰρξ
115 1982 308 2010 ἀναϐαίνουσα.
326 1981 441 2015 Λέγεται
456 1979 501 2007 οἷν
518 1983 577 2012 ταῖς
596 1981 741 2016 δυνάμεσιν
759 1981 811 2007 ὑπὸ

23 2031 79 2056 τῶν
102 2029 227 2063 ἀγγέλων
245 2028 298 2055 τῶν
319 2028 521 2064 προτρεχόντων
542 2028 587 2054 τὸν
610 2028 739 2062 Σωτῆρα,
764 2027 810 2053 καὶ

24 2076 142 2111 Κύριον·
171 2075 275 2109 Ἄρατε
293 2075 401 2106 πύλας,
427 2075 454 2100 οἱ
470 2074 622 2107 ἄρχοντες,
642 2073 735 2108 ὑμῶν,
759 2074 808 2100 καὶ

24 2121 183 2155 ἐπάρθητε,
196 2120 288 2146 πύλαι
298 2118 417 2150 αὶώνιοι,
432 2118 480 2145 καὶ
493 2119 696 2145 εἰσελεύσεται
720 2120 736 2144 ὁ
754 2120 810 2144 Bu-

24 2167 131 2200 σιλεὺς
151 2166 208 2200 τῆς
230 2165 332 2199 δόξης-

908 1753 980 1781 Idem
999 1754 1025 1781 in
1043 1754 1214 1781 enarratione
1231 1753 1327 1788 psalmi
1342 1760 1420 1781 χχιιι.

900 1799 979 1827 Venit
996 1801 1028 1827 ad
1044 1800 1168 1827 caalcstes
1182 1805 1276 1834 portas
1289 1801 1391 1835 angelis
1408 1801 1494 1835 ipsum
1513 1801 1645 1827 comitan-‘

863 1845 945 1878 tibus,
968 1850 994 1873 et
1017 1846 1116 1874 clausa:
1140 1851 1217 1872 erant
1239 1850 1323 1880 portu:
1350 1846 1491 1874 caelorum.
1518 1845 1643 1873 Nondum

863 1892 934 1918 enim
959 1891 985 1918 in
1013 1892 1110 1919 coelum
1127 1893 1294 1924 ascenderat,
1314 1893 1359 1920 sed
1381 1898 1444 1919 tunc
1463 1893 1579 1927 primum
1597 1900 1645 1927 ap-

863 1938 954 1972 paruit
988 1938 1167 1972 potestatibus
1202 1939 1359 1966 cmleslibus
1390 1945 1453 1965 caro
1483 1939 1642 1965 usu-ridens.

862 1981 965 2010 Dicitur
978 1990 1042 2017 ergo
1055 1983 1232 2017 potestatibus
1248 1985 1282 2010 ab
1294 1984 1407 2018 angelis,
1422 1984 1468 2018 qui
1484 1988 1562 2011 erant
1575 1990 1644 2019 pra:-

861 2035 986 2055 cursores
1002 2027 1149 2055 Salvatoris
1166 2033 1192 2056 et
1205 2028 1310 2056 Domini
1326 2038 1332 2056 :
1347 2029 1441 2056 Tollite
1455 2035 1556 2064 portas,
1568 2030 1643 2062 prin-

861 2075 940 2108 cipes,
959 2079 1068 2106 vestras,
1088 2079 1111 2100 et
1127 2075 1274 2107 clevumini,
1295 2081 1377 2110 portw
1397 2076 1544 2109 a'lemales,
1563 2083 1587 2103 et
1603 2077 1644 2102 in—

861 2121 949 2147 troibit
960 2121 1015 2148 Rea:
1026 2121 1117 2156 gloriw
1130 2121 1162 2147 ³³.

690 2281 725 2311 In
744 2280 902 2319 psalmum
928 2279 1008 2310 CIX.

585 2344 658 2372 Idem
672 2344 844 2373 Theodorilus
856 2345 961 2379 dialogo
977 2343 1101 2370 secundo.

65 2395 114 2422 Τοῦ
129 2394 212 2422 αὑτοῦ
228 2396 260 2422 ἐκ
273 2393 318 2421 τοῦ
333 2393 412 2429 λόγου
424 2394 463 2425 είς
478 2392 527 2428 τὴν
541 2392 611 2429 ᾠδὴν
625 2393 755 2429 μεγάλην.

68 2441 95 2468 '0
108 2442 152 2468 τὸν
163 2439 321 2468 ἀπολωλότα
334 2440 364 2466 ἐκ
375 2440 429 2476 γῆς,
437 2439 645 2474 πρωτόπλαστον
656 2439 807 2475 ἄνθρωπον,

28 2488 74 2513 καὶ
88 2489 116 2514 ὲν
130 2488 241 2522 δεσμοῖς
258 2486 371 2513 θανάτου
388 2484 582 2521 κρατούμενον,
598 2485 626 2517 ἐξ
643 2485 704 2520 ᾅδου
722 2494 809 2512 κατω-

25 2534 106 2560 timo
128 2533 257 2564 ἐλκύσας⁴
276 2533 292 2558 ὁ
311 2531 412 2558 ἄνωθεν
433 2529 583 2562 κατελθὼν,
607 2530 714 2557 καὶτὸν
734 2531 807 2558 κάτω

26 2581 66 2611 εἰς
80 2580 115 2606 τὰ
127 2580 183 2607 ἄνω
203 2577 367 2612 ἀνενέγκας·
387 2578 401 2603 ὁ
411 2576 464 2602 τῶν
482 2575 587 2611 νεκρῶν
603 2576 806 2611 εὺαγγελιστὴς,

25 2626 73 2652 καὶ
85 2626 138 2652 τῶν
149 2624 243 2660 ψυχῶν
256 2623 407 2658 λυτρωτὴς,
421 2623 467 2649 καὶ
482 2622 628 2652 ἀνάστασις
637 2621 691 2648 τῶν
705 2620 807 2655 τεθαμ-

29 2672 114 2706 μένων
127 2672 268 2706 γινόμενος
278 2666 365 2700 οὗτοςι
380 2667 413 2704 ἦν
428 2669 443 2695 ὁ
454 2668 500 2694 τοῦ
512 2667 687 2703 νενικημένου
705 2666 807 2702 ἀνθρώ-

26 2725 78 2744 που
99 2717 278 2753 γεγενημένος
307 2714 403 2750 βοηθὸς
426 2715 485 2741 κατ’
511 2714 592 2741 αὑτὸν
622 2714 713 2749 ὅμοιος
732 2712 806 2747 αὐτῷ

64 2799 84 2816 ⁸³
96 2799 163 2828 Psal.
180 2806 296 2831 xxxvnt,
313 2798 340 2824 5.
378 2797 398 2812 "
411 2796 480 2824 Psal.
498 2803 570 2830 xxtv,
588 2795 612 2823 7.

968 2391 1040 2419 Idem
1058 2392 1084 2418 in
1100 2391 1230 2418 concione
1248 2390 1282 2417 de
1300 2397 1398 2426 magno
1413 2389 1530 2418 cantico.

893 2438 943 2471 Qui
975 2438 1109 2472 perditum
1136 2436 1273 2463 hominem
1302 2443 1335 2462 ex
1353 2440 1424 2462 terra
1449 2435 1593 2462 formatum
1614 2439 1641 2463 et

857 2483 975 2510 vinculis
993 2482 1088 2510 mortis
1110 2482 1276 2516 implicatum
1297 2489 1330 2508 ex
1351 2481 1444 2508 inlimo
1464 2481 1569 2508 inferno
1585 2482 1640 2509 eri-

858 2530 926 2563 puit,
944 2535 971 2556 et
985 2529 1101 2562 desuper
1124 2527 1235 2554 vrnicns
1261 2527 1288 2554 in
1306 2527 1422 2554 sublime
1448 2526 1544 2554 extulit
1565 2526 1639 2553 humi

856 2576 1002 2610 iacentem,
1028 2575 1116 2602 factus
1139 2578 1308 2601 mortuorum
1334 2572 1509 2607 evangelista,
1531 2576 1558 2599 et
1581 2572 1639 2598 ani-

858 2630 963 2649 marum
980 2621 1144 2655 redemptor,
1159 2624 1185 2646 et
1200 2618 1365 2646 resurrectio
1387 2619 1571 2652 sepultorum;
1593 2617 1639 2645 hic

861 2667 932 2694 victo
949 2665 1050 2693 homini
1071 2673 1150 2700 opem
1168 2665 1238 2698 tulit,
1250 2663 1337 2691 factus
1352 2663 1377 2690 ci
1393 2663 1490 2690 similis
1505 2663 1638 2698 primoge-

860 2713 931 2741 nitus
944 2711 1046 2745 Λόγος,
1074 2711 1192 2745 primum
1216 2715 1354 2745 parentem
1377 2710 1463 2738 Adam
1487 2710 1514 2738 in
1534 2709 1637 2744 virgine
