1860 3051
217 82 268 110 6H

636 81 666 108 ‘S.
685 78 866 108 IIIPPOLYTI
885 78 960 108 OPP.
980 80 1070 108 PARS
1089 79 1110 109 l.
1129 94 1163 101 —
1182 79 1387 112 EXEGETICA.

1777 82 1825 112 61!

216 142 342 174 visitans,
360 142 508 177 spiritualis
529 146 665 168 terrenum
685 141 712 168 in
732 142 843 169 matrice
857 149 992 176 quarens,
1007 143 1029 172 Α

1079 140 1215 171 νωτότοκος
1229 140 1329 174 Λόγος,
1351 140 1397 166 τὸν
1417 140 1626 175 πρωτόπλαστον
1644 140 1730 176 Ἀδὰμ
1749 142 1778 168 ἐν
1796 142 1826 176 τῇ

218 195 326 222 semper
339 187 430 214 vivens
460 194 507 221 per
526 185 735 212 inobedientiam
752 191 900 217 mortuum,
918 185 999 212 crete-

219 233 269 260 stis
284 237 435 259 terrestrem
449 232 481 258 ad
497 232 634 265 superiora
650 239 761 263 vocans,
776 231 874 258 nobilis
890 238 997 258 servum

219 287 267 315 per
279 279 412 314 propriam
430 277 609 305 obedientiam
636 278 760 304 libertate
776 277 877 304 donare
893 277 997 310 volens,

219 325 264 359 qui
285 325 310 351 in
327 329 422 350 terram
440 323 586 350 resolutum
602 323 736 350 hominem
755 327 781 350 et
793 323 920 357 pabulum
942 331 998 350 ser-

218 371 305 405 pentis
322 369 420 397 factum
431 389 438 402 ,
461 369 487 396 in
504 363 677 396 adamantem
697 375 859 396 convertens
873 369 954 403 idque
970 369 997 395 in

217 415 290 449 ligno
305 415 474 449 pendentem,
492 414 635 441 Dominum
654 414 783 441 adversus
802 414 931 441 victorem
948 414 997 441 de—

217 460 328 486 claravit
347 464 428 494 atque
444 459 480 486 ita
497 467 546 494 per
562 459 664 493 lignum
677 459 765 486 victor
780 459 926 486 invenitur.

1049 186 1176 222 παρθένῳ
1192 186 1436 221 ἐπισκεπτόμενος,
1455 187 1470 212 ὁ
1484 187 1666 222 πνευματικὸς
1680 187 1726 214 τὸν
1743 188 1828 222 χοῖκᾶ)

1047 232 1077 258 ὲν
1094 233 1126 267 τῇ
1144 232 1235 267 μήτρᾳ.
1261 231 1405 266 ἐπιζητῶν,
1419 232 1433 257 ὁ
1447 231 1491 258 ἀεὶ
1505 231 1558 264 ζῶν
1572 232 1618 258 τὸν
1632 232 1675 259 διὰ
1691 234 1827 268 παρακοῆς

1048 275 1238 304 ἀποθανόντα-
1267 278 1281 303 ὁ
1296 277 1419 312 οὐράνιος
1442 277 1487 303 τὸν
1513 277 1632 311 ἐπίγειον
1653 278 1693 309 είς
1717 278 1754 305 τὰ
1777 278 1828 304 ἄγω

1051 323 1141 350 καλῶν
1152 331 1158 338 ·
1177 323 1191 349 ὁ
1213 323 1324 358 εὐγενὴς
1341 323 1385 349 τὺν
1400 322 1491 350 δοῦλον
1508 323 1552 350 διὰ
1567 324 1614 358 τῆς
1631 323 1698 355 ιδίας
1709 324 1829 358 ὑπακοῆς

1051 369 1191 404 ἐλεύθερον
1205 369 1343 401 ἀποδεῖξαι
1361 369 1456 396 θέλων·
1474 370 1488 395 ὁ
1510 369 1556 396 τὸν
1570 370 1610 400 εἰς
1633 370 1684 405 γῆν
1703 370 1828 405 λυόμενον

1047 415 1188 451 ἄνθρωπον
1210 415 1256 441 καὶ
1272 415 1368 450 βρῶμα
1389 415 1476 449 ὄφεως
1491 416 1684 451 γεγενημένον,
1704 417 1747 448 είς
1769 417 1829 443 ἀ.δά-

1049 468 1137 495 μαντα
1160 459 1277 494 τρέψας,
1300 460 1346 486 καὶ
1365 459 1443 486 τοῦτο
1468 460 1513 486 ἐπὶ
1539 459 1617 493 ξύλου
1633 461 1829 496 κρεμασθέντα,

216 505 317 541 Κύριον
339 506 409 532 κατὰ
433 504 479 531 τοῦ
505 505 675 539 νενικηκότος
701 504 854 539 ἀποδείξας,
871 505 918 531 καὶ
945 505 989 531 διὰ
999 504 1076 531 τοῦτο
1090 505 1134 532 διὰ
1146 505 1235 538 ξύλου,
1252 506 1397 541 νικηφόρος
1415 506 1580 541 εὑρίσκεται·

409 552 481 580 Idem
495 553 521 579 in
537 553 630 579 eadem
645 552 793 580 concione:

253 597 305 631 Qui
328 597 426 625 Filium
450 597 497 625 Dei
522 598 548 625 in
573 606 656 625 carne
676 607 748 626 nunc
766 606 820 625 non
836 603 997 634 agnoscunt,

216 646 362 677 agnoscent
388 643 476 677 ipsum
506 643 624 677 judicem
651 643 677 670 in
702 643 787 678 gloria
810 645 996 676 constitutum,

215 695 297 723 quem
313 692 390 715 antea
401 688 428 714 in
439 695 552 722 corpore
567 688 661 715 humili
673 689 823 722 petulanter
839 693 995 716 tractarant.

424 733 495 762 idem
513 734 539 761 in
555 735 648 761 eadem
662 734 810 764 concione:

251 778 356 806 Etenim
373 781 488 815 apostoli
504 789 565 808 cum
581 781 721 809 venissent
737 780 770 807 ad
788 786 993 809 monumentum

1213 553 1264 579 Τοῦ
1279 553 1361 580 αὐτοῦ
1378 554 1410 579 ἐκ
1425 553 1471 578 τοῦ
1484 552 1564 579 αὑτοῦ
1578 553 1671 587 λόγου·

1085 598 1116 624 Οἱ
1131 598 1185 634 γὰρ
1199 598 1244 625 τὸν
1256 599 1318 625 Υἱὺν
1338 597 1384 624 τοῦ
1396 598 1462 624 Θεοῦ
1482 598 1611 634 ἑνσαρκον
1627 598 1675 625 νῦν
1690 598 1727 633 μὴ
1747 599 1830 632 ἐπιγιμ

1049 643 1198 675 νώσκοντες
1208 664 1216 674 ,
1236 643 1430 678 ὲπιγνώσονται
1451 644 1531 670 αὑτὸν
1551 643 1646 679 κριτὴν
1660 645 1689 670 ὲν
1702 643 1766 680 δόξῃ
1780 652 1830 671 πα-

1050 689 1225 724 ραγινόμενον
1245 689 1291 715 τὸν
1311 689 1358 715 νῦν
1379 689 1408 715 ὲν
1422 688 1507 723 ἀδόξῳ
1523 688 1626 723 σώματι
1645 688 1828 724 ὑϐριζόμενον.

1215 734 1267 761 Τοῦ
1281 734 1362 761 αὑτοῦ
1376 736 1408 761 ὲκ
1419 734 1464 760 τοῦ
1478 733 1558 760 αὑτοῦ
1575 734 1666 768 λόγου·

1082 781 1137 806 Καὶ
1158 780 1212 816 γὰρ
1227 781 1251 806 οἱ
1261 780 1402 807 ἀπόστολοι
1419 779 1539 811 ἐλθόντες
1553 780 1592 811 είς
1606 780 1636 806 τὸ
1652 781 1783 815 μνημεῖον
1798 781 1828 815 τῇ

216 824 260 852 dic
273 825 364 858 tertio,
375 834 430 853 non
439 826 600 854 invenerunt
614 835 713 863 corpus
726 828 800 862 Jesu,
817 828 994 863 quemadmo-

1079 826 1138 862 ιέρᾳ
1158 828 1191 862 τῇ
1208 827 1284 862 τρίτῃ
1295 847 1302 859 ,
1320 827 1369 862 οὺχ
1386 826 1511 863 εὕρισκον
1525 827 1556 854 τὸ
1575 827 1655 862 σῶμα
1667 826 1715 853 τοῦ
1731 826 1826 861 Ἰησοῦ·

217 870 282 897 dum
307 870 355 898 ﬁlii
379 870 461 899 Israel
488 873 640 907 sepulcrum
658 873 742 910 Moysi
770 874 947 901 ascendentes
968 873 994 900 in

1091 873 1189 908 τρόπον
1198 874 1222 899 οἱ
1231 873 1284 899 υἱοὶ
1294 873 1340 899 τοῦ
1348 872 1456 909 Ἰσραὴλ
1470 873 1518 908 τὴν
1533 873 1621 908 ταφὴν
1636 873 1685 899 τοῦ
1697 873 1829 904 Μωῦσέως

216 919 336 943 montem
353 917 579 955 qumiverunt,et
595 927 647 946 non
663 909 833 948 invenerunt.
1013 909 1029 937 Π

1079 918 1197 950 ιαϐάντες
1210 918 1238 945 ἐν
1251 918 1289 953 τῷ
1301 918 1359 953 ὅρει
1376 917 1498 954 ἐζήτουν,
1515 918 1560 944 καὶ
1578 918 1628 953 οὐχ
1642 917 1779 953 εὕρισκον.

837 1067 872 1098 In
904 1067 1060 1106 psalmum
1076 1067 1233 1097 LXXVI].

493 1124 614 1158 (BANDlNl,
633 1126 739 1160 Catalog.
752 1126 823 1152 mdd.
839 1129 916 1153 Grazc.
936 1126 1044 1153 biblioth.
1060 1107 1361 1158 inditae-Laurentium,
1371 1130 1430 1153 tom.
1441 1128 1461 1159 Ι,
1473 1134 1497 1159 p.
1513 1128 1564 1161 91.)

253 1180 288 1208 45
304 1188 310 1207 :
324 1179 397 1207 Misit
408 1180 435 1206 in
447 1187 488 1206 eos
504 1181 704 1216 cynomyiant,et
718 1182 828 1209 comedit
839 1189 898 1215 eos;
912 1187 935 1208 el
950 1190 997 1208 ra-

218 1231 314 1261 nam,et
330 1226 486 1260 disperdidit
498 1234 552 1253 eos.

253 1314 297 1342 46.
322 1314 356 1341 Ει
380 1315 452 1341 dedit
472 1315 583 1350 wrugini
607 1315 709 1350 fructus
730 1322 820 1341 eorum
844 1319 870 1342 et
897 1314 998 1342 labores

218 1369 307 1388 eorum
318 1361 437 1388 lacunar.

253 1408 298 1435 47.
316 1407 350 1434 Et
367 1408 462 1435 occidit
481 1407 508 1434 in
529 1406 657 1442 grandine
671 1407 758 1434 vineas
774 1415 863 1435 eorum
875 1412 899 1434 et
913 1415 999 1435 morat

217 1463 308 1482 eorum
322 1455 349 1481 in
364 1454 470 1489 pruina.

253 1500 488 1535 Quemadmodum
499 1508 562 1528 vero
575 1507 624 1536 per
635 1501 842 1528 immoderatam
855 1500 944 1527 victus
957 1507 1000 1527 ra-

219 1548 320 1575 tionem
345 1547 464 1574 exitialis
487 1547 598 1581 quidam
622 1551 649 1573 et
671 1547 786 1574 biliosus
804 1546 830 1573 in
849 1546 1000 1573 visceribus

220 1592 372 1620 concrescit
387 1591 497 1624 humor,
517 1599 598 1626 quem
621 1596 680 1618 arte
697 1599 746 1618 sua
765 1591 887 1618 medicus
904 1591 937 1617 ad
954 1599 1001 1617 vo-

220 1638 318 1664 mitum
341 1637 485 1669 eliciendo,
513 1645 567 1664 non
587 1637 609 1664 is
624 1635 744 1671 profecto
768 1637 795 1663 in
812 1643 894 1663 causa
910 1635 999 1668 luerit,

219 1687 251 1710 ut.
266 1683 311 1710 ille
324 1683 469 1710 morbosus
481 1683 507 1709 in
523 1690 635 1717 corpore
648 1682 832 1717 producatur;
845 1690 925 1717 quem
940 1682 1001 1717 qui-

220 1729 282 1757 dem
303 1729 512 1763 intemperantia
528 1729 581 1756 cibi
601 1729 699 1761 eﬂ‘ecit,
723 1729 751 1755 in
772 1733 894 1762 apertum
911 1732 1001 1755 autem

220 1776 315 1804 eduxit
327 1783 372 1803 ars
385 1777 488 1804 medica
503 1777 562 1804 :sie
579 1777 661 1804 etiam
680 1777 804 1811 quamvis
818 1776 924 1804 dicatur
941 1783 1001 1803 mo-

1084 1179 1135 1214 με’.
1162 1180 1390 1212 Ἐξαπέστειλεν
1402 1181 1445 1213 είς
1463 1181 1571 1214 αὐτοὺς
1586 1182 1764 1216 κυνόμυιαν,
1786 1182 1832 1210 καὶ

1048 1224 1215 1260 κατέφαγεν
1231 1227 1349 1260 αὐτοὺς,
1363 1227 1412 1253 καὶ
1425 1226 1589 1263 βάτραχον,
1606 1228 1657 1254 καὶ
1671 1226 1832 1264 διέφθειρεν

1049 1273 1170 1305 αὐτούς.

1085 1318 1144 1354 pg’.
1163 1318 1217 1347 Kal
1231 1318 1323 1346 ἔδωκε
1345 1319 1383 1354 τῇ
1406 1319 1529 1354 ἑρυσίϐῃ
1546 1319 1616 1354 τοὺς
1631 1321 1769 1355 καρποὺς
1785 1323 1832 1348 αύ-

1048 1365 1116 1397 τῶν,
1132 1365 1180 1391 καὶ
1194 1364 1264 1397 τοὺς
1275 1365 1387 1398 πόνους
1399 1365 1498 1393 αὐτῶν
1511 1365 1547 1400 τῇ
1563 1366 1672 1401 ἀκρίδι.

1087 1410 1140 1447 μζ.
1168 1410 1349 1437 Ἀπέκτεινεν
1366 1411 1401 1438 ἐν
1421 1410 1533 1445 χαλάζῃ
1550 1411 1606 1446 τὴν
1623 1413 1763 1447 ἄμπελον
1783 1414 1833 1440 αἱ·-

1050 1456 1118 1487 τῶν,
1135 1456 1182 1483 καὶ
1197 1456 1249 1488 τὰς
1267 1456 1453 1490 συκαμίνους
1465 1457 1564 1483 αὐτῶν
1575 1456 1609 1483 ἐν
1621 1456 1658 1491 τῇ
1670 1458 1784 1494 πάχνη.

1084 1500 1190 1537 Ὥσπερ
1204 1501 1232 1527 δὲ
1246 1500 1288 1527 διὰ
1301 1501 1349 1536 τῆς
1364 1501 1546 1537 ἀτακτοτέρας
1558 1501 1662 1538 διαίτης
1676 1503 1835 1538 φθοροποιιξ

1050 1556 1091 1579 τις
1104 1547 1189 1583 χυμὸς
1199 1547 1246 1573 καὶ
1256 1546 1373 1583 χολώδης
1387 1548 1415 1574 ὲν
1428 1549 1483 1579 τοῖς
1494 1547 1655 1583 σπλάγχνοις
1667 1550 1834 1580 συνίσταται,

1051 1594 1079 1620 ὃν
1097 1594 1112 1620 ὁ
1131 1593 1220 1628 ίατρὺς
1239 1593 1282 1620 διὰ
1303 1594 1352 1628 τῆς
1369 1593 1465 1629 τέχνης
1482 1594 1522 1625 εις
1538 1594 1633 1629 ἔμετον
1646 1595 1836 1631 ἐφελκόμενος,

1051 1639 1101 1666 οὐκ
1118 1638 1150 1665 ἂν
1162 1639 1190 1664 ὲν
1203 1638 1276 1673 αἰτίᾳ
1289 1638 1393 1672 γένοιτο
1411 1639 1458 1665 τοῦ
1475 1639 1558 1666 αὐτοῦ
1570 1641 1720 1676 ἐμποιῆσαι
1736 1642 1776 1677 τῷ
1790 1642 1838 1668 σώ-

1053 1695 1117 1721 ματι
1128 1685 1173 1712 τὸν
1189 1685 1292 1720 νοσώδη
1307 1685 1403 1720 χυμὸν,
1417 1685 1474 1712 ἀλλ’
1484 1686 1594 1721 ἐποίησε
1608 1686 1658 1722 μὲν
1674 1688 1725 1722 τῆς
1736 1690 1837 1724 τροφῆς

1051 1732 1158 1765 ἀταξία,
1168 1733 1208 1764 είς
1216 1732 1244 1758 δὲ
1255 1732 1284 1758 τὸ
1295 1732 1413 1767 ἐμφανὲς
1422 1731 1523 1767 ἤγαγεν
1535 1733 1551 1767 ἡ
1564 1733 1672 1768 ἰατρικὴ
1686 1734 1786 1769 ὲπιστή
1792 1743 1836 1769 μη.

1051 1778 1144 1810 Οὕτως
1159 1779 1209 1805 κᾶν
1224 1778 1302 1814 παρὰ
1315 1777 1381 1804 Θεοῦ
1396 1778 1518 1812 γίνεσθαι
1532 1777 1641 1813 λέγηται
1661 1780 1719 1810 τοῖς
1737 1780 1838 1814 μοχῡηο

221 1824 316 1851 lestam
332 1823 555 1856 vindicationem,
571 1831 625 1859 qua
636 1823 789 1858 plectuntur
803 1823 849 1858 qui
862 1823 1000 1851 voluntate
1014 1830 1029 1858 ε

1079 1826 1108 1857 Et;
1118 1825 1166 1861 τὴν
1181 1825 1338 1860 προαίρεσιν
1366 1824 1383 1860 ἡ
1398 1824 1507 1860 ἀλγεινὴ
1523 1824 1710 1856 ἀνταπόδοσις,
1729 1825 1837 1859 εὔλογον

221 1875 285 1898 sunt
299 1870 430 1905 perversi,
442 1877 457 1897 a
473 1870 528 1897 Deo
542 1877 618 1903 esse;
637 1870 736 1897 rationi
751 1869 844 1904 utique
856 1875 1001 1897 consenta-

222 1924 302 1943 neum
321 1915 401 1948 foret,
417 1924 450 1943 ex
465 1916 544 1943 nobis
557 1915 706 1951 ipsisinitia
717 1920 837 1950 repetere
853 1920 879 1943 et
892 1924 1000 1948 causas,

221 1963 377 1997 huiusmodi
401 1963 471 1990 mala
494 1962 651 1998 recipiendi.
675 1961 726 1995 Qui
749 1963 820 1989 enim
842 1962 901 1990 sine
923 1963 1002 1997 culpa

221 2008 329 2041 vixerit,
352 2015 407 2036 non
430 2009 469 2036 illi
494 2008 611 2036 tenebrat
634 2012 708 2040 sunt,
736 2016 789 2035 non
811 2008 921 2039 vermis,
947 2015 1001 2034 non

221 2055 356 2091 gehenna,
374 2063 429 2083 non
447 2055 529 2090 ignis.
555 2062 608 2082 non
631 2055 703 2082 aliud
729 2055 877 2089 quidquam
894 2054 1003 2081 terribi-

221 2102 287 2129 lium
314 2110 406 2130 rerum
430 2107 457 2129 et.
477 2109 643 2136 poenarum:
670 2100 888 2135 quemadmodun
916 2107 1003 2136 neque

221 2148 342 2177 Hebrzeis
365 2148 528 2175 detrimento
551 2146 663 2174 fuerunt
680 2145 812 2181 [Egyptiaa
832 2146 928 2181 plagze,
948 2153 1002 2172 non

223 2194 320 2222 minuti
345 2194 383 2221 illi
410 2192 547 2227 sciniphes
573 2191 660 2218 inviso
687 2198 779 2218 morsu
795 2191 916 2218 dolorem
933 2189 1002 2217 infe<

223 2244 323 2273 rentes,
341 2247 395 2266 non
412 2237 553 2274 cynomyia
580 2236 717 2263 mordicus
735 2236 829 2263 aculeo
842 2236 940 2263 acerbo
954 2235 1002 2262 ad-

224 2287 387 2317 haerescens,
404 2292 457 2311 non
476 2290 592 2317 superne
606 2282 763 2316 ingruentes
779 2281 918 2316 grandinis
933 2281 1004 2316 lapi-

223 2332 304 2360 dibus
318 2331 454 2366 procella,
482 2338 535 2357 non
555 2337 619 2356 arva
639 2328 752 2356 locustis
774 2328 928 2362 absumpta,
949 2335 1002 2355 non

224 2378 329 2405 obsitus
358 2377 477 2403 tenebris
505 2383 566 2408 aer,
593 2379 744 2409 ceteraque
776 2374 942 2408 huiusmodi.
974 2372 1004 2400 In

225 2428 351 2460 promptu
376 2427 466 2450 autem
492 2421 547 2449 Deo
576 2426 617 2448 est
644 2421 767 2448 excolere
794 2427 884 2447 veram
910 2420 1004 2452 vitem,

225 2470 380 2506 Egyptiam
405 2477 469 2496 vero
487 2468 609 2503 perdere,
631 2475 692 2495 cum
718 2467 771 2494 illis
793 2466 876 2494 etiam
898 2470 1002 2501 parcat,

225 2517 271 2552 qui
289 2516 428 2543 συνηθείατὶ
451 2519 510 2541 sunt
522 2522 599 2541 uuam
614 2513 694 2548 fellis,
713 2518 739 2539 et
757 2512 865 2540 bibituri
881 2520 1004 2540 venenum

227 2563 347 2597 aspidum
385 2561 531 2589 insanabile
562 2561 594 2588 ³⁵.
637 2560 784 2588 Subruitur
822 2559 901 2594 plane
939 2560 1006 2586 licus

226 2608 365 2643 Egyptia,
380 2615 433 2634 non
449 2611 538 2635 autem
559 2607 603 2634 illa
618 2614 699 2641 quam
714 2606 861 2634 Zacchaaus
873 2612 1004 2633 conscen-

227 2655 276 2685 dit,
293 2659 322 2681 ut
334 2654 477 2681 Dominum
497 2662 585 2681 meum
604 2653 703 2680 intueri
720 2653 807 2687 possit
821 2662 828 2680 -.
845 2651 1006 2686 fructusque

227 2700 334 2736 Egypti
355 2706 574 2735 corrumpuntur,
595 2708 675 2735 opera
689 2699 819 2726 nimirum
832 2698 937 2731 carnis;
951 2705 1006 2726 non

226 2752 315 2775 autem
334 2747 432 2782 fructus
446 2747 573 2782 Spiritus,
586 2746 712 2778 Charitas,
730 2745 968 2781 gaudium,pax”.

263 2807 286 2823 ³⁵
301 2807 406 2836 Deuter.
420 2815 506 2842 xxxii,
521 2808 565 2835 '55.
580 2807 626 2846 J”
638 2806 696 2835 Gal.
710 2814 737 2840 v,
752 2806 796 2834 22.

1051 1870 1084 1897 ἂν
1096 1870 1138 1906 εἴη
1150 1869 1265 1906 ὲξήμῶν
1279 1870 1368 1897 αὐτῶν
1382 1871 1451 1897 νοεῖν
1464 1870 1513 1901 τὰς
1526 1870 1612 1906 ἀρχὰς
1627 1871 1674 1896 καὶ
1684 1870 1736 1902 τὰς
1751 1871 1837 1902 αἰτίας

1052 1915 1086 1942 τὰ
1105 1914 1217 1942 τοιαῦτα
1237 1914 1388 1950 λαμϐάνειν
1408 1915 1491 1950 πάθη.
1513 1915 1558 1950 Τῷ
1571 1915 1625 1951 γὰρ
1638 1915 1838 1952 ἀναμαρτήτοις

1054 1960 1194 1995 βεϐιωκότι
1207 1960 1237 1986 οὐ
1254 1961 1348 1992 σκότος
1362 1961 1444 1993 ἐστὶν,
1461 1960 1490 1986 οὺ
1505 1959 1621 1994 σκώληξ,
1638 1960 1669 1987 οὐ
1685 1961 1795 1995 γέεννα.
1810 1965 1838 1989 οὐ

1053 2006 1118 2042 πῦρ,
1141 2007 1191 2033 οὐκ
1210 2006 1273 2033 ἄλλο
1295 2015 1321 2033 τι
1345 2005 1399 2033 τῶν
1422 2005 1544 2041 φοϐερῶν
1569 2007 1708 2041 ὀνομάτων
1738 2016 1769 2034 τε
1794 2007 1838 2034 καὶ

1053 2054 1232 2090 πραγμάτων,
1254 2053 1291 2085 ὼς
1314 2053 1374 2079 οὐδὲ
1395 2054 1449 2085 τοῖς
1483 2052 1616 2088 Ἑϐραίοις
1637 2054 1666 2079 αἱ
1691 2054 1838 2088 Αἰγύπτιαι

1053 2100 1165 2134 πληγαὶ,
1180 2100 1204 2126 ol.
1220 2099 1314 2125 λεπτοὶ
1331 2099 1455 2130 σκίνιπες
1471 2100 1576 2131 ἐκεῖνοι,
1591 2100 1615 2125 οἱ
1635 2101 1692 2131 τοῖς
1709 2101 1838 2135 agnem

1054 2146 1213 2180 ἀλγύνοντες
1233 2145 1378 2181 δήγμασιν,
1395 2146 1411 2180 ἡ
1433 2145 1568 2180 ὀδυνηρῶς
1584 2145 1627 2172 διὰ
1643 2145 1689 2172 τοῦ
1703 2146 1838 2182 δήγματκ

1055 2191 1211 2228 ὲμφυομένη
1226 2191 1264 2226 τῷ
1277 2190 1383 2226 σώματι
1411 2191 1553 2226 κυνάμυια,
1569 2191 1593 2217 οἱ
1604 2190 1708 2218 ἄνωθεν
1721 2194 1839 2228 πρηστῆ-

1055 2246 1100 2273 ρες
1115 2239 1171 2268 τοῖς
1183 2237 1231 2272 τῆς
1245 2236 1365 2271 χαλάζης
1373 2236 1457 2268 λίθοις
1467 2236 1746 2270 συγκαταπίπτοντες,
1762 2239 1778 2273 ἡ
1791 2238 1839 2263 ὑπὸ

1055 2283 1107 2309 τῶν
1122 2283 1237 2318 ἀκρίδων
1258 2282 1494 2318 καταφθειρομὲνη
1516 2282 1667 2316 γεωπονία,
1686 2284 1702 2310 ὸ
1719 2284 1839 2318 μελαινό-

1058 2337 1137 2364 μενος
1153 2329 1217 2364 ἀὴρ,
1237 2328 1271 2354 τὰ
1290 2327 1366 2355 ἄλλα.
1384 2328 1530 2363 Πρόκειται
1542 2328 1570 2354 δὲ
1586 2328 1625 2364 τῷ
1635 2329 1697 2364 Θεῷ
1711 2331 1838 2365 γεωργεῖν

1058 2376 1106 2411 μὲν
1119 2375 1168 2410 τὴν
1183 2374 1312 2410 ἀληθινὴν
1335 2373 1465 2410 ἄμπελον,
1486 2374 1644 2401 ἀποκτεῖναι
1656 2374 1686 2401 δὲ
1698 2374 1748 2410 τὴν
1759 2376 1837 2408 Δίγυ-

1057 2421 1136 2449 πτίαν
1145 2421 1294 2456 φειδομένῳ
1303 2420 1360 2447 τῶν
1367 2421 1541 2455 μελλόντων
1554 2420 1669 2447 ἐσθίειν
1680 2420 1837 2455 σταφυλὴν

1057 2467 1152 2502 χολῆς
1162 2467 1210 2494 καὶ
1227 2467 1324 2493 πίνειν
1335 2465 1430 2500 θυμὸν
1444 2465 1580 2493 ἀσπίδων
1600 2466 1735 2494 ἀνίατον.
1758 2467 1837 2492 ’Δναιι

1060 2517 1147 2552 ρεῐται
1161 2516 1189 2542 δὲ
1205 2515 1252 2541 καὶ
1270 2514 1418 2550 συκάμινος
1441 2513 1585 2547 Αἰγυπτία,
1613 2513 1643 2540 οὐ
1673 2514 1728 2549 μὴν
1749 2514 1834 2546 ἐκείνη

1060 2561 1144 2597 ἐφ’ἠν
1157 2560 1295 2588 ἀναϐαίνει
1311 2560 1454 2594 Ζακχαῖος,
1470 2559 1512 2586 ἴνα
1531 2558 1630 2595 δυνηθῇ
1650 2559 1714 2587 ἰδεῖν
1730 2568 1778 2596 μου
1794 2559 1837 2586 τὸν

1059 2608 1170 2644 Κύριον.
1192 2608 1245 2634 Καὶ
1260 2606 1457 2642 διαφθείρονται
1478 2605 1579 2641 καρποὶ
1600 2605 1753 2640 Αἰγύπτιοι,
1771 2605 1836 2642 ἔργα

1061 2653 1170 2689 σαρκὸς,
1183 2653 1212 2679 οὐ
1232 2653 1283 2688 μὴν
1305 2653 1321 2680 ό
1336 2652 1388 2679 τοῦ
1399 2651 1571 2686 Πνεὺματος
1588 2652 1712 2685 καρπὸς,
1727 2651 1833 2686 ἀγάπη,

1059 2700 1144 2734 χαρὰ,
1159 2699 1270 2734 εἰρήνη.
