1860 3051
36 78 89 108 615

618 73 830 106 FRAGMENTA
848 76 882 105 IN
904 74 1071 105 PSALMOS.

1597 76 1647 105 8M

72 139 129 173 μη’.
148 137 202 165 Καὶ
223 137 393 172 παρέδωκεν
406 137 449 170 εις
462 136 593 172 χάλαζαν
607 137 645 163 τὰ
661 136 756 171 κτήνη
768 137 820 164 αὐ-

908 137 951 164 48.
970 136 1004 163 Et
1031 135 1141 163 tradidit
1155 135 1279 171 grandim'
1292 135 1414 171 juntenta
1425 143 1527 170 eorum,
1547 140 1573 163 et
1594 145 1654 171 pos-

36 182 104 215 τῶν,
119 183 169 210 καὶ
180 182 238 217 τὴν
250 183 378 217 ὕπαρξιν
392 182 489 210 αὐτῶν·
505 183 544 215 τῷ
559 183 641 217 :rvpl.

76 229 105 256 '0
125 228 154 255 δὲ
169 228 326 265 Σύμμαχος·
336 229 391 256 Τοῦ
407 229 548 262 ἐκδόντος
561 229 653 263 λοιμῷ
674 228 709 255 τὰ
727 228 821 262 κτήνη

35 277 146 310 αὐτῶν,
175 277 224 304 καὶ
246 277 282 304 τὰ
301 276 434 310 κτήματα
449 275 546 302 αὐτῶν
563 274 687 307 οἰωνοῖς.
709 274 821 310 Ἀθρόαν

34 324 86 360 γὰρ
101 323 241 359 δεξάμενα
254 322 391 357 τελευτὴν,
411 321 483 357 θοίνη
496 321 550 347 τῶν
564 321 736 357 σαρκοϐόρων
751 319 823 355 ὀρνί-

35 371 85 397 θων
106 369 243 404 ἐγένοντο.
266 368 344 395 Κατὰ
357 366 384 394 δὲ
400 368 462 399 τοὺς
480 367 679 402 Ἐϐδομήκοντα
690 366 730 392 ὀὑ
743 364 822 391 τοῦτο

33 417 116 450 λέγει,
134 416 178 442 ὅτι
198 415 251 450 ἰδία
269 415 317 450 μὲν
332 415 348 449 ἡ
365 413 468 449 χάλαζα
488 413 522 440 τὰ
543 413 627 448 κτήνη
645 411 750 446 ἀνῄρει,
769 410 821 445 ἰδίᾳ

33 461 59 487 δὲ
74 461 104 487 τὸ
122 460 191 497 πῦρ,
208 461 256 496 τὴν
274 460 356 496 ἄλλην
370 460 495 496 ὓπαρξιν,
509 459 565 486 ἀλλ’
580 459 620 484 ὅτι
633 456 735 492 χάλαζα
754 455 821 491 μετὰ

32 507 116 542 πυρὸς
139 503 299 543 παραδόξως
321 501 538 541 καταφερομένη,
561 504 613 540 πρὸ
639 502 747 529 πάντων
773 501 821 536 μὲν

32 554 78 588 τὴν
94 552 223 588 ἄμπελον
240 552 392 587 ἀπενέκρου
411 552 458 578 καὶ
477 551 524 582 τὰς
541 549 714 585 συκαμίνους,
730 548 767 580 ὡς
784 547 820 583 μὴ

29 599 187 634 δυναμένας
201 599 268 630 ὅλως
283 599 417 633 ἀντισχεῖν
436 599 468 633 τῇ
489 597 583 632 πρώτῃ
598 595 742 631 προσϐολῇ.
755 592 821 620 Εἶτα

30 645 62 671 τὰ
75 645 168 680 κτήνη
183 645 233 670 ὃσα
244 645 273 670 ὲν
285 645 340 675 τοῖς
353 644 452 675 πεδίοις
468 643 604 678 ἐνέμοντο,
617 641 711 668 ἔπειτα
727 641 756 667 δὲ
772 640 821 666 πᾶ-

31 701 78 719 σαν
98 691 221 726 βοτάνην
235 691 282 717 καὶ
303 691 356 717 πᾶν
372 690 466 724 φυτὸν,
487 689 517 715 τὸ
539 689 567 715 ἐν
586 689 619 723 τῇ
639 687 742 723 χαλάζῃ
765 685 820 722 πῦρ

31 737 211 769 ἐπεὸόσκετο,
230 737 277 764 καὶ
297 734 330 773 ἦν
346 737 376 762 τὸ
387 737 502 771 πρᾶγμα
519 735 669 770 τεράστιον,
689 733 775 768 πυρὸς
791 733 820 758 ἐν

29 784 107 811 ὕδατι
127 783 274 819 τρέχοντος
295 782 343 809 καὶ
361 781 583 817 διαπλεκομένου.
603 780 735 814 Διέτρεχε
754 779 818 813 γὰρ,

31 832 107 868 φησὶ,
123 815 160 857 τὸ
175 815 235 863 ἆορ
255 829 289 856 ἐν
302 828 340 863 τῇ
359 827 481 864 χαλάζῃ·
494 815 531 863 ’ἦν
543 827 571 853 δὲ
583 827 600 862 ἡ
614 826 717 862 χάλαζα
729 825 776 851 καὶ
792 824 822 851 τὸ
837 815 858 842 Β

29 878 84 913 πῦρ
106 876 238 912 φλογίζον
258 877 287 902 ὲν
311 877 343 910 τῇ
364 873 479 911 χαλάζῃ.
505 872 642 908 ’Ὑπαρξιν
665 872 693 898 δὲ
712 871 760 897 εἶτ’
776 869 822 898 οὖν

29 925 147 952 ⁴ιἰλοῦτον
163 923 241 950 καλεί
251 924 265 949 ὸ
292 921 373 948 Δαδὶδ
387 920 421 947 τὰ
433 921 517 956 κτήνη
535 919 581 946 καὶ
595 919 639 946 τὸν
653 917 757 954 καρπὸν
768 917 822 944 τῶν

29 959 132 1005 φυτῶν.
148 969 212 1005 Χρὴ
228 968 255 995 δὲ
268 967 410 1002 γινώσκειν
428 966 480 997 ὅτι,
500 966 524 992 εί
544 965 591 991 καὶ
605 965 693 990 πᾶσαν
709 963 823 998 βοτάνην

29 1017 76 1043 καὶ
96 1017 155 1043 πᾶν
175 1014 252 1047 ξύλον
273 1015 289 1049 ἡ
308 1012 411 1048 χάλαζα
426 1011 579 1047 διαφθεῖραι
601 1010 750 1045 ἱστόρηται,
765 1009 822 1035 ἀλλ’

28 1061 73 1090 οὖν
87 1061 256 1088 ὑπελείπετό
273 1068 333 1086 τινα
346 1059 364 1086 ἃ
376 1059 445 1094 μετὰ
457 1058 504 1093 τὴν
517 1056 682 1093 πυρίπλοκον
692 1054 820 1091 χάλαζαν,

29 1108 188 1136 ἐπελθοῦσα
208 1106 391 1141 κατέφαγενή
409 1105 498 1140 ἁκρὶς,
520 1104 583 1139 περὶ
598 1100 630 1139 ἧς
647 1103 764 1138 εἴρηται,
782 1101 822 1128 ὅτι

28 1155 179 1182 κατέδεται
194 1154 282 1179 πᾶσαν
298 1152 422 1187 βοτάνην,
438 1152 485 1177 καί¹
495 1151 583 1177 πάντα
596 1150 641 1176 τὸν
654 1149 758 1184 καρπὸν
769 1148 822 1175 τῶν

27 1201 126 1233 ξύλων,
152 1200 184 1226 ὃν
202 1199 361 1225 ὑπελείπετο
383 1199 400 1233 ἡ
422 1196 536 1232 χάλαζα.
558 1195 638 1223 Κατὰ
652 1195 679 1221 δὲ
696 1194 820 1229 θεωρίαν,

27 1248 84 1274 ἔστι
100 1246 168 1273 τινὰ
182 1246 269 1281 κτήνη
288 1243 416 1280 Χριστοῦ,
439 1243 485 1270 καὶ
500 1243 556 1269 ἔστι
576 1242 636 1269 τινὰ
654 1241 820 1275 Αἰγυπτίων.

26 1293 148 1319 Δύναται
173 1291 223 1327 μέν
240 1299 280 1316 τοι
300 1289 334 1316 τὰ
354 1289 419 1315 ποτὲ
441 1287 566 1323 ἀλλοτρία
586 1287 714 1321 γενέσθαι
740 1286 821 1313 αὑτοῦ

26 1339 172 1373 κτήματα,
197 1336 235 1368 ὡς
252 1335 287 1362 τὰ
306 1334 398 1362 Λαὸὰν
421 1334 468 1360 τοῦ
490 1333 595 1365 Ἰακὼϐ,
617 1333 664 1359 καὶ
678 1332 819 1359 ἀνάπαλιν.

26 1384 88 1410 Τῶν
101 1382 174 1417 γοῦν
187 1380 330 1416 προϐάτων
346 1380 396 1405 ὅσα
419 1378 514 1405 Ἰακὼϐ
531 1378 743 1412 ἀπεδοκίμασεν,
758 1378 821 1411 ἐχα-

26 1429 125 1464 ρίσατο
140 1426 183 1462 τῷ
205 1425 301 1453 Ἠσαῦ.
317 1425 387 1461 Ὅρα
402 1425 466 1459 γοῦν
482 1425 585 1460 μήποτε
597 1425 628 1450 ἐκ
639 1424 688 1458 τῆς
705 1423 822 1458 ποίμνης

25 1473 230 1510 εὑρισκόμενος
248 1471 345 1506 Ἰησοῦ,
361 1471 425 1498 ὃταν
439 1470 581 1505 πέμπηται
592 1469 665 1505 δῶρα
679 1468 717 1504 τῷ
737 1468 820 1495 Ἠσαῦ

25 1521 160 1556 ὲκλέγῃς,
181 1519 228 1546 καὶ
239 1519 277 1550 ὡς
291 1518 418 1553 ἀδόκιμος
434 1517 481 1544 καὶ
493 1516 600 1548 ἀνάξιος
613 1515 659 1542 τοῦ
675 1523 821 1550 πνευματι-

24 1567 73 1593 κοῦ
107 1565 222 1598 Ἰακὼϐ,
251 1564 412 1600 ὲκπεμφΘῇς
439 1562 508 1599 πρὸς
531 1562 575 1588 τὸν
604 1561 699 1588 Ἡσαῦ.
728 1562 819 1596 Κτήνη

24 1613 151 1650 Χριστοῦ
172 1613 198 1639 οἱ
221 1610 410 1646 ἁπλούστεροι,
428 1608 475 1640 οὒς
491 1607 570 1640 σώζει
587 1608 600 1634 ὁ
612 1607 678 1638 Θεὸς
694 1607 764 1633 κατὰ
780 1606 820 1632 τόδ

29 1659 226 1694 Ἀνθρώπους
242 1658 290 1685 καὶ
305 1656 398 1690 κτήνη
415 1654 527 1687 σώζεις,
549 1654 646 1688 Κύριε.
667 1654 758 1689 Κτήνη
772 1653 819 1679 Αἰ-

23 1706 168 1740 γυπτίων,
182 1705 207 1730 οἱ
224 1702 318 1738 ἀλογίᾳ
330 1703 364 1737 τῇ
376 1701 450 1736 ἀθέῳ
460 1699 620 1734 διδασκαλίᾳ
630 1698 821 1733 συγκατατιθέ-

24 1761 116 1788 μενοι,
139 1751 161 1779 ἃ.
181 1750 230 1777 καὶ
247 1748 437 1784 χαλαζῶνται.
457 1747 511 1773 Καὶ
532 1745 675 1780 Αἰγύπτιοι
703 1745 750 1780 μὲν
770 1745 820 1771 ὅσα

22 1799 120 1834 ἔχουσι
140 1796 184 1831 τῷ
204 1796 270 1831 πυρὶ
288 1794 474 1829 παραδίδοται,
500 1791 626 1827 Ἀϐραὰμ
640 1791 669 1818 δὲ
683 1790 718 1818 τὰ
733 1790 822 1826 ὑπάρ-

21 1853 110 1881 χοντα
127 1843 172 1879 τῷ
195 1842 286 1869 Ἰσαὰκ
301 1841 410 1868 ἔδωκεν.

874 184 1016 210 sessionem
1030 190 1119 209 eorum
1134 182 1201 216 igni.

909 228 996 256 Porro
1023 227 1203 264 Symmachus
1228 227 1317 255 reddit
1332 227 1400 260 :Qui
1425 229 1536 256 tradidit
1560 235 1655 263 pecora

873 284 965 303 eorum
976 276 1052 310 fami,
1067 280 1091 302 et
1103 276 1276 310 possessiones
1290 283 1380 302 eorum
1389 275 1490 302 avibus.
1500 275 1567 303 Cum
1583 275 1656 302 enim

875 322 1040 350 cumulatam
1053 322 1207 348 vastitatem
1223 325 1333 356 experta
1344 326 1444 354 essent,
1457 329 1547 348 escam
1560 322 1656 350 avibus

874 368 1026 395 carnivoris
1038 367 1222 403 prmbuerunl.
1237 367 1391 394 Secundum
1402 375 1467 394 vero
1480 367 1656 403 Septuaginta

874 422 929 440 non
952 414 1003 441 hoc
1027 414 1074 445 ait,
1103 414 1248 448 separatim
1275 414 1380 442 scilicet
1404 422 1501 448 pecora
1525 415 1657 449 grandine

874 460 959 488 fuisse
981 460 1155 494 interempta,
1176 460 1265 494 ignem
1287 467 1352 487 vero
1372 460 1529 494 singillatim
1547 461 1658 488 absum—

873 507 962 541 psisse
979 510 1105 533 caaleram
1122 505 1300 533 substantiam
1315 514 1322 538 ;
1339 506 1384 533 sed
1407 506 1564 540 grandinem
1594 515 1656 534 cum

875 552 936 587 igne
957 551 1068 586 copiose
1087 552 1269 586 ingruentem.
1295 551 1322 578 in
1347 551 1443 586 primis
1461 553 1570 587 quidem
1586 553 1656 579 vites

873 598 1071 625 exterminasse
1094 605 1126 624 ac
1149 597 1228 629 ﬁcus,
1249 602 1378 632 tanquam
1398 598 1515 633 impares
1543 598 1654 625 omnino

873 651 934 678 quae
946 643 1001 669 vim
1024 642 1124 670 ferrent
1146 643 1295 678 eruptionis
1315 643 1425 678 primae;
1447 643 1543 670 deinde
1558 651 1656 678 pecora

873 696 1044 724 quaecunque
1067 696 1147 724 agros
1167 689 1359 723 depascebant,
1378 697 1441 716 mox
1463 697 1571 716 onmem
1594 690 1656 716 her-

874 733 936 760 bam
963 741 1128 768 omnemque
1146 733 1270 761 arborem
1306 734 1341 761 ab
1369 734 1430 770 igne
1449 742 1511 761 cum
1525 734 1657 770 grandine

873 780 1005 815 permisto
1022 779 1107 807 fuisse
1121 784 1324 814 consumptam.
1345 779 1464 814 Eratque
1485 780 1604 815 portenti
1620 781 1657 808 si-

873 827 948 857 mile,
964 826 1035 862 ignis
1053 833 1114 853 cum
1130 833 1201 862 aqua
1217 826 1386 858 discurrens,
1411 827 1655 862 complicatusque.

873 872 1045 900 Discurrebat
1055 873 1135 906 enim,
1147 873 1195 905 ait,
1210 873 1278 908 ignis
1293 874 1322 900 in
1334 874 1472 909 grandine.
1485 868 1655 909 Fuit'nempe

873 917 978 953 grando
1003 922 1030 945 et
1054 917 1124 953 ignis
1150 918 1177 944 in
1199 919 1330 953 grandine
1343 919 1451 946 ardens.
1469 918 1655 946 Substantiam

872 972 946 995 vero,
961 964 1018 991 sive
1037 964 1157 996 divitias,
1177 963 1262 992 David
1278 965 1394 999 appellat
1409 972 1518 1000 pecora,
1534 970 1561 992 et
1573 965 1655 992 arbo-

873 1018 934 1037 rum
956 1010 1071 1038 l‘ructus.
1096 1011 1319 1039 Animadvertere
1336 1016 1426 1039 autem
1449 1016 1566 1047 oportet,
1583 1012 1656 1046 quod

872 1056 979 1083 etiamsi
993 1064 1101 1084 onmem
1121 1057 1233 1084 herbam
1248 1065 1410 1093 omnemque
1422 1058 1544 1085 arborem
1553 1059 1656 1093 grando

872 1101 1077 1135 consumpsisse
1086 1101 1209 1134 dicatur;
1219 1102 1343 1137 quaedam
1357 1102 1535 1130 nihilominus
1547 1110 1656 1130 reman-

874 1150 977 1179 serunt,
991 1154 1052 1181 qum
1064 1152 1127 1182 post
1139 1148 1298 1182 grandinem
1319 1149 1381 1183 igne
1402 1149 1551 1176 involutam
1563 1156 1652 1184 super-

873 1192 984 1220 veniens
996 1193 1100 1221 locusta
1115 1193 1247 1226 comedit;
1270 1194 1303 1221 de
1313 1202 1366 1229 qua
1380 1195 1482 1222 dictum
1497 1200 1548 1228 est,
1562 1203 1655 1222 come-

877 1238 952 1266 disse
958 1246 1067 1266 omnem
1075 1239 1199 1272 herbam,
1211 1248 1376 1274 omnemque
1384 1241 1513 1268 arborum
1526 1241 1655 1272 fructum,

872 1292 1064 1320 quemcunque
1089 1286 1192 1320 grando
1214 1287 1378 1320 reliquisset.
1407 1286 1564 1314 Secundum
1588 1293 1655 1314 vero

873 1331 1018 1363 theoriam,
1035 1336 1098 1359 sunt
1114 1333 1236 1367 quaedam
1256 1333 1356 1360 Christi
1371 1341 1479 1368 pecora,
1493 1337 1520 1361 et
1531 1333 1654 1368 quaedam

873 1377 1079 1413 (Egyptiorum:
1093 1379 1158 1414 quin
1172 1379 1252 1406 etiam
1267 1384 1390 1414 possunt,
1409 1387 1469 1414 qua:
1480 1380 1591 1408 alterius
1606 1380 1657 1407 ali-

872 1425 982 1459 quando
998 1423 1115 1456 [uel-ant,
1131 1424 1217 1460 ipsius
1225 1425 1325 1452 Christi
1338 1426 1467 1459 evadere;
1479 1426 1656 1461 quemadmo-

873 1470 936 1496 dum
952 1469 1054 1497 Labani
1070 1477 1168 1505 pecora
1183 1469 1277 1498 Jacobi
1296 1471 1365 1498 facta
1381 1476 1454 1503 sunt,
1478 1476 1505 1499 et
1522 1472 1655 1506 vicissim,

875 1520 1016 1550 propterea
1028 1516 1100 1550 quod
1109 1515 1192 1544 Jacob
1203 1525 1371 1552 quacunque
1383 1518 1556 1552 improbavit,
1569 1518 1656 1546 Esavo

873 1561 1003 1596 elargitus
1018 1567 1069 1590 est.
1086 1563 1157 1590 Cave
1174 1563 1266 1598 igitur,
1287 1572 1322 1591 ne
1337 1564 1364 1591 in
1386 1565 1449 1592 ovili
1470 1565 1534 1592 Jesu
1558 1565 1656 1592 inven-

874 1612 927 1640 tus,
945 1615 1006 1634 cum
1023 1608 1056 1636 ad
1080 1607 1151 1636 Esau
1178 1609 1250 1636 dona
1276 1610 1431 1641 mittuntur,
1463 1611 1597 1646 seligaris,
1624 1619 1657 1639 ac

874 1656 1004 1688 tanquam
1032 1655 1164 1688 reprobus
1187 1655 1370 1690 indignusque
1393 1656 1540 1691 spiritualis
1562 1656 1656 1685 Jacobi

873 1700 1068 1728 transmittaris
1081 1701 1113 1727 ad
1126 1700 1208 1728 Esau.
1220 1701 1322 1729 Pecora
1336 1703 1464 1730 nimirum
1480 1703 1581 1731 Christi
1594 1709 1658 1732 sunt

874 1745 1064 1780 simpliciores,
1083 1754 1151 1782 quos
1167 1747 1238 1775 Deus
1253 1748 1348 1781 salvat,
1369 1748 1447 1783 juxta
1460 1749 1525 1777 illud
1539 1759 1546 1777 ε
1561 1750 1657 1776 Homi-

871 1799 916 1819 nes
939 1798 963 1819 et
979 1793 1102 1828 jumenta
1122 1793 1254 1827 salvebis,
1274 1794 1384 1822 Domine
1403 1795 1436 1822 “.
1457 1795 1559 1823 Pocora
1573 1796 1658 1832 Egy-

871 1839 991 1873 ptiorum
1004 1839 1041 1866 illi
1056 1844 1129 1871 sunt,
1140 1841 1186 1875 qui
1199 1841 1303 1868 ratione
1318 1841 1439 1869 destituti
1453 1842 1591 1870 adhaerent
1604 1844 1657 1870 im-

21 1893 77 1926 pia:
99 1888 236 1918 atheismi
255 1888 396 1920 doctrinae,
413 1887 514 1922 quique
528 1885 596 1913 adeo
612 1884 745 1920 grandine
758 1885 956 1919 percutiuntur.
981 1886 1070 1921 Atque
1092 1885 1211 1922 {Egyptii
1236 1887 1357 1923 quidem,
1385 1889 1511 1916 universa
1532 1891 1656 1924 quaeha-

21 1941 92 1969 bent
106 1939 170 1976 igni
190 1937 334 1965 traduntur
351 1945 357 1962 :
375 1934 512 1962 Abraham
527 1941 591 1961 vero
606 1933 676 1960 bona
693 1931 786 1959 Isaaco
799 1932 861 1960 data
875 1937 950 1961 sunt.

58 1999 120 2036 p.02
149 1995 384 2029 Ἔξαπέστειλεν
398 1993 453 2025 μεὶς
477 1990 587 2024 αὐτοὺς
610 1990 702 2025 ὀργὴν
725 1989 820 2024 θυμοῦ

19 2035 134 2077 αὐτοῦ,
152 2041 253 2077 θυμὸν
269 2040 320 2068 καὶ
331 2039 424 2074 ὀργὴν
437 2038 486 2065 καὶ
508 2037 623 2071 θλίψιν,
643 2035 820 2070 ἀποστολὴν

20 2094 58 2121 δι’
72 2091 221 2128 ἀγγέλων
234 2087 386 2122 πονηρῶν.

56 2138 159 2174 Θυμὸν
175 2136 223 2163 καὶ
234 2134 317 2170 ὀργὴν
333 2133 379 2160 καὶ
393 2131 491 2165 θλίψιν,
506 2130 555 2162 τὰς
572 2129 672 2166 πικρὰς
687 2129 821 2165 τιμωρίας

20 2187 163 2213 ἐκάλεσεν
173 2191 180 2198 ·
201 2183 216 2208 ὁ
231 2181 285 2216 γὰρ
296 2180 361 2211 Θεὸς
374 2177 489 2212 ἀπαθής
502 2177 547 2203 καὶ
558 2176 642 2211 θυμὸν
655 2176 702 2211 μὲν
715 2176 821 2210 νοήσεις

19 2234 72 2264 τὰς
95 2229 185 2267 ἦττον
201 2226 378 2259 κολαζούσας,
394 2223 476 2260 ὀργὴν
490 2223 518 2249 δὲ
534 2222 581 2254 τὰς
602 2221 710 2256 μᾶλλον,
734 2220 822 2254 θλίψιν

20 2280 69 2312 δὲ,
90 2277 145 2308 τὰς
165 2275 217 2301 ἐτι·
236 2273 366 2308 ἀγγέλους
386 2271 413 2297 δὲ
436 2268 579 2305 πονηροὺς,
596 2268 658 2299 τοὺς
672 2267 721 2302 τῆς
737 2267 822 2302 ὀργῆς

20 2322 203 2359 ὑπουργοὺς,
215 2319 276 2346 οὔτε
291 2318 370 2353 φύσει
385 2316 463 2343 τοῦτο
474 2315 563 2347 ὄντας,
579 2313 640 2340 οὔτε
652 2313 821 2349 προαιρέσει,

20 2357 162 2398 αλλὰ-διὰ
181 2367 211 2394 τὸ
229 2367 269 2397 εἰς
282 2364 392 2391 τοιαῦτα
410 2362 576 2397 διακονῆσαι,
596 2360 643 2387 καὶ
662 2359 759 2390 πόνους
774 2357 821 2384 καὶ

19 2418 126 2448 Ἐὐ-δας
135 2417 181 2442 ὲνε
186 2414 236 2450 ργῆ
241 2421 294 2444 σαι,
305 2410 436 2446 πονηροὺς
442 2407 647 2443 ὀνομασθέντας,
656 2405 693 2437 ὼς
699 2405 765 2440 πρὸς
774 2404 821 2440 τὴν

19 2465 81 2491 τῶν
89 2461 256 2497 πασχόντων
263 2457 391 2488 διάθεσιν,
400 2455 467 2483 καθὸ
479 2454 624 2490 καὶ-ἡμέρα
637 2450 741 2486 πονηρὰ
747 2452 764 2486 ἡ
771 2451 820 2486 τῆς

20 2511 151 2540 κρίσεως
164 2506 284 2540 λέγεται,
293 2505 330 2535 ὡς
342 2501 467 2537 ἀναγκῶν
476 2501 522 2527 καὶ
536 2500 623 2526 πόνων
633 2499 687 2528 τοῖς
696 2502 822 2535 ἀμαρτω-

19 2538 83 2590 λοῖς
101 2540 239 2591 γέμουσα.
256 2551 381 2578 Τοιοῦτον
392 2549 439 2576 καὶ
449 2549 478 2575 τὺ
488 2547 564 2583 παρὰ
576 2546 615 2581 τῷ
628 2546 735 2581 Ἡσαΐᾳ·
750 2543 820 2579 Ἐγὼ

57 2654 84 2669 ³⁵
99 2650 206 2679 Psalm.
222 2655 306 2681 xxxv,
320 2646 346 2673 7.

61 2738 127 2772 (‘11)
150 2735 351 2772 Theodoretus,
370 2731 541 2768 Hippolytum
573 2735 693 2760 secutus,
714 2728 819 2772 qngelos

18 2765 188 2801 mdios’non
200 2765 350 2800 daemones,
365 2774 391 2795 at
406 2765 688 2802 poenitemporaneic
700 2765 818 2802 admini-

131 2805 267 2835 intellexit
281 2814 287 2831 ι
304 2805 331 2831 in
343 2799 440 2839 psalin.
459 2799 617 2836 unm—5.5,
632 2807 658 2829 ct
673 2801 699 2828 in
716 2799 816 2828 Jcrem.

908 1980 953 2008 49.
969 1980 1043 2007 Misit
1057 1981 1085 2007 in
1097 1989 1140 2008 eos
1161 1982 1230 2009 iram
1241 1982 1431 2018 indignationis
1452 1993 1517 2019 suas,
1530 1985 1656 2021 indigna-

874 2029 980 2061 tionem,
994 2032 1019 2055 ει
1033 2028 1111 2060 iram,
1135 2033 1160 2056 et
1185 2029 1382 2057 tribulationem
1396 2031 1592 2060 :‘immissiones
1610 2042 1657 2068 per

836 2091 860 2119 Ι)
874 2074 980 2109 angelos
995 2075 1091 2101 malos.

909 2121 1124 2156 lndignationem
1149 2125 1176 2148 et
1199 2121 1278 2154 iram,
1295 2126 1322 2150 et
1339 2123 1539 2151 tribulationem
1558 2126 1654 2154 acerba

874 2166 978 2203 ﬂagella
993 2167 1161 2195 nominavit:
1177 2167 1248 2196 Deus
1260 2169 1331 2196 enim
1347 2171 1550 2204 perturbatione
1566 2179 1654 2201 vacat.

874 2214 1088 2249 Indignationem
1109 2213 1241 2248 profecto,
1264 2215 1370 2242 minora
1385 2216 1488 2251 ﬂagella
1503 2217 1653 2253 intelliges;

875 2261 943 2287 iram
959 2260 1066 2292 deinde,
1079 2261 1198 2295 majora;
1216 2261 1417 2288 tribulationem
1432 2270 1506 2294 vero,
1524 2265 1653 2292 maxima.

873 2307 992 2341 Angelos
1006 2311 1095 2334 autem
1113 2307 1209 2339 malos,
1223 2315 1270 2334 cos
1285 2307 1331 2341 qui
1349 2312 1413 2334 sunt
1427 2308 1474 2335 irae
1490 2309 1654 2343 administri,

873 2353 921 2388 qui
936 2359 1023 2387 neque
1036 2357 1134 2380 natura
1150 2351 1214 2379 mali
1231 2356 1305 2384 sunt,
1325 2359 1413 2386 neque
1432 2353 1586 2387 voluntate;
1608 2354 1655 2382 scd

874 2399 1004 2434 quoniam
1028 2399 1104 2426 hisce
1129 2399 1217 2433 pomis
1239 2397 1418 2432 exsequendis
1442 2398 1604 2431 inserviunt,
1623 2408 1656 2428 ac

874 2453 1009 2474 aerumnas
1023 2445 1184 2480 doloresque
1195 2443 1329 2479 inﬂigunt,
1341 2444 1405 2471 mali
1418 2444 1562 2479 dicuntur;
1575 2448 1654 2481 quasi

875 2501 909 2520 ex
930 2500 1025 2521 eorum
1051 2492 1147 2520 aﬂectu
1173 2493 1219 2527 qui
1237 2492 1300 2519 talia
1318 2493 1534 2528 patiuntur(21).
1555 2493 1656 2527 Quem-

875 2539 1020 2568 admodum
1036 2543 1062 2567 et
1082 2539 1141 2567 dies
1156 2539 1228 2566 mala
1244 2544 1415 2574 nuncupatur
1430 2539 1525 2574 judicii
1539 2540 1606 2572 dies,
1622 2547 1654 2567 eo

874 2734 947 2759 χιιι,
965 2726 1007 2753 14.
1026 2723 1078 2752 Sed
1089 2727 1115 2751 et
1127 2723 1172 2751 alii
1187 2723 1309 2751 eamdem
1324 2723 1351 2751 in
1363 2722 1524 2757 sententiam
1536 2721 1653 2750 iverunt.

874 2761 906 2789 ν.
922 2761 1106 2796 POLSynops.
1121 2768 1151 2792 ιι,
1169 2759 1220 2787 col.
1234 2759 1313 2787 1115.
