1860 3051
213 87 265 117 015

631 86 660 115 S.
680 85 860 114 IIIPPOLYTI
886 85 959 114 OPP.
978 85 1068 114 PARS
1092 85 1112 114 1.
1140 102 1174 106 —
1190 85 1394 114 EXEGETICA.

1785 80 1837 112 om

214 150 287 186 quod
299 149 482 178 calamitatum
500 149 679 184 laborumque
693 150 824 176 adversus
841 154 998 184 peccatores
1013 152 1035 180 Α
1049 151 1079 176 K1

1069 150 1157 184 ἷύριος
1171 148 1264 175 ποιῶν
1283 148 1407 183 εἰρήνην
1420 149 1468 175 καὶ
1487 147 1590 178 κτίζων
1608 146 1698 178 κακὰ,
1716 146 1761 172 ίνα
1774 147 1835 183 εἴπῃ

215 197 293 232 plena
308 197 352 223 sit.
370 195 465 222 Simile
480 200 522 222 est
540 195 605 222 illud
623 194 701 222 Isaiae
715 204 723 222 :
740 195 795 230 Ego
812 195 939 222 Dominus
955 196 997 230 fa-

1051 196 1099 222 καὶ
1115 195 1264 230 είρηνέυειν
1278 196 1340 227 ἑῶν,
1354 195 1400 222 καὶ
1415 193 1588 230 πολεμεῖσθαι
1605 192 1768 229 συγχωρῶν.

215 245 285 271 ciens
300 252 389 279 pacem
405 249 428 270 et
450 251 541 270 creans
553 243 672 275 mala";
688 244 800 278 perinde
817 250 849 271 ac
865 245 888 271 si
906 244 988 278 dicat,
1002 247 1031 271 et
1046 251 1139 278 pacem
1155 242 1259 274 fovens.
1274 248 1300 271 et
1315 243 1382 271 bella
1398 242 1565 278 permittens.

229 351 1827 368 _—_—_—_——__—_—_—_—_—_

795 436 857 480 IN
896 435 1260 501 ΡιιονΕιιιξιΑ.

429 533 499 565 (Mn,
513 531 660 558 Bibliotheca
671 538 732 557 naua
742 531 853 561 Patrum,
866 530 920 562 VII,
931 537 956 562 ιι,
968 531 1008 562 ⁵11,
1025 532 1109 556 Romze
1120 531 1190 562 1851,
1201 533 1227 556 in
1239 532 1274 563 4°,
1287 539 1318 557 ex
1332 535 1418 558 eatena
1434 532 1548 558 Vaticana
1560 531 1618 564 ms.)

590 691 638 719 EK
661 692 730 719 ΤΩΝ
754 692 857 719 mor
880 692 1082 719 ΙΠΠΟΛΥΤΟΥ
1097 691 1152 718 ΕΙΣ
1167 691 1233 718 ΤΛΣ
1245 691 1442 718 ΠΑΡΟῘΜΙΑΣ.

250 780 442 810 HlPPOLYTl.
458 778 604 808 Proverbia
628 780 710 815 igitur
730 787 871 808 sermones
893 781 994 808 exhor-
1011 784 1033 812 Β

1083 780 1290 806 ΙΠΠΟΛΥΤΟΥ.
1306 780 1328 796 ³⁸
1341 780 1488 816 Παροιμίαι
1500 779 1589 808 τοίνυν
1605 779 1660 806 εἰσὶ
1681 780 1755 814 λόγοι
1772 788 1836 817 προ-

215 830 305 859 tatorii
320 833 394 860 sunt,
410 827 456 862 qui
472 826 607 854 universa:
628 826 691 854 vitae
713 826 887 854 moderanda
907 826 999 854 confe-

215 880 290 902 runt:
310 881 373 901 nam
389 873 423 900 iis
442 873 489 908 qui
513 872 564 899 iter
585 872 618 899 ad
635 871 720 899 Deum
738 872 894 905 instituunt,
913 872 998 900 duces

214 920 327 956 quidam
341 919 410 946 ﬁunt
424 926 457 945 ac
471 918 554 945 veluti
567 917 679 949 indices,
691 918 739 952 qui
755 917 910 945 laborantes
920 924 934 943 a
950 917 1000 944 viae

215 965 383 1001 longitudine
410 968 546 992 recreant.
562 963 647 990 Porro
670 964 728 990 lure
751 963 894 998 proverbia
923 963 1000 990 Salo-

215 1011 306 1039 monis
323 1015 397 1044 sunt,
420 1010 525 1045 pacilici
542 1010 684 1043 nimirum,
705 1009 763 1037 sive
784 1009 884 1037 Christi
901 1009 996 1036 Serva-

215 1057 293 1085 toris.
312 1056 381 1090 Quia
395 1063 459 1084 vero
475 1055 583 1083 Domini
598 1062 748 1088 sermones,
766 1061 907 1090 propterea
926 1055 998 1090 quod

214 1103 323 1131 Domini
345 1107 425 1136 sunt,
448 1102 552 1129 idcirco
569 1109 617 1129 eos
641 1102 701 1129 sine
717 1101 880 1129 otl‘endiculo
899 1108 999 1137 cogno-

215 1149 336 1181 scimus;
348 1156 382 1176 ne
394 1148 456 1183 quis
472 1147 541 1176 forte
556 1156 607 1176 nos
622 1147 741 1176 nominis
755 1148 871 1183 paritate
883 1147 998 1179 falleret,

215 1195 291 1222 addit
303 1195 365 1230 quis
378 1194 436 1222 haec
447 1194 598 1230 scripserit,
612 1199 639 1221 et
651 1194 731 1229 cujus
745 1194 832 1229 gemis
848 1201 896 1221 rex
907 1193 998 1220 fuerit.

215 1239 262 1268 Sic
276 1241 349 1268 enim
366 1239 484 1268 dicentis
499 1240 650 1268 auctoritas
667 1239 926 1267 commendatiorem
942 1246 1000 1266 ser-

214 1293 324 1314 monem
337 1287 552 1321 attentioresque
568 1286 706 1313 auditores
726 1285 814 1314 faciet.
825 1285 912 1313 Verba
926 1285 998 1313 enim

216 1333 372 1360 Salomonis
396 1333 470 1360 illius
491 1337 574 1365 sunt,
591 1333 634 1360 cui
655 1332 724 1360 dixit
747 1332 900 1360 Dominus:
924 1331 1000 1358 Dabo

215 1379 264 1406 tibi
279 1387 324 1406 cor
337 1379 450 1414 prudens
465 1384 542 1414 atque
557 1379 661 1413 capiens
671 1386 680 1410 ;
691 1387 766 1405 nemo
780 1379 819 1405 tui
837 1379 926 1412 parin
939 1379 999 1406 orbe

214 1425 274 1460 fuit,
290 1432 370 1459 neque
385 1429 488 1459 postero
507 1429 620 1459 tempore
645 1425 772 1455 exsistet:
791 1428 819 1451 et
842 1424 946 1459 reliqua
966 1425 1000 1452 de

214 1479 247 1499 eo
262 1471 374 1506 scripta.
385 1470 445 1498 Jam
463 1471 487 1498 is
506 1471 615 1506 sapiens
630 1479 645 1498 a
659 1471 782 1506 sapiente
802 1471 910 1506 genitus
926 1471 977 1498 fuit
990 1481 997 1498 :
1012 1461 1033 1489 ε

214 1525 298 1554 quare
313 1518 445 1545 attexitur
456 1517 566 1546 Davidis
581 1525 690 1549 nomen,
706 1517 778 1545 unde
790 1517 919 1544 Salomon
936 1526 999 1552 pro-

214 1569 322 1591 creatus
339 1563 410 1591 fuit:
429 1564 498 1591 idem
513 1572 528 1590 a
543 1571 628 1598 puero
640 1563 726 1591 sacris
739 1563 837 1591 litteris
855 1563 997 1597 eruditus;

215 1617 304 1645 neque
319 1615 394 1637 sorte
411 1609 452 1636 vel
472 1610 497 1636 vi
513 1610 602 1644 aliqua
618 1617 731 1644 regnum
748 1609 875 1642 obtinuit,
895 1609 941 1637 sed
953 1610 999 1645 ju-

215 1655 288 1683 dicio
309 1654 427 1690 Spiritus
443 1660 469 1682 et
486 1656 593 1683 decreto
609 1655 666 1683 Dei.

253 1744 294 1771 Ad
313 1745 446 1772 sciendum
467 1745 625 1779 sapientiam
644 1750 669 1772 et
689 1745 868 1780 disciplinam.
883 1746 935 1780 Qui
953 1746 999 1774 Dei

216 1791 377 1825 sapientiam
391 1791 476 1824 novit,
492 1791 516 1819 is
531 1791 565 1818 ab
581 1792 677 1819 eodem
689 1800 799 1827 quoque
814 1793 947 1826 eruditur,
963 1794 999 1820 ita

218 1841 247 1864 ut
264 1837 394 1872 intelligat
419 1844 576 1865 sermonum
596 1838 736 1874 mysteria.
758 1838 817 1866 Jam
839 1839 886 1874 qui
909 1847 999 1867 veram

217 1884 409 1918 caelestemque
433 1884 593 1918 sapientiam
624 1888 739 1917 tenent,
762 1884 780 1911 ii
809 1885 998 1921 mysteriorum

217 1930 379 1958 sententiam
403 1930 482 1958 facile
505 1931 663 1966 percipient.
686 1930 790 1958 Idcirco
812 1932 872 1958 ait:
896 1931 937 1958 Ad
953 1940 999 1958 ca-

217 1975 326 2010 piendas
340 1983 489 2002 servitutium
504 1976 635 2010 strophas.
660 1975 728 2003 Nam
749 1984 809 2011 quae
829 1978 999 2011 prteposteris

217 2021 301 2048 veluti
316 2021 406 2048 verbis
420 2030 434 2048 a
449 2025 544 2048 sancto
561 2021 663 2056 Spiritu
675 2022 745 2048 dicta
760 2021 880 2051 fuerunt.
890 2030 919 2048 ea
935 2023 998 2055 illis,

218 2067 265 2102 qui
283 2067 352 2094 ﬁdeli
374 2075 437 2102 erga
454 2067 538 2094 Deum
565 2067 646 2094 corde
664 2071 726 2094 sunt
745 2067 859 2101 przediti,
878 2067 1000 2101 expedite

218 2111 402 2139 innotescunt.

256 2157 318 2186 Ha:c
338 2157 371 2184 de
387 2156 542 2184 Judmorum
565 2157 673 2192 populo,
694 2162 721 2184 ct
742 2157 775 2185 de
797 2157 897 2186 Christi
919 2159 1000 2190 cade.

219 2204 353 2239 intelligit.
363 2203 498 2230 Putabant
510 2203 581 2230 enim
596 2203 672 2230 illum
688 2204 715 2231 in
732 2208 801 2231 terra
815 2205 1002 2232 tantummodo

219 2250 320 2277 habere
335 2249 580 2277 conversationem.

253 2293 313 2321 Non
329 2294 464 2328 accipient
482 2298 598 2326 tantum,
621 2293 669 2321 sed
694 2294 776 2321 etiam
794 2295 1001 2323 luet-editabunt.

224 2339 301 2374 lmpii
316 2347 380 2366 vero
396 2340 504 2366 etiamsi
516 2341 691 2373 extolluntur,
706 2341 731 2368 id
743 2341 775 2368 ad
787 2341 914 2376 majorem
930 2342 1003 2377 ipso~

220 2393 280 2411 rum
299 2384 475 2419 ignominiam
493 2385 635 2412 redundat.
653 2385 741 2412 Veluti
753 2386 775 2412 si
789 2386 850 2420 quis
864 2386 999 2414 hominem

219 2430 369 2457 deformem
386 2435 467 2465 atque
492 2430 638 2458 distortum
664 2432 690 2458 in
714 2431 768 2459 alto
789 2432 922 2466 collocet,
945 2440 998 2459 non

221 2477 336 2503 honorat
357 2477 404 2503 sed
420 2477 505 2511 magis
525 2477 695 2510 dehonestat,
711 2477 882 2506 manifestam
898 2478 999 2505 consti-

221 2529 300 2549 tuens
325 2522 448 2556 pluribus
469 2524 661 2559 turpitudinem
686 2524 757 2559 ejus.
777 2523 822 2552 Sic
845 2524 907 2552 item
928 2524 999 2552 Deus

220 2567 328 2595 extollit
340 2567 447 2603 impios,
459 2573 490 2596 ut
500 2570 636 2603 publicum
651 2569 733 2597 faciat
746 2570 864 2598 dedecus
879 2571 998 2598 illorum.

221 2613 361 2642 Exaltatus
374 2614 425 2643 fuit
439 2616 520 2643 etiam
532 2616 648 2649 Pharao,
665 2617 711 2644 sed
729 2622 758 2643 ut
775 2618 906 2644 mundum
920 2625 1000 2645 accu-

221 2664 338 2687 satorem
358 2661 477 2690 haberet.

256 2705 530 2736 Animadvertendum
545 2714 597 2741 est,
614 2711 715 2738 donum
731 2710 830 2738 bonum
847 2711 900 2738 dici
916 2711 950 2738 ab
961 2718 1001 2745 leo

1049 827 1189 862 τρεπτικοὶ
1199 826 1274 862 παρά
1288 827 1377 853 πᾶσαν
1391 826 1450 853 ὁδὸν
1463 825 1509 852 τοῦ
1528 825 1584 860 βίου
1603 827 1832 863 χρησιμεύοντες·

1047 872 1103 902 τοῖς
1119 871 1173 906 γὰρ
1194 871 1239 898 ἐπὶ
1256 871 1301 898 τὸν
1313 871 1378 898 Θεὸν
1397 871 1456 900 ὁδὸν
1480 871 1666 906 ποιουμένοις,
1686 872 1782 908 ὁδηγός
1795 881 1835 904 τις

1048 917 1365 952 γίνεται¹παραπληοίως
1378 917 1417 952 τῷ
1431 917 1620 953 ὑποδείγματι.
1636 918 1701 949 τοὺς
1718 918 1834 953 κάμνον-

1048 970 1097 993 τας
1115 961 1160 988 διὰ
1176 962 1206 988 τὸ
1231 962 1279 997 τῆς
1294 961 1353 988 ὁδοῦ
1372 962 1457 998 μῆκος
1481 963 1662 999 ἀνακτωμένη
1673 972 1680 977 ·
1703 964 1773 990 εἰσὶν
1789 962 1834 990 οὖν

1049 1004 1129 1034 αὗται
1143 1009 1171 1034 αἱ
1188 1008 1332 1044 παροιμίαι
1354 1008 1542 1044 Σολομῶντος,
1559 1009 1572 1035 ὃ
1589 1010 1663 1036 ἔστιν
1682 1010 1833 1045 εἰρηνικοῦ,

1049 1053 1108 1088 ἦτοι
1121 1052 1167 1079 τοῦ
1180 1053 1304 1089 Σωτῆρος
1314 1053 1441 1090 Χριστοῦ”
1455 1054 1548 1090 ἐπειδὴ
1559 1055 1587 1080 δὲ
1601 1055 1664 1086 τοὺς
1675 1055 1722 1082 τοῦ
1734 1056 1833 1091 Κυρίου

1049 1097 1154 1133 λόγους,
1169 1099 1216 1125 {ita
1231 1099 1263 1134 δὴ
1280 1100 1382 1134 Κυρίου
1397 1100 1588 1135 τυγχάνοντας,
1602 1101 1762 1133 ἀπταίστως
1777 1103 1832 1128 ἐπι-

1050 1144 1182 1179 στάμεθα,
1200 1144 1243 1171 ἴνα
1261 1145 1297 1181 μή
1313 1153 1354 1177 τις
1368 1146 1400 1172 ὲκ
1416 1146 1467 1181 τῆς
1483 1147 1642 1182 ὁμωνυμίας
1655 1148 1730 1183 ἡμᾶς
1749 1149 1833 1184 ἀφαρ-

1050 1192 1135 1228 πάσῃ,
1153 1192 1219 1228 φησι
1235 1192 1277 1224 τίς
1293 1194 1308 1219 ὀ
1322 1193 1429 1229 γράψας
1440 1192 1535 1227 ταῦτα,
1551 1194 1598 1220 καὶ
1613 1194 1694 1221 τίνων
1709 1192 1745 1229 ἧν
1762 1194 1833 1229 βασι-

1049 1238 1125 1270 λεύς·
1146 1239 1190 1265 ἵνα
1211 1239 1227 1274 ὴ
1247 1238 1294 1264 τοῦ
1316 1239 1440 1272 λέγοντος
1461 1239 1616 1272 ἀξιοπιστία
1633 1240 1832 1275 εὐπαράδεκτον

1049 1285 1094 1311 τὸν
1107 1284 1184 1318 λόγον
1198 1285 1357 1321 καταστήσῃ
1373 1285 1419 1311 καὶ
1436 1287 1577 1322 προσεχεῖς
1593 1286 1656 1318 τοὺς
1675 1286 1831 1318 ἀκούοντας.

1050 1331 1220 1366 Σολομῶντος
1236 1333 1289 1368 γάρ
1305 1332 1375 1360 εἰσιν
1389 1332 1503 1363 ὶκείνου,
1520 1332 1588 1367 πρὸς
1603 1332 1634 1358 ὃν
1654 1330 1733 1359 εἶπεν
1746 1333 1761 1358 ὁ
1779 1333 1831 1359 Κύ-

1051 1384 1106 1411 ριος
1116 1385 1122 1391 ·
1141 1376 1228 1404 Δώσω
1241 1385 1290 1404 σοι
1304 1378 1430 1412 καρδίαν
1446 1379 1594 1412 φρονίμην
1606 1377 1655 1405 καὶ
1666 1377 1786 1412 σοφήν·
1797 1378 1833 1409 ὡς

1049 1425 1090 1450 σὺ
1102 1425 1139 1451 οὺ
1150 1423 1273 1459 γέγονεν
1284 1425 1334 1451 ἐπὶ
1344 1423 1398 1459 τῆς
1409 1423 1475 1458 γῆς,
1489 1424 1538 1451 καὶ
1550 1423 1625 1459 μετὰ
1644 1423 1683 1451 σὲ
1697 1425 1756 1451 οὐκ
1766 1425 1833 1451 ἀνα-

1049 1469 1194 1503 στήσεται
1210 1470 1310 1505 ὅμοιός
1330 1477 1379 1497 σοι
1391 1470 1413 1486 ”
1423 1479 1431 1486 ο
1451 1471 1498 1497 καὶ
1519 1470 1552 1497 τὰ
1567 1470 1649 1498 λοιπὰ
1671 1471 1738 1506 περὶ
1754 1469 1833 1498 αὐτοὺ

1049 1516 1236 1552 γεγραμμέναη
1252 1514 1286 1552 ἦν
1301 1516 1328 1543 δὲ
1345 1516 1426 1551 σοφὸς
1449 1517 1481 1543 ἐκ
1504 1517 1596 1551 σοφοῦ·
1615 1517 1655 1544 διὸ
1675 1517 1832 1553 πρόσκειται

1049 1562 1080 1588 τὸ
1103 1562 1200 1594 Δαὸὶδ,
1215 1561 1245 1594 ἐξ
1267 1558 1298 1588 οὗ
1327 1562 1451 1596 Σολομὼν
1467 1563 1582 1597 γέγονε,
1607 1565 1639 1590 ἐκ
1664 1564 1784 1600 βρέφους
1803 1563 1833 1590 τὰ

1051 1607 1111 1645 ἱερὰ
1133 1609 1283 1644 γράμματα
1309 1609 1517 1644 παιδευόμενος,
1541 1609 1588 1636 καὶ
1609 1610 1640 1636 οὐ
1670 1610 1766 1645 κλήρῳ
1789 1610 1834 1645 τὴν

1050 1653 1136 1689 ἀρχὴν
1152 1654 1298 1690 λαϐόμενος
1311 1653 1372 1681 οὐδὲ
1385 1654 1441 1690 βίᾳ,
1456 1655 1524 1682 ἀλλὰ
1541 1655 1631 1690 κρίσει
1647 1655 1696 1682 τοῦ
1708 1655 1833 1691 Πνεύμα-

1050 1707 1096 1732 τος
1112 1701 1159 1727 καὶ
1172 1700 1253 1736 ψήφῳ
1264 1701 1341 1728 Θεοῦ.

1086 1746 1108 1762 ⁸ο
1126 1746 1242 1774 Γνῶναι
1264 1748 1376 1781 σοφίαν
1400 1747 1448 1774 καὶ
1468 1746 1614 1774 παιδείαν.
1635 1747 1664 1774 ’0
1683 1749 1765 1781 γνοὺς
1788 1749 1832 1782 τὴν

1052 1793 1146 1828 σοφίαν
1162 1793 1208 1820 τοῦ
1226 1793 1294 1820 Θεοῦ
1311 1794 1443 1829 λαμῶινει
1463 1794 1527 1829 παρ’
1542 1794 1623 1820 αὑτοῦ
1640 1795 1687 1821 καὶ
1699 1795 1830 1823 παιδείαν.

1051 1839 1227 1874 ἐκμανθάνων
1243 1840 1276 1866 δι’
1293 1840 1379 1875 αὐτῆς
1400 1840 1434 1867 τὰ
1452 1839 1499 1867 τοῦ
1515 1839 1594 1874 λόγου
1618 1841 1773 1876 μυστήρια·
1790 1842 1831 1868 καὶ

1051 1883 1075 1909 οι
1085 1884 1193 1918 γνόντες
1206 1885 1255 1920 τὴν
1269 1884 1356 1921 ἀληθῆ
1368 1885 1414 1911 καὶ
1428 1884 1586 1918 ἐπουράνιον
1598 1885 1703 1919 σοφίαν,
1717 1886 1831 1916 εὐκόλως

1051 1930 1176 1965 νοήσουσι
1198 1929 1262 1961 τοὺς
1285 1930 1330 1956 ὑπ’
1349 1930 1438 1956 αὐτῶν
1461 1930 1641 1965 λαλουμένους
1661 1931 1774 1966 λόγους·
1795 1932 1831 1958 διὸ

1051 1982 1126 2010 φησι·
1143 1975 1287 2008 Δέξασϐαι
1303 1975 1436 2010 στροφὰς
1451 1977 1562 2011 λόγων·
1579 1977 1612 2003 τὰ
1625 1977 1680 2012 γὰρ
1694 1978 1830 2010 ἀντισπώ-

1052 2030 1109 2056 ιρως
1133 2021 1183 2047 ὑπὸ
1204 2022 1250 2048 τοῦ
1273 2022 1349 2055 ἁγίου
1367 2022 1522 2057 Πνεύματος
1546 2023 1732 2059 λελαλημένα,
1752 2026 1830 2052 ταῦτα

1051 2068 1106 2098 τοῖς
1135 2067 1232 2102 πιστὴν
1261 2067 1373 2103 καρδίαν
1401 2067 1490 2103 ἔχουσι
1513 2069 1580 2104 πρὸς
1604 2069 1671 2096 Θεὸν
1695 2069 1830 2104 εὔγνωστα

1052 2113 1166 2147 γίνεται.

1090 2161 1110 2176 ⁸¹
1131 2160 1223 2188 Ταῦτα
1245 2162 1283 2193 εἰς
1305 2162 1349 2188 τὸν
1372 2162 1426 2189 τῶν
1459 2163 1592 2191 Ἰουδαίων
1608 2164 1695 2200 δῆμον
1718 2167 1765 2193 καὶ
1786 2167 1829 2201 τὴν

1054 2206 1124 2233 κατὰ
1150 2207 1268 2242 Χριστοῦ
1298 2208 1451 2243 μιαιφονίαν
1486 2208 1640 2245 ὲξείληφενο
1669 2210 1755 2246 ᾤοντο
1782 2213 1831 2248 γὰρ

1053 2253 1134 2280 αὑτὸν
1146 2254 1193 2281 ἐπὶ
1208 2255 1259 2290 γῆς
1278 2254 1357 2290 μόνον
1371 2254 1443 2290 ἔχειν
1458 2255 1489 2281 τὸ
1506 2255 1668 2292 πολίτευμα.

1088 2300 1110 2316 δ’
1123 2301 1179 2336 Οὐχ
1197 2300 1288 2332 ἁπλῶς
1306 2301 1446 2336 λήψονται,
1461 2301 1527 2328 ἀλλὰ
1543 2302 1792 2339 κληρονομήσουσι-
1807 2305 1828 2331 οἱ

1053 2347 1081 2373 δὲ
1093 2347 1210 2379 ἀσεῦεῖς,
1223 2347 1247 2373 εί
1264 2346 1310 2373 καὶ
1327 2347 1464 2382 ὑψοῦνται,
1477 2348 1533 2374 ἀλλ’
1551 2348 1621 2375 ὥστε
1638 2349 1749 2384 μείζονα
1763 2350 1829 2384 γενέ-

1055 2392 1115 2418 σθαι
1131 2392 1180 2427 τὴν
1193 2392 1303 2427 ἀτιμίαν
1319 2393 1408 2419 αὐτῶν
1417 2402 1424 2408 ·
1436 2393 1474 2424 ὡς
1488 2393 1541 2429 γάρ
1557 2403 1599 2426 τις
1611 2395 1658 2421 τὸν
1670 2395 1776 2430 δυσειδῆ
1787 2397 1826 2421 καὶ

1053 2437 1278 2473 διεστραμμένον,
1294 2439 1318 2465 εἰ
1335 2439 1466 2474 ὑψώσειεν
1476 2460 1483 2472 ,
1498 2440 1547 2466 οὐκ
1567 2440 1688 2474 ἐδόξασε,
1706 2442 1762 2469 (ab)
1774 2443 1825 2476 ἠτί-

1055 2492 1123 2518 μασε
1143 2484 1234 2516 πλέον,
1247 2485 1397 2520 κατάδηλον
1413 2486 1495 2513 αὐτοῦ
1506 2486 1536 2512 τὸ
1555 2484 1650 2522 αἶσχος
1670 2488 1772 2515 πλείοσι
1784 2498 1825 2514 κα-

1052 2530 1202 2565 ταστήσας·
1223 2530 1292 2557 οὕτω
1315 2531 1390 2558 καὶὸ
1406 2531 1471 2564 Θεὸς
1487 2533 1549 2566 ὑψοῑ
1570 2534 1634 2566 τοὺς
1653 2534 1769 2566 ἀσεϐεῖς,
1789 2535 1824 2559 ἕνα

1054 2576 1160 2611 ἐμφανῆ
1172 2577 1328 2614 καταστήσῃ
1339 2577 1389 2613 τὴν
1401 2578 1511 2604 ἐκείνων
1521 2579 1716 2616 ἀσχημοσύνην
1725 2589 1731 2596 ·
1743 2580 1822 2615 flgitium

1054 2621 1101 2646 καὶ
1125 2621 1241 2657 Φαραὼ,
1265 2622 1321 2648 ἀλλ’
1343 2623 1412 2649 ὥστε
1433 2624 1482 2659 τὴν
1500 2625 1661 2661 οἰκουμένην
1686 2627 1825 2662 κατήγορον

1055 2666 1134 2701 ἔχειν.

1089 2712 1112 2727 ⁸³
1139 2713 1306 2748 Σημειωτέον
1333 2716 1373 2742 ὅτι
1396 2715 1481 2751 δῶρον
1509 2715 1611 2750 ἀγαθὸν
1641 2718 1762 2753 ὀνομάζει
1786 2715 1824 2742 τὶν

257 2775 278 2791 ⁸⁷
295 2775 346 2804 lsa.
365 2778 462 2820 κεν-,7.
490 2779 524 2823 Δ³⁸
534 2787 601 2823 ‘9an
615 2788 636 2823 ιι
652 2781 675 2808 1.
708 2781 736 2823 L5"
750 2780 783 2807 Ill
799 2780 864 2815 Reg.
879 2791 917 2823 ιιι,
931 2781 974 2808 12.
1011 2781 1034 2823 τ
1045 2789 1076 2823 ιλ

1069 2783 1113 2823 ΛΞ..
1145 2783 1166 2799 ⁸¹
1178 2784 1237 2812 cod.
1250 2783 1397 2820 ναι-1302,
1412 2786 1468 2814 sive
1479 2785 1511 2813 Δ.
1526 2786 1544 2814 Γ.
1561 2786 1587 2821 7,
1601 2787 1627 2815 b.
1638 2804 1673 2809 —
1685 2796 1742 2823 cap.
1756 2794 1773 2819 ι,
1781 2764 1823 2814 11.

220 2809 656 2847 vmpsz—xtmm.

706 2816 728 2831 "
745 2824 803 2851 cap.
819 2824 844 2844 ιγ
857 2837 864 2851 ,
879 2816 906 2842 2.
926 2832 959 2836 -
972 2818 1002 2845 Δ.
1016 2816 1035 2844 l‘.
1049 2816 1094 2852 20,
1108 2818 1133 2846 b.
