1860 3051
53 88 106 114 617

628 88 837 116 FRAGMENTA
851 88 884 115 ΙΝ
904 88 1109 117 PROVERBIA.

1623 92 1674 120 018

53 149 148 182 νόμον,
163 146 210 174 διὰ
222 147 270 174 τὸν
284 147 453 184 λαμῦάνοντα
467 147 540 183 δῶρα
557 149 585 174 ὲν
602 148 709 180 κόλποις
725 147 825 180 ἀδίκως

929 156 944 175 o
964 149 1031 184 lege,
1049 152 1159 182 propter
1173 147 1248 174 illum
1262 147 1308 182 qui
1331 147 1400 175 dona
1424 148 1451 174 in
1471 148 1560 175 sinum
1574 149 1673 184 injuste

51 193 134 227 οὗτος
143 194 173 221 δὲ
185 194 418 229 ὲγκαταλιμπάνει
429 194 518 230 νόμον,
529 195 543 221 ὁ
557 193 730 229 παραϐαίνων
743 194 823 220 αὐτόν
833 202 840 208 ·

50 240 138 276 νόμον
152 240 183 266 δὲ
195 240 254 276 ἢτοι
269 240 299 266 ὃν
314 239 397 274 λέγει,
414 240 430 275 ἢ
448 239 478 266 ὃν
491 240 536 266 καὶ
552 239 632 271 αὐτὸς
646 239 787 274 ἐφύλαξεν.

89 326 117 343 ⁸⁵
133 327 191 354 Καὶ
203 326 261 358 πῶς
274 327 342 359 ἐστι,
358 326 597 362 περιχαράκωσον;
614 327 841 362 Λογισμοὺςαὺτῇ

52 371 153 407 κύκλῳ
173 371 281 406 περίθες
294 371 396 406 ἱερούςθ
411 371 510 407 πολλῆς
521 371 574 407 γάρ
592 380 631 398 σοι
642 372 683 398 δεῖ
693 372 742 406 τῆς
756 372 843 406 ἀσφα-

51 417 145 449 λείας,
165 417 227 443 ὲπεὶ
248 416 295 443 καὶ
311 416 396 443 πολλὰ
413 416 446 443 τὰ
461 416 667 443 ἐπιϐουλεύοντα
683 418 716 452 τῇ
731 417 841 452 τοιαύτῃ

52 464 174 499 κτήσει·
189 463 214 489 εἰ
235 462 263 488 δὲ
276 462 317 495 ἐφ’
333 463 397 497 ἡμῖν
413 462 470 488 ἐστι
484 462 514 488 τδ
531 462 730 498 περιχαρακοῦν
746 462 842 498 αὐτὴν,

52 509 82 536 αἱ
97 509 130 535 δὲ
146 509 245 544 ἀρεταὶ
257 508 298 542 ἐφ’
314 509 389 543 ἡμῖν,
406 508 524 544 χάρακες
538 508 592 544 ἄρα
604 506 667 541 εἷεν,
683 509 711 535 αἱ
729 507 843 544 ὑψοῦσαι

52 555 104 590 τὴν
127 555 231 589 γνῶσιν
249 554 295 581 τοῦ
312 554 394 580 Θεοῦ·
410 552 475 586 οἷον,
496 553 621 589 ἄσκησις,
641 554 752 589 μελέτη,
768 555 814 581 καὶ
828 555 842 580 ὁ

52 601 138 633 ἄλλος
154 601 210 627 τῶν
228 599 330 636 ἀρετῶν
343 599 476 635 ὁρμαθός·
493 599 549 631 ἅςό
564 599 665 636 τηρῶν,
681 599 730 635 τὴν
748 600 843 635 σοφίαν

53 648 142 682 τιμᾷ·
162 646 255 682 μισθὸς
269 646 306 678 δὲ,
329 645 359 672 τὸ
377 646 444 681 πρὸς
461 646 545 681 αὐτὴν
564 647 776 682 μετεωρισθῆναι
799 647 845 673 καὶ

53 692 262 728 περιληφθῆναι
276 692 320 718 ὑπ’
336 691 420 726 αὐτῆς
440 692 468 718 ὲν
481 692 519 727 τῷ
532 692 706 728 ὑπερκοσμίῳ
721 692 825 727 παστῷ.

90 739 117 754 ⁸⁸
138 737 260 768 ’Δσεΰεῖς
282 738 330 773 μὲν
350 737 374 763 ot
404 736 569 772 ἑτερόδοξοι,
596 738 748 774 παράνομοι
770 738 798 765 δὲ
822 739 844 764 οἱ

54 782 219 818 παραϐάται
232 781 277 808 τοῦ
286 781 366 816 νόμου
376 789 382 796 ·
395 777 431 806 ὧν
441 780 489 812 τὰς
499 781 584 814 ὁδοὺς,
593 782 652 817 ἦτοι
662 782 711 814 τὰς
722 782 843 818 πράξεις,

56 828 95 864 μὴ
110 827 239 854 ἐπελθεῖν
253 827 328 862 φησί.

91 875 118 891 ’⁵⁸
148 873 233 910 Ὀρθὰ
259 874 324 909 ὁρᾷ,
343 875 357 901 ὁ
377 872 522 908 λογισμοὺς
548 872 616 908 ἔχων
642 872 772 904 ἀπαθεῖς·
798 873 845 900 καὶ

53 922 186 956 δόγματα
199 919 296 956 ἀληθῆ,
307 921 321 947 ὁ
334 920 371 956 μὴ
383 920 446 955 περὶ
461 919 510 951 τὰς
525 918 576 951 ἔξω
589 919 736 953 φαντασίας
746 920 844 954 ἐπτοη-

55 967 156 1001 μένος·
180 967 244 993 ὅταν
264 965 330 1002 λέγῃ
349 966 389 992 δτι
413 966 437 991 οἱ
458 958 591 1000 ὀφθαλμοί
611 973 657 991 σου
674 964 740 1000 ὀρθὰ
751 964 845 1000 βλεπέ‹

52 1020 161 1045 τωο-αν,
178 1012 228 1048 τὴν
246 1012 340 1047 ὅρασιν
360 1010 434 1046 δηλοί
452 1010 502 1046 τῆς
525 1010 627 1045 ψυχῆς·
643 1010 689 1036 καὶ
700 1011 763 1037 ὅταν
776 1019 845 1046 παρ-

54 1060 121 1094 αινῇ
133 1079 141 1090 ,
164 1059 236 1093 φάγε
260 1057 329 1093 μέλι,
347 1057 399 1088 υἱὲ,
416 1057 459 1084 ἴνα
477 1056 614 1091 γλυκανθῇ
630 1057 643 1082 ό
661 1056 767 1092 φάρυγξ
787 1065 844 1088 σου,

55 1104 121 1140 μέλι
135 1103 275 1140 τροπικῶς
285 1103 333 1139 τὴν
345 1102 419 1129 θείαν
438 1102 512 1136 λέγει
529 1101 711 1134 διδασκαλίαν,
723 1102 783 1137 ἥτις
797 1102 845 1138 τὴν

53 1149 251 1185 πνευματικὴν
265 1147 421 1184 καταρτίζει
432 1149 481 1184 τῆς
498 1147 587 1183 ψυχῆς
599 1147 707 1181 γνῶσιν·
720 1147 786 1174 ἀλλὰ
799 1148 844 1174 καὶ

54 1197 178 1224 ἅπτεται
192 1195 280 1231 ψυχῆς
292 1196 308 1230 ὴ
323 1195 403 1230 σοφία
413 1204 419 1210 ·
437 1193 566 1230 ὲράσθητι
577 1194 641 1229 γὰρ,
650 1193 739 1229 φησὶν,
750 1194 843 1229 αὐτῆς,

54 1243 102 1268 ἵνα
122 1250 155 1267 σε
183 1240 333 1277 περιλάϐῃ·
357 1240 430 1275 ψυχὴ
450 1240 479 1266 δὲ
509 1239 553 1266 διὰ
576 1239 744 1275 περιπλοκῆς
765 1240 845 1274 σοφίᾳ.

54 1287 205 1318 ὲνωθείσα,
219 1286 354 1322 ἁγιασμοῦ
367 1285 517 1321 πληροῦται
532 1285 579 1312 καὶ
593 1284 790 1320 καθαρότητος’
804 1285 844 1312 ἔτι

53 1342 89 1368 γε
104 1333 163 1368 μὴν
182 1331 237 1358 τῶν
261 1332 378 1368 Χριστοῦ
399 1331 492 1368 μύρων
509 1332 525 1366 ὴ
544 1331 592 1366 τῆς
606 1330 693 1366 ψυχῆς
716 1330 844 1366 ἀντιλαμ-

56 1380 174 1406 ϐάνεται
186 1379 328 1414 ὄσφρησις.

94 1426 118 1442 ⁵⁷
142 1426 177 1452 Ἦ
190 1424 274 1460 ἀρετὴ
287 1423 418 1460 μεσότης⁴
435 1423 474 1450 διὸ
486 1423 534 1450 καί⁹
542 1423 591 1459 τὴν
607 1423 731 1459 ἀνδρείαν
745 1422 843 1458 μεταξὺ

54 1473 110 1508 τῆς
127 1471 296 1508 θρασύτητος
315 1471 363 1498 καὶ
380 1470 430 1506 τῆς
448 1470 547 1501 δειλίας
561 1468 629 1497 εἷναί
649 1477 732 1505 φησι·
749 1469 797 1495 νῦν
816 1469 844 1516 δὲ
856 1487 878 1516 C

54 1517 190 1554 ὀνομάζει
204 1517 293 1550 δεξιά·
311 1516 342 1543 οὐ
357 1515 391 1542 τὰ
412 1515 490 1550 φύσει
507 1515 581 1548 δεξιὰ
598 1515 671 1541 ἐστὶν
692 1515 718 1541 αἱ
737 1512 845 1550 ἀρεταὶ,

55 1564 127 1591 ἀλλὰ
138 1563 175 1590 τὰ
193 1562 341 1598 φαινόμενα
356 1561 397 1588 σοὶ
413 1561 487 1594 δεξιὰ
507 1560 551 1587 διὰ
565 1560 614 1592 τὰς
625 1560 734 1596 ἡδονάςο
751 1558 843 1595 ἡδοναὶ

55 1611 85 1637 δέ
103 1611 192 1641 εἰσιν,
205 1608 236 1635 οὐ
255 1608 334 1644 μόνον
352 1607 516 1643 Ἀφροδίσια,
527 1606 596 1633 ἀλλὰ
607 1606 654 1634 κού⁵
669 1605 780 1637 πλοῦτος
796 1604 843 1632 καὶ

55 1656 151 1691 τρυφή
161 1664 168 1669 ·
181 1654 312 1690 ἀριστερὰ
323 1654 361 1685 δὲ,
376 1653 480 1688 φθόνος,
493 1653 626 1689 ἁρπαγαὶ,
637 1652 728 1680 καὶτὰ
739 1651 843 1682 τούτοις

55 1704 156 1737 ὅροιν
182 1700 278 1735 βορέας
291 1699 356 1735 γὰρ,
377 1698 455 1734 φησὶ,
476 1698 590 1734 σκληρὸς
606 1698 713 1734 ἄνεμος,
732 1697 842 1734 ὀνόματι

55 1748 86 1774 δὲ
106 1746 240 1778 ἐπιδέξιος
263 1744 398 1772 καλεῖται·
424 1743 519 1780 βορέαν
533 1744 587 1779 γὰρ
610 1743 778 1779 συμΰολικῶς
797 1743 842 1770 τὸν

57 1793 181 1828 πονηρὸν
195 1791 271 1818 καλεῖ
290 1792 348 1827 ἦτοι
371 1792 416 1818 τὸν
440 1791 561 1818 διάϐολον
574 1810 580 1822 ,
606 1791 651 1824 ἀφ’
666 1785 696 1815 οῦ
710 1788 842 1824 ἐξεκαύθη

56 1839 152 1865 πάντα
166 1837 200 1864 τὰ
220 1837 292 1864 κακὰ
307 1837 353 1863 ἐπὶ
368 1837 417 1872 τῆς
437 1837 501 1872 γῆς·
519 1836 629 1871 ὀνόματι
646 1834 674 1861 δὲ
692 1832 768 1866 οὗτος
782 1835 841 1860 ἐπι-

54 1884 164 1917 δέξιος,
183 1883 224 1910 δτι
247 1882 362 1917 ἄγγελος
384 1882 504 1909 καλεῖται
524 1880 602 1916 δεξιῷ
619 1879 840 1915 ὀνόματι.-Σὺ,

57 1929 155 1964 φησιν,
168 1928 291 1955 ἐκκλίνον
305 1927 359 1955 ἀπὸ
373 1927 468 1959 κακοῦ,
486 1927 532 1954 καὶ
544 1927 583 1962 τῷ
597 1926 655 1962 Θεῷ
673 1926 783 1962 μελήσει
795 1926 841 1952 τοῦ

55 1975 154 2006 τέλους
164 1983 170 1989 ·
185 1973 381 2010 προπορεύεται
392 1974 446 2009 γάρ
459 1982 505 2000 σου
515 1982 522 1988 ·
535 1973 674 2000 καταλύων
687 1973 749 2004 τοὺς
763 1972 841 1999 πολε-

60 2021 152 2056 μίους,
165 2020 203 2052 ὡς
214 2020 242 2046 ὲν
259 2021 354 2056 εἰρήνῃ
367 2028 396 2046 σε
410 2019 525 2055 βαδίσαι.

95 2067 119 2083 ⁸⁸
136 2067 261 2093 Δείκνυσι
282 2065 336 2101 γὰρ
351 2066 398 2091 καὶ
412 2065 455 2092 διὰ
469 2064 516 2091 τοῦ
532 2064 610 2100 ζῴου,
630 2063 660 2090 τὺ
677 2063 727 2098 τῆς
747 2063 842 2098 ἡδονῆς

57 2111 195 2147 καθαρόν·
211 2111 257 2137 καὶ
269 2110 313 2137 διὰ
325 2110 370 2137 τοῦ
388 2109 487 2142 πώλου,
506 2110 536 2136 τὸ
555 2110 604 2144 τῆς
613 2109 739 2143 γυναικὸς
760 2109 841 2144 παρί-

894 195 1002 230 accipit.
1017 195 1062 221 llle
1081 194 1165 229 legem
1184 193 1294 227 deserit,
1313 194 1359 228 qui
1382 202 1441 221 eam
1465 196 1673 229 transgreditur.

895 241 990 276 Legem
1011 249 1091 275 porro
1110 240 1152 267 vel
1163 247 1244 275 quam
1261 240 1362 267 diserte
1379 239 1512 272 nominat,
1530 241 1570 267 vel
1591 249 1673 276 quam

894 286 964 312 idem
978 285 1140 312 observavit.

928 331 996 364 Quid
1011 335 1062 365 est,
1078 331 1232 358 circumda?
1242 329 1356 358 Sanelas
1367 331 1391 358 ei
1405 331 1559 365 circumjice
1571 332 1674 367 c0gita-

893 376 990 403 tiones.
1008 376 1091 404 Multo
1106 377 1177 404 enim
1199 377 1247 403 tibi
1265 384 1334 412 opus
1354 381 1396 403 est
1419 377 1579 410 munimine,
1602 386 1674 413 quo-

894 422 966 449 niam
980 423 1064 450 multa
1077 429 1141 450 sunt
1159 423 1204 449 tali
1224 422 1390 457 possessioni
1408 422 1576 451 insidiantia.
1595 423 1672 457 Quod

894 468 917 494 si
934 468 959 494 in
977 472 1069 495 nostra
1089 473 1222 503 potestate
1239 473 1279 496 est
1303 475 1361 495 eam
1379 468 1595 501 circumvallare,
1611 478 1672 497 mu-

894 513 996 540 nimina
1009 513 1118 548 quidem
1134 514 1213 541 nobis
1224 518 1305 540 erunt
1317 513 1429 541 virtutes
1451 522 1510 549 qua:
1522 514 1569 543 Dei
1586 516 1673 543 scien-

894 559 960 585 tiam
985 559 1134 592 extollunt,
1155 559 1237 586 veluti
1259 559 1393 594 ascetica,
1417 564 1444 586 et
1469 561 1623 594 meditatio,
1647 566 1675 589 et

894 604 1014 639 reliquus
1029 604 1158 631 virtutum
1177 605 1295 638 chorus;
1318 613 1388 640 quas
1404 607 1450 641 qui
1467 611 1549 640 tenet,
1565 608 1674 643 sapien-

894 650 958 676 tiam
975 650 1091 677 honorat
1105 660 1111 677 :
1137 658 1240 678 merces
1254 659 1319 678 vero
1334 655 1385 684 est,
1402 652 1434 679 ad
1459 653 1546 687 ipsam
1568 655 1674 689 extolli,

894 699 993 721 etcum
1009 703 1040 722 ea
1055 695 1175 722 deliciari
1193 695 1219 722 in
1231 696 1334 723 cmlesti
1353 696 1482 724 thalamo.

929 740 1006 776 impii
1030 746 1094 769 sunt
1117 742 1295 770 hcterodoxi:
1320 747 1477 777 peccatores
1501 748 1590 771 autem
1607 744 1675 780 legis

896 790 1113 821 transgressores
1125 796 1132 816 :
1144 795 1260 822 quorum
1275 788 1333 816 vias
1346 792 1372 816 et
1388 793 1465 816 actus
1480 790 1576 817 sectari
1590 795 1673 819 vetat.

931 880 1014 908 Recta
1031 880 1103 907 videt
1114 881 1160 915 qui
1174 880 1351 914 cogitationes
1372 881 1452 908 habet
1469 883 1674 917 perturbatione

895 926 994 954 liberas
1006 935 1013 953 :
1029 931 1056 953 et
1067 934 1130 954 vera
1145 927 1283 962 dogmata,
1298 927 1321 954 is
1333 927 1380 962 qui
1394 928 1576 956 exterioribus
1588 930 1674 964 phan-

895 972 971 999 lasiis
988 979 1041 999 non
1057 972 1221 1007 percellitur.
1238 972 1306 1003 Cum
1319 973 1400 1000 dicit:
1417 973 1495 1001 Oculi
1511 974 1551 1001 tui
1565 975 1676 1002 videant

894 1018 1059 1053 aequitatem,
1072 1019 1105 1045 de
1118 1019 1221 1046 visione
1232 1019 1330 1046 animae
1344 1019 1474 1054 loquitur.
1486 1019 1520 1047 Et
1534 1028 1595 1047 cum
1611 1022 1676 1048 hor-

895 1069 985 1092 tatur:
1001 1064 1120 1092 Comede
1133 1065 1197 1097 mel,
1215 1065 1264 1097 ﬁli,
1279 1069 1309 1092 ut
1322 1066 1357 1092 sit
1370 1065 1484 1093 dulcedo
1497 1067 1599 1101 gutturi
1616 1072 1674 1101 tuo,

895 1111 948 1138 mel
966 1111 1068 1146 tropice
1089 1110 1155 1138 dicit
1173 1110 1293 1138 divinam
1309 1111 1474 1143 doctrinam,
1490 1119 1550 1146 quae
1564 1113 1674 1147 spirita-

895 1157 946 1184 lem
962 1157 1071 1185 conﬁcit
1085 1156 1182 1184 animae
1196 1156 1348 1184 scientiam.
1367 1156 1421 1190 sed
1441 1161 1467 1184 et
1481 1158 1600 1186 animam
1614 1162 1675 1186 tan-

895 1203 933 1237 git
951 1203 1093 1238 sapientia.
1117 1203 1186 1229 Ama
1205 1202 1276 1235 enim
1295 1209 1365 1235 eam,
1389 1207 1419 1229 ut
1444 1203 1612 1237 amplexetur
1635 1209 1672 1232 te.

893 1248 953 1275 Jam
977 1249 1068 1276 anima
1089 1256 1136 1283 per
1149 1248 1320 1282 complexum
1335 1248 1427 1276 virtuti
1450 1249 1591 1284 copulata,
1609 1257 1674 1277 san-

894 1296 986 1323 ctitate
1001 1295 1118 1331 repletur
1132 1300 1158 1322 et
1171 1295 1298 1329 puritate.
1312 1294 1423 1329 Insuper
1434 1293 1534 1322 Christi
1553 1304 1674 1331 unguen-

895 1345 982 1369 torum
999 1341 1089 1368 anima
1103 1340 1212 1367 aﬂ‘ectat
1223 1340 1376 1367 odoratum.

929 1424 1022 1452 Virtus
1039 1424 1155 1451 medium
1181 1429 1261 1451 tenet.
1287 1424 1470 1457 Quare.etiani
1487 1426 1672 1454 fortitudinem

894 1471 959 1498 dicit
972 1479 1033 1499 esse
1046 1471 1161 1498 mediam
1177 1471 1247 1498 inter
1261 1471 1402 1498 audaciam
1414 1476 1441 1499 et
1449 1471 1674 1500 timorem.Nunc

893 1525 956 1544 vero
971 1517 1036 1544 dicit
1050 1516 1170 1549 dextera,
1183 1524 1236 1543 non
1253 1524 1313 1551 qua:
1329 1521 1393 1543 sunt
1403 1517 1563 1544 naturaliter
1580 1517 1673 1545 dexte-

893 1571 933 1596 ra,
949 1561 1101 1598 cujusmodi
1121 1566 1185 1589 sunt
1198 1562 1320 1594 virtutes,
1336 1561 1383 1589 sed
1408 1569 1469 1596 quae
1487 1562 1597 1590 dextera
1609 1571 1674 1598 pro-

892 1613 953 1644 pter
965 1608 1115 1643 voluptates
1129 1607 1175 1634 tibi
1191 1606 1325 1633 videntur.
1337 1605 1495 1641 Voluptates
1504 1612 1593 1635 autem
1609 1613 1673 1636 sunt

892 1662 946 1682 non
962 1654 1048 1682 solum
1064 1652 1209 1686 Venereae,
1224 1659 1318 1680 verum
1333 1652 1414 1679 etiam
1436 1653 1535 1681 divitia:
1551 1662 1583 1681 ac
1606 1655 1673 1683 deli-

892 1701 950 1728 εἰπε.
964 1700 1081 1727 Sinistra
1096 1706 1172 1731 vere,
1195 1699 1292 1731 caedes,
1311 1698 1428 1732 rapinm,
1449 1703 1474 1726 ct
1495 1699 1537 1727 his
1560 1701 1670 1729 similia.

891 1745 958 1773 Nam
969 1746 1065 1773 boreas
1073 1745 1176 1780 rigidus
1184 1747 1290 1777 ventus,
1298 1744 1393 1772 dexter
1400 1745 1559 1780 appellatur.
1568 1745 1673 1782 Quippe

892 1792 1001 1818 boream
1024 1790 1188 1826 symbolice,
1212 1791 1359 1825 malignum
1385 1790 1522 1818 diabolum
1549 1793 1670 1827 vocitat,

892 1845 906 1864 a
928 1845 982 1872 quo
1005 1837 1077 1864 mala
1101 1836 1192 1863 omnia
1215 1836 1397 1864 incenduntur
1425 1836 1451 1864 in
1479 1837 1554 1864 orbe.
1577 1837 1670 1866 Eidem

893 1890 991 1910 nomen
1006 1887 1048 1910 est
1060 1882 1163 1914 dexter,
1176 1881 1238 1916 quia
1255 1881 1366 1916 angelus
1386 1886 1498 1909 vocatur
1518 1882 1625 1917 dextro,
1642 1883 1671 1911 id

892 1933 934 1956 cst
949 1929 1039 1956 fausto
1059 1927 1178 1955 nomine.
1190 1926 1289 1960 —Tu,
1306 1927 1410 1962 inquit,
1432 1927 1537 1955 declina
1556 1936 1571 1955 a
1587 1929 1669 1961 malo,

892 1980 919 2003 et
936 1975 990 2002 Deo
1004 1982 1070 2002 cura
1085 1974 1135 2001 erit
1155 1974 1216 2001 ﬁnis
1232 1973 1279 2002 tui.
1298 1973 1418 2001 Anteibit
1434 1974 1507 2001 enim
1525 1979 1561 2008 te,
1579 1975 1671 2003 hostes

892 2020 1049 2056 proﬂigans,
1066 2024 1096 2046 ut
1107 2020 1219 2054 pacitice
1232 2019 1375 2054 gradiaris.

927 2065 1028 2100 Nempe
1044 2073 1091 2100 per
1104 2072 1210 2092 cervam
1222 2065 1332 2091 denotat
1342 2064 1487 2099 voluptatis
1500 2064 1526 2091 in
1542 2065 1672 2101 coniugio

893 2111 1093 2144 innocentiam;
1113 2115 1139 2137 et
1158 2118 1205 2145 per
1224 2110 1337 2145 pullum,
1359 2110 1524 2137 alacritatem
1547 2111 1671 2138 mulieris

59 2167 141 2194 στησι
158 2157 258 2193 γαῦρον
271 2157 318 2183 καὶ
331 2156 467 2183 ποθεινόν·
483 2155 530 2182 καὶ
542 2154 634 2190 ἐπειδὴ
646 2154 731 2181 πολλὰ
741 2152 795 2181 οἶδε
807 2153 830 2180 τέ

928 2158 1018 2193 primit
1032 2161 1058 2184 et
1081 2156 1284 2183 amabilitatem.
1300 2155 1333 2182 Et
1349 2155 1413 2190 quia
1430 2155 1514 2182 multa
1538 2156 1624 2183 cernit
1635 2157 1670 2184 ad

58 2204 265 2240 παροξύνοντα,
290 2203 453 2237 ἀσφαλίςει,
470 2201 578 2238 ἀρραγῆ
603 2201 649 2227 τὸν
674 2201 723 2236 τῆς
751 2200 842 2235 φιλίας

57 2249 153 2280 αὐτοῖς
166 2248 263 2284 δεσμὸν
280 2247 425 2283 ἐπιτίθησι,
443 2246 473 2274 τὸ
486 2246 665 2281 ἀδιάρρηκτον
681 2245 771 2276 αὐτοῖς
788 2253 841 2280 μη-

58 2294 218 2330 χανώμενος
228 2302 234 2308 ·
251 2293 337 2325 ἄλλως
351 2293 378 2320 δὲ
391 2294 407 2328 ἡ
426 2293 505 2327 σοφία
514 2312 521 2324 ,
535 2291 640 2327 ὴτοιοῦν
658 2291 763 2324 ἔλαφος,
779 2291 841 2322 τοὺς

57 2341 114 2368 τῶν
132 2340 296 2376 ἑτεροδόξων
318 2339 441 2374 ὀφιώδεις
461 2339 555 2372 λόγους
578 2338 698 2372 πέφυκεν
719 2336 839 2363 ἐλαύνειν

58 2388 108 2414 καί
129 2387 267 2422 ἀναιρεῖν·
285 2385 354 2420 αῦτη
376 2383 432 2416 οὖν,
450 2384 531 2419 φησὶ,
552 2384 669 2410 συνέστω
688 2391 729 2408 σοι
753 2382 840 2414 πῶλος

57 2432 127 2460 οὖσα
144 2432 184 2468 τῷ
196 2431 301 2463 νεάζειν
314 2431 420 2458 ἃπασαν
432 2430 530 2466 ἀρετήν
539 2437 546 2444 ·
563 2429 610 2455 καὶ
624 2428 684 2454 ἐπεὶ
698 2427 734 2463 μὴ
750 2428 841 2462 ὅμοιον

59 2480 128 2516 γυνὴ
143 2480 190 2506 καὶ
209 2479 299 2513 σοφία,
315 2478 382 2513 αὕτη
398 2477 549 2504 τούναντίον
566 2475 684 2511 ἡγείσθω
701 2483 756 2501 σοι’
769 2474 839 2501 οὕτω

58 2525 114 2560 γὰρ
130 2524 299 2559 ἀποκυήσεις
312 2522 454 2557 λογισμοὺς
471 2520 597 2556 ἀγαθούς.

93 2571 116 2586 ’³
131 2570 192 2596 Ἵνα
212 2569 249 2604 μὴ
264 2568 362 2605 λέγῃςί·
379 2568 410 2594 Τί
426 2568 480 2603 γὰρ
498 2566 594 2602 βλάὸος
608 2567 663 2598 τοῖς
682 2566 836 2601 ὀφθαλμοῖς,

59 2616 97 2652 μὴ
114 2616 225 2647 πάντως
239 2614 323 2649 οὓσης
337 2614 456 2649 ἀνάγκης
471 2612 516 2639 τδν
536 2611 669 2648 ἐνορῶντα
683 2612 836 2648 τραπῆναι;

56 2661 178 2689 ⁸δείκνυσί
199 2669 252 2692 σοι,
275 2659 341 2695 ὡςὴ
357 2659 404 2695 μὲν
425 2658 571 2694 ἐπιθυμία,
592 2657 647 2693 πῦρ
660 2658 749 2684 ἐστιν·
774 2658 791 2692 ἡ
811 2657 838 2684 δὲ

93 2756 117 2772 ⁴⁵
133 2764 159 2783 v.
171 2755 242 2783 8.—
255 2754 289 2780 Α.
303 2752 322 2779 f.
335 2753 380 2785 21,
391 2761 417 2779 a.
454 2753 476 2769 ‘5
490 2761 514 2780 γ.
534 2753 577 2780 Η.
590 2769 623 2773 -
637 2754 667 2780 Α.
686 2752 704 2779 ί.
718 2752 762 2779 ‘22.
781 2752 806 2778 ι).

59 2799 86 2825 v,
104 2791 195 2819 19,——
207 2789 278 2816 Α.1“.
291 2788 337 2821 27,
350 2788 376 2815 ι).
412 2788 434 2804 ⁸³
452 2796 510 2823 cap.
525 2796 562 2819 νι,
578 2788 667 2815 2'].—
679 2788 711 2816 A.
729 2789 747 2815 l'.
764 2788 807 2819 55,
820 2795 846 2814 a.

217 2836 356 2864 PATnOL.
373 2834 430 2864 Gn.
442 2835 482 2864 Χ.

892 2205 988 2231 vitium
1004 2203 1144 2230 incitantia
1156 2223 1164 2235 ,
1189 2206 1268 2230 caute
1282 2201 1417 2233 consulit,
1433 2205 1461 2228 et
1481 2201 1671 2230 iudissolubile

893 2249 1055 2284 conjugibus
1071 2249 1208 2275 vinculum
1222 2247 1322 2282 injicit,
1337 2247 1518 2274 constantiam
1536 2247 1590 2275 illis
1604 2256 1670 2276 con-

893 2295 998 2322 cilians.
1015 2294 1120 2329 Alioqui
1137 2293 1278 2328 sapientia,
1293 2293 1366 2320 cervi
1382 2292 1475 2324 instar,
1489 2292 1669 2320 heterodoxo-

893 2347 953 2367 rum
970 2339 1139 2373 serpentinas
1152 2337 1289 2365 doctrinas
1299 2337 1428 2371 repellere
1439 2337 1509 2364 valet
1523 2342 1550 2364 et
1564 2338 1670 2366 exstin—

892 2388 984 2421 guer‘e.
997 2384 1060 2412 Haec
1077 2384 1173 2419 igitur,
1188 2383 1286 2417 inquit,
1305 2387 1394 2409 tecum
1415 2382 1451 2410 sit
1465 2383 1543 2417 quasi
1566 2383 1668 2418 pullus,

893 2434 921 2456 ut
934 2437 1041 2456 omnem
1058 2429 1186 2455 virtutem
1204 2428 1321 2454 inn0vet.
1335 2426 1368 2453 Et
1390 2427 1454 2462 quia
1472 2435 1527 2454 non
1545 2433 1587 2456 est
1605 2437 1668 2456 mu-

891 2474 950 2501 lieri
966 2474 1063 2502 similis
1082 2473 1224 2508 sapientia,
1243 2473 1300 2500 haec
1314 2472 1406 2507 potius
1424 2473 1459 2499 sit
1472 2473 1520 2500 tibi
1536 2473 1602 2500 dux.
1622 2473 1672 2501 Sic

891 2520 964 2548 enim
982 2521 1066 2547 bonas
1079 2519 1234 2554 procreahis
1250 2518 1438 2553 cogitationes.

927 2565 965 2593 Ne
985 2565 1055 2592 forte
1075 2564 1169 2592 dicas:
1188 2563 1244 2590 Cur
1268 2567 1385 2591 noceant
1404 2563 1487 2596 oculi,
1509 2571 1570 2590 cum
1587 2563 1668 2598 plane

891 2618 945 2638 non
959 2610 995 2638 sit
1010 2617 1121 2637 necesse
1134 2616 1196 2636 eum
1221 2608 1336 2643 perverti
1352 2609 1399 2643 qui
1424 2608 1528 2636 cernit?
1549 2609 1669 2636 ostendit

892 2656 939 2684 tibi
961 2654 1208 2690 concupiscentiam
1233 2662 1295 2682 esse
1316 2655 1422 2690 ignem;
1439 2661 1566 2688 carnem,
1585 2654 1667 2681 vesti-

844 2752 901 2778 ιον.
915 2751 1029 2779 ‘25.—A.
1046 2750 1064 2778 τ.
1078 2750 1163 2784 25,1).
1200 2749 1531 2785 "mem—aleam
1569 2750 1591 2766 δι’
1605 2756 1666 2784 cap.

1442 2833 1481 2862 20
