1860 3051
196 74 251 104 819

626 77 654 104 S.
668 77 849 105 IIIPPOLYTI
869 78 942 105 ()PP.
965 79 1054 108 PARS
1073 79 1094 109 Ιι.
1115 96 1150 102 --
1170 82 1372 113 EXEGETICA.

1722 77 1728 82 ’
1759 92 1800 119 629

198 141 337 170 mentum;
357 136 428 164 hanc
440 136 548 171 quidem
564 135 644 164 facile
655 137 733 172 capi;
747 137 822 165 illam
844 145 909 166 vero
920 145 980 166 esse

1036 138 1118 175 σὰρξ,
1150 141 1273 177 ἱμάτιονο
1289 143 1320 169 τὺ
1340 144 1390 179 μὲν
1405 145 1552 173 εὐάλωτονν
1569 147 1586 183 ἡ
1601 147 1629 174 δὲ
1653 149 1799 183 τυραννική·

196 184 379 220 tyrannicam.
395 182 472 216 Quod
484 189 550 210 vero
577 189 631 209 n0n
658 183 740 210 modo
767 188 807 211 est
832 183 978 216 inclusum,

195 239 291 258 verum
318 229 399 258 etiam
426 229 600 264 colligatum,
631 229 702 257 haud
729 234 793 257 ante
825 230 979 266 egredietur

195 285 278 313 quam
298 276 350 304 sibi
367 275 469 303 exitum
490 274 594 303 fecerit.
616 275 676 303 Jan:
697 275 743 309 qui
760 280 864 310 spectat
881 277 979 304 mulie-

194 331 270 355 rem,
288 321 394 349 etiamsi
414 320 556 356 diffugiat,
579 329 632 348 non
654 326 744 348 tamen
768 329 854 356 purus
877 330 979 350 concu-

192 368 326 404 piscentia
349 367 478 395 discedet.
507 366 562 394 Cur
581 371 670 395 autem
703 375 772 402 opus
797 373 839 396 est
867 369 974 404 negotia

193 413 310 446 habere,
333 413 357 441 si
387 413 491 449 absque
515 412 582 448 ipsis
605 420 752 448 possumus
779 421 839 441 esse
865 413 978 448 pudici?

192 459 311 488 Observa
326 459 390 497 quid
401 459 474 487 dicat
485 457 587 486 Jobus:
603 457 702 486 Fazdus
715 458 800 494 pepigt
818 468 876 486 cum
889 459 973 486 oculis

186 507 265 540 meis,
277 515 309 534 ne
326 507 359 534 de
374 506 482 533 muliere
502 505 589 532 aliena
608 505 759 539 cogitarem.
777 504 826 532 Hic
844 505 974 532 nimirum

189 553 326 581 illusionis
348 552 403 579 vim
427 551 600 587 agnoscebat.
624 551 723 579 Paulus
743 552 825 579 etiam
845 551 916 579 hanc
938 551 974 578 ob

187 606 300 627 causam
317 597 466 633 castigabat
482 604 582 632 corpus
597 601 624 624 et
643 597 670 624 in
687 597 844 624 servitutem
866 597 973 632 redige-

188 645 244 672 hat.
275 643 396 679 Spiritali
421 647 511 670 autem
542 650 641 676 sensu,
668 643 713 669 ille
738 642 831 677 alligat
855 642 883 670 in
909 643 970 670 sinu

188 691 295 727 ignem,
324 690 372 725 qui
399 690 534 725 impuram
561 690 754 724 cogitationem
779 689 919 716 immorari
943 691 971 716 in

186 737 270 765 corde
287 737 353 764 sinit
369 745 376 764 :
392 735 501 763 incedit
517 740 608 763 autem
624 743 706 770 super
728 734 862 763 carbones
878 735 902 763 is
922 735 968 770 qui

185 787 326 818 peccatum
340 782 479 817 operando
492 780 629 816 propriam
644 781 764 808 animam
781 781 879 816 perdit.

220 828 360 864 Cemphus
381 833 423 856 est
435 827 489 856 lari
514 827 640 863 species:
659 827 706 863 qui
731 831 787 855 tam
806 827 915 855 effrenis
934 827 967 855 ad

184 875 350 910 voluptatem
373 879 432 908 est,
459 878 489 902 ut
514 873 609 901 oculos
638 873 772 908 sanguine
799 873 912 908 implere
939 873 967 901 in

185 920 308 949 coeundo
322 920 462 953 videatur;
475 924 503 948 et
521 920 649 948 incautus
661 927 734 955 saepe
748 919 776 947 in
790 919 904 954 laqueos
920 924 968 947 aut

184 967 327 995 hominum
349 973 448 995 manus
469 965 573 994 incidit.
591 965 660 993 Huic
685 973 749 1001 ergo
768 965 856 993 virum
875 973 965 993 mere-

183 1014 244 1041 trici
264 1013 384 1041 deditum
409 1015 550 1048 comparat
567 1013 603 1040 ob
620 1012 771 1040 libidinem.
784 1011 833 1040 Vel
851 1012 886 1040 oh
907 1013 966 1047 ejus

183 1061 242 1087 avis
268 1059 429 1090 stultitiam,
445 1058 545 1086 etenim
569 1063 597 1087 et
623 1059 680 1086 haec
710 1065 839 1094 tanquam
867 1058 964 1086 stolida

182 1112 320 1140 quemque
334 1107 463 1131 sectatur.
477 1103 561 1131 Aiunt
572 1104 653 1132 etiam
667 1104 811 1139 cemphum
825 1108 966 1140 tantopere

182 1156 277 1184 spuma
291 1148 430 1181 delectari,
439 1152 470 1175 ut
482 1148 505 1176 si
517 1149 580 1183 quis
596 1149 728 1184 navigans
741 1157 866 1184 spumam
881 1157 963 1177 manu

182 1199 283 1228 teneat,
296 1193 340 1221 ille
350 1193 444 1221 manui
458 1193 584 1221 insideat.
601 1193 676 1221 Parit
688 1195 770 1222 etiam
784 1203 846 1223 cum
858 1195 963 1223 dolore.

215 1282 319 1311 Novisti
343 1284 404 1319 ejus
428 1284 573 1317 damnum;
590 1291 655 1311 cave
668 1283 761 1319 itaque
777 1291 811 1312 ne
831 1284 962 1319 concupi-

179 1329 312 1356 scentiam
326 1329 469 1364 admittas;
482 1337 557 1358 mors
571 1328 643 1356 enim
657 1329 717 1365 ejus
731 1330 894 1358 immortalis
908 1335 960 1358 est.

178 1374 331 1410 Catemqui
357 1375 484 1411 vulnerat
501 1375 611 1411 quidem
640 1375 832 1408 sermoni-bus,
861 1375 963 1404 occidit

177 1429 242 1450 vero
266 1423 384 1457 peccatis
404 1430 452 1451 eos
466 1423 512 1458 qui
537 1423 589 1451 sibi
612 1423 762 1459 indulgent.
783 1423 851 1451 Nam
875 1424 960 1452 multa

1030 184 1093 211 ὅταν
1108 185 1136 212 δὲ
1150 186 1199 222 οὐχ
1215 187 1306 220 ἁπλῶς
1325 189 1483 225 ἐγκείμενον
1520 211 1528 224 ,
1541 192 1609 219 ἀλλὰ
1627 193 1676 220 καὶ
1691 193 1801 220 ἀποδεδε-

1032 231 1123 266 μένον,
1143 232 1172 259 οὐ
1189 233 1320 270 πρότερον
1333 234 1518 269 ἐξελεύσεται,
1534 237 1590 269 ηέως
1608 238 1695 274 ἑαυτῷ
1707 240 1799 275 ποιήσει

1029 277 1158 309 διέξοδον·
1175 279 1253 316 ὁγὰρ
1274 280 1334 307 ἰδὼν
1353 283 1480 316 γυναῖκα,
1496 284 1521 310 εί
1536 284 1583 311 καὶ
1602 284 1737 319 διέφυγεν,
1751 285 1799 312 ἀλλ’

1028 322 1078 349 οὐκ
1093 322 1240 359 ἐπιθυμίας
1263 324 1382 361 καθαρὸς
1406 327 1576 364 ἀνεχώρησε·
1594 328 1621 356 τί
1641 330 1669 356 δέ
1689 330 1727 356 δεῖ
1741 339 1800 363 πρα-

1028 368 1158 404 γμάτων,
1184 370 1270 406 παρὸν
1296 371 1480 408 ἀπραγμόνως
1503 376 1668 410 σωφρονεῖν;
1692 376 1757 412 Ὅρα
1777 377 1800 402 τί

1028 415 1109 450 φησὶν
1124 416 1138 442 ὅ
1160 416 1234 442 Ἰώϐ·
1252 418 1402 452 Διαθήκην
1416 419 1555 454 διεθέμην
1573 420 1637 454 τοῖς
1650 422 1800 457 ὀφθαλμοῖς

1024 469 1095 494 μου,
1109 461 1162 488 τοῦ
1179 461 1222 496 μὴ
1245 463 1427 498 κατανοῆσαι
1444 465 1571 500 γυναῖκα
1590 467 1749 501 ἀλλοτρίαν
1756 468 1784 484 ⁸⁵⁵

1025 504 1111 538 οὕτως
1133 504 1187 533 οἶδε
1208 507 1256 543 τὴν
1279 508 1329 543 τῆς
1350 510 1482 545 ἐπηρείας
1503 511 1595 546 ἰσχύν*
1612 512 1658 538 καὶ
1671 514 1686 539 ὁ
1706 513 1800 546 Παῦλος

1025 551 1053 577 δὲ
1073 551 1167 579 τούτου
1190 553 1282 581 ἕνεκεν
1299 555 1429 588 ὑπεπίεζε
1451 556 1482 583 τὺ
1498 557 1577 593 σῶμα
1596 558 1644 585 καὶ
1659 559 1799 595 ἐδουλαγώ-

1025 606 1084 632 γει·
1100 598 1170 625 κατὰ
1184 599 1212 625 δέ
1228 599 1354 636 θεωρίαν,
1372 602 1554 638 ἀποδεσμεύει
1567 603 1624 640 πῢρ
1639 605 1669 631 ἐν
1688 605 1773 642 κόλπῳ
1787 607 1800 632 6

1025 643 1174 679 συγχωρῶν
1185 644 1341 681 ἀκάθαρτον
1362 646 1490 683 λογισμδν
1511 648 1678 684 ἐγχρονίζειν
1693 651 1724 686 τῇ
1739 659 1800 687 καρ-

1022 688 1082 724 δίᾳ⁹
1099 692 1244 725 περιπατεί
1259 691 1288 718 δὲ
1306 692 1398 719 ἐπάνω
1414 692 1567 729 ἀνθράκων,
1583 695 1598 721 ὁ
1617 695 1662 722 διὰ
1681 696 1730 732 τῆς
1744 698 1799 724 κατ’

1023 734 1163 770 ἐνέργειαν
1180 737 1318 773 ἁμαρτίας
1332 738 1381 774 τὴν
1395 738 1463 766 ἰδίαν
1475 739 1616 768 ἀπολλύων
1629 740 1726 777 ψυχήν.

1054 826 1077 842 ⁵ο
1089 826 1202 862 Κέμφος
1223 828 1298 855 ἐστὶν
1323 826 1393 861 εἶδος
1407 829 1501 866 λάρου,
1525 830 1555 863 ὃς
1568 831 1655 864 οὕτως
1679 832 1800 869 ἀκρατῶς

1018 870 1074 906 ἔχει
1102 871 1170 907 πρὶς
1190 872 1298 909 ἡδονὴν,
1325 874 1363 906 ὼς
1388 875 1503 911 αἵματος
1529 877 1697 913 πληροῦσθαι
1717 878 1799 905 δοκεῖν

1017 917 1080 949 τοὺς
1101 918 1260 954 άφθαλμοὺς
1277 920 1306 946 ἐν
1327 920 1365 956 τῷ
1385 921 1505 957 ὀχεύειν
1523 923 1570 950 καὶ
1585 923 1709 951 λανθάνει
1726 925 1798 951 ἀναι-

1018 963 1124 1000 σθητῶν
1148 963 1255 1000 βρόχοις
1279 965 1437 1003 πολλάκιςῆ
1457 968 1535 1005 χερσὶ
1565 969 1737 1005 περιπίπτων
1754 971 1799 998 άν-

1018 1005 1150 1041 θρὼπων·
1175 1007 1261 1043 τούτῳ
1279 1007 1325 1050 οὖν
1348 1010 1394 1037 τὸν
1417 1012 1628 1048 προστιθέμενον
1652 1015 1685 1050 τῇ
1700 1015 1798 1051 πόρνῃ,

1016 1051 1050 1078 δι’
1065 1052 1213 1080 ἀκολασίαν
1232 1054 1408 1097 ἀπείκασεν·
1427 1056 1443 1092 ἢ
1466 1057 1510 1085 διὰ
1525 1057 1573 1085 τοῦ
1598 1059 1667 1094 ζῴου
1690 1059 1797 1097 εὔηθες·

1016 1098 1063 1125 καὶ
1076 1098 1132 1135 γὰρ
1148 1099 1195 1126 καὶ
1207 1095 1286 1132 οὗτος
1299 1100 1337 1132 ὡς
1350 1100 1445 1137 ἄφρων
1459 1103 1677 1140 ἐπηκολούθησεο
1696 1095 1761 1140 φασὶ
1772 1106 1799 1132 δὲ

1016 1143 1095 1170 αὐτὸν
1116 1145 1244 1173 τοσοῦτον
1268 1146 1373 1182 χαίρειν
1392 1147 1485 1184 ἀφρῷ,
1512 1148 1582 1176 ὥστε
1603 1150 1631 1176 εί
1644 1159 1688 1183 τις
1710 1152 1799 1179 πλέων

1015 1190 1101 1226 ἀφρὸν
1117 1190 1163 1217 ἐπὶ
1182 1191 1272 1227 χειρὸς
1292 1191 1364 1226 ἕξει,
1382 1193 1545 1231 ἐπικάθηται
1561 1198 1593 1232 τῇ
1609 1198 1698 1233 χειρὶι
1715 1199 1799 1226 τίκτει

1014 1236 1042 1263 δέ
1059 1237 1106 1263 καὶ
1123 1237 1152 1264 ἐν
1166 1237 1257 1274 ὀδύνῃ.

1050 1283 1073 1299 ¹¹
1086 1281 1163 1315 Εἶδες
1176 1284 1261 1320 αὐτῆς
1273 1284 1320 1320 τὴν
1334 1284 1435 1321 βλάϐην
1445 1294 1451 1301 ·
1466 1286 1503 1322 μὴ
1514 1287 1664 1325 ὰναμείνῃς
1675 1288 1799 1322 δέξασθαι

1013 1328 1062 1364 τὴν
1089 1330 1251 1366 ἐπιθυμίαν·
1275 1331 1408 1364 ἀθάνατος
1435 1332 1490 1368 γὰρ
1515 1334 1601 1369 αὐτῆς
1629 1336 1646 1371 ἡ
1671 1336 1797 1373 τελευτή·

1013 1376 1100 1408 ἄλλως
1127 1376 1154 1403 δὲ
1179 1376 1324 1413 τιτρώσκει
1350 1378 1399 1414 μὲν
1424 1378 1529 1413 λόγοις,
1563 1381 1623 1416 ῆτοι
1643 1382 1798 1418 λογισμοῖς,

1014 1420 1120 1455 φονεύει
1136 1421 1164 1447 δὲ
1180 1422 1240 1453 ταῖς
1260 1422 1408 1459 ἁμαρτίαις
1423 1424 1486 1456 τοὺς
1500 1424 1695 1460 πειθομένους·
1716 1427 1799 1454 πολλὰ

176 1469 303 1504 nequitia:
318 1476 416 1505 genera
429 1469 528 1497 stultos
544 1469 577 1497 ad
593 1469 699 1497 inferna
722 1470 869 1498 deducunt.
885 1470 958 1498 Con-
971 1473 986 1504 ι

1036 1465 1066 1502 ip
1079 1466 1136 1502 εἴδη
1151 1467 1254 1506 κακίας.
1266 1468 1330 1500 τοὺς
1345 1469 1474 1505 ἀνοήτους
1488 1471 1527 1502 είς
1546 1470 1609 1506 ᾅδου
1629 1472 1797 1506 κατάγοντα·

174 1515 261 1542 elavia
287 1515 399 1547 mortis,
423 1515 465 1543 vel
488 1514 677 1550 profunditas,
693 1516 734 1543 vel
756 1515 867 1544 divitiae.
891 1515 958 1550 Quis

174 1568 240 1596 ergo
252 1560 379 1596 effugiet?
591 1586 599 1590 -

211 1607 313 1635 Novam
331 1606 516 1639 Hierusalem,
540 1612 663 1635 sanctam
681 1615 791 1635 carnem
813 1607 889 1636 dicit.
905 1609 959 1637 Co-

173 1653 282 1681 lumnas
295 1657 410 1688 septem,
427 1653 611 1687 septenarium
635 1653 722 1680 sancti
739 1652 857 1688 Spiritus
877 1654 904 1681 in
926 1662 958 1682 ea

174 1699 352 1734 quiescentis.
373 1698 460 1726 Veluti
485 1703 601 1727 testatur
621 1698 707 1727 Isaias
725 1699 836 1727 dicens:
857 1699 959 1727 Immo-

172 1742 238 1769 lam’t
256 1742 376 1769 victimas
391 1751 466 1770 was.

207 1788 415 1822 Animadverte,
440 1793 565 1824 oportere
592 1788 743 1823 sapientem
774 1789 867 1818 multis
897 1799 957 1819 esse

172 1834 284 1867 utilem;
307 1835 375 1862 adeo
392 1838 423 1861 ut
441 1834 490 1869 qui
514 1834 589 1862 utilis
613 1834 665 1862 sibi
687 1835 739 1862 soli
760 1839 819 1868 est,
843 1843 898 1863 non
921 1836 957 1864 sit

172 1879 292 1915 sapiens.
311 1879 396 1908 Valde
408 1879 480 1908 enim
505 1880 675 1915 improbatur
689 1881 833 1916 sapientia,
854 1882 878 1910 si
899 1882 955 1910 vim

171 1934 249 1954 suam
263 1926 296 1953 ad
308 1934 394 1954 unum
409 1926 452 1955 sui
474 1926 659 1961 possidentem
681 1927 796 1963 redigat.
810 1927 887 1956 Sicut
909 1937 955 1956 ve-

170 1980 271 2001 nenum
293 1980 348 2000 non
369 1976 412 2001 est
432 1973 547 2001 noxium
572 1973 650 2001 alteri
671 1975 794 2009 corpori,
821 1976 868 2004 sed
885 1977 956 2004 reei-

170 2019 256 2054 pienti
268 2019 476 2052 tantummodo;
491 2019 529 2047 ita
542 2020 589 2055 qui
608 2019 639 2047 tit
651 2020 802 2055 improbus,
818 2029 848 2049 se
863 2021 952 2057 ipsum

169 2066 251 2100 laedit,
269 2073 323 2093 non
339 2066 433 2093 alium.
445 2064 531 2093 Nemo
541 2065 641 2101 quippe
654 2065 754 2094 virtute
766 2067 904 2101 prteditns,
919 2067 953 2095 ab

169 2111 295 2146 improbo
304 2111 428 2139 laeditur.

1010 1513 1110 1548 ταμεῖα
1126 1512 1155 1540 δέ
1171 1513 1296 1544 θανάτου.
1313 1514 1330 1550 ἥ
1352 1515 1382 1542 τὸ
1395 1515 1477 1550 βάθος
1496 1516 1513 1551 ἢ
1533 1516 1546 1542 ό
1568 1516 1684 1550 πλοῦτος
1698 1518 1798 1546 αὐτοῦ·

1010 1559 1069 1590 πῶς
1084 1557 1131 1586 οὖν
1147 1559 1206 1586 ἔστι
1221 1560 1379 1595 διαφυγεῖν;

1038 1603 1068 1620 ””¹
1085 1605 1141 1640 Τὴν
1155 1604 1217 1632 νέαν
1225 1605 1399 1642 Ἰερουσαλὴμ
1415 1608 1463 1634 καὶ
1474 1608 1553 1642 ἁγίαν
1564 1609 1654 1644 σάρκα
1663 1619 1670 1626 ·
1688 1610 1799 1644 στύλους

1008 1649 1089 1681 ἑπτὰ,
1110 1650 1160 1686 τὴν
1176 1650 1310 1686 ἑϐδομάδα
1326 1651 1373 1678 τοῦ
1395 1653 1473 1687 ἁγίου
1490 1654 1649 1690 Πνεύματος
1669 1657 1713 1683 ἐπ’
1730 1658 1798 1694 αὐτῇ

1008 1695 1226 1731 ἀναπαυομένου,
1244 1697 1379 1733 ἐσήμανε·
1398 1697 1491 1730 καθὼς
1509 1699 1622 1732 Ἡσαΐας
1642 1704 1798 1738 μαρτυρεῖ,

1008 1739 1094 1775 λέγων
1104 1749 1110 1756 ”
1128 1741 1261 1776 Ἕσφιιξε
1274 1743 1309 1770 τὰ
1321 1743 1432 1778 ἑαυτῆς
1443 1745 1566 1779 θύματα.

1044 1786 1066 1802 ³³
1082 1786 1238 1822 Σημείωσαι
1252 1788 1293 1814 δτι
1308 1788 1354 1815 τὸν
1369 1789 1450 1824 σοφὸν
1461 1790 1567 1823 πολλοῖς
1579 1789 1648 1819 εἶναι
1663 1793 1799 1831 χρήσιμον

1007 1831 1153 1866 ἀναγκαῖον
1163 1840 1169 1847 ·
1189 1832 1227 1864 ὼς
1238 1833 1252 1859 ὅ
1268 1841 1300 1868 γε
1317 1833 1405 1869 ἐαυτῷ
1421 1835 1555 1871 χρήσιμος
1575 1837 1666 1872 μόνον,
1684 1839 1739 1865 οὐκ
1755 1839 1799 1874 εἴη

1007 1877 1088 1922 σοίρός
1100 1885 1106 1892 ·
1123 1876 1208 1914 πολλὴ
1222 1878 1276 1914 γὰρ
1299 1878 1349 1914 τῆς
1368 1880 1465 1914 σοφίας
1487 1883 1656 1918 κατηγσρία,
1674 1885 1698 1911 ει
1716 1883 1799 1922 μέχρι

1005 1920 1053 1949 τοῦ
1068 1922 1236 1957 κεκτημένου
1257 1922 1306 1957 τὴν
1319 1923 1434 1959 δύναμιν
1448 1924 1520 1958 ἕξει⁴
1536 1925 1630 1963 ὥσπερ
1648 1928 1677 1955 δὲ
1695 1929 1736 1961 ἰὸς
1749 1920 1799 1957 uti:

1005 1965 1038 1992 ἂν
1052 1967 1093 2002 εἴη
1112 1966 1242 2003 βλαϐερὸς
1267 1968 1354 2004 ἑτέρῳ
1370 1968 1485 2005 σώματι,
1508 1970 1576 1999 ἀλλὰ
1597 1972 1637 2007 τῷ
1656 1973 1799 2010 δεχομένῳ

1007 2011 1094 2047 μόνῳ’
1112 2011 1197 2044 οὕτως
1214 2013 1261 2040 καὶ
1283 2014 1298 2040 ὀ
1317 2014 1423 2046 ἀποϐὰς
1444 2015 1544 2050 κακδς,
1567 2018 1664 2045 ἑαυτὸν
1686 2019 1798 2055 βλάψει,

1004 2056 1053 2083 οὐκ
1070 2057 1164 2084 ἄλλον·
1187 2058 1274 2091 οὐδεὶς
1296 2060 1351 2096 γὰρ
1374 2061 1500 2097 ἐνάρετος
1522 2063 1599 2099 παρὰ
1622 2065 1711 2092 κακοῦ
1733 2066 1799 2102 βλά-

1004 2111 1110 2130 πτεται.

202 2144 318 2184 ἰθπυεῑιιε
330 2156 443 2191 justitiae
457 2159 485 2183 et
502 2155 584 2184 arbor
596 2156 666 2188 vitae,
681 2156 806 2186 Christus
817 2163 859 2186 est
872 2168 880 2192 ;
903 2158 950 2193 qui
968 2144 986 2174 Ῑ]

1040 2149 1063 2165 ⁵⁵
1077 2149 1191 2185 Καρπδς
1202 2150 1374 2188 δικαιοσύνης
1384 2153 1431 2179 καὶ
1442 2153 1548 2189 δένδρον
1559 2153 1642 2190 ζωῆς,
1651 2156 1667 2182 δ
1675 2157 1799 2192 Χριστός

167 2207 303 2238 quatenus
320 2203 403 2230 homo
417 2203 618 2234 tantummodo,
629 2211 737 2231 omnem
747 2203 881 2238 justitiam
900 2204 952 2231 im-

167 2248 267 2283 plevit;
284 2253 311 2276 et
327 2252 456 2282 tanquam
470 2252 565 2282 suapte
581 2248 647 2281 vita,
662 2249 785 2276 scientiae
801 2254 828 2277 et
842 2250 951 2278 virtutis

167 2292 274 2320 fructus
303 2293 382 2327 quasi
414 2292 494 2319 arbor
520 2292 652 2327 protulit,
678 2293 750 2321 unde
778 2294 951 2324 comedentes

167 2339 250 2366 vitam
268 2343 396 2366 aeternam
412 2338 567 2373 acquirent,
587 2343 614 2366 et
635 2339 746 2367 vitalem
759 2340 880 2375 paradisi
904 2349 950 2368 ar-

167 2384 259 2412 borem
275 2384 432 2419 gustabunt,
460 2391 522 2412 eum
540 2383 644 2412 Adamn
665 2389 693 2412 et
707 2386 835 2414 omnibus
856 2387 949 2422 justis.

167 2428 306 2455 Atanima:
317 2432 488 2462 peccatorum
499 2428 672 2463 abripiuntur
685 2430 838 2458 immaturae
849 2440 865 2459 a
878 2431 947 2461 facie

166 2473 214 2502 Dei
238 2474 285 2509 qui
300 2481 347 2501 eas
360 2473 538 2502 derelicturus
551 2479 593 2502 est
604 2475 631 2502 in
650 2477 778 2504 tormenti
794 2477 868 2513 igne.

202 2552 259 2580 Non
275 2553 416 2580 hominum
429 2553 476 2581 sed
491 2553 538 2581 Dei
555 2553 643 2588 potius
658 2555 776 2590 gratiam
794 2556 925 2585 inveniat.

201 2642 250 2672 Hic
272 2644 420 2680 interrogat
442 2645 619 2680 sapientiam,
642 2646 688 2681 qui
712 2647 880 2676 voluntatem
896 2648 943 2677 Dei

201 2751 233 2766 δ”
249 2749 300 2778 Job
311 2758 387 2789 xx_x_l,
399 2750 434 2789 IL
479 2751 502 2767 '°
516 2759 636 2789 cap._vu,
653 2752 697 2779 22.
709 2768 744 2789 τ-
754 2755 786 2781 A.
803 2755 821 2782 f.
834 2755 879 2789 57,
896 2756 923 2784 b.

981 2757 1002 2773 ιι
1020 2765 1045 2784 v.
1058 2757 1145 2793 es—
1154 2759 1185 2786 A.
1198 2758 1216 2786 r.
1229 2759 1273 2793 38,
1288 2767 1315 2788 a.

1005 2194 1079 2239 ἐστιν
1089 2203 1095 2209 ·
1109 2195 1123 2221 ὁ
1139 2194 1218 2229 μόνος
1234 2196 1411 2232 ἀνθρωπίνως
1428 2199 1518 2225 πᾶσαν
1533 2199 1710 2237 δικαιοσύνην
1728 2202 1799 2239 πλη-

1006 2238 1111 2274 ρώσας·
1138 2241 1185 2266 καὶ
1208 2241 1246 2273 ὡς
1272 2241 1395 2278 αὑτοζωὴ
1421 2244 1486 2276 τοὺς
1509 2245 1560 2280 τῆς
1587 2245 1720 2283 γνώσεως
1751 2238 1799 2275 καὶ

1004 2284 1106 2320 ἀρετῆς
1127 2287 1250 2322 καρποὺς
1272 2287 1311 2319 ὼς
1332 2287 1440 2324 δένδρον
1461 2289 1645 2327 ἐϐλάστησεν,
1670 2293 1701 2326 ἐξ
1718 2292 1752 2321 οὗ
1773 2295 1798 2321 οἱ

1004 2330 1139 2363 ἐσθίοντες
1148 2332 1277 2364 ὰειζωῖαν
1285 2332 1426 2369 λήψονται,
1436 2335 1482 2362 καὶ
1496 2335 1542 2362 τοῦ
1562 2337 1732 2372 παραδείσου
1749 2340 1796 2366 τοῦ

1001 2376 1109 2412 δένδρου
1122 2377 1172 2411 τῆς
1181 2377 1256 2413 ζωῆς
1267 2379 1475 2412 ἀπολαύσονται,
1492 2382 1541 2409 σὺν
1560 2382 1646 2418 ’Δδὰμ
1658 2385 1708 2411 καὶ
1728 2386 1798 2412 πᾶσι

1001 2424 1057 2454 τοῖς
1069 2423 1183 2455 δικαίοις
1192 2432 1198 2439 ·
1216 2425 1244 2450 αἱ
1257 2425 1285 2451 δέ
1296 2425 1349 2452 τῶν
1363 2427 1528 2462 παρανόμων
1545 2427 1630 2463 ψυχαὶ
1641 2431 1798 2467 ἀφαιροῦν-

1002 2477 1046 2495 ται
1061 2469 1110 2504 μὲν
1122 2469 1205 2506 ἄωροι
1221 2470 1253 2497 ἐκ
1267 2471 1412 2506 προσώπου
1427 2471 1474 2499 τοῦ
1489 2472 1568 2506 θεοῦ,
1581 2475 1658 2511 παρὰ
1677 2475 1710 2502 τὸ
1724 2485 1798 2513 παρ-

1002 2515 1067 2549 ορᾷν
1082 2515 1163 2546 αὐτὸς
1179 2516 1277 2547 αὐτοὺς
1287 2517 1315 2543 ὲν
1332 2518 1364 2552 τῇ
1377 2518 1456 2552 φλογὶ
1467 2519 1516 2554 τῆς
1528 2519 1657 2554 βασάνου.

1038 2561 1060 2576 ⁸⁵
1078 2561 1115 2588 οὺ
1128 2561 1204 2597 παρὰ
1217 2562 1377 2598 ἀνθρώπων,
1388 2564 1454 2592 ἀλλά
1466 2565 1541 2601 παρὰ
1550 2566 1590 2601 τῷ
1603 2566 1666 2603 Θεῷ
1674 2567 1796 2604 δύναμιν

1003 2605 1079 2641 ε’ύρῃ.

1038 2652 1061 2668 ³⁸
1077 2648 1160 2685 Οὗτος
1183 2654 1273 2690 ἐρωτᾷ
1297 2655 1410 2689 σοφίαν,
1431 2657 1445 2683 ὸ
1465 2656 1566 2691 γνῶναι
1588 2658 1680 2694 ζητῶν
1707 2660 1738 2686 τί
1763 2658 1795 2685 τὸ

1365 2761 1387 2777 ⁵¹
1396 2769 1457 2797 cap.
1471 2770 1510 2796 IX,
1524 2763 1632 2791 l.—A.
1659 2764 1678 2791 f.
1693 2765 1746 2798 45,
1763 2772 1792 2791 a.

166 2784 189 2801 ⁸³
206 2791 262 2821 cap.
286 2794 323 2818 ιι,
336 2786 379 2813 12.
415 2786 439 2803 ’⁸⁸
449 2794 508 2822 cap.
523 2784 561 2821 χι,
575 2787 701 2816 50.—A.
712 2788 733 2816 Γ.
745 2789 791 2823 55,
802 2790 829 2817 ι).
872 2784 902 2807 ἰι
918 2799 978 2827 αφ,

1036 2813 1040 2825 ,
1053 2784 1125 2820 εζὲ-
1135 2784 1168 2821 Α.
1178 2784 1315 2827 τζεόῗειῗ
1336 2796 1360 2813 ει
1375 2784 1513 2831 εἰιῖἷὲῦὶὶζ
1526 2784 1682 2827 esi—1.}:
1693 2784 1750 2833 ῖῆζ
1762 2784 1792 2827 ἒξ
