1860 3051
54 115 94 142 621

591 117 803 145 FRAGMENTA
824 113 857 145 IN
882 117 1088 147 PROVERBIA.

1595 125 1647 152 δερ

54 173 145 209 θέλημα
163 173 208 200 τοῦ
223 173 306 201 Θεοῦσ
324 175 398 202 ἐνεὸν
411 175 439 202 δὲ
455 175 551 202 ἐαυτὸν
563 177 688 212 ποιήσας,
707 178 772 213 περὶ
785 175 811 205 οἶ

902 179 999 213 plorat.
1017 177 1121 206 Rudem
1134 186 1163 207 se
1173 179 1233 214 ejus
1247 179 1284 208 rei
1298 181 1433 216 praebens,
1451 190 1533 217 quam
1544 183 1650 210 discere

54 220 135 255 μαθεῖν
147 217 242 256 ἦλθεν,
259 217 335 253 οὗτος
353 221 425 254 δόξει
444 222 574 257 φρόνιμος
592 220 675 249 εἶναι’
696 224 720 250 ει
739 220 816 255 οὗτος

52 265 129 300 ἐρωτᾷ
152 266 214 302 περὶ
241 266 351 301 σοφίας,
375 267 390 293 ὀ
411 266 569 302 βουλόμενος
593 268 620 294 τὶ
639 268 703 304 περὶ
722 269 816 302 σοφίας

54 310 143 344 μαθεῖν’
153 307 227 344 οὗτος
241 312 269 339 δέ
281 314 370 348 σιωπᾷ
383 313 436 340 ἀπὸ
450 314 554 348 σοφίας,
569 315 584 340 ὸ
600 315 636 350 μὴ
651 314 730 350 μόνον
741 315 816 341 οὐδὲν

53 355 123 382 θέλων
136 357 231 390 γνῶναι
247 359 310 394 περὶ
327 359 433 393 σοφίας,
452 359 508 386 ἀλλ’
528 360 675 386 ἀποπαύων
695 360 815 393 καὶτοὺς

52 401 163 438 πλησίον·
181 403 219 430 διὸ
235 404 281 430 καὶ
294 404 494 442 φρονιμώτερος
514 406 622 441 λέγεται
637 403 705 433 εἶναι
722 407 737 433 ὁ
754 408 817 442 πρό-

51 455 117 482 τερος
131 447 174 474 τοῦ
186 448 322 484 δευτέρου.

79 493 99 509 "
120 494 155 530 Τῇ
179 494 283 532 βδέλλῃ.
297 496 375 531 Τρεῖς
396 495 543 533 θυγατέρες
554 495 624 533 ἦσαν
643 500 675 535 τῇ
694 499 816 535 ἁμαρτίᾳ.

51 539 213 575 ἁγαπὼμεναι
234 542 386 578 ἀγαπήσει,
402 544 419 578 ἡ
437 545 548 579 πορνεία
560 565 568 578 ,
586 546 600 572 δ
621 546 698 580 φόνος
712 547 744 579 ⁸⁸,
768 548 816 574 καὶ

51 585 249 620 είδωλολατρεία’
272 589 298 613 αἱ
320 590 393 623 τρεῖς
407 588 456 615 οὐκ
469 589 649 626 ἐνεπίπλησαν
672 592 756 628 αὑτήν
766 602 772 608 ·
784 593 815 619 οὐ

51 632 96 668 γὰρ
109 633 269 668 ἐμπίπλαται
279 642 286 649 ο
301 634 343 660 διὰ
356 634 457 661 τούτων
471 635 524 661 τῶν
542 636 666 672 πράξεων
682 638 815 674 νεκροῠσα

50 678 180 713 ήάμαρτία
191 679 236 706 τὸν
245 680 398 716 ἄνθρωπον,
412 684 544 719 μηδέποτε
555 685 732 723 ὴλλοιωμένη,
746 688 814 715 ἀλλά

51 724 149 752 πάντοτε
169 727 337 759 ἐπαύξουσα·
363 730 380 764 ὴ
403 730 456 766 γὰρ
479 731 615 768 τετάρτη,
641 734 741 769 φησὶν,
765 735 815 762 οὐκ

50 771 153 807 ἠρκέσθη
168 773 253 799 εἰπεῖν
269 774 395 811 imm;
413 776 482 803 κατὰ
496 777 583 804 πάντα
598 778 705 815 πονηρά
722 779 815 807 ἐπιθυ-

51 816 103 851 μία·
119 818 244 854 τετάρτην
263 819 364 854 λέγων,
383 820 432 857 τὴν
450 823 518 857 μετά
538 824 646 851 πάντων
666 825 813 860 ἐπιθυμίαν

50 863 182 898 ἐσήμανενο
198 864 293 902 ὥσπερ
304 866 357 902 γὰρ
371 866 400 893 ἒν
416 868 465 903 μὲν
483 868 541 895 ἐστι
556 869 587 896 τὸ
601 867 690 906 σῶμα,
703 872 771 907 μέλη
786 873 814 899 δὲ

51 909 120 936 πολλὰ
133 909 197 944 ἔχει,
219 910 291 938 οὕτω
308 912 354 938 καὶ
374 913 390 948 ή
406 913 527 950 ἁμαρτία
549 915 599 950 μία
621 914 698 949 οὖσα,
715 918 815 950 πολλὰς

50 955 88 982 καὶ
101 956 218 989 ποικίλας
231 958 380 994 ἐπιθυμίας
392 959 421 986 ἐν
439 960 520 996 ἐαυτῇ
534 961 601 997 ἔχει,
612 963 645 989 δι’
660 960 696 990 ὦν
707 964 815 992 ἐπίϐου-

50 1001 85 1032 λος
97 1001 144 1028 τῶν
158 1002 308 1039 ἀνθρώπων
323 1005 444 1039 γίνεται·
462 1005 522 1033 ὅθεν
539 1007 618 1035 τοῦτο
634 1009 737 1042 διδάξαι
752 1010 814 1046 βου-

49 1046 152 1082 λόμενος,
164 1048 207 1076 διὰ
219 1049 448 1086 παραδειγμάτων
459 1052 490 1088 δή
505 1061 596 1089 φησιν,
608 1053 676 1090 ᾅδης
686 1055 734 1082 καὶ
745 1055 814 1092 ἔρως

50 1094 174 1138 γυναικὸς,
190 1095 237 1122 καὶ
262 1095 412 1132 τάρταρος,
429 1097 477 1124 καὶ
500 1099 534 1134 γῆ
550 1099 601 1126 οὐκ
620 1100 812 1138 ἐμπιπλαμένη

51 1137 143 1171 ὓδατος·
159 1140 203 1167 καὶ
223 1140 307 1177 ὕδωρ,
329 1142 376 1168 καὶ
396 1142 460 1179 πῦρ,
476 1143 506 1169 οὐ
526 1143 562 1180 μὴ
579 1145 702 1178 εἴπωσιν,
717 1137 812 1182 ἀρκεϊλ

49 1184 127 1212 οὐδένα
145 1186 196 1222 γὰρ
220 1187 321 1222 τρόπον
343 1189 357 1214 ὁ
382 1188 449 1224 ᾅδης
471 1189 500 1216 οὐ
522 1190 652 1218 διαλείπει
672 1191 814 1228 δεχόμενος

50 1230 122 1265 ψυχὰς
135 1231 238 1266 ἀνόμων
254 1232 418 1269 ἀνθρώπων
427 1234 487 1261 οὐδὲ
501 1236 515 1262 ὁ
529 1235 598 1272 ἔρως
608 1236 657 1272 τῆς
666 1238 813 1274 ἁμαρτίας,

50 1277 80 1307 ὡς
103 1278 231 1310 γυναικὸς,
250 1278 368 1306 παύεται
391 1281 579 1316 ἐκπορνεύων,
605 1283 736 1318 προδότης
763 1284 814 1320 τῆς

50 1321 117 1348 αὐτοῦ
135 1323 219 1359 ψυχῆς
235 1324 310 1357 ὅστις
326 1325 486 1361 γενόμενος·
508 1327 546 1359 ὠς
562 1327 695 1364 τάρταρος
710 1329 749 1361 δὲ,
771 1331 814 1358 ἀεὶ

50 1369 73 1394 ὲν
89 1368 207 1404 λυγρώδει
231 1371 280 1398 καὶ
304 1371 417 1405 ζοφώδει
436 1372 511 1408 τόπῳ
530 1373 670 1409 ὑπάρχων,
684 1374 715 1400 οὐ
730 1383 814 1402 κατα-

51 1413 196 1450 λαμϐάνεται
216 1417 270 1443 ὑπὸ
287 1417 395 1449 ἀκτῖνος
415 1418 517 1453 φωτὸς,
533 1419 618 1451 οὕτως
631 1419 660 1446 δὲ
682 1421 736 1452 πᾶς
755 1422 770 1448 ὁ
785 1421 814 1448 ὲν

20 1475 23 1484 ι
50 1461 116 1487 παντὶ
137 1462 212 1489 πάθει
237 1463 340 1498 σαρκὸς
362 1464 395 1499 τῇ
418 1464 539 1501 ἁμαρτίᾳ
560 1465 706 1499 δουλεύων,
726 1467 763 1498 ὡς
776 1467 813 1503 γῆ

50 1506 89 1533 οὐκ
99 1507 282 1557 ἐμπιπλαμένη
296 1508 410 1541 ὑδάτων,
426 1510 558 1546 μηδέποτε
571 1512 611 1543 εὶς
623 1511 814 1550 ἐξομολόγησιν
825 1528 847 1557 c

50 1554 87 1579 καὶ
111 1553 213 1590 λουτρὸν
234 1555 443 1590 παλιγγενεσίας
476 1556 562 1584 ἐλθεῖν
586 1557 750 1594 δυνάμενος,
775 1559 814 1592 ὡς

50 1597 107 1634 ὕδωρ
120 1600 162 1627 καὶ
178 1600 232 1637 πῦρ
245 1601 285 1637 μὴ
301 1601 424 1636 λέγοντα,
433 1602 522 1638 ἀρκεῖ.

76 1644 95 1660 ⁸⁸
110 1646 152 1672 ὀν
165 1647 218 1682 γὰρ
234 1647 336 1683 τρόπον
347 1647 409 1681 ὄφις
421 1648 467 1674 ἐπὶ
482 1648 585 1684 πέτρας
599 1649 767 1686 ίχνοποιῆσαι
781 1650 812 1676 οὐ

48 1689 148 1724 δύναται,
169 1693 254 1726 οὕτως
280 1693 341 1720 οὐδὲ
357 1694 372 1719 ό
387 1693 510 1727 διάῦολος
525 1695 571 1721 ἐπὶ
595 1695 675 1731 σῶμα
693 1695 811 1731 Χριστοῦ

49 1736 163 1773 ἁμαρτίαν
186 1739 305 1775 tamen
335 1739 441 1775 εὑρεῖν·
473 1739 547 1775 λέγει
572 1740 626 1777 γὰρ
654 1742 668 1767 ὁ
692 1741 810 1777 Κύριον

53 1782 115 1810 Ἰδοὺ
126 1784 237 1819 ἔρχεται
262 1787 280 1813 ὁ
299 1785 399 1820 ἄρχων
419 1786 472 1813 τοῦ
487 1787 604 1820 κόσμου
629 1787 746 1818 τούτου,
761 1786 811 1814 καί

47 1827 75 1854 ἐν
84 1829 139 1863 ἐμοὶ
155 1831 276 1865 εὑρήσει
292 1830 430 1858 οὺὸἐν⁸¹”.
444 1846 478 1851 -
493 1831 593 1864 Καθὼς
609 1833 662 1868 γὰρ
676 1831 742 1864 ναῦς
755 1832 811 1859 δια-

48 1873 146 1902 πλέουσα
165 1877 193 1903 ἐν
215 1876 256 1912 τῷ
279 1876 410 1911 πελάγει,
432 1877 492 1913 ῐχνη
508 1877 555 1904 καὶ
575 1878 652 1910 ὁδοὺς
672 1878 703 1905 οὐ
725 1886 810 1904 κατα-

47 1918 128 1954 λείπει,
147 1921 230 1954 οὒτως
244 1922 306 1949 οὐδὲ
321 1923 338 1958 ἡ
357 1922 503 1959 Ἐκκλησία
519 1924 548 1950 ὲν
563 1924 657 1959 κόσμῳ
673 1924 810 1951 πολιτευο-

49 1964 102 2000 μένη
115 1965 148 1998 ὡς
161 1967 190 1993 ἐν
204 1966 332 2001 πελάγει,
344 1967 500 1994 καταλείπει
515 1967 563 2003 τὴν
578 1968 645 1995 ἰδίαν
656 1968 750 1995 ἐλπίδα
765 1968 810 1995 ἐπὶ

46 2008 86 2044 τῆς
105 2011 165 2046 γῆς,
195 2011 296 2048 ἔχουσα
319 2012 369 2047 τὴν
392 2010 464 2048 ζωὴν
491 2013 674 2049 ἀποκειμένην
702 2014 731 2040 ἐν
754 2015 809 2046 τοῖς

47 2055 165 2090 οὐρανοῖςο
187 2056 221 2094 ἦς
247 2058 296 2085 ἐπὶ
318 2058 403 2094 βραχὺ
431 2058 616 2094 παρελθούσης
630 2079 637 2091 ,
665 2060 714 2086 οὐκ
736 2059 809 2086 ἐστιν

48 2101 200 2139 ὶχνηλατῆσαι
215 2105 265 2140 τὴν
283 2105 377 2132 δίοδον.
385 2105 477 2140 -Τῆς
497 2105 657 2140 Ἑκκλησίας
673 2106 711 2142 μὴ
727 2115 810 2133 κατα-

46 2146 211 2185 λιμπανούσης
229 2151 258 2177 ἐν
274 2151 371 2186 κόσμῳ
395 2151 444 2186 τὴν
464 2150 575 2183 ἐλπίδα,
591 2151 641 2186 τῆς
664 2152 698 2178 τὰ
722 2152 809 2179 πάντα

47 2193 160 2230 φερούσης
174 2196 292 2232 Χριστοῦ
312 2196 484 2232 σαρκώσεως,
502 2196 593 2232 τρίϐον
606 2196 764 2233 νεκρώσεως
779 2199 808 2223 ἐν
823 2198 846 2227 D

47 2236 95 2271 ξιὼυ
107 2241 152 2267 οὐκ
172 2242 372 2269 ὑπελίπετο.-
389 2243 481 2275 Τίνος,
494 2243 550 2270 ἀλλ’
564 2243 581 2279 ἢ
604 2243 652 2269 τοῦ
671 2244 703 2270 ἐκ
725 2243 808 2270 11νεὺ-

47 2291 115 2317 ματος
141 2287 215 2321 ἁγίου
238 2288 288 2315 καὶ
312 2288 446 2324 παρθένου
472 2289 687 2324 γεγεννημένου;
710 2289 739 2321 ὃς
762 2289 807 2316 τὸν

45 2329 128 2357 τέλειον
145 2332 286 2368 ἄνθρωπον
304 2333 457 2365 ἀνανεώσας
473 2335 501 2360 ἐν
518 2334 612 2370 κόσμῳ
627 2334 744 2361 ἐπιτελεῖ
759 2335 808 2367 τὰς

46 2373 163 2411 δυνάμεις,
177 2378 330 2414 ἀρξάμενος
342 2379 395 2406 ἀπὸ
406 2379 452 2406 τοῦ
469 2379 654 2415 βαπτίσματος
673 2381 805 2414 Ἰωάννου,

47 2418 76 2450 ὡς
87 2422 128 2448 καὶ
147 2424 161 2450 ὁ
175 2424 372 2460 εὐαγγελιστὴς
397 2427 545 2461 μαρπρεῖσ
560 2423 593 2462 ἦν
613 2425 641 2452 δέ
662 2427 676 2452 ὸ
704 2426 806 2461 Ἰησοῦς

47 2464 174 2502 ἀρχόμενος
193 2470 231 2502 ὡς
249 2470 319 2497 ὲτῶν
338 2471 499 2507 τριάκοντα·
522 2471 616 2498 τούτου
630 2470 676 2498 οὖν
697 2472 726 2498 τὸ
749 2473 806 2499 νέον

46 2514 82 2538 καὶ
93 2515 199 2550 ἀκμαῖον
222 2517 274 2552 τῆς
292 2517 408 2553 ἡλικίας,
430 2518 460 2549 ὃς
481 2517 604 2544 διοδεύων
625 2518 696 2545 κατὰ
717 2519 807 2550 πόλεις

867 225 950 257 venit,
967 225 1101 252 videbitur
1120 227 1248 260 prudens.
1268 226 1296 254 Si
1308 228 1370 262 quis
1389 228 1536 264 interrogat
1550 229 1584 257 de
1604 237 1650 257 sa-

867 270 979 305 pientia,
995 272 1065 300 scire
1082 272 1176 299 volens
1199 277 1302 307 partem
1317 274 1394 308 ejus;
1414 275 1482 302 alter
1494 283 1560 302 vero
1575 276 1648 307 silet.

867 323 919 343 non
934 317 1023 344 solum
1043 325 1057 344 a
1075 318 1208 352 sapientia
1219 319 1287 346 nihil
1304 319 1409 348 discere
1433 321 1543 354 volens.
1559 322 1605 349 sed
1622 326 1651 349 et

866 366 978 390 caeteros
1006 364 1041 389 ab
1066 363 1126 397 ejus
1149 364 1240 391 studio
1268 365 1418 399 deterrere;
1447 367 1543 402 procul
1567 367 1649 396 dubio

867 408 943 442 prior
953 408 1113 443 prudentior
1124 410 1274 443 posteriore
1282 411 1471 439 aastintahitur.

902 493 1036 521 Hirudini.
1048 493 1115 521 Tres
1127 498 1205 521 erant
1219 500 1331 529 peccato
1341 495 1445 524 dilectae
1458 497 1603 526 admodum
1617 499 1648 526 li-

865 540 919 570 lize.
932 540 1073 572 scortatio,
1081 540 1270 574 homicidium,
1279 542 1443 570 idololatria.
1451 542 1545 579 Neque
1558 549 1647 572 tamen

866 586 907 614 Ine
924 591 977 614 tres
991 591 1115 613 saturant
1130 586 1208 619 illud,
1222 588 1351 622 quoniam
1365 593 1407 616 est
1423 590 1585 618 insatiabile.
1598 590 1648 618 Per

867 633 916 660 hos
930 633 1029 668 quippe
1039 641 1147 668 semper
1161 638 1238 661 actus
1251 634 1387 668 perimens
1401 635 1538 664 hominem
1551 644 1646 671 pecca-

865 684 936 713 tum,
962 687 1101 714 nunquam
1127 684 1267 712 mutatur,
1296 681 1343 708 sed
1369 686 1484 716 augetur
1506 689 1646 718 perpetuo.

865 725 969 758 Quarta
993 725 1077 758 enim,
1105 725 1209 761 inquit,
1239 734 1378 761 nunquam
1408 727 1467 755 ait:
1492 728 1564 755 Satis
1588 734 1646 762 est;

865 775 990 806 quartam
1001 778 1061 799 esse
1077 770 1234 805 signiﬁcans
1253 771 1435 799 universalem
1452 774 1649 808 concupiscen‘

867 818 943 844 tiam.
969 817 1047 844 Sicut
1065 816 1138 844 enim
1162 824 1246 844 unum
1271 821 1313 844 est
1333 825 1452 852 corpus,
1477 819 1561 846 multa
1581 827 1647 847 vero

865 863 986 890 membra
1007 863 1105 896 habet;
1127 863 1168 891 sic
1179 867 1208 890 et
1230 870 1370 897 peccatum
1391 862 1491 892 multas
1503 873 1535 893 ac
1558 867 1647 894 varias

864 909 1100 944 concupiscentias
1113 909 1140 936 in
1156 917 1186 937 se
1197 909 1290 941 habet,
1301 910 1402 944 quibus
1416 911 1530 939 insidias
1542 912 1646 940 homini

863 955 953 982 struit.
971 954 1050 988 Quod
1071 955 1165 982 volens
1180 955 1386 989 demonstrare.
1409 958 1493 984 utitur
1515 959 1647 993 exemplis

863 1000 972 1034 inferni,
986 1006 1013 1028 et
1027 1001 1128 1029 amoris
1145 1001 1301 1034 mulierum,
1319 1003 1423 1036 tartari,
1440 1008 1467 1030 ct
1483 1008 1561 1031 terrae
1576 1013 1648 1032 nun-

863 1054 945 1081 quam
966 1047 1053 1074 imbre
1075 1047 1192 1082 repletae.
1218 1047 1251 1075 Et
1264 1055 1345 1083 aqua,
1363 1053 1390 1076 et
1413 1048 1484 1083 ignis
1505 1057 1646 1085 nunquam

863 1093 973 1120 dicent:
992 1092 1108 1121 Suﬂicit.
1131 1091 1291 1122 Nullatenus
1305 1094 1386 1121 etiam
1406 1094 1529 1123 infernus
1546 1096 1646 1124 desinit

863 1139 1054 1174 arecipiendis
1067 1139 1270 1176 alﬂigcndisque
1293 1140 1478 1175 improborum
1503 1142 1644 1171 hominum

863 1185 1018 1212 animabus.
1041 1184 1134 1220 Neque
1159 1187 1265 1220 peccati
1290 1193 1378 1218 amor,
1394 1187 1420 1213 id
1434 1192 1477 1214 est
1497 1195 1561 1222 erga
1584 1197 1646 1217 mu-

864 1231 968 1263 lierem,
981 1235 1072 1258 cessat
1093 1239 1109 1258 a
1126 1232 1282 1264 scortando,
1299 1232 1387 1260 factus
1409 1234 1508 1261 animae
1530 1235 1646 1269 propriae

863 1277 994 1311 proditor.
1011 1276 1085 1304 Sicut
1096 1284 1160 1304 vero
1176 1281 1294 1305 tartarus
1308 1277 1335 1304 in
1355 1278 1424 1305 tristi
1447 1286 1479 1306 ac
1499 1280 1644 1308 tenebroso

864 1322 924 1350 loco
955 1323 1127 1356 reconditus,
1159 1323 1250 1350 radios
1280 1331 1333 1350 non
1360 1324 1474 1358 recipit;
1500 1325 1536 1352 ita
1561 1326 1644 1354 ctiam

863 1368 953 1396 omnis
971 1369 1016 1403 qui
1032 1368 1060 1396 in
1083 1369 1202 1404 qualibet
1223 1370 1314 1396 carnis
1335 1370 1463 1405 passione
1478 1371 1561 1399 servit
1581 1379 1644 1407 pec-

864 1419 935 1442 cato.
954 1414 1032 1442 Sicut
1044 1419 1115 1442 terra
1131 1423 1270 1450 nunquam
1283 1416 1361 1450 aquis
1374 1416 1485 1450 repleta,
1501 1416 1537 1444 ita
1552 1417 1596 1444 hic
1608 1417 1644 1445 ad

864 1460 1064 1488 confessionem
1087 1465 1115 1488 et
1143 1461 1279 1488 lavacrum
1306 1461 1519 1495 regenerationis
1550 1462 1644 1491 venire

865 1515 919 1534 nott
935 1507 1038 1540 valens,
1057 1514 1135 1542 aquae
1154 1506 1240 1535 instar
1254 1511 1282 1535 et
1304 1508 1385 1542 ignis,
1405 1515 1542 1543 nunquam
1557 1509 1641 1537 dicit.

865 1552 977 1580 Sulﬁcit.

896 1642 1132 1677 Quemadmodum
1148 1650 1259 1678 serpens
1270 1642 1298 1670 in
1309 1647 1385 1678 petra
1397 1643 1538 1679 vestigium
1554 1643 1643 1672 facere

862 1691 967 1725 nequit,
980 1690 1022 1717 sic
1034 1697 1122 1724 neque
1138 1689 1264 1717 diabolus
1283 1689 1310 1716 in
1323 1689 1425 1717 Christi
1438 1697 1553 1725 corpore
1568 1691 1645 1718 inve~

861 1737 921 1763 nire
937 1740 1078 1769 peccatum
1101 1738 1198 1770 potuit.
1220 1734 1291 1762 Dicit
1309 1735 1381 1762 enim
1402 1734 1555 1763 Dominus:
1575 1734 1643 1764 Ecce

861 1782 929 1808 venit
938 1781 1058 1816 princeps
1071 1781 1150 1816 hujus
1166 1782 1300 1814 mundi,“
1311 1782 1340 1809 in
1351 1790 1391 1808 me
1404 1781 1469 1808 nihil
1479 1782 1643 1809 inveniet.—

862 1825 940 1854 Sicut
952 1827 1025 1854 enim
1039 1827 1116 1855 navis
1134 1834 1211 1855 mare
1232 1831 1355 1861 tranans,
1372 1827 1514 1863 vestigium
1531 1828 1644 1862 viasque

860 1876 922 1907 post
933 1879 964 1899 se
980 1879 1036 1899 non
1049 1871 1196 1907 relinquit;
1209 1871 1249 1899 sic
1263 1879 1351 1907 neque
1363 1870 1483 1899 Ecclesia
1498 1871 1525 1899 in
1540 1871 1643 1899 mundo

861 1922 989 1953 tanquam
1010 1917 1038 1945 in
1052 1917 1148 1953 pelago
1163 1925 1287 1950 versans,
1303 1925 1379 1953 spem
1396 1926 1473 1946 suam
1495 1918 1522 1945 in
1539 1918 1643 1946 mundo

859 1964 996 1999 relinquit,
1011 1964 1075 1999 quia
1087 1964 1170 1991 vitam
1184 1971 1263 1992 suam
1278 1964 1306 1992 in
1320 1964 1397 1992 cadis
1409 1964 1547 2000 reposuit:
1560 1968 1642 2000 atque

859 2011 968 2039 interim
982 2011 1056 2038 brevi
1073 2014 1194 2046 tempore
1212 2010 1364 2043 transiens,
1381 2011 1494 2047 vestigia
1510 2011 1642 2039 transitus

859 2057 887 2084 in
895 2057 937 2083 via
949 2064 1003 2084 non
1015 2056 1268 2092 imprimit.—Cum
1278 2056 1398 2085 Ecclesia
1407 2064 1482 2092 spem
1493 2064 1571 2085 suam
1586 2064 1640 2084 non

859 2103 992 2137 dimittat,
1017 2110 1099 2138 quam
1130 2103 1212 2130 habet
1239 2110 1300 2137 erga
1326 2103 1416 2130 omnis
1435 2102 1500 2130 boni
1528 2101 1640 2134 fontem.

859 2149 961 2178 Christi
983 2149 1212 2182 incarnationem,
1231 2148 1356 2176 semitam
1375 2149 1472 2175 mortis
1488 2148 1516 2174 in
1533 2147 1641 2175 inferno

860 2205 914 2224 non
929 2197 1002 2224 facit.
1015 2196 1220 2231 —Cujusnam,
1233 2196 1285 2222 nisi
1304 2195 1359 2222 nati
1371 2195 1405 2222 de
1421 2194 1523 2229 Spiritu
1544 2199 1640 2222 sancto

859 2249 887 2270 et
901 2242 1025 2277 virgine?
1037 2241 1084 2276 qui
1098 2240 1245 2276 perfectum
1263 2240 1400 2268 hominem
1419 2240 1446 2266 in
1467 2239 1568 2266 mundo
1597 2247 1640 2266 re-

860 2296 964 2316 novans
990 2287 1111 2323 prodigia
1140 2287 1248 2319 edidit,
1279 2290 1359 2320 capto
1381 2286 1459 2312 initio
1489 2293 1503 2311 a
1526 2284 1640 2312 Joannis

859 2334 1032 2369 baptismate,
1053 2334 1123 2361 sicut
1137 2332 1302 2367 evangelista
1326 2336 1450 2359 testatur.
1467 2331 1531 2358 Erat
1548 2335 1639 2358 autem

859 2379 939 2408 Jesus
964 2379 1097 2414 incipiens
1127 2378 1206 2413 quasi
1227 2384 1362 2404 annorum
1391 2377 1509 2412 triginta.
1536 2375 1563 2404 In
1588 2376 1639 2404 hac

860 2427 944 2462 igitur
957 2426 1069 2461 juvenili
1081 2429 1107 2453 et
1118 2425 1230 2452 ﬂorente
1241 2428 1330 2455 aetate,
1341 2423 1505 2450 circumiens
1515 2423 1640 2450 civitates

859 2479 886 2501 et
906 2473 1048 2508 regiones,
1070 2470 1212 2498 hominum
1236 2470 1346 2497 morbos
1364 2474 1391 2497 et
1406 2468 1576 2496 inﬁrmitates
1594 2475 1639 2495 sa-

859 2517 951 2544 nabat.

47 2562 81 2587 καὶ
94 2563 189 2599 χώρας,
211 2566 270 2592 ἰᾶτο
292 2566 340 2598 τὰς
351 2566 445 2597 νόσους
465 2566 574 2598 καὶτὰς
593 2566 734 2598 ἀσθενείας
752 2566 805 2593 τῶν
830 2563 991 2601 ἀνθρώπων.

73 2608 92 2622 ι’
116 2610 260 2646 Ὀφθαλμὸν
291 2611 481 2645 καταγελῶντα
510 2611 612 2647 πατρὸς
640 2612 686 2639 καὶ¹
707 2612 806 2648 ἀτιμά-

48 2654 110 2681 ’ἤντα
120 2656 202 2691 γῆρας
223 2657 334 2693 μητρός.
358 2658 570 2693 Βλασφημοῦντα
593 2657 637 2685 τὸν
654 2658 737 2690 Θεὸν,
758 2658 806 2685 καὶ

46 2699 133 2734 μητέρα
146 2701 333 2734 ἐξουθενοῦντα
353 2703 468 2739 Χριστοῦ
483 2703 532 2739 τὴν
548 2703 595 2730 τοῦ
610 2703 677 2730 Θεοῦ
699 2703 804 2738 σοφίαν,

72 2788 89 2803 ³⁷
105 2789 175 2830 Yulg.
189 2801 324 2830 capax“,
338 2803 362 2821 ν.
376 2794 509 2830 ίὸη-ῨΑ.
524 2794 542 2822 l'.
558 2794 619 2827 l09,
635 2803 660 2826 a.
675 2799 702 2823 et
717 2795 778 2823 cod.
794 2794 811 2830 ν

897 2794 932 2830 ξε,
949 2793 968 2822 f.
981 2793 1026 2829 90,
1060 2793 1118 2822 sive
1142 2793 1172 2821 Β.

894 2611 995 2638 Oculus
1017 2609 1063 2645 qui
1087 2609 1239 2637 subsannat
1263 2613 1388 2644 patrem,
1411 2612 1438 2635 et
1457 2608 1503 2643 qui
1523 2608 1636 2642 despicit

859 2660 1025 2684 senectutem
1050 2654 1154 2682 matris.
1177 2654 1279 2690 Nempe
1296 2655 1404 2683 oculum
1425 2654 1637 2688 blasphemantis

858 2703 953 2735 Deum,
968 2706 995 2730 ct
1009 2701 1110 2729 Christi
1127 2706 1239 2729 matrem
1258 2702 1418 2737 sapientiam
1433 2700 1489 2733 Dei,
1507 2700 1637 2728 eﬂ'odiant

1225 2794 1249 2811 "
1262 2794 1336 2826 θοὰ..
1360 2793 1467 2829 φθόνος.
1519 2792 1542 2809 "
1558 2791 1636 2828 γυιε.

47 2828 96 2857 ΠΣ,
109 2826 188 2855 l9f—
199 2826 232 2856 Αἰ
246 2828 265 2856 f.
286 2830 344 2864 lH,
356 2838 381 2857 a.
419 2829 452 2846 ”'
465 2829 543 2859 Joan.
561 2826 617 2864 xtv,
631 2831 675 2858 30.
714 2831 736 2847 ‘°
750 2830 780 2857 Β.
797 2829 817 2858 ί.
838 2829 881 2858 90.
