1860 3051
188 95 247 123 εἰ)ὶῦ

627 95 655 122 S.
673 95 855 123 lllPPOLYTl
875 96 949 123 OPP.
976 96 1065 123 PARS
1081 96 1101 124 l.
1118 112 1151 118 -—
1173 98 1375 126 EXEGETlCA.

1759 102 1805 132 623

193 161 256 182 eum
282 152 357 181 corvi
384 153 417 181 de
442 152 573 185 vallibus;
603 151 701 186 impuri
730 152 834 180 scilicet
858 151 1041 186 maliqueAé

1062 152 1193 187 κόψαισαν
1208 154 1287 181 αὐτὸν
1313 155 1429 189 κόρακες
1452 156 1484 183 ἐκ
1508 157 1562 184 τῶν
1588 158 1758 194 φαράγγων,
1775 161 1804 187 τὰ

187 200 308 236 spiritus
320 199 448 227 visualem
459 198 558 226 lmtitiae
572 198 692 230 oculum,
702 206 819 234 eumque
832 198 977 227 comedam

189 247 261 282 pulli
282 246 453 281 aquilarum:
469 253 565 280 nempe
581 245 627 281 qui
648 249 712 273 sunt
734 245 886 281 ejusmodi,
907 252 975 273 con-

186 293 334 321 .eulcentur
349 292 464 328 pedibus
479 296 646 320 sanctorum.

229 382 293 409 Tria
311 390 357 417 ego
381 381 526 416 intelligere
550 389 662 416 nequeo,
682 387 706 408 et
726 387 850 416 quartum
873 381 975 416 penitus

179 431 304 466 ignora:
330 428 470 464 vestigium
491 427 587 463 aquila:
606 427 738 460 uolantis;
755 435 852 462 nempe
872 427 975 455 Christi

191 483 347 504 ascensum.
364 474 440 502 Viam
454 474 580 508 serpentis
595 474 622 501 in
636 478 728 508 petra;
741 481 837 508 nempe
851 473 975 501 diabolus

193 530 246 549 non
263 521 366 549 invenit
383 521 486 556 peccati
499 520 641 556 vestigium
656 520 684 547 in
697 527 809 555 corpore
819 519 930 547 Christi.
942 519 976 546 Et

191 567 312 595 semitam
327 567 400 594 navis
415 575 487 593 mare
500 566 682 599 decurrentis;
695 574 792 601 nempe
807 566 935 593 Ecclesia:
946 566 973 593 in

192 614 273 649 hujus
288 613 382 640 mundi
401 613 496 647 pelago
516 612 683 646 ﬂuctuantis,
709 617 735 640 et
750 612 786 639 ob
807 619 881 647 spem
896 619 972 639 suam

192 659 218 686 in
235 658 374 686 Christum
392 665 407 684 a
427 665 509 685 cruce
521 658 601 692 quasi
617 657 802 692 gubernaculo
817 662 907 684 rectae.
923 656 974 684 De-

192 705 274 740 nique
289 704 346 731 vias
365 704 416 731 viri
438 704 467 730 in
491 703 677 737 adolescentia,
694 703 768 730 illius
781 703 911 730 nimirum
928 703 973 738 qui

192 759 224 778 ex
239 749 345 786 Spiritu
359 753 455 778 sancto
469 753 496 776 et
510 748 619 784 Virgine
633 753 714 777 natus
726 753 777 777 est.
802 748 871 777 Ecce
883 750 972 783 enim,

192 796 278 831 inquit
293 795 445 830 Scriptura,
457 795 499 823 vir
513 795 559 822 cui
573 802 671 823 nomen
682 795 790 825 Oriens.

226 842 301 870 Talis
313 847 354 870 est
365 841 407 869 via
422 841 544 869 mulieris
555 841 695 872 adultera,
711 849 772 877 quae
789 842 834 869 ubi
852 850 908 869 rem
924 850 972 877 pa-

191 890 281 921 travit,
298 889 455 924 abstergens
469 895 509 920 se,
523 887 591 914 nihil
605 888 643 915 ait
658 895 687 916 se
702 888 765 915 mali
783 888 881 923 egisse.
895 888 974 916 Vide-

191 935 254 962 licet
269 934 305 961 ita
317 941 348 961 se
360 933 443 968 gessit
457 932 588 965 Ecclesia,
601 940 661 967 qum
675 937 820 968 postquam
835 941 897 961 cum
914 933 973 961 ido-

191 981 225 1009 lis
236 980 368 1008 fornicata
383 979 481 1012 fuerat,
493 978 536 1006 his
549 978 745 1006 abrenuntians
758 984 839 1014 atque
852 979 970 1012 diabolo,

191 1032 218 1055 et
238 1030 351 1061 peccato
374 1025 463 1058 eluto,
485 1025 618 1059 veniaque
639 1024 781 1060 impetrata
794 1045 802 1058 ,
830 1025 896 1053 nulli
915 1025 971 1060 jam

191 1073 280 1109 inquit
294 1071 420 1107 pravitati
434 1079 464 1099 se
478 1071 624 1098 obnoxiam
640 1070 765 1098 atlirmat.

226 1161 276 1191 Per
292 1162 344 1189 tria
357 1165 482 1189 movetur
501 1164 574 1188 terra
587 1169 594 1187 :
610 1168 707 1194 nempe
722 1168 769 1195 per
784 1159 907 1193 Patrem,
928 1160 974 1188 Fi-

192 1208 257 1234 lium
278 1210 305 1234 et
327 1206 458 1241 Spiritum
471 1210 608 1234 sanctum.
623 1205 655 1233 Et
671 1210 800 1241 quartum
815 1214 869 1234 non
885 1210 974 1241 potest

192 1256 344 1288 sustinere,
367 1254 394 1282 id
411 1258 454 1281 cst
469 1258 636 1289 postremum
650 1253 753 1281 Christi
769 1254 926 1282 adventum.
938 1269 974 1274 —

192 1303 220 1332 Si
237 1310 332 1331 servus
347 1301 511 1336 regnaverit.
530 1300 614 1329 lsrael
629 1300 655 1328 in
674 1300 790 1337 [Egypto
809 1308 904 1329 servus
917 1321 924 1334 ,
945 1301 972 1329 in

192 1349 302 1385 regione
327 1347 461 1383 promissa
492 1352 630 1382 regnator.
663 1362 698 1366 ——
724 1347 829 1375 Stultus
858 1347 974 1383 dapibus

191 1396 297 1431 plenus.
321 1393 371 1421 Hic
397 1393 501 1421 scilicet
522 1393 601 1420 facile
625 1394 763 1428 regionem
787 1393 919 1428 adeptus,
946 1398 974 1420 et

191 1441 352 1472 comedens,
375 1444 456 1475 atque
470 1438 605 1474 repletus,
620 1439 809 1466 recalcitravit.
828 1454 858 1459 —
871 1439 904 1466 Et
920 1447 971 1467 an-

1027 197 1170 234 ὰκάθαρτα
1188 200 1235 226 καὶ
1245 201 1350 237 πονηρὰ
1362 201 1504 237 πνεῦματα
1516 223 1524 236 ,
1542 203 1573 230 τὸ
1585 204 1740 240 διορατικὸν
1761 206 1804 242 τῆς

1027 243 1193 280 εὐφροσύνης
1219 245 1311 281 ὖμμα·
1333 247 1380 273 καὶ
1396 248 1578 282 καταφάγοιεν
1602 249 1685 276 αὑτὸν
1709 252 1804 278 νεοσσοὶ

1026 289 1128 315 ἀετῶν’
1142 290 1190 316 καὶ
1205 292 1457 328 καταπεπατημένα
1478 294 1583 321 ἔσονται
1608 297 1664 328 τοῖς
1679 297 1743 324 ποσὶ
1757 298 1805 324 τῶν

1027 335 1124 370 ἁγίων.

1062 380 1082 396 ⁸¹
1113 382 1181 415 Τρία
1203 382 1289 409 ἐστὶν
1312 383 1445 412 ἀδύνατὰ
1466 394 1516 420 μοι
1539 386 1667 421 νοῆσαι,
1699 389 1748 416 καὶ
1775 389 1805 416 τὸ

1025 426 1165 461 τέταρτον
1176 429 1231 455 οὐκ
1242 429 1426 464 ἐπιγινώσκω
1436 440 1442 446 -
1455 432 1524 466 ἴχνη
1536 433 1624 460 ἀετοῦ
1636 436 1804 469 πετομένου.

1025 473 1071 500 τοῦ
1092 473 1209 509 Χριστοῦ
1226 474 1274 510 τὴν
1301 476 1442 511 ἀνάληψιν.
1467 478 1521 505 Καὶ
1536 479 1625 512 ὀδοὺς
1643 479 1739 514 ὄφεως
1760 481 1802 508 ἐπὶ

1025 518 1143 554 πέτρας·
1157 520 1171 545 ὁ
1189 519 1310 553 διάϐολος
1324 521 1372 556 οὐχ
1393 519 1471 557 εὗρεν
1491 522 1562 558 ἴχνος
1575 524 1714 560 ἁμαρτίας
1731 526 1760 552 ὲν
1769 526 1806 561 τῲ

1025 564 1130 600 σώματι
1148 566 1194 592 τοῦ
1214 567 1342 602 Χριστοῦ.
1362 568 1417 594 Καὶ
1430 569 1548 602 τρίϐους
1568 570 1643 604 νηὸς
1663 579 1805 599 ποντοπο-

1020 611 1146 645 ρούσης,
1155 612 1205 647 τῆς
1219 613 1378 649 Ἑκκλησίας
1393 614 1429 646 ὡς
1438 615 1467 641 ὲν
1480 615 1591 650 πελάγει
1601 617 1640 652 τῷ
1652 617 1703 653 βίῳ
1713 619 1804 654 τούτῳ,

1025 659 1057 693 τῇ
1073 658 1112 690 είς
1124 659 1240 694 Χριστὸν
1251 660 1338 686 ἐλπίδι
1347 660 1391 688 διὰ
1400 660 1447 687 τοῦ
1463 661 1578 697 σταυροῦ
1590 662 1804 700 κυϐερνωμένης.

1025 704 1080 731 Καὶ
1100 704 1190 738 ὀδοὺς
1211 706 1322 741 ἀνδρὸς
1337 707 1373 734 ἐν
1390 708 1516 742 νεότητι,
1530 707 1577 735 τοῦ
1598 709 1631 736 ὲκ
1651 710 1805 745 “vstitu-.0;

1024 750 1101 784 ἁγίου
1112 751 1217 787 καὶτῆς
1228 751 1365 787 Παρθένου
1373 753 1572 789 γεγεννημένου
1581 763 1588 770 ·
1604 755 1659 782 ἰδοὺ
1680 755 1745 791 γὰρ,
1756 764 1804 792 φη-

1025 795 1078 829 σὶν,
1091 795 1304 833 άνὴρ,¹Λνατολὴ
1317 797 1402 833 ὄνομα
1420 798 1503 834 αὐτῷ.

1059 841 1174 877 Τοιαύτη
1190 842 1249 874 ὁδὸς
1265 842 1430 878 μοιχαλίδος,
1456 843 1474 879 ἢ
1490 843 1554 871 ὃταν
1570 843 1661 880 πράξῃ
1676 844 1806 880 ἀπονιψα-

1024 888 1109 923 μένη,
1133 888 1210 915 οὐδὲν
1235 889 1315 924 φήσει
1339 889 1530 925 πεπραχθῆναι
1552 890 1669 918 ἄτοπον·
1697 891 1806 926 τοιαύτη

1022 934 1095 961 ἐστὶν
1107 934 1124 970 ἡ
1135 934 1291 970 ἀναστροφὴ
1306 935 1355 969 τῆς
1375 935 1535 971 Ἐκκλησίας
1550 935 1730 971 πιστευούσης
1742 937 1806 972 Χρι-

1023 978 1077 1014 στῴ
1087 998 1095 1011 ,
1112 979 1129 1014 ἢ
1150 979 1218 1014 μετὰ
1237 979 1268 1006 τὸ
1288 980 1436 1015 πορνεῦσαι
1449 982 1505 1012 τοῖς
1518 980 1636 1012 εἰδώλοις
1648 1001 1655 1014 ,
1669 981 1805 1015 ἀποταξα-

1024 1024 1092 1060 μένη
1104 1025 1209 1057 τούτοις
1224 1026 1271 1052 καὶ
1282 1024 1321 1061 τῷ
1333 1025 1457 1062 διαϐόλῳ,
1473 1027 1521 1054 καὶ
1540 1027 1749 1063 ἀπολουσαμένη
1759 1028 1806 1059 τὰς

1022 1071 1174 1107 ἁμαρτίας,
1194 1070 1242 1097 καὶ
1255 1071 1375 1098 λαὸοὖσα
1392 1071 1503 1106 ἄφεσιν,
1520 1073 1596 1100 οὐδέν
1613 1082 1681 1109 φησι
1702 1081 1807 1109 πεπρα-

1022 1116 1100 1152 χέναι
1111 1116 1233 1150 Momm,

1056 1161 1106 1187 Διὰ
1126 1160 1210 1196 τριῶν
1225 1160 1326 1188 σείεται
1341 1162 1358 1197 ἡ
1373 1161 1409 1197 γῆ
1419 1169 1426 1176 ·
1446 1162 1490 1189 διὰ
1505 1162 1610 1198 Πατρὸς
1621 1182 1629 1195 ,
1652 1162 1716 1189 Υίοῦ
1728 1183 1736 1196 ,
1759 1163 1804 1189 καὶ

1023 1207 1100 1241 ἁγίου
1117 1206 1290 1242 Πνεύματος’
1314 1209 1361 1234 καὶ
1383 1209 1413 1235 τὸ
1435 1208 1563 1244 τέταρτον
1579 1208 1609 1235 ού
1631 1208 1743 1236 δύναται
1759 1209 1804 1243 φέ-

1025 1263 1091 1290 ρειν,
1105 1254 1153 1290 τὴν
1169 1253 1286 1289 ἐσχάτην
1308 1253 1467 1288 ἐπιφάνειαν
1483 1254 1527 1281 τοῦ
1545 1254 1674 1290 Χριστοῦ.
1691 1270 1727 1274 --
1745 1254 1806 1280 Ἐὰν

1023 1299 1130 1335 οἰκέτης
1151 1299 1306 1336 βασιλεύσῃ.
1326 1300 1355 1326 '0
1377 1299 1485 1335 Ἰσραὴλ
1510 1300 1540 1327 ἐν
1561 1299 1692 1335 Αἰγύπτῳ
1716 1299 1804 1331 δοῦλος

1023 1346 1166 1381 γενόμενος
1175 1365 1182 1379 ,
1197 1346 1244 1373 καὶ
1258 1346 1286 1372 ὲν
1301 1346 1333 1382 τῇ
1345 1347 1380 1381 γῇ
1395 1346 1444 1381 τῆς
1456 1345 1620 1381 ἐπαγγελίας
1632 1345 1803 1381 βασιλεύσας.

1022 1392 1122 1418 -Καὶ
1145 1391 1238 1427 ἄφρων
1254 1391 1384 1427 πλησθεὶς
1402 1391 1502 1418 σιτίων.
1518 1391 1572 1427 Τὴν
1585 1391 1637 1426 γῆν
1654 1391 1684 1424 ἐξ
1698 1391 1805 1426 ἑτοίμου

1023 1437 1129 1468 λαϐὼν,
1150 1437 1197 1464 καὶ
1218 1436 1311 1472 φαγὼν
1328 1437 1374 1464 καὶ
1395 1436 1563 1473 ἐμπλησθεὶς
1579 1436 1758 1464 ἀπελάκτισε.
1773 1453 1806 1458 -

191 1487 253 1515 cilla
267 1486 290 1514 si
308 1485 442 1521 expulerit
456 1484 549 1511 heram
571 1491 659 1511 suam.
679 1483 786 1511 Domini
803 1484 970 1512 interfectrix
985 1492 1007 1521 ο
1023 1484 1041 1511 ις

1060 1484 1077 1510 ι).
1096 1483 1225 1518 παιδίσκη
1247 1482 1294 1509 sev
1317 1482 1434 1519 ἐκϐάλλῃ
1455 1482 1504 1519 τὴν
1519 1482 1619 1518 ἑαυτῆς
1641 1483 1751 1519 κυρίαν.
1774 1483 1805 1510 Ἦ

191 1539 338 1568 synagoga,
353 1530 455 1558 Christi
467 1537 576 1557 carnem
588 1528 661 1556 cruci
675 1528 784 1556 suﬂixit.

227 1621 289 1648 Tria
314 1623 378 1647 sunt
391 1618 504 1645 minima
521 1618 548 1644 in
572 1621 658 1648 terra,
673 1621 700 1644 et
716 1617 773 1644 haec
787 1621 851 1644 sunt
867 1617 974 1652 sapien-

192 1670 265 1696 tiora
281 1664 449 1700 sapientibus
467 1673 472 1690 :
491 1663 622 1694 formicae,
640 1669 705 1697 gens
717 1661 834 1696 inﬁrma,
850 1670 911 1697 qua:
926 1670 974 1698 pa-

193 1718 254 1742 rant
279 1712 330 1741 sibi
355 1711 384 1738 in
409 1717 496 1737 messe
520 1709 622 1737 cibum.
651 1707 750 1736 Gentes
775 1707 900 1736 similiter
927 1717 974 1744 per

194 1759 273 1787 ﬁdem
286 1759 313 1785 in
329 1756 468 1785 Christum
486 1758 583 1790 parant
597 1753 650 1781 sibi
667 1753 750 1780 vitam
762 1757 891 1781 azternam
908 1760 973 1788 ope-

193 1806 270 1834 ribus
287 1799 595 1836 bonis.Choerogryllii,
612 1798 727 1834 populus
738 1805 816 1833 aeque
827 1798 972 1831 invalidus,

192 1854 289 1879 curant
302 1848 353 1877 sibi
369 1848 398 1875 in
411 1851 485 1882 petra
507 1845 618 1873 cubilia.
643 1844 742 1872 Gentes
759 1852 842 1878 super
858 1844 973 1879 spiritali

192 1897 282 1932 lapide
292 1894 401 1923 Christo
413 1893 551 1920 aediﬁcata:
565 1895 644 1924 sunt,
660 1891 706 1926 qui
731 1890 818 1919 factus
833 1895 876 1919 est
888 1891 915 1918 in
929 1899 974 1919 ca-

193 1948 243 1979 put
260 1941 363 1977 anguli.
377 1939 473 1967 Stellio
488 1938 535 1974 qui
556 1937 682 1965 manibus
698 1937 840 1970 innititur,
855 1942 883 1965 et
896 1937 975 1965 facile

194 1989 315 2024 capitur,
328 1987 374 2015 hic
393 1989 515 2013 moratur
531 1984 557 2011 in
576 1990 669 2018 regum
683 1983 813 2011 castellis.
832 1983 914 2011 Latro
928 1991 975 2011 ex-

193 2036 281 2064 tensis
293 2035 321 2062 in
334 2040 417 2061 cruce
434 2030 561 2059 manibus
574 2030 736 2064 Christoque
747 2029 865 2064 innixus,
879 2030 907 2058 in
926 2038 974 2065 pa-

194 2081 286 2109 radiso
301 2080 420 2110 habitat,
447 2084 508 2112 quae
527 2081 569 2104 est
588 2084 637 2103 arx
653 2075 735 2103 trium
757 2084 852 2111 regum
868 2076 974 2110 Patris,

195 2124 255 2152 Filii
272 2128 299 2151 et
315 2122 433 2158 Spiritus
449 2120 546 2148 sancti.

1023 1529 1195 1565 κυριοκτόνος
1217 1528 1361 1564 συναγωγὴ
1384 1528 1562 1565 σταυρώσασα
1583 1529 1635 1564 τὴν
1649 1529 1741 1564 σάρκα
1759 1529 1807 1556 τοῦ

1023 1576 1045 1602 Χ
1050 1574 1151 1611 ριστοῦ.

1060 1621 1187 1657 Τέσσαρα
1206 1620 1276 1647 είσὶν
1297 1619 1425 1655 ἐλάχιστα
1443 1619 1489 1646 ἐπὶ
1509 1619 1559 1654 τῆς
1580 1619 1649 1655 γῆς,
1669 1620 1758 1647 ταῦτα
1779 1620 1807 1647 δὲ

1023 1667 1078 1694 τῶν
1100 1666 1189 1701 σοφῶν
1212 1664 1367 1701 σοφώτερα·
1383 1666 1407 1692 οἱ
1437 1665 1579 1701 μύρμηκες
1600 1663 1640 1697 οἷς
1659 1666 1710 1692 οὐκ
1735 1666 1808 1693 ἔστιν

1026 1713 1101 1748 ἰσχὺς
1110 1733 1117 1745 ,
1128 1711 1315 1748 ὲτοιμάζονται
1329 1711 1423 1747 θέρους
1435 1710 1485 1746 τὴν
1498 1711 1610 1746 τροφήν.
1628 1711 1684 1738 Καὶ
1695 1711 1732 1738 τὰ
1745 1711 1808 1746 ἔθνη

1024 1760 1068 1786 διὰ
1083 1760 1132 1795 τῆς
1153 1760 1192 1791 εὶς
1211 1758 1327 1794 Χριστὸν
1353 1756 1469 1789 πίστεως
1492 1757 1682 1792 ἑτοιμάζουσιν
1703 1757 1808 1788 ἑαυτοῖς

1024 1806 1073 1841 τὴν
1092 1804 1198 1832 αἰώνιον
1219 1803 1291 1840 ζωὴν
1310 1803 1342 1830 δι’
1365 1803 1453 1839 ἔργων
1468 1802 1587 1837 ἀγαθῶν.
1610 1803 1665 1829 Καὶ
1680 1804 1704 1829 οἱ
1720 1811 1809 1839 χοιρα-

1020 1849 1240 1886 ηρύλλιοιῶθνος
1248 1849 1298 1876 οὐκ
1313 1848 1431 1883 ἰσχυρὸν,
1440 1847 1569 1883 ἐποίησαν
1577 1849 1605 1875 ὲν
1621 1847 1737 1883 πέτραις
1748 1849 1810 1880 τοὺς

1026 1895 1129 1923 ἑαυτῶν
1147 1895 1248 1926 οἴκους.
1265 1894 1306 1921 Τὰ
1320 1893 1384 1929 ἔθνη
1407 1893 1454 1919 ἐπὶ
1475 1894 1508 1929 τῇ
1531 1894 1702 1929 πνευματικῇ
1722 1893 1812 1929 πέτρᾳ

1026 1942 1136 1978 Χριστῷ
1151 1941 1348 1977 ᾠκοδόμηνται,
1358 1940 1418 1975 ἥτις
1434 1939 1549 1975 ἐγενήθη
1564 1940 1604 1971 είς
1619 1939 1742 1974 κεφαλὴν
1757 1948 1812 1974 γω-

1026 1990 1094 2021 νίας.
1121 1985 1329 2021 ’Λσκαλαϐώτης
1344 1985 1438 2021 χερσὶν
1455 1984 1623 2020 ἐρειδόμενος
1639 1984 1687 2011 καὶ
1708 1984 1812 2012 εὐάλω-

1026 2044 1070 2067 τος
1084 2034 1138 2061 ῶν·
1154 2029 1231 2064 οὗτος
1245 2032 1314 2059 οἰκεῖ
1330 2032 1358 2058 ὲν
1375 2030 1533 2067 ὀχυρώμασι
1549 2030 1690 2065 βασιλέων.
1713 2031 1743 2058 '0
1762 2031 1811 2066 λη-

1027 2080 1092 2116 στὴς
1115 2080 1145 2105 ὲν
1171 2079 1203 2113 τῇ
1229 2077 1338 2104 ἐκτάσει
1363 2076 1417 2103 τῶν
1441 2076 1539 2112 χειρῶν
1564 2076 1603 2111 τῷ
1628 2076 1740 2112 σταυρῷ
1764 2076 1812 2102 τοῦ

1027 2124 1143 2162 Χριστοῦ
1160 2123 1363 2159 ἐπερειδόμενος
1373 2142 1381 2155 ,
1395 2123 1465 2149 οἰκεῖ
1479 2123 1508 2148 ὲν
1523 2122 1561 2158 τῷ
1578 2122 1753 2158 παραδείσῳ,
1775 2122 1813 2157 τῷ

194 2171 351 2208 ὀχυρώματι
370 2166 423 2196 τῶν
447 2167 530 2204 τριῶν
552 2167 698 2202 βασιλέων,
717 2167 822 2203 Πατρὺς
847 2170 893 2196 καὶ
910 2171 975 2199 Υίοῦ
994 2175 1041 2201 καὶ
1053 2173 1131 2207 ἁγίου
1144 2171 1311 2206 Πνεύματος.

231 2219 332 2255 Regem
347 2218 452 2246 locusta
468 2223 521 2243 non
539 2215 638 2248 habet,
650 2219 678 2242 et
691 2219 781 2243 tamen
796 2220 925 2251 tanquam
942 2220 975 2247 ad
992 2225 1014 2253 ι)

1062 2222 1084 2237 ⁶²
1107 2218 1292 2246 ’Λὸασίλευτον
1306 2219 1322 2253 ή
1336 2217 1426 2252 ἀκρὶς,
1436 2217 1483 2243 καὶ¹
1497 2214 1674 2252 ὲκστρατεύει
1690 2216 1738 2250 ἀφ’
1753 2216 1812 2246 ἑνὸς

196 2267 278 2294 unius
291 2265 399 2300 jussum
415 2263 443 2290 in
465 2261 550 2289 aciem
571 2260 702 2296 procedit.
724 2261 789 2289 Sine
813 2270 875 2298 rege
897 2271 975 2293 erant.

196 2314 290 2347 gentes
300 2331 307 2344 ,
320 2309 384 2345 quia
402 2312 512 2344 peccato
527 2311 605 2334 erant
628 2306 756 2342 subjectae
772 2316 778 2334 :
796 2315 869 2336 nunc
885 2314 974 2337 autem

197 2357 252 2385 Deo
272 2356 412 2384 credentes
426 2354 564 2381 caelestem
577 2351 700 2380 militiam
716 2358 851 2380 exercent.
868 2370 903 2375 —
912 2354 976 2383 Tria

197 2407 262 2431 sunt
283 2409 343 2437 quae
365 2401 433 2428 bene
455 2399 631 2435 gradiuntur,
652 2404 679 2427 et
694 2404 821 2434 quartum
844 2401 916 2435 quod
935 2401 977 2428 in—

198 2449 270 2477 cedit
292 2447 416 2475 feliciter.
433 2446 527 2481 Angeli
547 2445 675 2473 nimirum
692 2446 719 2472 in
735 2446 828 2479 caelis,
847 2447 933 2474 sancti
949 2448 976 2475 in

198 2500 281 2527 terra,
297 2492 538 2527 animaejustorum
554 2491 605 2519 sub
619 2496 700 2520 terra.
718 2491 863 2526 Quartum,
879 2501 977 2529 nempe

199 2542 246 2569 Dei
263 2539 381 2568 Verbum
404 2539 592 2571 incarnatum,
612 2539 769 2573 pertransiit
794 2538 907 2567 feliciter
930 2547 978 2574 per

199 2585 320 2621 Virginis
340 2585 462 2617 vulvam;
479 2584 681 2618 reformatoque
694 2584 815 2617 Adamo,
832 2585 978 2619 pertransit

200 2633 330 2661 caelorum
351 2632 462 2666 januam
473 2651 481 2664 ,
495 2630 622 2665 primitia:
638 2630 845 2658 resurrectionis
859 2631 978 2666 itemque

200 2676 366 2704 ascensionis
379 2674 475 2702 factus.

235 2721 334 2751 Leonis
355 2720 461 2748 catulus
484 2720 632 2748 bestiarum
656 2719 831 2749 fortissimus.
852 2719 978 2747 Christus

238 2813 257 2829 “
269 2822 293 2842 ν.
309 2812 351 2842 l9.
388 2814 410 2830 "
425 2813 455 2840 Β.
467 2812 488 2840 f.
501 2812 534 2841 9i

1027 2265 1210 2301 κελεύσματος
1227 2263 1375 2295 εὐτάκτως.
1400 2262 1576 2289 Ἀϐασίλευτα
1590 2259 1662 2297 ἦσαν
1675 2261 1710 2288 τὰ
1731 2261 1793 2295 ἔθνη
1805 2282 1812 2291 ,

1029 2312 1082 2339 ὑπὸ
1095 2311 1145 2346 τῆς
1158 2310 1292 2346 ἁμαρτίας
1307 2309 1361 2346 γὰρ
1377 2307 1575 2335 ἐϐασιλεύοντο·
1591 2307 1640 2334 νῦν
1655 2307 1684 2333 δὲ
1700 2307 1811 2334 πιστεύ-

1031 2365 1126 2388 σαντες
1139 2355 1177 2392 τῷ
1197 2355 1255 2391 Θεῷ
1265 2375 1272 2387 ,
1288 2354 1477 2390 στρατεύονται
1489 2353 1537 2389 τὴν
1554 2352 1713 2389 ἐπουράνιον
1730 2361 1811 2388 στρα-

1030 2401 1112 2428 τείαν.
1127 2416 1161 2421 ——
1176 2400 1245 2436 Τρία
1261 2399 1334 2426 ἐστὶν
1346 2399 1364 2426 ἃ.
1376 2398 1475 2430 εὺόδως
1486 2397 1648 2434 πορεύεται,
1665 2397 1714 2424 καὶ
1731 2398 1761 2424 τὸ
1772 2397 1813 2424 τέ-

1030 2455 1128 2483 ταρτον
1153 2446 1167 2473 δ
1191 2446 1281 2478 καλῶς
1305 2444 1445 2472 διαϐαίνει.
1466 2444 1591 2478 ’Δγγελοι
1617 2445 1646 2470 ὲν
1670 2444 1812 2480 ούρανοξ,

1031 2493 1103 2526 ἅγιοι
1125 2491 1172 2517 ἐπὶ
1187 2491 1235 2526 τῆς
1257 2490 1308 2526 γῆς
1318 2510 1325 2522 ,
1341 2489 1425 2524 ψυχαὶ
1440 2488 1549 2515 δικαίων
1565 2488 1618 2514 ὑπὸ
1634 2488 1702 2523 γῆν·
1720 2488 1769 2515 καὶ
1783 2488 1813 2513 τὸ

1028 2539 1173 2574 τέταρτον,
1200 2537 1215 2562 ὁ
1237 2536 1301 2568 Θεὸς
1322 2535 1408 2569 Λόγος
1432 2534 1599 2570 σαρκωθεὶς,
1622 2534 1699 2569 διέϐη
1724 2533 1813 2564 καλῶς

1031 2585 1136 2620 μήτραν
1151 2582 1287 2619 Παρθένου
1297 2590 1303 2596 ·
1316 2581 1465 2609 ἀνάπλασιν
1476 2580 1521 2607 τοῦ
1541 2579 1625 2616 Ἀδὰμ
1641 2580 1811 2616 ποιούμενος,

1029 2629 1105 2664 διέϐη
1122 2628 1208 2660 πύλας
1223 2626 1353 2663 οὐρανῶν,
1371 2626 1481 2661 ἀπαρχὴ
1496 2625 1671 2658 ἀναστάσεως
1687 2627 1734 2652 καὶ
1749 2625 1812 2652 ἀνα-

1030 2674 1135 2710 λήψεως
1149 2674 1215 2700 πᾶσι
1231 2673 1384 2708 γενόμενος.

1066 2720 1188 2756 Σκύμνος
1203 2719 1308 2751 λέοντος
1326 2717 1497 2755 ίσχυρότερος
1512 2717 1629 2754 κτηνῶν.
1646 2717 1766 2754 Χριστὸς
1784 2717 1812 2742 ἐν
