1860 3051
207 95 259 136 οδε)

649 89 677 118 S.
699 89 875 117 HIPPOLYTI
897 87 972 116 Ol‘P.
991 85 1080 113 PARS
1096 85 1117 113 1.
1137 101 1171 106 --
1189 84 1391 113 EXEGETICA.

1778 82 1793 108 (ς
1801 83 1808 108 l
1815 84 1829 107 ι)

209 149 267 176 cias
279 148 336 183 (qui
348 152 375 175 et
387 147 542 182 Jechonias)
554 151 581 174 et
594 146 704 174 Sedum.
714 146 746 173 Et
757 146 866 181 quidem
879 145 995 172 Joachas
1012 148 1031 173 Α
1046 143 1093 170 τοῦ
1124 142 1258 178 μακαρίου
1292 142 1391 169 Ἰωσίου

1048 143 1093 170 τοῦ
1124 142 1258 178 μακαρίου
1292 142 1410 174 Ἰωσίου,
1446 140 1573 176 Ὶωάχας,
1612 139 1755 174 Ἐλιακεὶμ
1785 148 1831 166 και

207 198 271 229 post
286 199 398 221 mortem
411 193 495 228 patris
507 201 521 219 a
535 192 634 226 populo
645 192 672 218 in
690 199 778 226 regem
793 191 912 226 ungitur,
929 198 990 217 cum

208 243 280 266 esset
299 246 432 266 annorum
450 238 531 265 trium
547 245 629 272 supra
646 237 752 272 viginti.
766 232 902 264 Adversus
921 236 992 263 hunc

208 285 330 312 ascendit
343 285 452 311 Pharao
468 282 577 310 Nechao
592 291 686 310 mense
709 283 788 310 tertio
812 282 886 317 regni
912 281 990 316 ejus;

207 331 385 365 vinctumque
398 334 506 364 captum
524 329 600 356 ducit
612 329 638 356 in
661 328 819 363 Egyptum,
835 336 866 356 ac
879 328 991 355 multam

208 382 287 403 terrae,
312 376 452 410 imposuit,
471 379 580 402 centum
603 375 702 401 talenta
722 374 836 409 argenti,
855 378 882 401 et
899 374 990 400 decem

207 421 277 447 auri.
303 420 506 454 Constituitque
536 427 585 454 pro
612 427 645 446 eo
675 427 764 454 regem
786 426 868 453 super
893 423 990 445 terram

206 465 318 492 fratrem
336 465 395 500 ejus
412 465 536 496 Eliacim,
555 465 598 491 cui
613 473 712 492 nomen
725 465 802 491 vertit
814 463 928 495 Joacim,
943 471 992 490 an-

207 511 250 538 nis
264 511 402 538 undecim.
420 510 558 538 Λάκαι-ειυς
579 511 652 538 hunc
672 510 793 538 ascendit
813 509 992 536 Nabuchodo-

207 564 292 584 nosor
307 557 329 573 τ’
346 565 393 584 rex
414 556 570 592 Babylonis,
586 556 762 591 vinctumque
777 559 886 590 captum
904 553 991 589 Baby-

207 602 297 630 lonem
312 602 396 634 ducit,
414 608 573 637 partemque
584 609 711 630 vasorum
726 602 833 633 domus,
847 608 908 635 qua:
916 604 994 628 erant

205 647 395 684 Jerosolymis.
409 648 469 682 llic,
485 656 547 676 cum
566 649 593 675 in
609 655 747 676 carcerem
767 647 908 682 conjcetns
921 650 994 674 esset

206 701 295 728 eoque
305 697 450 725 teneretur,
464 693 546 727 utqui
555 692 706 719 Pharaonis
719 691 823 718 amicus
831 690 992 721 exstitisset,

207 742 235 765 et
249 738 283 765 ab
296 746 329 765 co
343 746 390 766 rex
401 738 566 766 constitutus
579 737 684 769 inisset,
697 744 770 764 anno
783 736 895 771 septimo
911 743 993 770 supra

208 784 377 812 tricesimum
401 785 528 812 educitur
552 784 587 811 ab
611 783 635 800 "
657 783 746 810 Evilat
762 781 907 808 Marodach
931 788 993 815 rege

207 830 367 866 Babylonis;
390 831 568 864 detunditque
600 830 673 857 illius
696 834 787 864 caput,
813 833 840 856 et
857 833 915 855 erat
935 827 993 855 eia

207 876 341 909 consiliis,
355 880 382 903 et
401 875 561 903 comedebat
579 875 607 902 in
624 881 717 901 mensa
738 874 807 908 ejus,
820 873 853 900 ad
866 880 927 900 eum
947 879 994 899 us-

208 930 262 957 que
278 923 362 954 diem,
380 930 435 957 quo
447 926 571 949 mortuus
589 925 640 947 est.
657 919 726 947 Cum
746 919 791 946 hic
812 919 895 954 igitur
909 917 995 945 abdu-

208 975 269 997 ctus
288 969 394 1002 fuisset,
414 973 509 1004 regnat
526 967 598 994 [ilius
614 967 674 999 ejus
686 966 789 994 Joacim
805 965 884 993 annis
897 965 993 992 tribus.

208 1015 390 1050 Ascenditqne
417 1015 443 1041 in
473 1022 535 1041 cum
563 1013 827 1044 Nabuchodonosor,
851 1011 995 1046 ipsumque

208 1069 241 1088 ac
256 1061 367 1095 reliquae
383 1059 469 1094 plebis
480 1059 572 1086 decem
589 1058 673 1086 millia
688 1058 811 1085 virorum
828 1057 994 1092 Babylonem

208 1106 341 1139 traducit;
357 1111 438 1141 atque
451 1105 510 1140 ejus
525 1109 652 1140 patruum
666 1111 756 1139 regem
773 1111 822 1138 pro
842 1110 875 1130 eo
894 1102 997 1130 consti-

208 1153 271 1185 tuit,
288 1159 369 1187 quem
387 1156 492 1178 mutato
511 1151 621 1178 nomine
642 1150 782 1178 Sedeciam
797 1150 924 1177 vocavit:
946 1157 995 1184 pa-

209 1199 319 1233 ctisque
336 1205 398 1225 cum
411 1205 443 1224 co
452 1197 615 1232 juramcntis
630 1196 739 1231 ictoque
754 1196 866 1228 findere,
878 1195 997 1230 Babylo-

209 1251 271 1271 nem
283 1243 361 1270 redit.
375 1243 432 1275 llic,
445 1250 506 1270 cum
520 1247 659 1278 regnasset
669 1249 756 1270 annos
766 1241 902 1273 undecim,
916 1241 949 1268 ab
961 1249 995 1268 eo

209 1290 347 1321 deﬁciens,
360 1289 385 1316 in
397 1289 550 1316 Pharaonis
574 1289 646 1324 regis
665 1288 774 1324 Algypti
792 1292 883 1323 partes
901 1292 992 1315 trans-

209 1336 266 1363 ivit.
278 1336 357 1363 Anno
370 1336 460 1370 itaque
476 1335 593 1368 decimo,
614 1334 724 1362 venitin
737 1342 799 1361 eum
814 1342 847 1361 ex
863 1333 994 1361 Chaldzea

208 1382 468 1413 Nabuchodonosor,
484 1381 635 1416 urbemque
656 1380 727 1408 vallo
742 1380 828 1408 cinxit
847 1384 928 1415 atque
944 1380 994 1407 ob-

207 1427 287 1460 sedit,
301 1427 430 1461 omnique
449 1434 481 1454 ex
500 1430 576 1461 parte
594 1426 719 1453 arctavit.
736 1425 916 1459 Quamobrem
936 1433 994 1452 ma-

207 1481 259 1508 gna
274 1480 367 1500 eorum
382 1480 445 1507 pars
463 1472 535 1499 fame
548 1472 709 1499 interierunt
725 1471 789 1498 :'alii
808 1471 898 1506 gladio
912 1471 991 1505 caesi;
1005 1479 1031 1508 (ι

208 1518 331 1545 nonnulli
350 1518 421 1544 inter
437 1517 523 1552 spolia
538 1523 570 1544 ac
583 1517 728 1544 manubias
746 1517 838 1551 capti;
856 1517 921 1544 urbs
933 1517 994 1551 igne

207 1569 355 1594 succensa;
373 1561 502 1596 templum
519 1561 645 1596 murique
661 1561 803 1588 destructi.
820 1561 920 1589 Omnes
933 1564 994 1589 the-

207 1615 305 1635 sauros
324 1608 449 1634 inventos
470 1607 497 1634 in
513 1607 595 1634 domo
614 1606 721 1634 Domini
733 1607 842 1634 abstulit
858 1607 996 1635 exercitus

206 1652 407 1684 Chaldmorum,
437 1657 588 1688 cunctaque
615 1660 680 1680 vasa
704 1660 786 1679 aurea
804 1657 831 1680 et
851 1659 996 1688 argentea;

207 1705 343 1733 omneque
355 1706 392 1726 res
406 1698 534 1726 contrivit
544 1697 733 1725 Nabuzardan
754 1698 879 1733 princeps
894 1707 995 1734 coquo-

208 1751 281 1777 rum,
295 1749 322 1771 et
336 1744 397 1771 tulit
409 1752 440 1772 ea
465 1744 491 1771 in
507 1743 680 1779 Babylonem.
710 1743 799 1777 Ipsum
819 1752 884 1772 vero
909 1745 994 1773 Sede-

208 1790 279 1818 ciam
298 1797 346 1824 per
362 1790 449 1818 noctis
472 1790 578 1818 silentia
596 1790 742 1825 fugientem
763 1798 826 1818 cum
840 1791 997 1826 septingen-

207 1836 243 1864 tis
264 1836 341 1869 viris,
358 1841 517 1870 persecutus
533 1837 670 1864 exercitus
693 1836 891 1868 Chaldaeorum,
912 1837 994 1872 inque

207 1882 317 1909 Jericho
339 1890 400 1908 eum
420 1887 572 1914 assecutus,
596 1882 754 1909 adduxitad
770 1891 858 1918 regem
877 1883 992 1919 Babylo-

208 1927 253 1954 nis
264 1927 290 1954 in
308 1926 438 1954 Reblatba
462 1936 469 1954 :
494 1927 665 1962 qui,judicio
678 1927 712 1955 de
724 1928 777 1962 illo
792 1929 818 1955 in
835 1936 874 1955 ira
892 1928 993 1959 furoris

208 1972 345 2005 instituto,
370 1972 404 1999 ob
421 1972 551 1999 violatum
571 1972 678 2000 Domini
698 1973 888 2008 jusjurandum
905 1980 932 2002 ct
943 1975 993 2002 Γω-

207 2019 260 2045 dus
297 2018 370 2052 quod
396 2026 458 2046 cum
478 2018 525 2045 illo
543 2019 679 2054 pepigerat
692 2039 699 2051 ,
720 2019 780 2054 ejus
806 2020 877 2048 ﬁlios
898 2029 990 2049 coram

211 2065 271 2099 ipso
286 2064 430 2100 jugulavit,
447 2072 479 2091 ac
494 2063 612 2091 Sedeciae
632 2065 726 2092 oculos
750 2067 870 2098 caecavit,
886 2066 991 2101 ipsum-

207 2118 261 2146 que
274 2110 363 2137 ferreo
376 2110 463 2136 vinxit
475 2109 601 2144 pondere,
618 2117 650 2136 ac
665 2109 827 2144 Babylonem
843 2111 930 2143 duxit,
945 2112 989 2138 ubi

1049 187 1184 220 Ὶωάνναν,
1198 187 1336 218 Σεδεκίας,
1347 187 1361 213 ὁ
1376 187 1423 213 καὶ
1439 186 1574 221 Ἰεχονίας,
1587 185 1634 212 xui
1646 184 1765 219 Σαὸούμ.
1779 185 1832 210 Καὶ

1042 235 1056 260 ὁ
1068 235 1116 270 μὲν
1136 234 1258 268 ἰωάχας,
1275 233 1343 268 μετὰ
1361 232 1409 268 τὴν
1427 233 1553 268 τελευτὴν
1569 232 1616 259 τοῦ
1635 232 1739 268 πατρὸς
1749 232 1830 258 αὑτοῦ

1043 279 1148 315 χρίεται
1164 280 1215 306 ὑπὸ
1229 279 1273 306 τοῦ
1289 279 1353 306 λαοῦ
1372 279 1412 310 εἰς
1429 277 1549 314 βασιλέα,
1561 277 1599 304 ὢν
1611 277 1679 304 ἐτῶν
1699 280 1752 310 κγ’.
1773 277 1830 302 Ἐπὶ

1043 326 1135 352 τοῦτον
1163 325 1301 353 ἀναϐαίνει
1332 324 1431 360 Φαραὼ
1454 324 1562 360 Νεχαὼ,
1582 325 1611 351 ὲν
1636 323 1676 359 τῷ
1703 323 1771 358 μηνὶ
1795 324 1831 357 τῷ

1042 371 1126 406 τρίτῳ
1138 371 1188 406 τῆς
1204 370 1341 406 βασιλείας
1351 366 1442 397 αὑτοῦ·
1455 370 1502 397 xui
1513 370 1603 397 λαϐὼν
1619 370 1700 396 αὑτὸν
1711 369 1829 404 δέσμιον,

1042 415 1102 451 ἄγει
1115 417 1154 448 εἰς
1173 417 1319 451 Αἴγυπτον·
1335 416 1382 443 xui
1395 416 1531 451 ἐπιτίθησι
1552 416 1633 452 φόρον
1648 416 1681 451 τῇ
1703 416 1750 449 γῇ,
1767 415 1828 440 ἑκα-

1043 462 1088 488 τὸν
1099 462 1217 489 τάλαντα
1234 462 1376 498 ἀργυρίου,
1400 462 1446 489 xui
1475 462 1540 489 δέκα
1562 461 1681 488 τάλαντα
1707 461 1827 496 χρυσίου.

1042 507 1097 534 Καὶ
1112 507 1226 543 καθιστᾷ
1246 509 1303 534 ἀντ’
1319 507 1400 535 αὑτοῦ
1425 508 1564 543 Ἐλιακείμ
1580 507 1626 534 τὸν
1651 506 1766 540 ἀδελφὸν
1784 506 1829 532 αὐ-

1042 554 1089 580 τοῦ
1107 553 1217 588 βασιλέα
1231 555 1277 581 ἐπὶ
1287 554 1336 589 τῆς
1350 554 1410 590 γῆς,
1428 554 1457 580 ὃν
1472 553 1664 590 μετωνόμασεν
1692 553 1829 587 Ἰωακεὶμ,

1043 600 1089 627 ἐπὶ
1104 599 1151 636 ἐτη
1166 599 1272 627 ἕνδεκα.
1292 600 1353 627 Ἐπὶ
1373 599 1466 626 τοῦτον
1490 599 1573 634 ἀνέϐη
1596 598 1830 634 Ναϐουχοδονόσορ

1044 645 1169 680 βασιλεὺς
1180 645 1347 678 Βαϐυλῶνος,
1363 646 1410 672 καὶ
1429 645 1520 672 λαϐὼν
1540 644 1621 672 αὑτὸν
1631 645 1754 680 δέσμιον,
1772 646 1828 678 ἄγει

1045 693 1085 724 είς
1102 691 1258 723 Βαϐυλῶνα,
1275 691 1322 719 καὶ
1343 691 1425 728 μέρος
1436 700 1462 718 τι
1480 691 1534 718 τῶν
1553 690 1657 718 σκευῶν
1680 690 1755 717 οἴκου
1776 691 1827 717 τῶν

1044 738 1072 763 ὲν
1098 737 1281 774 Ἰερουσαλήμ.
1299 734 1382 769 Οὗτος
1409 737 1599 769 κατάκλειστος
1616 737 1772 772 γενόμενος,
1795 737 1829 768 ὡς

1045 783 1120 818 φίλος
1130 783 1176 810 τοῦ
1186 783 1285 820 Φαραὼ
1299 784 1346 811 καὶ
1356 784 1402 810 ὑπ’
1414 783 1495 810 αὑτοῦ
1505 783 1630 818 βασιλεὺς
1639 783 1826 814 κατασταθεὶς,

1045 827 1075 853 ὲν
1089 827 1127 862 τῷ
1139 827 1177 859 λζ’
1191 827 1246 854 ἔτει
1257 828 1382 862 ἐξάγεται
1401 828 1453 854 ὑπὸ
1469 827 1569 855 Εὑιλὰτ
1587 827 1728 863 Μαρωδὰχ
1753 828 1827 863 βασι-

1045 871 1113 904 λέως
1130 873 1296 906 Βαϐυλῶνος,
1308 873 1355 900 xui
1367 873 1469 909 ἔκειρεν
1481 874 1562 901 αὐτοῦ
1578 874 1627 910 τὴν
1641 874 1773 909 κεφαλὴν,
1787 875 1828 901 xs‘:

1044 915 1078 953 ἦν
1094 917 1176 944 αὑτοῦ
1191 918 1352 954 σύμϐουλος,
1364 919 1411 946 xui
1422 919 1513 955 ἧσθιεν
1526 920 1555 946 ὲν
1565 921 1596 955 τῇ
1608 919 1733 956 τραπέζῃ
1750 920 1829 946 αὑτοῦ

1044 963 1097 995 ἓως
1112 964 1162 998 τῆς
1177 965 1283 1000 ἡμέρας
1303 962 1337 1000 ἧς
1357 964 1484 992 ἀπέθανε.
1506 965 1606 992 Τούτου
1623 963 1670 992 οὖν
1687 966 1830 1001 μεταχθέν-

1044 1016 1099 1040 τος,
1114 1008 1249 1043 βασιλεύει
1265 1010 1280 1035 ὁ
1292 1009 1352 1047 υἱὸς
1367 1009 1449 1036 αὐτοῦ
1474 1010 1610 1046 Ἰωακεὶμ,
1628 1010 1676 1045 ἔτη
1689 1010 1753 1046 τρία
1766 1011 1829 1046 (55).

1044 1053 1099 1080 Καὶ
1116 1054 1162 1080 ἐπὶ
1174 1054 1266 1081 τοῦτον
1281 1055 1364 1090 ἀνέϐη
1380 1055 1622 1092 Ναϐουχοδονόσορ,
1646 1057 1694 1083 καὶ
1715 1057 1829 1093 μετοικί-

1045 1099 1084 1130 ζει
1098 1099 1178 1126 αὐτόν
1194 1108 1223 1127 τε
1242 1100 1289 1127 καὶ
1302 1100 1349 1127 τοῦ
1361 1101 1424 1128 λαοῦ
1440 1101 1505 1128 δέκα
1528 1102 1649 1137 χιλιάδας
1671 1103 1777 1138 ἀνδρῶν
1797 1104 1829 1134 εἰς

1044 1148 1199 1175 Βαϐυλῶνα·
1217 1148 1263 1175 xui
1280 1149 1394 1185 καθιστᾷ
1409 1149 1465 1176 ἀντ’
1483 1150 1564 1177 αὑτοῦ
1583 1150 1630 1176 τὸν
1651 1151 1768 1185 ἀδελφὸν
1788 1151 1829 1177 τοῦ

1045 1193 1147 1230 πατρὸς
1175 1194 1268 1227 αὐτοῦ,
1289 1194 1319 1221 ὃν
1342 1195 1389 1221 καὶ
1414 1195 1590 1230 μετωνόμασε
1612 1196 1752 1224 Σεδεκίαν·
1779 1196 1829 1231 μεθ’

1044 1236 1074 1266 οὗ
1085 1240 1164 1275 ὅρκια
1180 1240 1227 1267 xui
1239 1240 1374 1275 συνθήκας
1394 1241 1586 1277 ποιησάμενος,
1601 1242 1714 1269 ἄπεισιν
1726 1243 1767 1274 είς
1782 1242 1828 1268 B1—

1045 1285 1161 1312 ϐυλῶνα.
1179 1282 1263 1318 Οὗτος
1277 1286 1438 1321 βασιλεύσας
1450 1287 1497 1323 ἔτη
1512 1291 1545 1314 ια’
1559 1288 1665 1324 ἀπέστη
1680 1289 1730 1315 ἀπ’
1743 1289 1829 1319 αὑτοῦ,

1045 1331 1092 1358 xui
1105 1331 1203 1358 ἔδωκεν
1218 1332 1314 1359 ἑαυτὸν
1324 1332 1391 1368 πρὸς
1401 1333 1499 1369 Φαραὼ
1517 1333 1628 1369 βασιλέα
1645 1335 1795 1368 Αἰγύπτουι
1807 1336 1829 1361 ὲν

1044 1377 1072 1404 δὲ
1087 1377 1126 1413 τῷ
1137 1378 1242 1414 δεκάτῳ
1253 1378 1306 1405 ἔτει
1326 1377 1407 1415 ἦλθεν
1427 1380 1471 1406 ἐπ’
1495 1381 1575 1407 αὑτὸν
1598 1380 1829 1416 Ναϐουχοδονόσορ

1044 1423 1076 1450 ἐκ
1091 1424 1142 1459 γῆς
1153 1423 1304 1457 Χαλδαίων,
1322 1426 1369 1452 xui
1384 1426 1607 1462 περιεχαράκωσε
1626 1427 1677 1462 τὴν
1695 1427 1775 1453 πόλιν
1789 1428 1828 1454 καὶ

1045 1469 1234 1504 περιεκάθισεν
1258 1470 1343 1506 αὐτὴν
1366 1471 1512 1503 κύκλωθεν,
1537 1472 1582 1499 xui
1604 1474 1728 1508 συνεῖχεν
1747 1473 1825 1508 αὐτὴν

1045 1514 1186 1542 πάντοθεν,
1201 1515 1280 1542 Ὅθεν
1293 1516 1318 1543 οἱ
1329 1516 1450 1548 πλείονες
1460 1517 1549 1544 αὐτῶν
1561 1518 1589 1544 ἐν
1603 1517 1676 1554 λιμῷ
1687 1519 1828 1554 διεφθάρη-

1045 1569 1104 1587 σαν”
1120 1562 1144 1588 οἱ
1161 1561 1190 1588 δὲ
1206 1562 1235 1587 ὲν
1251 1563 1372 1599 ῥομφαίᾳ
1385 1563 1533 1590 ἀπώλοντο·
1551 1565 1622 1596 τινὲς
1635 1565 1665 1591 δὲ
1680 1566 1773 1592 αὐτῶν
1792 1567 1828 1593 ui-

1045 1607 1180 1641 χμάλωτοι
1205 1607 1370 1643 ἐλήφθησαν,
1381 1609 1398 1644 ὴ
1410 1609 1437 1635 δὲ
1451 1609 1526 1641 πόλις
1539 1610 1704 1646 ὲνεπυρίσθη
1716 1612 1745 1637 ἐν
1759 1612 1826 1647 mpi'

1044 1652 1092 1678 xui
1105 1652 1193 1684 ὀναὺς
1203 1653 1250 1680 xui
1269 1653 1299 1680 τὸ
1315 1655 1402 1688 τεῖχος
1416 1654 1563 1691 καθῃρέθη.
1580 1656 1634 1682 Καὶ
1653 1657 1760 1688 πάντας
1773 1659 1827 1688 τοὺς

1045 1696 1197 1732 θησαυροὺς
1207 1698 1270 1730 τοὺς
1283 1698 1443 1734 εὑρεθέντας
1470 1700 1498 1726 ὲν
1513 1700 1579 1735 οῐκῳ
1601 1700 1717 1736 Κυρίου,
1741 1700 1826 1727 ἐλαϐεν

1045 1746 1061 1780 ἡ
1075 1745 1188 1780 δύναμις
1198 1744 1251 1771 τῶν
1265 1744 1416 1776 Χαλδαίων,
1429 1745 1477 1772 xui
1490 1746 1581 1772 πάντα
1595 1746 1629 1773 τὰ
1646 1747 1744 1782 σκεύη,
1756 1748 1789 1775 τά
1802 1756 1826 1773 τε

1045 1790 1133 1826 χρυσᾶ
1150 1790 1196 1816 xui
1207 1790 1324 1826 ἀργυρᾶ
1335 1791 1382 1817 xui
1399 1791 1487 1818 πάντα
1502 1791 1601 1826 χαλκὸν
1621 1792 1752 1828 ἐξέκοψεν
1776 1794 1824 1820 Νασ

1045 1834 1194 1870 ϐουζαρδὰν
1207 1836 1221 1862 ὁ
1233 1835 1439 1872 ἁρχιμάγειρος,
1453 1837 1499 1863 xui
1510 1837 1609 1872 ἤνεγκε
1628 1838 1700 1865 αὐτὰ
1715 1840 1757 1871 εἰς
1781 1840 1825 1865 Βιμ

1045 1879 1160 1906 ϐυλῶνα.
1175 1880 1260 1907 Αὑτὸν
1278 1881 1307 1907 δὲ
1319 1880 1363 1907 τὸν
1383 1881 1509 1908 Σεδεκίαν
1526 1882 1570 1909 διὰ
1585 1883 1683 1914 νυκτὸς
1698 1884 1826 1918 φεύγοντα

1046 1925 1114 1960 μετὰ
1130 1925 1235 1961 ἀνδρῶν
1252 1926 1431 1960 ἑπτακοσίων,
1444 1927 1602 1961 κατεδίωξεν
1618 1929 1634 1963 ὴ
1648 1929 1765 1964 δύναμις
1777 1930 1822 1956 τῶν

1043 1972 1194 2003 Χαλδαίων,
1212 1973 1259 2000 xui
1274 1972 1421 2000 κατέλαϐον
1433 1973 1513 2000 αὐτὸν
1532 1974 1561 2000 ἐν
1581 1974 1695 2010 ’1εριχὼ,
1710 1976 1757 2002 xui
1770 1976 1817 2011 ἦγε

1043 2025 1090 2050 γον
1119 2017 1199 2044 αὑτὸν
1222 2017 1289 2053 πρὸς
1314 2017 1424 2052 βασιλέα
1449 2017 1606 2050 Βαϐυλῶνος
1626 2020 1667 2050 εἰς
1689 2019 1823 2046 Ῥεϐλαθά.

1044 2063 1099 2089 Καὶ
1115 2063 1211 2098 ἐκρίθη
1224 2063 1282 2099 μετ’
1297 2064 1379 2091 αὐτοῦ
1398 2066 1412 2092 ὁ
1430 2065 1556 2100 βασιλεὺς
1577 2065 1606 2091 ὲν
1627 2064 1719 2100 θυμῷ,
1743 2067 1771 2092 ὲν
1793 2065 1824 2099 τῷ

1043 2109 1263 2145 παραϐεϐηκέναι
1276 2110 1356 2136 αὐτὸν
1367 2111 1412 2136 τὸν
1424 2111 1503 2146 ὁρκον
1522 2110 1635 2146 Κυρίου,
1651 2111 1699 2137 xui
1713 2111 1763 2146 τὴν
1776 2110 1825 2136 διας

207 2160 267 2183 erat
279 2155 384 2182 molens
399 2155 426 2181 in
444 2154 600 2181 molendino
615 2154 702 2181 donec
721 2155 790 2182 diem
802 2155 878 2182 obiit.
892 2155 993 2183 Defun-
1008 2156 1030 2184 ι)
1043 2155 1131 2191 θήκην
1145 2156 1179 2191 ἣν
1194 2155 1297 2182 διέθετο
1313 2156 1381 2192 προς

1048 2155 1131 2191 θήκην
1145 2156 1179 2191 ἣν
1194 2155 1297 2182 διέθετο
1313 2156 1381 2192 πρδς
1394 2157 1483 2189 αὑτὸν,
1503 2157 1548 2183 xui
1566 2157 1628 2188 τοὺς
1649 2156 1727 2188 υἱοὺς
1752 2156 1822 2183 αὑτοῦ

208 2201 299 2235 ctique
313 2205 451 2235 arreptum
470 2199 586 2226 cadaver
605 2204 678 2226 retro
697 2207 790 2228 muros
808 2201 991 2236 projecerunt.

208 2247 238 2274 In
251 2255 284 2274 eo
301 2246 466 2281 completum
480 2244 606 2272 Jeremia:
618 2245 758 2272 oraculum
775 2245 889 2273 dicentis
904 2255 910 2272 :
929 2245 992 2272 Vivo

209 2301 266 2327 ego,
282 2293 348 2319 dicit
360 2291 506 2322 Dominus,
533 2290 596 2325 quia
622 2290 646 2317 si
665 2291 744 2325 fuerit
761 2290 901 2318 Jac/lonia:
921 2291 993 2326 ﬁlius

210 2337 315 2364 Joacim
331 2344 376 2363 rea:
391 2335 464 2362 Juda
475 2335 587 2362 annulus
599 2335 627 2362 in
640 2344 719 2362 manu
733 2336 840 2363 dextera
853 2344 920 2369 mea,
935 2337 995 2363 inde

211 2383 319 2410 evellam
336 2388 370 2409 te.
388 2381 420 2408 Et
441 2381 509 2407 dabo
523 2385 547 2406 te
561 2381 588 2406 in
604 2389 683 2408 manu
695 2382 867 2416 querentium
880 2382 995 2409 animant

213 2437 297 2461 tuam,
313 2430 341 2456 iu
356 2437 436 2455 manu
447 2438 462 2456 α
477 2437 587 2464 quorum
598 2429 666 2464 facie
682 2434 710 2455 tu
725 2429 864 2463 formidas,
876 2429 904 2455 in
916 2437 994 2456 manu

212 2475 408 2503 Cltuldworum.
422 2474 455 2501 Et
470 2475 608 2509 projiciam
621 2479 654 2507 te,
665 2480 689 2502 et
703 2480 812 2502 matrem
828 2483 886 2510 qua:
898 2476 995 2510 peperit

215 2526 249 2554 te,
264 2521 292 2548 in
309 2525 406 2547 terram
420 2521 543 2554 alienam,
566 2526 588 2547 et
607 2521 753 2548 moriemini
772 2521 818 2547 ibi.
842 2520 875 2548 In
898 2526 995 2548 terram

213 2571 302 2594 autem
311 2574 389 2601 quant
400 2567 465 2594 votis
476 2571 599 2600 expetunt
615 2567 753 2594 animabus
765 2568 831 2601 suis,
850 2576 900 2594 non
919 2568 997 2594 redu-

215 2620 273 2638 cam
298 2616 332 2638 te.
349 2611 526 2639 Inhonoratus
545 2617 583 2639 est
608 2612 760 2644 leo/Ionias,
781 2619 810 2640 ut
833 2622 878 2640 vas
891 2614 995 2645 inutile,

217 2658 292 2692 cujus
316 2658 404 2685 nullus
423 2663 460 2686 est
483 2667 564 2692 usus;
586 2659 683 2686 idcirco
700 2659 830 2694 ,ποίει-ινδ
853 2665 892 2686 εει
918 2665 997 2694 atque

255 2714 277 2730 "
298 2713 329 2740 ιν
352 2713 416 2750 Reg.
439 2722 511 2747 χιιι,
533 2715 577 2743 10,
614 2715 637 2731 ⁷³
653 2714 687 2742 IV
710 2715 775 2751 Reg.
803 2724 867 2749 xxv,
889 2716 933 2743 ‘27.

255 2798 312 2834 (55)
329 2799 380 2834 AL,
395 2800 544 2836 τριμὴνιον,
561 2809 657 2827 menscs
673 2805 734 2827 tres.

1045 2201 1160 2236 ἔσφαξεν
1177 2201 1328 2238 ἔμπροσθεν
1341 2202 1435 2232 αὑτοῦ,
1448 2203 1494 2229 xui
1510 2203 1572 2234 τοὺς
1585 2202 1744 2238 ὀφθαλμοὺς
1756 2202 1821 2228 Σεδε-

1046 2247 1104 2274 κίου
1124 2247 1316 2282 ἐξετύφλωσεν.
1335 2249 1390 2275 Καὶ
1405 2248 1503 2275 ἔδωκεν
1519 2248 1599 2275 αὑτὸν
1613 2249 1642 2275 ὲν
1655 2249 1750 2281 πέδαις
1765 2249 1822 2282 σιδη-

1049 2292 1174 2328 ραῖς,καὶ
1183 2292 1285 2327 ἤγαγεν
1304 2293 1384 2319 αὐτὸν
1400 2294 1439 2325 εἰς
1453 2293 1608 2320 Βαϐυλῶνα·
1621 2293 1669 2320 xui
1680 2292 1716 2329 ἦν
1728 2293 1821 2329 ἀλήθωί

1047 2339 1077 2364 ὲν
1091 2337 1129 2373 τῷ
1148 2337 1259 2373 μύλωνι,
1282 2338 1334 2371 ἕως
1354 2339 1403 2374 τῆς
1426 2339 1531 2375 ἡμέρας
1545 2337 1580 2375 ἦς
1607 2339 1754 2367 ἀπέθανεν.
1776 2338 1820 2365 Καὶ

1048 2385 1077 2410 ὲν
1102 2383 1141 2419 τῷ
1158 2384 1305 2411 ἀποθανεῖν
1328 2385 1417 2417 αὑτὸν,
1443 2384 1568 2416 λαϐόντες
1590 2385 1621 2411 τὸ
1643 2384 1726 2420 σῶμα
1739 2383 1818 2415 αὑτοῦ,

1048 2430 1163 2466 ἔρριψαν
1175 2430 1262 2457 ὀπίσω
1273 2431 1319 2457 τοῦ
1335 2431 1440 2465 τείχους
1452 2424 1553 2457 Νινευίξ
1581 2431 1642 2457 Ἐπὶ
1657 2433 1752 2458 τούτου
1766 2431 1819 2464 πλη-

1050 2477 1142 2512 ροῦται
1159 2478 1174 2512 ἡ
1191 2472 1342 2512 προφητεία
1369 2476 1510 2512 Ἱερεμίου,
1531 2477 1657 2510 λέγοντος
1671 2486 1678 2492 ·
1703 2477 1747 2504 Ζῶ
1762 2477 1816 2511 ἐγὼ.

1046 2522 1126 2557 λέγει
1146 2523 1260 2556 Κύριος.
1285 2522 1350 2549 Ἐὰν
1368 2522 1526 2556 γενόμενος
1546 2521 1668 2555 γένηται
1696 2523 1815 2557 Ἰεχονίας

1048 2568 1112 2600 υίὸς
1139 2568 1270 2602 Ἰωακεὶμ
1292 2567 1440 2600 ,βασιλεὺς
1477 2567 1573 2595 Ἰούδα
1597 2568 1815 2603 ἀποσφράγισμα

1048 2617 1097 2642 ἐπὶ
1111 2616 1167 2650 τῆς
1178 2615 1275 2650 χειρός
1288 2624 1347 2650 μου
1361 2614 1415 2648 τῆς
1433 2613 1543 2647 δεξιᾶς,
1558 2614 1675 2641 ἐκεῖθεν
1690 2614 1814 2642 ἐκσπιίσω

1048 2668 1096 2692 σε,
1109 2659 1157 2687 καὶ
1179 2659 1264 2686 δώσω
1278 2667 1314 2687 σε
1329 2659 1372 2692 εὶς
1391 2658 1491 2694 χεῷας
1507 2659 1565 2686 τῶν
1586 2658 1751 2694 ζητούντων
1771 2657 1814 2692 τὴν
