1860 3051
197 91 249 118 at;

634 91 662 118 S.
687 90 865 117 HlPPOLl'Tl
883 90 959 120 OPP.
977 91 1067 119 PARS
1085 91 1105 118 l.
1123 107 1158 112 —
1177 91 1379 120 EXEGETICA.

1781 88 1836 113 ϋόὰ

197 154 319 187 Macedo,
341 153 448 182 sublato
472 151 564 182 Dario,
577 158 668 178 rerum
681 151 783 186 potitus
798 155 857 183 est;
869 151 941 186 quod
958 152 985 178 in
999 154 1022 182 Α
1036 161 1050 179 ο

1077 153 1205 189 Ἕλληνες
1215 163 1221 169 ·
1241 154 1310 190 μετὰ
1323 153 1378 189 γὰρ
1392 151 1507 188 Πέρσας,
1516 150 1694 186 Ἀλέξανδρος
1709 149 1835 184 ἐκράτη-

197 201 345 227 Simulacro
359 207 394 225 (es
408 197 547 225 indicavit.
560 197 637 229 Quod
657 200 749 223 autem
763 196 839 231 dicit,
851 198 903 224 ala:
917 205 984 232 qua-

198 253 258 273 tuor
281 245 403 276 volucris,
426 248 451 270 et
475 247 589 278 quatuor
610 242 699 277 capita
721 242 821 275 bertiat,
835 242 986 270 luculenter

197 291 316 319 ostendit
336 298 391 325 quo
404 293 483 324 pacto
497 288 645 316 Alexandri
660 287 812 315 dominatio
825 288 852 315 in
867 295 986 323 quatuor

199 342 289 372 partes
303 337 433 364 distracta
452 335 548 366 fuerit;
562 339 677 370 quatuor
687 333 764 365 enim
778 334 867 368 capita
880 334 985 367 dicens,

197 388 314 418 quatuor
327 390 414 417 reges,
428 381 474 416 qui
488 389 522 408 ex
543 388 576 408 ea
597 383 786 413 surrexerunt,
803 379 985 415 signiﬁcavit;

197 436 354 462 supremum
378 427 450 454 enim
478 427 549 454 dietn
573 425 667 453 obiens
689 424 853 457 Alexander,
872 431 986 459 regnum

198 483 277 501 suum
309 474 336 500 in
367 478 485 508 quatuor
514 477 605 507 partes
633 471 733 499 divisit.
749 470 859 502 Postea,
887 470 986 505 inquit,

197 525 293 556 quarta
318 520 399 547 bestia
420 518 544 546 terribilis
559 522 636 553 atque
649 517 788 552 stupenda,
801 517 889 544 dentes
902 517 986 551 ipsius

199 566 287 602 ferrei,
304 571 328 593 et
344 573 442 600 ungues
459 565 543 599 ipsius
566 564 638 591 terei.
653 562 771 596 Quinam
788 569 853 590 vero
869 562 897 589 hi
910 566 986 595 sunt,

198 611 252 639 nisi
268 611 400 638 Romani?
417 609 537 643 Quorum
562 616 675 644 regnum
693 608 722 636 in
744 608 889 644 praesentia
911 607 986 635 exsi-

199 662 274 685 stens
288 656 360 683 ferro
373 656 381 690 (
394 655 420 682 in
437 655 604 690 simulacro)
616 658 807 690 comparatur;
825 662 905 681 crura
916 653 985 681 enim

198 703 266 737 ejus,
280 702 376 737 inquit,
393 702 489 736 ferrea.

235 796 269 822 tl.
290 794 355 821 Post
378 794 436 821 haec
458 793 541 828 igitur
561 792 627 828 quid
649 796 783 828 superest,
804 791 915 820 dilecti?
934 791 989 819 nisi

200 841 313 876 vestigia
327 839 426 875 pedum
437 839 588 872 simulacri,
602 839 630 866 in
643 839 742 874 quibus
756 846 818 873 pars
827 839 878 866 erit
889 838 986 873 ferrea,

1036 207 1082 225 σεν
1095 200 1109 225 6
1125 199 1267 231 Μακεδὼν,
1287 198 1406 226 καθελὼν
1426 199 1536 232 Δαρεῖον
1546 205 1553 212 ·
1568 197 1582 223 δ
1596 195 1736 224 δέδεικται
1751 195 1784 221 ὲν
1802 196 1834 230 τῇ

1034 244 1119 271 εἰκόνι
1133 245 1148 271 ό
1162 245 1284 279 χαλκός.
1301 244 1337 271 Τὸ
1359 243 1388 271 δὲ
1411 243 1501 277 λέγειν
1519 242 1613 276 ,πτερὰ
1625 242 1770 276 τέσσαρα
1786 249 1836 267 ιε-

1035 289 1143 322 τεινοῦ,
1155 290 1203 317 καὶ
1217 290 1364 324 τέσσαρες
1375 288 1501 323 κεφαλαὶ
1515 287 1556 320 τῷ
1568 287 1658 322 θηρίῳ
1668 286 1834 321 σαφέστατα

1036 335 1131 368 ἔδειξε,
1145 336 1204 368 πῶς
1215 335 1371 371 διεμερίσθη
1384 335 1424 366 εἰς
1439 333 1559 368 τέσσαρα
1578 333 1648 368 μέρη
1669 334 1686 368 η
1704 332 1836 367 βασιλεία

1044 380 1229 416 Ἀλεξάνδρου·
1246 381 1397 415 τέσσαρας
1418 380 1472 415 γὰρ
1495 379 1628 413 κεφαλὰς
1650 377 1755 410 εἰπὼν,
1773 378 1836 408 τοὶς

1036 426 1172 462 τέσσαρας
1185 426 1303 462 βασιλεῖς
1323 427 1385 458 τοὺς
1399 425 1428 459 eg
1444 425 1527 460 αὐτῆς
1540 425 1710 456 ἀναστάντας
1727 425 1837 459 ἐμήνυ-

1038 479 1085 497 σε·
1100 472 1231 498 τελευτῶν
1254 472 1308 508 γὰρ
1333 472 1347 498 ὁ
1370 470 1550 506 Ἀλέξανδρος,
1567 470 1647 497 διεῖλε
1672 470 1726 506 τὴν
1756 469 1837 504 βασι-

1037 517 1112 544 λείαν
1124 517 1205 544 αὑτοῦ
1222 518 1262 550 εἰς
1274 517 1394 553 τέσσαρα
1408 517 1607 553 μέρη.”Επειτα
1626 517 1707 552 φησὶ,
1729 516 1840 550 θηρίον

1037 563 1177 598 τέταρτον
1195 564 1322 598 φοϐερὸν
1336 564 1386 591 καὶ
1398 564 1561 598 ἐκθαμόον·
1582 564 1609 590 οἱ
1631 563 1764 596 ὀδόντες
1787 563 1840 589 αὺ-

1037 608 1091 636 τοῦ
1106 609 1234 644 σιδηροῖ,
1249 610 1298 637 καὶ
1323 612 1350 637 οἱ
1371 610 1479 645 ὄνυχες
1501 610 1592 637 αὺτοῦ
1613 609 1750 644 χαλκοῖ·
1767 609 1838 640 τίνες

1037 651 1083 681 οὖν
1099 652 1181 689 οὗτοι,
1201 655 1287 692 ἀλλ’ἢ
1304 656 1449 692 Ῥωμαῖοι;
1466 656 1533 692 ὅπερ
1554 655 1628 682 ἐστὶν
1644 657 1658 682 ὁ
1675 656 1806 690 σίδηρος,
1823 655 1839 690 ἡ

1037 699 1084 727 νῦν
1100 700 1207 728 ἑστῶσα
1222 701 1360 736 βασιλείαο
1384 703 1414 730 αι
1429 702 1539 737 κνῆμαι
1558 701 1613 738 γὰρ
1630 701 1744 736 αὐτῆς,
1761 701 1839 736 φησὶν

1040 746 1165 781 σιδηραῖ
1175 747 1243 783 (59).

1076 793 1109 820 Π.
1130 793 1210 821 Μετὰ
1231 794 1257 828 γ’
1277 793 1324 821 οὖν
1349 794 1428 822 τοῦτο
1451 795 1478 821 τί
1509 795 1697 830 περιλείπεται
1725 795 1840 830 ἀγαπη-

1040 847 1081 866 τοι
1091 838 1164 874 (60);
1178 839 1236 866 ἀλλ’
1248 839 1264 875 ἢ
1278 839 1312 866 τὰ
1328 839 1386 874 ῐχνη
1397 838 1450 866 τῶν
1463 839 1549 866 ποδῶν
1561 840 1610 875 τῆς
1623 839 1746 871 εἰκόνος,
1763 841 1793 866 ὲν
1803 836 1841 870 οξ

201 895 263 922 pars
277 891 364 913 autem
379 890 470 927 testea,
487 884 567 912 simul
577 885 732 912 commistw.
743 884 853 920 Mystice
863 883 988 919 designa-
1003 899 1025 929 Β
1036 892 1050 918 ι

1064 883 1127 918 ἐρος
1143 885 1200 919 μέν
1211 892 1239 910 τι
1251 884 1336 911 ἔσται
1351 884 1505 919 σιδηροῦν,
1518 885 1609 919 μέρος
1625 884 1660 911 δέ
1677 893 1709 911 τι
1731 884 1838 918 ἐστρὶ-

202 933 241 960 vit
255 940 302 967 per
317 931 416 966 digitos
432 930 542 965 pedum,
559 929 651 957 decem
666 937 743 965 reges
757 937 791 957 ex
805 929 864 965 ipso
879 928 985 965 (regno)
1005 928 1010 929 ⁷
1039 938 1050 956 a

1064 938 1134 962 ινον,
1153 929 1374 965 ἀναμεμιγμένα
1395 931 1437 963 εις
1459 929 1589 964 ἄλληλα.
1607 930 1767 961 Μυστικῶς
1783 930 1841 964 su,-

201 977 379 1006 excitandos:
394 975 466 1012 quod
481 975 518 1002 ait
530 975 624 1002 Daniel
635 984 642 1002 :
652 974 857 1002 Considerabam
868 975 989 1007 bestiam,

201 1029 227 1051 et
249 1031 306 1051 ecce
327 1030 426 1049 cornua
447 1021 535 1048 decem
556 1026 613 1056 post
628 1029 697 1052 eam,
714 1021 741 1048 in
759 1021 858 1056 quibus
875 1020 993 1056 prodibit

203 1069 277 1097 aliud
296 1067 450 1104 (parvum)
467 1067 616 1098 adnatum;
631 1074 679 1102 per
698 1067 771 1102 quod
788 1066 897 1094 nonnisi
910 1066 991 1093 Anti-

202 1115 321 1143 christus
344 1121 493 1149 exsurgens
515 1113 690 1148 designatur;
713 1113 771 1148 ipse
799 1117 891 1140 autem
915 1112 992 1140 Judm

201 1169 315 1197 regnum
341 1160 475 1187 restituet.
491 1159 551 1186 Jam
575 1159 627 1186 tria
652 1167 752 1186 cornua
767 1159 861 1186 dicens
883 1158 917 1185 ab
933 1158 992 1193 ipso

202 1206 286 1239 evelli,
301 1211 356 1234 tres
370 1213 447 1240 reges
461 1205 584 1240 designat
600 1204 721 1240 Egypti,
738 1204 830 1240 Libya:
842 1209 869 1232 et
885 1204 992 1232 .‘Ethio—

202 1253 264 1288 piaa,
278 1259 348 1287 quos
364 1252 391 1278 in
408 1251 466 1279 acie
480 1251 541 1278 belli
558 1251 708 1278 interﬁciet.
718 1249 770 1283 Qui
786 1250 913 1278 omnibus
928 1250 993 1277 sub-

203 1299 282 1330 actis,
299 1296 412 1324 immitis
429 1302 456 1324 et
469 1296 587 1324 crudelis
601 1301 733 1332 tyrannus
747 1296 892 1328 exsistens,
906 1295 993 1323 tribu-

203 1344 331 1372 lationem
345 1348 371 1370 et
385 1343 601 1378 persecutionem
617 1343 644 1370 in
659 1347 769 1370 sanctos
789 1342 881 1375 faciet,
895 1341 992 1369 adver-

202 1399 250 1419 sus
269 1398 316 1417 eos
339 1389 437 1416 elatus.
455 1388 521 1416 Post
534 1396 614 1424 quem
635 1389 770 1424 reliquum
786 1392 839 1420 est,
858 1392 887 1415 ut
902 1387 993 1415 veniat

202 1437 235 1464 de
250 1436 319 1463 cmlo
333 1435 411 1470 lapis,
433 1435 478 1470 qui
492 1435 621 1470 percussit
639 1434 823 1466 simulacrum,
836 1438 863 1461 et.
876 1432 992 1461 commi-

202 1483 381 1514 nuitillud,ct
392 1482 531 1510 transtulit
542 1482 634 1509 omnia
650 1485 778 1516 regua,et
793 1481 866 1509 dedit
876 1487 990 1516 regnum

200 1530 302 1557 sanctis
329 1528 470 1556 Altissimi.
485 1528 536 1555 Hic
556 1526 644 1554 factus
667 1531 708 1554 est
733 1535 807 1554 mons
831 1534 953 1562 magnus,
967 1530 991 1552 et

199 1575 316 1610 implevit
329 1575 481 1601 universam
496 1577 605 1599 terram.

1041 975 1111 1002 λωσε
1130 975 1173 1002 διὰ
1194 976 1248 1002 τῶν
1262 975 1398 1003 δακτύλων
1413 976 1467 1003 τῶν
1481 976 1579 1008 ποδῶν,
1595 976 1660 1007 τοὺς
1675 975 1751 1002 δέκα
1766 975 1841 1010 βασι-

1042 1021 1097 1053 λεῖς
1112 1021 1175 1053 τοὺς
1190 1021 1219 1055 ἐξ
1232 1021 1316 1057 αὐτῆς
1331 1021 1535 1058 ἐγειρομένους·
1547 1022 1614 1057 ὅπερ
1631 1021 1712 1055 λέγει
1727 1021 1840 1056 Δανιήλ-

1042 1068 1234 1101 Προσενόουν
1247 1067 1287 1100 τῷ
1303 1068 1402 1102 θηρίῳ,
1417 1068 1466 1095 καὶ
1480 1067 1545 1095 ἰδοὺ
1561 1067 1633 1095 δέκα
1646 1070 1767 1101 κέρατα
1780 1068 1835 1093 ὀπί-

1042 1119 1086 1138 σω
1098 1112 1200 1144 αὑτοῦ,
1215 1112 1244 1139 ὲν
1256 1110 1296 1144 οἷς
1311 1113 1473 1148 ἁναὸήσεται
1486 1112 1588 1147 ἕτερον
1601 1112 1824 1147 παραᾳυάδισν
1833 1120 1841 1127 ·

1041 1158 1110 1193 ὅπερ
1123 1157 1255 1185 δέδεικται
1267 1159 1323 1194 οὐχ’
1336 1159 1427 1195 ἕτερος
1441 1159 1497 1186 ἀλλ’
1509 1159 1525 1194 ἢ
1537 1160 1551 1186 ὁ
1565 1159 1758 1196 Ἀντὶχριστος
1770 1161 1841 1193 ἐγει-

1043 1203 1171 1239 ρόμενος
1187 1203 1234 1230 καὶ
1250 1204 1330 1236 αὐτὸς
1343 1203 1392 1239 τὴν
1415 1204 1498 1232 Ἰούδα
1521 1204 1658 1239 βασιλείαν
1673 1205 1840 1239 ἀναστήσει.

1045 1249 1112 1283 Τρία
1124 1249 1153 1275 δὲ
1167 1249 1275 1284 κέρατα
1289 1249 1376 1284 λέγων
1397 1251 1442 1277 ὑπ’
1459 1250 1541 1276 αὑτοῦ
1555 1249 1764 1284 ἐκριζοῦσθαι,
1781 1250 1840 1281 τοὶς

1042 1296 1114 1330 τρεῖς
1137 1294 1255 1330 βασιλεῖς
1272 1295 1415 1328 δείκνυσιν,
1431 1296 1579 1330 Αἰγύπτου,
1595 1296 1708 1322 Λιϐύων
1727 1305 1773 1329 τε,
1796 1296 1840 1322 καὶ

1042 1340 1188 1374 Αἰθιόπων,
1203 1340 1249 1373 οὓς
1263 1342 1352 1368 ἀνελεῖ
1363 1342 1391 1368 ὲν
1403 1341 1551 1377 παρατάξει
1565 1341 1684 1376 πολέμου
1698 1350 1706 1357 ·
1728 1342 1761 1374 ὃς
1777 1351 1841 1377 κρα-

1041 1387 1126 1423 τήσας
1152 1387 1260 1414 πάντων
1283 1387 1378 1420 δεινὸς,
1397 1388 1585 1424 ὡμοτύραννος
1607 1387 1646 1414 ὢν
1671 1387 1774 1422 Θλίψιν
1798 1389 1841 1415 καὶ

1041 1433 1161 1468 διωγμὸν
1182 1434 1229 1460 ἐπὶ
1251 1434 1314 1465 τοὺς
1331 1434 1424 1468 ἁγίους
1439 1435 1556 1469 ποιήσει,
1574 1433 1767 1470 ἐπαιρόμενος
1784 1435 1842 1461 κατ’

1042 1479 1131 1506 αὐτῶν
1140 1488 1147 1495 ·
1163 1479 1222 1515 μεθ’
1234 1480 1263 1506 ὃν
1276 1479 1368 1507 λοιπὸν
1382 1479 1438 1515 (61)
1451 1479 1511 1515 ἥξει
1526 1480 1573 1507 ἀπ’
1586 1479 1711 1516 οὐρανῶν
1727 1482 1747 1507 ὀ
1757 1482 1842 1513 λίθος

1042 1526 1059 1552 ό
1080 1525 1215 1559 πατάξας
1239 1525 1296 1559 τὴν
1315 1526 1427 1558 εἰκόνα,
1444 1526 1490 1552 καὶ
1513 1525 1660 1561 συντρίψας
1672 1525 1783 1561 αὐτὴν,
1799 1525 1844 1552 καὶ

1045 1572 1215 1607 μεταστήσας
1230 1571 1319 1603 πάσας
1333 1571 1381 1603 τὰς
1396 1571 1542 1607 βασιλείας,
1553 1571 1599 1598 καὶ
1616 1571 1677 1603 δοὺς
1694 1572 1751 1607 τὴν
1767 1572 1843 1607 βασι-

199 1621 274 1648 λείαν
293 1620 381 1654 ἁγίοις
400 1619 527 1654 Ὑψίστου
536 1628 544 1634 ·
558 1615 635 1650 οὗτος
650 1618 664 1644 ὁ
676 1617 800 1652 γενηθεὶς
823 1616 891 1651 ὅρος
904 1617 989 1652 μέγα,
1006 1617 1055 1643 καὶ
1069 1617 1230 1652 πληρώσας
1242 1617 1345 1645 πᾶσαν
1359 1617 1417 1652 τὴν
1429 1617 1494 1652 γῆν.

236 1666 283 1692 llI.
304 1665 371 1692 Cum
389 1665 447 1692 haec
465 1664 557 1699 itaque
574 1664 664 1691 futura
678 1663 743 1696 sint,
757 1667 784 1691 et
806 1663 882 1699 digiti
904 1663 990 1691 simu—
1003 1666 1024 1693 C

1075 1664 1120 1692 ΠΙ.
1140 1664 1248 1691 Τούτων
1265 1662 1311 1691 οὖν
1326 1664 1473 1700 ἐσομένων,
1493 1665 1539 1691 καὶ
1552 1663 1606 1692 τῶν
1621 1663 1776 1691 δακτύλων
1797 1664 1844 1699 τῆς

202 1712 269 1739 lacri
294 1712 320 1738 in
344 1711 525 1738 democratias
549 1710 718 1742 transierint,
734 1714 761 1737 et
781 1709 873 1737 decem
887 1717 988 1737 cornua

201 1757 295 1785 bestia:
309 1757 335 1783 in
351 1757 443 1783 decem
459 1764 539 1789 regna
554 1756 640 1784 divisa
654 1755 753 1783 fuerint
763 1763 770 1786 ;
782 1763 842 1790 quae
853 1755 988 1790 proposita

201 1806 276 1833 sunt,
294 1802 423 1829 attentius
441 1802 630 1836 inspiciamus,
647 1808 733 1836 eaque
759 1800 907 1828 lustremus
922 1807 989 1834 quo-

201 1848 348 1875 dammodo
364 1847 450 1875 oculis
469 1847 546 1882 ipsis.
563 1846 648 1881 Caput
663 1855 771 1873 aureum
785 1846 932 1879 simulacri,
949 1850 988 1873 est

201 1892 295 1924 (rma,
307 1900 362 1928 qua
376 1892 516 1928 Babylonii
538 1892 819 1927 repraesentabantur;
837 1891 946 1924 humeri,
963 1895 988 1919 et

201 1937 310 1964 brae/tia
331 1942 464 1972 argentea,
480 1945 569 1970 ursus,
588 1944 642 1971 quo
666 1935 755 1964 Persa
778 1936 989 1971 designabantur

201 1987 230 2009 et
242 1982 320 2010 Medi.
338 1981 431 2009 Venter
452 1987 477 2009 et
492 1982 592 2017 femora
612 1990 695 2015 enea,
708 1982 818 2016 pardus,
832 1989 887 2017 quo
901 1981 988 2009 (ἰτωοὶ

201 2028 248 2063 qui
260 2029 295 2055 ab
301 2028 455 2055 Alexandro
465 2028 644 2062 imperarunt,
658 2028 881 2063 signiﬁcabantur
891 2037 898 2062 ;
909 2037 989 2056 crura

202 2076 297 2111 ferrea,
314 2076 397 2103 bestia
413 2076 551 2110 stupenda,
564 2085 595 2103 ac
609 2076 745 2109 terribilis,
762 2075 879 2104 Romani
899 2080 986 2108 erant,

201 2122 247 2157 qui
263 2121 345 2149 modo
360 2121 504 2156 imperium
519 2126 626 2154 tenent;
642 2123 752 2157 uestigia
765 2123 860 2157 pedum
876 2126 943 2149 testa
962 2126 987 2148 et

203 2167 311 2199 ferrum,
324 2172 388 2194 sunt
398 2167 490 2194 decem
506 2174 620 2200 cornua,
635 2175 695 2202 qua:
710 2166 799 2194 futura
813 2172 891 2201 sunt;
906 2175 987 2194 cornu

206 2213 314 2239 uterum
331 2220 451 2245 parvum,
463 2212 533 2247 quod
547 2213 615 2239 inter
627 2212 684 2247 ipsa
697 2212 859 2246 adnoscitur,
874 2216 915 2240 est
929 2212 986 2238 An—

203 2259 362 2290 ticltristus;
378 2258 446 2293 lapis
469 2259 615 2292 percutiens
633 2258 806 2286 simulacrum
830 2262 855 2285 et
877 2258 985 2285 commi-

203 2311 296 2335 nuens,
311 2303 358 2337 qui
371 2303 492 2337 implevit
505 2308 616 2337 terram,
630 2303 755 2332 Christus
770 2308 837 2331 este
848 2304 924 2331 cmlis
938 2311 986 2330 ve-

202 2349 291 2381 uicus,
309 2353 336 2374 et
351 2348 452 2375 mundo
464 2348 597 2383 judicium
611 2349 742 2377 inducens
758 2349 826 2384 (58).

238 2392 283 2419 IV.
302 2392 403 2420 Verum
419 2401 452 2421 ne
467 2394 494 2421 in
510 2394 560 2422 hac
572 2400 647 2430 parte
659 2389 828 2431 propositum
841 2402 985 2431 argumen-

239 2449 297 2487 (58)
317 2449 375 2477 Huc
391 2459 477 2486 usque
489 2452 563 2486 paria
577 2452 738 2487 lcgunturin
750 2453 797 2480 lib.
814 2452 850 2479 De
863 2460 985 2479 causatur

202 2486 318 2511 motione
331 2487 432 2516 mundi,
447 2492 512 2514 sect.
527 2487 569 2518 Η,
582 2486 612 2514 et
625 2489 650 2514 in
664 2490 747 2515 altero
762 2488 798 2515 De
808 2488 981 2519 Antichristo,

203 2525 277 2559 st-ct._
288 2520 323 2546 αὖ
337 2527 369 2546 ac
383 2528 452 2556 seq.,
471 2530 585 2556 quantm
598 2521 984 2584 Erimusvelntisupposititius

204 2559 335 2584 rejtcttur.
352 2556 419 2582 alter
441 2558 577 2584 probatur.
623 2563 715 2584 tet-unc
729 2564 818 2584 tamen
838 2558 984 2584 interpola—

204 2555 335 2595 rejici'tur',
352 2556 419 2595 alter
441 2555 577 2595 probatur.
597 2555 715 2595 inet-quc
729 2564 818 2584 tamen
830 2555 984 2595 interpola—

203 2593 249 2650 ins
273 2590 349 2616 facile
365 2590 571 2625 deprehenditur
596 2590 678 2627 hujus
695 2593 882 2620 Commentarii
899 2590 983 2619 colla-

217 2631 287 2650 none.

240 2659 295 2693 (59)
315 2659 379 2692 Qua:
394 2661 462 2698 apud
479 2662 650 2698 Anastasium
671 2661 813 2695 Sinaitam,
827 2667 923 2698 quaest.
937 2661 983 2695 48,

204 2692 328 2732 leguntur
349 2704 381 2723 ex
406 2692 539 2732 Hippolyti
559 2697 759 2724 Commentariis
782 2692 811 2723 iit
836 2692 984 2730 'Dam'elem;

204 2727 410 2789 :tlprt'tnrcfercnda
423 2727 574 2759 suntz'TGtv
587 2732 640 2767 γὰρ
655 2732 780 2768 σιδηρῶν,
798 2741 824 2760 κ.
841 2742 865 2760 τ.
881 2733 906 2759 λ.
921 2727 984 2760 Vidi

240 2800 296 2833 (UO)
317 2798 391 2836 Smpe
403 2800 429 2828 in
445 2800 578 2837 Hippolyti
594 2802 703 2838 scriptis
715 2803 834 2831 occurrit
845 2804 983 2840 ἀγαπητέ,

1040 1711 1142 1743 εἰκόνος
1160 1711 1199 1743 εις
1221 1711 1404 1746 δημοκρατίας
1417 1711 1608 1746 χωρησάντων,
1625 1710 1673 1737 καὶ
1695 1710 1759 1736 τῶν
1777 1710 1844 1737 δέκα

1039 1757 1161 1793 κεράτων
1183 1757 1230 1783 τοῦ
1255 1757 1349 1792 θηρίου
1366 1756 1423 1792 (ϐΞ)
1447 1757 1486 1788 είς
1499 1756 1564 1782 δέκα
1587 1755 1732 1791 βασιλείας
1759 1764 1842 1792 μερι-

1040 1801 1156 1828 σθέντων
1165 1810 1172 1816 ·
1189 1801 1286 1836 ῑδωμεν
1297 1801 1462 1837 σαφέστερον
1474 1800 1509 1827 τὰ
1523 1801 1704 1837 προκείμενα,
1724 1802 1783 1828 καὶ
1799 1809 1843 1827 tta-

1038 1847 1212 1882 τανοήσωμεν
1228 1847 1297 1873 αὐτὰ
1311 1846 1536 1882 ὸφθαλμοφανῶς.
1550 1845 1673 1881 Kr:th
1684 1846 1748 1879 τῆς
1766 1846 1844 1873 stud

1038 1901 1092 1926 νος
1101 1892 1212 1927 χρυσῆ,
1221 1892 1307 1920 ἐστιν
1317 1894 1337 1927 ἠ
1347 1893 1462 1924 λέαινα,
1476 1892 1638 1920 Βαδυλωνίοι
1654 1889 1729 1927 ἦσαν
1738 1900 1746 1907 ·
1767 1891 1842 1928 ὦμιι

1038 1939 1088 1966 καὶ
1100 1940 1260 1975 βραχίονες
1275 1940 1407 1975 ἀργυροῖ,
1420 1940 1440 1973 ἠ
1450 1939 1568 1974 ἄρκτος,
1582 1939 1687 1975 Πέρσαι
1705 1939 1762 1965 καὶ
1781 1939 1841 1974 Μῆ-

1038 1985 1094 2012 δοι·
1109 1985 1209 2013 κοιλία
1225 1985 1275 2012 καὶ
1286 1985 1374 2020 μηροὶ
1395 1984 1515 2020 χαλκοῖ,
1529 1985 1548 2018 ἡ
1561 1983 1724 2018 πάρδαλις,
1739 1984 1769 2011 σε
1788 1984 1843 2011 ἀπὺ

1045 2031 1218 2066 Ἀλεξάνδρου
1241 2032 1428 2068 κρατήσαντες
1446 2030 1593 2066 ’Έλληνεςο
1613 2028 1729 2064 κνῆμαι
1749 2030 1843 2063 σιδη-

1035 2077 1096 2111 ραῖ,
1121 2077 1225 2111 θηρίον
1248 2077 1397 2112 ἐκθαμόον
1422 2076 1472 2104 καὶ
1494 2075 1631 2111 φοϐερὸν,
1647 2076 1791 2111 Ῥωμαῖοι
1817 2077 1840 2102 οὶ

1038 2121 1274 2158 νῦν-κρατοῦντες·
1290 2122 1360 2156 Ζχνη
1382 2120 1482 2148 ποδῶν
1495 2121 1654 2155 ὄστρακον,
1670 2121 1724 2147 καὶ
1745 2121 1842 2154 σιδη-

1033 2176 1097 2202 ρος,
1112 2167 1146 2194 τὰ
1168 2168 1233 2194 δέκα
1256 2167 1358 2203 κέρατα
1378 2167 1412 2194 τὰ
1437 2167 1565 2203 μέλλοντα
1586 2166 1715 2193 ἔσεσθαι·
1742 2167 1840 2202 κέρας

1036 2213 1137 2248 ἕτερον
1158 2213 1266 2248 μικρὸν
1287 2214 1496 2248 ἀναφυόμενον
1517 2213 1552 2240 ἐν
1574 2212 1686 2246 αὐτοῖς,
1706 2213 1723 2238 ὀ
1743 2214 1839 2240 Ἀντίμ

1036 2266 1160 2294 χριστος·
1178 2259 1263 2292 λίθος
1276 2260 1292 2285 ὀ
1305 2259 1470 2285 πατάσσων
1488 2258 1545 2292 τὴν
1562 2259 1664 2286 εἰκόνα
1683 2259 1737 2285 καὶ
1760 2268 1840 2287 cvr-

1037 2305 1151 2339 τρίσων,
1168 2306 1182 2332 ὁ
1203 2304 1348 2341 πληρώσας
1365 2305 1412 2340 τὴν
1429 2305 1492 2340 γῆν,
1506 2304 1621 2340 Χριστὸς
1641 2305 1689 2330 ἀπ’
1704 2305 1838 2341 οὐρανῶν

1037 2351 1194 2387 ἐρχόμενος,
1211 2351 1259 2377 καὶ
1270 2351 1309 2386 τῷ
1319 2351 1413 2386 κόσμῳ
1423 2351 1513 2386 κρίσιν
1526 2350 1647 2384 ἐπάγων.

1072 2396 1117 2423 ιν.
1139 2397 1196 2423 Ἵνα
1210 2397 1238 2423 δὲ
1253 2397 1312 2432 μηδ’
1320 2398 1348 2424 ἐν
1357 2396 1443 2432 τούτῳ
1454 2396 1644 2423 ἀναπόδεικτον
1657 2397 1837 2431 καταλεξςω-

1038 2454 1081 2481 vel
1098 2453 1244 2488 ἀγαπητοί,
1258 2454 1404 2488 aliquando
1418 2453 1498 2480 ctiam
1518 2453 1544 2480 in
1561 2453 1746 2487 supposititiis
1761 2455 1835 2488 φιλό-

1036 2497 1149 2525 χριστοι.
1164 2489 1282 2523 Apparet
1297 2495 1386 2525 autem
1406 2495 1529 2516 nostrum
1550 2489 1785 2525 commentarium
1798 2504 1805 2515 ι
1815 2498 1831 2515 x

1038 2523 1156 2552 liomiliis
1171 2528 1307 2554 constare.
1329 2524 1427 2550 habitis
1443 2524 1468 2550 in
1484 2529 1617 2550 conventu
1637 2523 1773 2550 (idolium.

1072 2559 1128 2593 (till
1149 2557 1176 2584 In
1198 2559 1244 2585 lib.
1262 2559 1297 2585 De
1313 2559 1479 2591 Antichrist,
1494 2559 1539 2589 ‘26,
1563 2559 1621 2593 μετ’
1634 2559 1728 2592 ὀλίγον
1759 2559 1777 2584 li
1790 2560 1828 2585 id.

1037 2598 1105 2621 sect.
1120 2593 1146 2625 5,
1165 2593 1257 2629 επειδὴ
1271 2594 1364 2628 καιρὸς
1380 2594 1472 2620 λοιπὸν
1496 2594 1605 2629 ἀπαιτεῖ
1621 2603 1628 2620 ;
1643 2593 1830 2628 Tanaquilius

1036 2629 1122 2656 Faber
1136 2636 1143 2655 :
1159 2628 1258 2660 Cuivis,
1272 2629 1368 2662 inquit,
1379 2633 1504 2663 appareat
1518 2637 1564 2663 pro
1576 2628 1670 2655 λοιπόν
1681 2628 1732 2663 leg:
1746 2637 1830 2662 aper-

1034 2667 1087 2724 aere
1099 2663 1191 2696 οὐδέν;
1207 2664 1272 2698 quin
1289 2665 1369 2691 etiam
1389 2669 1500 2699 apparet
1513 2664 1581 2691 nihil
1594 2672 1657 2691 esse
1673 2665 1829 2690 immutan-

1054 2707 1110 2724 uin.

1054 2707 1125 2768 ulgé)
1145 2733 1259 2765 Gudius,
1275 2732 1322 2759 τοῦ
1332 2733 1532 2769 θυσιαστηρίου.
1545 2734 1828 2766 (Σοι-ηὶιείίδῑιις,ίῖσιιό

1033 2769 1189 2805 paenitenda,
1198 2768 1300 2805 inquit,
1311 2773 1406 2794 conatu
1417 2768 1550 2796 εηιέηᾰαιιὶ
1564 2769 1610 2796 τοῦ
1626 2769 1756 2805 τετάρτου
1771 2769 1826 2804 θη-

1035 2804 1093 2839 ρίου
1110 2813 1117 2830 :
1133 2803 1204 2839 quod
1218 2811 1300 2838 prope
1314 2811 1406 2830 verum
1421 2809 1471 2831 est.
