1860 3051
236 76 286 104 (Σιιῖ

673 78 701 106 S.
719 76 900 105 IIIPPOLYTI
918 75 992 104 OPP.

1071 76 1099 103 ιδ
1119 74 1138 101 l.
1163 73 1413 103 ——EXEGETICA.
1791 74 1835 102 6M

272 133 315 162 Vl.
335 134 397 167 Quo
418 140 537 170 tempore
551 134 697 162 adveniens
714 135 839 162 Salvator
854 142 885 162 ex
904 133 1006 169 Virgini

1103 130 1147 159 VI.
1174 132 1217 158 Ἐν
1232 128 1254 166 ᾧ
1270 131 1357 167 χρόνῳ
1370 131 1464 168 παρὼν
1481 133 1494 158 ὁ
1512 132 1607 167 Σωτὴρ
1630 132 1663 158 ἐκ
1684 131 1732 166 τῆς
1744 131 1835 167 Παρθὲ-

235 179 246 214 (
258 187 322 206 arca
345 186 413 206 auro
433 179 536 207 mundo
552 179 690 213 deaurata,
706 180 780 207 intus
796 180 904 215 quidem
919 178 1017 211 Verbo.

236 224 304 251 foris
318 231 383 251 vero
398 223 499 258 Spiritu
513 225 618 259 sancto)
631 232 711 252 suum
726 231 825 260 corpus
841 225 942 252 mundo
955 231 1018 259 pro-

235 269 314 302 tulit;
328 269 395 296 adeo
419 274 448 296 ut
460 269 560 297 veritas
577 270 761 298 demonstrata
784 271 830 304 sit,
848 274 876 298 et
903 268 1017 297 manife-

234 319 304 342 stata
320 314 430 342 arca.‘A
446 316 620 351 generatione
630 316 712 351 igitur
726 316 826 343 Christi
841 316 1017 351 computandi

233 366 298 388 sunt
324 361 421 396 reliqui
445 361 585 397 quingenti
605 362 680 394 anni,
694 366 724 389 ut
739 369 786 389 sex
801 361 916 389 millium
931 369 1017 389 anno-

235 414 293 433 rum
317 415 448 435 numerus
470 407 659 442 adimpleatur,
674 412 700 435 et
725 408 761 435 ita
786 407 838 435 erit
853 407 924 435 ﬁnis.
938 406 1016 440 Quod

232 459 297 479 vero
311 452 406 487 quinto
421 457 447 480 et
461 453 573 480 dimidio
588 457 708 488 tempore
720 453 836 481 adfuerit
849 453 973 481 Salvator
988 453 1015 480 in

233 497 345 530 mundo,
372 497 463 525 ferens
485 498 668 533 incorruptam
694 506 796 532 arcam,
809 507 888 528 suum
914 499 1017 527 scilicet

231 551 342 578 corpus,
355 543 419 571 dicit
435 543 552 571 Joannes
569 554 575 571 :
590 544 656 571 Erat
667 550 754 572 autem
772 545 838 572 liora
855 550 929 572 sexta
937 545 970 576 ⁸⁵,
986 549 1016 572 ut

231 589 373 616 dimidium
391 589 447 626 diei
461 589 624 623 ostenderet,
640 590 695 617 dies
711 594 799 617 autent
819 590 926 618 Domini
943 591 1015 618 mille

231 635 306 666 anni,
321 634 418 662 borum
434 635 515 670 igitur
523 635 664 662 dimidium
680 640 744 663 sunt
755 636 904 671 quingenti.
921 635 1014 670 Neque

231 680 303 706 enim
315 680 479 707 conveniens
489 685 546 708 erat
562 686 592 708 ut
607 681 664 715 ipse
677 681 757 709 cilius
769 682 917 715 adveniret,
926 681 1014 709 adhuc

231 726 304 753 enim
331 727 437 761 pondus
463 726 529 761 legis
552 726 677 760 durabat,
693 732 769 755 sexta
794 735 846 755 non
870 728 1013 763 adimpleta

232 771 389 806 (innovatur
405 771 476 798 enim
495 770 703 806 baptisma),sed
713 771 804 806 quinta
816 775 842 798 et
854 771 974 803 dimidia,
983 774 1013 798 ut

1068 187 1113 205 vou
1128 177 1183 212 τῆς
1198 178 1322 204 κιϐωτοῦ
1333 186 1340 192 ·
1354 178 1384 204 τὸ
1400 177 1465 204 ἴδιον
1480 177 1559 213 σῶμα
1579 177 1618 214 τῷ
1636 177 1731 213 κόσμῳ
1745 179 1835 213 προσή-

1067 232 1162 258 νεγκεν
1180 223 1245 259 (65)·
1270 224 1373 260 χρυσίῳ
1394 223 1504 259 καθαρῷ
1520 224 1728 259 κεχρυσωμένης
1744 223 1834 250 ἔνδιῆεν

1069 270 1119 306 μὲν
1146 269 1185 306 τῷ
1201 271 1290 305 Λόγῳ,
1304 269 1402 303 ἔξωθεν
1423 269 1451 296 δὲ
1476 269 1515 305 τῷ
1540 270 1677 305 Πνεύματι
1700 270 1737 305 τῷ
1759 269 1833 305 ἁγίῳ*

1067 314 1136 341 ὥστε
1157 314 1342 342 ἀποδέδεικται
1367 315 1384 350 ἡ
1408 314 1532 349 ἀλήθεια,
1547 314 1595 341 καὶ
1619 314 1800 350 πεφανέρωται
1818 315 1833 348 ἠ

1067 360 1196 393 κιϐωτός.
1211 360 1277 386 Ἀπὸ
1300 359 1429 394 γενέσεως
1455 358 1501 386 οὖν
1525 359 1642 395 Χριστοῦ
1662 359 1701 386 δεῖ
1720 359 1834 395 ψηφίζει-ι

1067 406 1229 433 πεντακόσια
1256 405 1302 441 ἔτη
1327 405 1362 432 τὰ
1384 405 1510 432 ἐπίλοιπα
1531 406 1571 437 είς
1588 405 1776 441 συμπλήρωσιν
1789 405 1834 431 τῶν

1067 451 1255 487 ἑξακισχιλίων
1268 451 1346 483 ὲτῶν,
1365 451 1411 478 καὶ
1422 451 1506 483 οὕτως
1523 450 1599 478 ἔσται
1614 450 1644 478 τὸ
1659 450 1747 482 τέλος·
1763 451 1800 477 ὅτι

1066 498 1182 533 πέμπτῳ
1205 497 1251 524 καὶ
1276 497 1368 533 ἡμίσει
1392 496 1480 533 καιρῷ
1497 496 1588 532 παρῆν
1610 497 1624 524 ὁ
1645 497 1737 533 Σωτὴρ
1757 497 1784 523 ὲν
1804 496 1835 531 τῷ

1065 543 1168 579 κόσμῳ,
1184 543 1273 579 φέρων
1292 542 1340 578 τὴν
1355 542 1475 578 ἄσηπτον
1492 542 1617 575 κιϐωτὸν,
1631 542 1661 569 τὸ
1676 542 1737 570 ἴδιον
1754 542 1834 577 σῶμα,

1064 589 1136 624 λέγει
1156 590 1170 616 ὁ
1189 589 1326 624 Ἰωάννης·
1344 587 1404 616 Ἦν
1415 587 1450 615 δὲ
1464 588 1524 622 ὥρα
1535 588 1621 622 ἕκτη·
1639 588 1682 615 ἶνα
1695 588 1774 623 ἥμισυ
1794 588 1835 622 τῆς

1064 635 1167 671 ἡμέρας
1182 634 1316 670 ἐπιδείξῃ·
1332 634 1427 669 ἡμέρα
1439 633 1473 661 δὲ
1485 633 1594 668 Κυρίου
1610 634 1693 668 χίλια
1706 633 1756 667 ἔτη
1767 642 1773 648 ·
1787 633 1835 660 τοὺς

1063 690 1116 708 των
1136 679 1183 707 οὖν
1205 680 1234 707 τὺ
1248 680 1345 716 ἥμισυ,
1362 680 1465 714 γίνεται
1481 679 1654 706 πεντακόσια.
1671 679 1708 706 Οὐ
1720 679 1772 715 γὰρ
1786 680 1836 706 ἐνε-

1062 727 1154 763 δέχετο
1177 727 1257 754 αὐτὸν
1279 727 1371 762 τάχιον
1385 726 1521 762 παρεῖναι,
1535 725 1574 752 ἔτι
1595 725 1649 761 γὰρ
1672 724 1751 761 βάρος
1764 725 1836 760 νόμου

1061 770 1105 808 ἦν,
1130 773 1190 799 οὐδὲ
1215 772 1296 807 ’ἑκτης
1319 770 1536 807 πεπληρωμένης
1563 770 1712 807 (καινοῦται
1737 770 1789 806 γὰρ
1812 771 1837 796 τὸ

231 814 259 841 in
284 815 387 850 reliquo
409 815 522 842 dimidio
543 820 662 850 tempore
677 815 851 851 Evangelium
865 816 892 843 in
904 824 1006 844 omnem

1071 817 1194 854 ιουτρδν),
1208 817 1275 844 ἀλλὰ
1288 817 1414 853 πέμπτης
1427 817 1472 844 καῖ¹
1487 817 1621 853 ἡμισείας,
1632 817 1674 843 ἵνα
1689 817 1718 844 ὲν
1733 816 1770 851 τῷ
1786 818 1838 842 ὲπι-

230 859 322 886 orbcm
346 865 478 887 terrarum
495 861 697 895 praedicaretur,
719 866 747 889 et
769 861 912 897 adimpleta
937 866 1012 890 sexta

230 904 273 932 die
290 912 409 939 praesens
425 905 478 932 vita
493 910 623 934 cessaret.

264 992 320 1019 Vll.
341 992 474 1026 Quoniam
489 1002 553 1022 vero
568 994 657 1023 Persa:
673 995 800 1023 trecentis
812 995 920 1031 triginta
933 997 1012 1024 annis

229 1047 342 1074 regnum
361 1044 518 1074 tenuerunt,
533 1044 560 1068 et
576 1045 636 1076 post
657 1048 704 1068 eos
726 1041 761 1068 ad
779 1045 913 1069 trecentos
925 1049 1012 1069 annos

228 1085 315 1112 Graeci
341 1085 392 1120 ipsi
418 1085 579 1113 cclebriores
605 1085 734 1118 fuerunt,
758 1094 870 1114 necesse
892 1091 954 1118 est,
982 1091 1012 1114 ut

228 1134 325 1164 quarta
352 1130 592 1165 bestia,tanquam
616 1130 712 1158 fortior
725 1136 751 1158 ct
765 1131 853 1166 major
877 1131 999 1160 omnium

228 1183 288 1210 qua:
307 1180 369 1203 ante
384 1176 469 1210 ipsam
482 1176 567 1209 fuere,
578 1177 735 1212 quingentis
754 1181 897 1212 regnatura
912 1177 948 1205 sit
963 1185 1012 1205 an-

229 1223 281 1249 nis.
296 1221 474 1257 Temporibus
487 1230 551 1250 vero
567 1223 729 1258 adimpletis,
744 1229 770 1251 et
779 1225 871 1252 decem
882 1224 1011 1252 cornibus

229 1270 373 1304 postremis
388 1277 420 1296 ex
435 1270 494 1304 ipsa
506 1270 615 1305 (bestia)
628 1271 740 1303 exortis,
756 1271 895 1306 apparebit
906 1271 933 1298 in
944 1271 1010 1306 ipsis

226 1314 422 1342 Antichristus.
437 1314 494 1343 Hoc
510 1320 600 1342 autem
619 1316 728 1347 bellum.
748 1321 775 1343 et
795 1316 1008 1351 perSecutionem

227 1362 358 1390 adversus
380 1367 489 1390 sanctos
512 1361 637 1394 faciente,
651 1366 714 1390 tunc
734 1366 839 1397 oportet
852 1361 1009 1390 manifesta-

228 1407 328 1435 tioncm
344 1407 454 1435 Domini
468 1408 501 1436 de
518 1408 595 1436 ccelis
613 1412 781 1443 exspectare.

261 1499 334 1526 Vlll.
356 1499 503 1534 Postquam
519 1499 651 1534 propheta
667 1499 806 1526 veritatem
827 1506 931 1531 eorum,
949 1507 1009 1534 qua:

225 1549 339 1572 ventura
353 1549 454 1576 essent,
467 1552 518 1572 nos
538 1549 664 1572 accurate
683 1545 823 1577 docuerat,
838 1552 853 1572 a
869 1545 1009 1580 proposito

226 1589 372 1620 desistens,
385 1589 418 1616 ad
435 1589 578 1616 Persarum
592 1589 801 1625 Grmcorumque
811 1589 954 1624 imperium
967 1599 1009 1618 re-

227 1635 305 1667 divit,
318 1635 398 1661 aliam
413 1633 492 1661 nobis
510 1641 641 1661 enarrans
653 1633 794 1666 visionem,
811 1641 872 1668 quae
887 1632 966 1665 facta,
983 1638 1010 1661 et

228 1681 285 1708 suis
302 1680 502 1714 adimplctalest
518 1679 695 1714 temporibus,
713 1683 742 1706 ut
757 1687 818 1706 cum
835 1679 861 1706 in
877 1680 929 1706 hoc
943 1679 1008 1707 lide-

225 1727 264 1754 hzs
279 1734 329 1754 nos
342 1726 538 1759 constituisset,
548 1727 628 1753 etiam
642 1726 668 1752 in
679 1726 730 1757 eis,
745 1733 805 1758 quae
819 1724 909 1753 futura
920 1730 1007 1758 erant,

225 1772 359 1800 fideliores
376 1772 431 1799 Deo
442 1771 571 1799 exhibere
587 1774 688 1806 posset.
699 1769 765 1803 Quae
780 1770 862 1806 igitur
882 1771 909 1798 in
922 1771 1008 1806 prima

224 1817 331 1844 visione
347 1821 531 1848 enarravcrat,
549 1816 606 1843 haec
619 1823 715 1843 rursus
729 1823 744 1842 a
762 1815 849 1850 capite
863 1815 959 1843 retexit
972 1817 1006 1843 ad

224 1863 343 1890 fidelium
361 1862 584 1894 aediﬁcationem;
604 1862 710 1889 arietem
724 1861 796 1889 enim
813 1868 898 1889 cornu
914 1865 1007 1897 peten-

225 1914 278 1936 tem
305 1913 398 1935 contra
423 1915 508 1940 mare,
523 1907 675 1943 aquilonem
693 1911 720 1935 et
738 1912 871 1940 austrum,
895 1907 1006 1935 Darium

224 1954 369 1982 Persarum
398 1961 488 1989 regem
512 1954 652 1986 intellexit,
669 1954 715 1989 qui
739 1961 834 1982 omnes
858 1960 951 1989 gentes
979 1954 1005 1981 in

223 2008 301 2028 suam
318 2000 421 2035 redegit
437 2003 614 2034 potestatem;
630 2000 671 2027 hae
691 2001 771 2033 enim,
793 1999 891 2034 inquit,
917 2000 1006 2028 bestia:

224 2054 275 2073 non
290 2046 395 2072 stabunt
411 2053 500 2072 coram
518 2053 556 2072 eo.
576 2044 688 2071 Hircum
699 2053 763 2072 vero
776 2052 916 2080 caprarum
932 2053 947 2072 a
963 2045 1007 2072 Li-

224 2097 282 2128 byae
292 2095 372 2119 vento
384 2091 548 2125 venientem,
559 2091 742 2118 Alexandrum
754 2090 926 2119 Macedonem
937 2091 1008 2119 Grie-

223 2145 318 2165 corum
339 2144 430 2172 regem
453 2136 534 2169 dicit;
551 2135 623 2170 quod
638 2143 702 2182 vero
717 2134 853 2172 (Hircus)
866 2136 1005 2171 appropin-
1021 2139 1051 2182 Β·

224 2183 340 2218 quauerit
363 2182 398 2209 ad
418 2182 505 2217 ipsum
519 2181 642 2214 arietem,
658 2181 832 2216 e/feratusque
851 2182 1005 2216 percusserit

259 2252 291 2272 ⁸⁵ν
303 2251 383 2279 Joan.
397 2260 455 2284 nx,
474 2251 518 2278 Η.

261 2327 317 2362 (65)
338 2326 489 2365 Singularis
513 2327 648 2365 Hippolyti
672 2336 734 2365 erga
756 2329 896 2364 Deiparam
920 2331 1006 2365 pictas

227 2366 347 2400 apparet,
359 2369 420 2400 quae
444 2363 616 2400 haereditario
632 2363 752 2400 quodam
768 2363 830 2398 jure
848 2365 899 2400 ipsi
913 2363 1003 2393 cessit.

227 2396 266 2422 Ex
288 2397 413 2437 apostolo
425 2398 496 2424 enim
513 2396 615 2437 Joanne
630 2396 657 2426 in
674 2396 866 2437 Polyearpum,
877 2409 910 2428 ex
925 2401 1005 2437 Poly-

227 2439 310 2466 carpo
324 2431 350 2458 in
369 2431 510 2465 lremeum,
527 2441 561 2460 ex
582 2434 684 2470 Irenaeo
699 2431 910 2470 in'Hip'polytum
925 2431 1005 2463 cane-

227 2474 326 2506 rosque
348 2471 391 2506 est
418 2472 574 2506 propagata.
598 2468 676 2496 Paria
698 2468 788 2506 autem
811 2468 844 2506 es
869 2471 1005 2506 Hippolyti

227 2501 334 2536 scriptis
350 2502 377 2528 in
393 2501 527 2536 psalmum
543 2511 599 2530 χχιι
615 2505 732 2531 servavit
744 2501 931 2533 Theodoretus
948 2501 1006 2533 dia-

227 2536 281 2571 log.
300 2537 324 2569 1,
338 2544 367 2573 p.
385 2537 429 2569 56,
447 2542 513 2564 tom.
529 2538 574 2565 IV.
593 2538 660 2565 Vide
674 2547 765 2573 supra.
791 2539 890 2568 Eadem
917 2541 973 2568 fere
990 2549 1006 2569 ο

226 2575 321 2598 sancto
338 2571 440 2599 Irenaeo
462 2572 542 2600 habet
565 2579 675 2602 sanctus
690 2571 807 2602 Joannes
823 2575 1005 2603 Damascenus

227 2612 320 2633 contra
335 2605 480 2634 Jacobitas.

262 2640 318 2680 (9'6)
339 2643 494 2675 Τριακόσια
511 2643 675 2677 τριάκοντα.
703 2644 857 2680 Legendum
883 2645 1005 2672 διακόσια

226 2676 380 2713 τριακοντα,
395 2685 455 2712 quae.
470 2676 626 2713 supputatio
640 2683 681 2706 est
694 2676 775 2707 etia'm
794 2680 857 2707 Julii
869 2680 1011 2713 Africani,‘

227 2710 256 2738 Si.
271 2710 530 2748 HippolytoicozeviT
542 2713 616 2740 Alter
630 2721 738 2748 quoque
752 2723 886 2742 annorum
909 2710 1005 2742 nume;

226 2747 344 2785 τρέχῃ-υἱ
360 2747 393 2774 ad
409 2747 517 2785 Grzeeos
535 2747 660 2783 pertinet,
681 2747 750 2785 idem
763 2754 805 2777 est
819 2750 845 2776 in
860 2751 1003 2785 Hippolyto

225 2786 252 2808 et
264 2781 400 2815 Al’ricauo,
418 2783 440 2810 si
461 2781 616 2818 Hieronymi
632 2784 781 2812 versionem
796 2781 1003 2820 seqllaniur.2\it

1063 865 1149 899 λοίπῳ
1164 864 1257 900 ἡμίσει
1272 863 1370 900 χρόνῳ,
1387 864 1427 895 εἰς
1445 863 1534 890 πάντα
1546 863 1590 890 τὸν
1607 864 1706 898 κόσμον
1716 862 1746 890 τὺ
1758 863 1840 896 Εὐαγ-

1063 909 1151 944 γέλιον
1167 908 1301 945 κηρυχθῇ,
1315 909 1362 935 xui.
1375 907 1563 944 πληρωθείσης
1578 908 1628 944 τῆς
1643 908 1726 944 ἕκτης
1742 908 1838 943 ἡμέρας

1062 955 1154 991 παύσῃ
1168 954 1213 981 τὸν
1226 954 1273 982 νῦν
1287 954 1353 990 βίον.

1097 1000 1153 1028 νη.
1181 1000 1287 1036 Ἐπειδὴ
1300 1000 1354 1036 γὰρ
1369 1000 1394 1026 οἱ
1406 999 1508 1036 Πέρσαι
1525 999 1682 1035 ἐκράτησαν
1694 997 1839 1034 βασιλεῦον-

1061 1054 1106 1078 τες
1123 1045 1171 1082 ἐτη
1187 1045 1331 1081 τριακόσια
1344 1044 1491 1080 τριάκοντα
1503 1043 1569 1080 (66),
1588 1043 1634 1070 καὶ
1656 1043 1726 1079 μετὰ
1739 1043 1840 1074 τούτους

1060 1092 1085 1118 οἱ
1102 1091 1230 1128 Ἕλληνες
1251 1090 1330 1118 αὐτοὶ
1352 1090 1514 1126 ἐνδοξότεροι
1538 1090 1706 1125 ὑπάρχοντες
1729 1090 1773 1116 ἐπὶ
1798 1090 1839 1124 ἐτη

1061 1138 1213 1174 τριακόσια,
1231 1136 1261 1169 ὲξ
1280 1137 1400 1171 ἀνάγκης
1419 1136 1449 1163 τὸ
1464 1136 1594 1172 τέταρτον
1610 1135 1704 1171 Θηρίον
1718 1135 1756 1166 ὡς
1772 1135 1839 1170 ἰσχυ-

1063 1183 1108 1218 ρδν
1121 1181 1168 1209 καὶ
1183 1181 1272 1217 μεῖζον
1285 1181 1394 1208 πάντων
1408 1181 1460 1208 τῶν
1474 1179 1627 1216 ἔμπροσθεν
1640 1179 1724 1206 αὑτοῦ
1737 1180 1839 1214 γενομέ-

1060 1235 1124 1259 νων,
1140 1224 1294 1261 βασιλεύσει
1310 1224 1356 1260 ἐτη
1372 1225 1554 1252 πεντακόσια·
1579 1224 1633 1251 τῶν
1652 1223 1758 1259 καιρῶν
1778 1232 1838 1258 συμη

1060 1271 1255 1308 πληρωμένων,
1269 1270 1382 1298 καὶτῶν
1398 1270 1463 1298 δέκα
1479 1270 1600 1307 κεράτων
1621 1270 1663 1296 ἐπ’
1682 1269 1803 1304 ἐσχάτων
1814 1269 1838 1302 ἐξ

1060 1317 1140 1344 αὐτοῦ
1156 1316 1346 1352 ἐγειρομένων,
1363 1317 1562 1352 ἀναφανήσεται
1583 1317 1612 1342 ἐν
1628 1316 1722 1347 αὐτοῖς
1733 1316 1748 1342 ό
1766 1315 1839 1341 Ἀντί-

1060 1371 1183 1399 χριστος·
1210 1363 1302 1390 τούτου
1330 1362 1510 1398 πολεμοῦντος
1537 1362 1584 1390 καὶ
1613 1361 1759 1393 διώκοντος
1785 1363 1839 1392 τοὺς

1059 1408 1163 1443 ἁγίους,
1178 1409 1237 1435 τότε
1253 1408 1294 1435 δεῖ
1306 1408 1456 1444 προσδοκᾷν
1477 1408 1524 1435 ἀπ⁴
1538 1407 1657 1444 οὐρανῶν
1679 1407 1732 1442 τὴν
1748 1407 1840 1441 ἐπισά-

1059 1463 1133 1481 νειαν
1148 1453 1195 1480 τοῦ
1213 1446 1326 1490 Κυρίου.

1099 1499 1165 1529 VIII.
1186 1499 1400 1535 Παυσάμενος,ό
1424 1499 1565 1535 προφήτης
1588 1499 1635 1526 τοῦ
1661 1499 1839 1536 προκειμένου

1059 1545 1198 1579 ἐκδιόάξας
1214 1546 1287 1581 ἡμᾶς
1303 1545 1371 1580 μετὰ
1386 1545 1476 1580 πάσης
1485 1545 1624 1581 ἀκριϐείας
1638 1544 1693 1572 τῶν
1705 1545 1839 1580 ἐσομένων

1059 1591 1107 1627 τὴν
1122 1590 1280 1626 ἀσφάλειαν,
1298 1590 1397 1626 μετέῦη
1416 1590 1495 1617 πάλιν
1517 1591 1562 1617 ἐπὶ
1582 1591 1631 1627 τὴν
1648 1591 1703 1617 τῶν
1732 1591 1839 1626 Περσῶν

1060 1636 1106 1664 καὶ
1128 1636 1257 1672 Ἑλλήνων
1272 1635 1420 1671 βασιλείαν,
1438 1636 1532 1672 ἑτέραν
1543 1636 1637 1672 ὅρασιν
1652 1637 1719 1672 ἡμῖν
1738 1637 1842 1671 διηγοί-

1060 1690 1151 1717 μενος,
1165 1682 1226 1717 ἥτις
1242 1681 1347 1716 ἐγένετο
1362 1682 1407 1707 καὶ
1422 1680 1565 1716 ἐπληρώθη
1584 1683 1612 1708 ὲν
1623 1683 1678 1713 τοῖς
1695 1682 1775 1714 ἰδίοις
1789 1691 1842 1708 και-

1059 1730 1131 1765 ροῖς·
1145 1729 1218 1760 ὅπως
1234 1729 1263 1755 ὲν
1279 1727 1365 1763 τούτῳ
1384 1728 1494 1758 πιστοὺς
1506 1727 1578 1763 ἡμᾶς
1594 1728 1782 1762 καταστήσας,
1801 1728 1841 1754 καὶ

1059 1773 1127 1809 πρὸς
1146 1772 1179 1799 τὰ
1201 1772 1329 1808 μέλλοντα
1344 1771 1465 1806 γίνεσθαι
1479 1771 1651 1807 πιστοτέρους
1661 1772 1700 1807 τῷ
1714 1773 1777 1808 Θεῷ
1795 1781 1842 1798 πε-

1060 1819 1191 1856 ραστῆσαι
1204 1818 1318 1854 δυνηθῇ·
1333 1818 1382 1845 ὅσα
1406 1818 1454 1853 μὲν
1475 1816 1522 1844 οὖν
1543 1819 1572 1844 ὲν
1588 1820 1620 1854 τῇ
1637 1818 1736 1854 πρώτῃ
1753 1819 1841 1855 (δράσι

1057 1865 1213 1900 διηγήσατο,
1227 1863 1313 1890 ταῦτα
1330 1863 1410 1890 πάλιν
1433 1863 1466 1890 ὲκ
1484 1863 1606 1899 δευτέρου
1626 1864 1730 1890 ἄνωθεν
1752 1865 1841 1899 insi:-

1056 1911 1155 1944 γεῖται,
1170 1909 1238 1945 πρὸς
1266 1909 1409 1944 οἰκοδομὴν
1435 1909 1489 1935 τῶν
1511 1909 1707 1936 πιστευόντωιν
1732 1910 1779 1936 τὸν
1793 1912 1840 1945 γὰρ

1057 1955 1140 1990 κριὸν
1160 1955 1205 1981 τὸν
1220 1953 1395 1990 κερατίζοντα
1412 1954 1481 1980 κατὰ
1497 1953 1642 1987 θάλασσαν,
1664 1955 1712 1983 καὶ
1728 1955 1842 1990 pages».

1057 1999 1103 2026 καὶ
1120 1999 1327 2035 νότονλΔαρεῖον
1341 1998 1412 2033 λέγει
1428 1998 1472 2024 τὸν
1486 1999 1596 2034 βασιλέα
1611 1999 1665 2026 τῶν
1678 2001 1806 2036 Περσῶν,
1815 2002 1839 2031 ἧς

1057 2045 1229 2082 περιεγένετο
1255 2044 1362 2071 πάντων
1378 2044 1432 2071 τῶν
1454 2044 1554 2071 ἐθνῶν·
1571 2045 1665 2072 ταῦτα
1676 2045 1747 2081 γὰρ,
1765 2048 1839 2082 φησὶ,

1056 2091 1092 2118 τὰ
1107 2091 1193 2125 θηρία
1207 2091 1242 2117 οὐ
1264 2089 1427 2123 στήσονται
1447 2090 1574 2117 ἐνώπιον
1596 2091 1710 2119 αὑτοῦ·
1738 2093 1795 2119 τὸν

1057 2136 1164 2171 τράγον
1177 2136 1230 2163 τῶν
1245 2136 1328 2171 αἰγῶν
1339 2136 1384 2163 τὸν
1398 2136 1542 2172 ἐρχόμενον
1553 2137 1607 2163 ἀπὸ
1615 2137 1707 2170 Διὸὺς,
1717 2139 1840 2170 Ἀλέξαν-

1056 2183 1117 2219 δρον
1135 2183 1181 2210 τὸν
1205 2183 1345 2210 Μακεδόνα
1369 2182 1451 2217 λέγει,
1467 2182 1512 2209 τὸν
1533 2182 1586 2210 τῶν
1608 2183 1745 2220 Ἑλλήνων
1767 2185 1839 2220 βαπι

1058 2326 1130 2362 enim
1161 2326 1233 2361 apud
1259 2327 1347 2362 ipsum
1371 2325 1537 2362 Africanus:
1555 2325 1708 2354 Permansit
1735 2336 1843 2362 regnum

1058 2360 1200 2388 Persarum
1219 2369 1298 2395 usque
1314 2361 1347 2387 ad
1369 2361 1473 2387 initium
1499 2360 1673 2388 Macedonum
1695 2360 1778 2389 annis
1798 2364 1845 2388 dt.-

1058 2397 1140 2423 centis
1166 2396 1284 2430 triginta,
1298 2401 1321 2422 et
1335 2395 1558 2431 ipsiiMaccdones
1573 2404 1750 2431 regnaverunt
1768 2399 1843 2424 annis

1060 2431 1179 2458 trecentis
1194 2432 1202 2466 (
1216 2430 1321 2458 Comm.
1337 2431 1363 2456 in
1386 2430 1454 2458 Dan.
1468 2438 1507 2462 rx,
1523 2431 1561 2466 24
1575 2432 1593 2464 ).
1603 2430 1607 2431 ⁷
1618 2431 1760 2460 Eusebius
1782 2440 1843 2459 rem

1059 2467 1227 2501 septuaginta
1243 2473 1327 2492 annos
1342 2465 1417 2501 addit
1433 2473 1465 2501 ex
1480 2465 1573 2492 eodem
1586 2466 1719 2493 Africano
1737 2477 1745 2494 :
1764 2467 1843 2501 Εὖρέ-

1059 2500 1163 2536 σκομενγ
1176 2501 1229 2536 γὰρ
1244 2501 1292 2535 τὴν
1308 2500 1418 2536 Περσῶν
1440 2500 1575 2535 βασιλείαν
1602 2502 1676 2527 ἔτεσι
1695 2500 1842 2531 διακοσίοις

1057 2535 1473 2572 τριάκονταξπεριγραφομένην,
1490 2536 1539 2570 τήν
1561 2544 1591 2572 τε
1613 2537 1783 2563 Μακεδόνων
1805 2538 1842 2566 εἰς

1059 2570 1106 2605 ἐτη
1121 2571 1261 2606 τριακόσια
1277 2570 1458 2607 ἐϐδομήκοντα
1473 2571 1686 2606 παρατείνουσαν
1703 2573 1714 2607 (
1728 2572 1844 2599 Demn-

1060 2605 1252 2642 strntieuangq
1271 2605 1396 2642 vuttg).
1419 2605 1648 2642 (llrronographus
1672 2605 1843 2642 anbnymus.

1060 2641 1107 2674 qui
1120 2640 1214 2667 eodem
1228 2648 1284 2667 aevo
1294 2648 1326 2667 ac
1337 2640 1495 2675 Hippolytus
1509 2646 1536 2668 et
1546 2642 1692 2669 Africanus
1707 2640 1780 2668 vixit
1793 2642 1845 2668 sub

1057 2676 1209 2702 Alexandro
1235 2675 1344 2706 Severo,
1361 2676 1438 2702 aliter
1460 2675 1600 2702 Persarum
1628 2682 1655 2703 et
1679 2677 1845 2704 Gracorum

1057 2718 1143 2737 annos
1160 2715 1290 2743 recenset,
1307 2715 1337 2736 ut
1348 2717 1382 2736 ex
1399 2711 1450 2737 hoc
1465 2711 1523 2745 ipso
1535 2711 1657 2738 diversus
1671 2712 1707 2739 ab
1723 2717 1845 2745 utroque

1056 2744 1283 2781 deprehendatur.
1305 2746 1362 2781 VAp.
1389 2744 1482 2773 Canis:
1503 2744 1575 2773 Lect.
1601 2747 1698 2781 an!iq.,
1717 2751 1790 2774 tom.
1802 2744 1843 2776 ill.

1056 2780 1119 2807 edit.
1130 2780 1243 2815 llasuag.
1259 2787 1285 2814 p.
1300 2780 1360 2807 162.
