1860 3051
58 64 110 106 sto'

601 73 810 100 FRAGMENTA
829 72 863 99 IN
880 71 1064 100 DA‘NIELEM.

1591 74 1643 101 650

56 129 194 160 lea-160M
204 129 299 158 ἐλθεῖν
311 129 384 163 πρὸς
395 129 487 156 αὐτὸν
500 129 544 155 τὸν
557 129 632 164 κριὸν
645 130 693 155 καὶ
707 130 808 164 dmito-

893 136 943 155 mm
962 129 989 155 in
1012 129 1116 163 faciem,
1136 134 1160 156 et
1175 130 1335 160 contrives-it,
1349 134 1373 156 et
1388 131 1527 165 proiecerit
1546 130 1573 156 in
1591 136 1640 157 ξει-

58 179 128 213 Mum
139 177 231 206 αὐτὸν,
248 176 294 203 καὶ
309 176 398 209 τύψαι
413 175 505 201 αὐτὸν
517 175 564 201 ἐπὶ
581 175 614 202 τὸ
636 176 806 209 πρόσωπον,

57 225 96 253 καὶ
106 224 260 257 συντρίψω,
274 222 323 248 καὶ
335 222 422 256 ῥίψαι
437 222 529 248 αὑτὸν
541 221 589 247 ἐπὶ
610 221 666 255 τὴν
686 221 743 255 γῆν
759 221 809 248 καὶ

56 267 243 301 καταπατῆσαι,
259 266 336 293 τοῦτο
353 266 478 301 σημαίνει
491 266 559 301 ὅπερ
574 266 620 292 καὶ
636 266 789 301 γεγένηται.

83 314 121 341 ῙΧ.
138 313 253 348 Συνάψας
277 312 330 348 γὰρ
353 312 469 347 πόλεμον
495 312 562 348 πρὸς
588 313 632 339 τὸν
662 314 772 348 Δαρεῖον
795 313 808 338 ὀ

61 360 207 396 Ἀλέξανδρος
221 360 310 394 ἴσχυσε
325 359 384 385 κατ’
394 357 486 389 αὑτοῦ,
501 359 548 385 καὶ
562 360 705 394 προηγεῖτο
721 358 808 393 πάσης

55 406 93 440 τῆς
110 404 253 436 δυναστείας
277 402 369 435 αὐτοῦ,
388 402 490 430 ἀνελὼν
505 403 550 429 καὶ
566 404 761 438 καταπατήσας
780 402 810 429 τὺ
825 431 828 434 ,

57 451 208 487 πρατόπδον
221 449 301 477 αὐτοῦ
311 458 317 464 ·
333 448 391 476 εἶτα
406 449 474 485 μετὰ
489 449 519 476 τὸ
533 448 670 485 ὑψωθῆναι
685 450 729 477 τὸν
742 450 808 485 τρά-

55 506 91 531 γον
104 496 151 523 τῶν
162 496 252 530 αἰγῶν,
267 495 409 531 συνετρίϐη
423 495 453 522 τὸ
467 495 550 531 κέρας
566 496 657 527 αὐτοῦ,
677 495 707 522 τὸ
728 496 809 531 μέγα,

54 544 90 569 καὶ
100 542 173 578 ἀνέϐη
188 542 302 576 τέσσαρα
319 541 421 577 κέρατα
437 542 564 568 ὑποκάτω
580 542 672 573 αὑτοῦ,
689 543 728 574 εις
747 543 810 574 τοὺς

52 587 164 622 τέσσαρας
190 587 303 622 ἀνέμους
327 586 374 613 τοῦ
400 587 529 622 οὐρανοῦ·
555 587 692 623 κρατήσας
720 587 772 623 γὰρ
797 589 811 614 ὀ

58 633 206 669 Ἀλέξανδρος
221 633 310 668 πάσης
326 632 374 668 τῆς
391 633 441 668 γῆς
455 633 592 668 Περσίδος,
614 634 661 660 καὶ
675 633 810 666 ὑποτάξας

52 680 141 711 αὐτοὺς,
154 678 260 714 ὕστερον
275 678 388 714 τελευτᾷ
406 678 498 705 διελὼν
512 679 561 714 τὴν
578 679 715 714 βασιλείαν
728 678 810 706 αὑτοῦ

53 726 84 756 εἱς
102 725 225 760 τέσσαρας
248 725 344 760 ἀρχὰς,
367 725 405 756 ὼς
430 725 522 752 ὲπάνω
549 724 696 752 δέδεικται·
724 726 754 758 ἐξ
781 722 811 752 οὗ

51 769 137 804 ὑψώθη
151 769 234 804 κέρας
254 769 289 796 ἓν
304 770 352 796 καὶ
368 769 551 805 ἐμεταλύνθη
571 769 626 802 ἕως
645 768 698 803 τῆς
718 769 810 796 δυνά-

861 182 929 206 ram,
942 180 965 200 et
977 175 1233 207 conculcaverit,hoc
1248 175 1392 211 signiﬁcat,
1409 176 1481 212 quod
1497 181 1524 204 et
1538 182 1643 212 gestum

859 224 898 247 est
903 239 910 247 ι

896 312 940 339 ΙΧ.
955 312 1023 339 Cum
1043 313 1115 339 enim
1132 313 1231 340 bellum
1250 314 1380 341 adversus
1401 312 1512 340 Darium
1527 313 1643 341 Alexan-

859 358 908 386 der
931 358 1104 392 suscepisset,
1129 360 1251 393 superior
1272 360 1374 392 evasit,
1397 360 1538 395 copiisque
1557 360 1643 395 ipsius

860 403 957 430 deletis
974 404 1186 442 proﬂigatisque,
1207 405 1292 432 totius
1316 406 1391 441 regni
1415 406 1557 441 imperium
1575 406 1644 432 obti-

860 449 936 483 nuit;
960 450 1056 477 deinde
1081 455 1223 485 postquam
1240 451 1333 478 hircus
1349 460 1492 486 caprarum
1509 452 1644 479 exaltatus

860 498 913 526 est,
928 501 1014 521 cornu
1031 494 1116 528 ipsius
1129 503 1256 530 magnum
1275 496 1389 524 lractum
1402 501 1452 530 est,
1468 501 1495 524 et
1509 503 1567 524 orta
1581 503 1646 524 sunt

861 545 980 575 quatuor
1001 548 1104 568 cornua
1131 541 1224 568 subter
1248 542 1313 568 illud
1338 550 1386 577 per
1408 548 1525 577 quatuor
1550 549 1645 570 ventos

861 585 933 614 caeli.
952 585 1057 614 Potitus
1072 587 1172 622 quippe
1184 587 1338 615 Alexander
1350 589 1424 615 omni
1444 588 1589 616 Persarum
1606 597 1646 616 rea

861 633 950 668 gione,
964 633 1085 668 ipsisque
1096 634 1122 660 in
1133 641 1211 660 suam
1222 634 1351 662 ditionem
1364 635 1493 665 redactis.
1508 640 1646 670 postremo

861 678 938 710 obiit,
956 685 1039 712 regno
1053 685 1104 705 suo
1117 678 1143 704 in
1161 683 1278 713 quatuor
1298 679 1465 714 principatus
1479 679 1577 713 diviso,
1594 681 1648 708 vel-

862 723 903 751 uti
928 724 1055 758 superius
1077 723 1127 750 fuit
1150 724 1379 752 demonstratum.
1404 725 1479 753 Unde
1499 726 1646 753 exaltatum

862 774 900 797 est
922 778 1004 797 cornu
1021 778 1112 802 unum,
1127 776 1151 796 et
1173 771 1370 805 magni/iculum
1396 777 1434 798 est
1456 780 1536 807 usque
1551 773 1585 799 ad
1600 781 1647 807 po-

50 826 111 851 μεως
133 816 181 843 τοῦ
202 817 346 850 οὐρανοῦ·
373 816 422 843 καὶ
443 816 479 842 δι’
502 815 603 848 αὑτὸν,
619 816 703 852 φησὶ,
722 817 813 844 θυσία

893 817 973 843 ntiam
988 816 1061 847 caeli;
1077 824 1108 842 ac
1122 824 1167 850 per
1186 816 1284 851 ipsum,
1302 817 1399 851 inquit,
1415 818 1575 852 sacri/icium
1592 824 1648 845 tur-

51 863 186 898 ἑταράχθη,
199 863 247 890 καὶ
259 863 364 897 ἐρρίφη
376 863 465 898 χαμαὶ
480 864 499 897 ἡ
511 863 698 896 δικαιοσύνη.

78 910 105 936 Χ.
124 909 260 944 Γεγένηται
282 908 337 943 γὰρ
359 909 373 934 ὁ
392 908 525 942 Ἀντίοχος
541 909 555 934 ὁ
571 907 728 944 ἐπικληθεὶς
751 909 812 934 ὲπι-

51 955 121 991 φανὴς
133 955 183 990 (67)
197 955 233 981 ὢν
255 956 287 982 ἐκ
309 954 355 981 τοῦ
371 954 466 988 γένους
485 954 673 991 Ἀλεξάνδρουο
690 954 814 990 βασιλεύς

51 1010 89 1032 σας
111 1001 135 1028 δὲ
159 1002 205 1036 τῆς
219 1002 329 1038 Συρίας,
343 1001 391 1028 καὶ
409 1001 440 1036 δὴ
457 1001 546 1028 λαϐὼν
570 1002 614 1035 ὑφ’
627 1001 706 1028 αὑτὸν
724 1002 813 1028 πᾶσαν

49 1047 88 1082 τὴν
108 1047 243 1082 Αἴγυπτον,
261 1047 375 1083 ὕστερον
393 1047 475 1083 ἀνέὸη
500 1048 546 1074 ἐπὶ
566 1047 750 1084 Ἰερουσαλὴμ,
767 1047 814 1074 καὶ

51 1093 154 1128 εἰσῆλθεν
168 1095 206 1125 εἰς
221 1093 253 1120 τὸ
266 1093 398 1128 ἀγίασμα,
415 1093 461 1119 καὶ
477 1093 556 1120 ἔλαϐε
573 1094 677 1125 πάντας
692 1094 753 1125 τοὺς
767 1093 815 1128 θη-

51 1140 146 1174 σαυροὺς
167 1140 226 1172 τοὺς
254 1141 283 1167 ὲν
302 1140 369 1175 οἴκῳ
392 1140 504 1176 Κυρίου,
521 1140 567 1167 καὶ
580 1139 629 1176 τὴν
645 1139 753 1175 λυχνίαν
764 1140 814 1175 τὴν

50 1186 143 1220 χρυσῆν,
159 1187 204 1214 καὶ
219 1186 269 1221 τὴν
284 1187 432 1222 τράπεζαν,
448 1186 495 1213 καὶ
509 1186 540 1213 τὸ
554 1186 754 1221 θυσιαστήριον,
767 1186 815 1212 καὶ

49 1231 140 1267 ἐποίησε
159 1234 330 1267 φονοκτονίαν
355 1233 474 1269 μεγάλην
490 1234 519 1261 ὲν
541 1234 573 1268 τῇ
589 1234 641 1268 γῇ·
665 1232 703 1264 ὡς
720 1231 793 1266 λέγει
805 1240 812 1247 ·

49 1277 92 1303 Kal
113 1277 141 1304 τὸ
161 1279 248 1314 ἅγιον
261 1279 526 1314 συμπιιτηθήσεται
544 1278 599 1311 ἕως
619 1278 749 1312 ἑσπέρας
765 1278 814 1304 καὶ

48 1322 91 1356 ἓως
109 1325 176 1358 πρωϊ
197 1324 304 1360 ἡμέραι
326 1326 420 1360 χίλιαι
441 1325 616 1358 τριακόσιαι.
637 1324 740 1358 Συνέϐη
760 1323 815 1360 γὰρ

48 1371 95 1395 κατ’
112 1371 206 1398 ἐκεῖνον
220 1371 268 1398 τὸν
280 1371 385 1407 καιρὸν,
401 1371 464 1407 τρία
477 1371 560 1406 ἣμισυ
580 1370 626 1406 ἔτη
641 1370 742 1406 ἔρημον
756 1371 816 1404 μεῖ-

48 1422 82 1439 ναι
102 1414 128 1441 τὺ
148 1416 281 1451 ἁγίασμα,
298 1416 335 1448 ὡς
357 1416 533 1451 πληρωθῆναι
548 1415 636 1451 χιλίας
658 1415 815 1451 τριακοσίας

863 863 953 889 butum
969 868 1018 896 est,
1029 867 1054 890 et
1064 862 1137 889 humi
1150 863 1253 894 iustitia
1265 863 1366 897 dejecta
1378 868 1427 890 est.

897 908 930 935 X.
947 908 1009 936 Fuit
1029 908 1101 936 enim
1127 908 1278 936 Antiochus
1294 914 1474 944 cognomento
1493 908 1647 944 Epiphanes

863 963 896 982 ex
911 955 1057 983 Alexandri
1074 954 1258 987 successione,
1274 955 1321 989 qui
1335 963 1396 982 cum
1414 956 1441 982 in
1458 955 1535 990 Syria
1553 963 1648 990 regna-

863 1006 914 1033 ret,
932 1005 964 1028 et
991 1000 1138 1036 IEgyptum
1159 1001 1314 1028 universam
1342 1002 1370 1028 in
1397 1009 1474 1029 suatn
1502 1001 1649 1036 redegisset

863 1051 1034 1082 potestatem,
1051 1048 1158 1074 tandem
1187 1048 1214 1074 in
1239 1046 1389 1074 Jerusalem
1410 1047 1550 1078 ascendit,
1567 1048 1649 1082 inque

864 1093 1051 1121 sanctuarium
1068 1093 1218 1126 ingressus,
1233 1100 1329 1120 omnes
1344 1093 1498 1126 thesauros,
1513 1093 1558 1128 qui
1572 1099 1650 1120 erant

864 1139 891 1166 in
907 1139 989 1167 domo
1004 1139 1123 1172 Domini,
1139 1144 1166 1166 et
1186 1139 1377 1167 candelabrum
1394 1147 1518 1172 aureum,
1532 1145 1558 1167 et
1573 1148 1646 1167 nien-

865 1192 934 1217 sam,
957 1189 984 1212 et
1001 1185 1096 1217 altare,
1111 1186 1232 1218 abstulit,
1250 1185 1440 1220 ingentemque
1463 1186 1489 1213 in
1508 1191 1579 1213 terra
1595 1194 1648 1213 cu:-

865 1232 925 1259 dem
939 1231 1012 1264 fecit,
1034 1232 1104 1259 sicut
1119 1232 1204 1259 dicit:
1222 1231 1256 1257 Et
1278 1232 1462 1258 sanctuarium
1482 1231 1649 1258 conculcati-

866 1281 919 1309 tur,
942 1285 1022 1312 usque
1045 1277 1079 1304 ad
1105 1285 1252 1312 vesperam,
1275 1282 1299 1303 et
1321 1285 1401 1312 usque
1415 1278 1449 1304 ad
1469 1285 1544 1304 mane
1560 1277 1649 1304 diebus

866 1321 937 1348 mille
954 1323 1084 1349 trecentis.
1103 1322 1207 1349 Accidit
1220 1322 1292 1349 enim
1309 1329 1357 1356 per
1374 1322 1400 1349 id
1418 1327 1534 1356 tempus,
1550 1327 1580 1349 ut
1601 1323 1650 1349 tri-

865 1367 915 1395 bus
932 1375 994 1394 eum
1007 1367 1119 1395 dimidio
1132 1368 1212 1394 annis
1226 1367 1361 1395 desertum
1384 1372 1506 1395 maneret
1522 1373 1650 1395 sanctua-

866 1413 948 1445 rium,
963 1418 992 1441 ut
1008 1413 1223 1448 adimplerentur
1245 1413 1318 1441 mille
1341 1414 1454 1440 trecenti
1472 1414 1541 1446 dies,
1563 1414 1650 1441 donec

47 1459 143 1495 ἡμέρας,
166 1461 263 1498 μέχρις
291 1458 322 1488 οὗ
347 1462 463 1494 ἀναστὰς
484 1461 582 1492 Ἰούδας
597 1462 611 1487 ὁ
625 1460 813 1494 Μακκαϐαῖος,

893 1467 982 1494 trgcns
1008 1459 1093 1486 Judas
1117 1458 1286 1487 Machabazus
1309 1464 1370 1494 post
1399 1459 1502 1486 obitum
1532 1459 1650 1486 Mattliim

49 1505 104 1538 μετὰ
117 1506 161 1542 τὴν
175 1508 303 1543 τελευτὴν
324 1507 445 1535 Ματθίου
460 1507 506 1534 τοῦ
523 1508 625 1543 πατρὸς
641 1506 722 1533 αὐτοῦ
738 1507 816 1534 ἀντέ-

48 1557 87 1585 στη
106 1551 183 1588 αὐτῷ,
198 1554 245 1580 καὶ
267 1553 378 1588 ἐξέκοψε
401 1552 450 1584 τὰς
473 1552 647 1589 παρεμϐολὰς
668 1552 814 1587 Ἀντιόχου,

47 1595 85 1621 καὶ
101 1596 261 1632 ἐλευθέρωσε
276 1597 325 1633 τὴν
345 1597 432 1631 πόλιν,
447 1598 494 1624 καὶ
507 1598 676 1633 ἀνεκτήσατο
683 1598 814 1632 τὰἋγια.

47 1641 85 1667 καὶ
104 1642 269 1670 ἀνεκαίνισεν
292 1643 370 1676 αὐτὰ,
383 1644 498 1680 ποιήσας
515 1643 602 1670 πάντα
617 1643 687 1671 κατὰ
708 1643 753 1670 τὸν
771 1642 817 1670 νό-

49 1694 97 1720 μον.

75 1733 114 1761 ΧΙ.
138 1735 247 1771 Ἐπειδὴ
270 1733 317 1762 οὖν
341 1736 388 1763 καὶ
411 1737 425 1763 ὁ
443 1735 557 1770 ἄγγελος
580 1736 708 1772 Γαὸριὴλ,
726 1735 817 1768 καθὼς

47 1777 83 1811 ὑφ’
95 1779 166 1815 ἡμῶν
178 1782 316 1816 νενόηται,
336 1781 421 1813 οὕτως
435 1781 521 1808 ταῦτα
535 1782 682 1818 διηγήσατο
696 1781 734 1818 τῷ
749 1790 818 1818 προ-

47 1826 116 1862 φήτῃ,
131 1821 218 1860 καθὼς
234 1829 284 1855 καὶ
299 1828 414 1862 ἐγένετο,
435 1829 481 1855 καὶ
497 1829 526 1855 ὲν
541 1831 596 1860 τοῖς
610 1829 819 1861 Μακκαϐαῖκοῖς

48 1871 127 1905 σαφῶς
139 1873 226 1900 πάντα
241 1873 457 1910 ἀναγέγραπται,
470 1873 570 1908 ἴδωμεν
582 1873 630 1900 καὶ
643 1875 672 1900 ὲν
688 1875 747 1905 ταῖς
760 1873 818 1900 ἑτέ-

48 1924 97 1950 ραις
117 1918 245 1954 ἑϐδομάσι
259 1919 285 1946 τί
298 1919 387 1953 λέγει⁸
400 1916 477 1951 οὗτος
489 1919 543 1955 γὰρ
558 1919 690 1954 ἀναγνοὺς
707 1919 757 1955 τὴν
779 1919 819 1954 βί-

46 1962 97 1988 ϐλον
115 1963 246 2000 Ἱερεμίου
266 1965 313 1992 τοῦ
335 1966 484 2001 προφήτου,
500 1966 528 1992 ὲν
568 1965 730 2000 γέγραπται,
746 1965 819 1992 £660—

47 2008 152 2042 μήχοντα
172 2010 221 2046 ἐτη
248 2011 349 2047 ἔρημον
373 2011 482 2037 ἔσεσθαι
508 2011 538 2037 τὸ
565 2011 699 2046 ἁγίασμα,
723 2012 752 2038 ὲν
776 2019 819 2046 νη-

46 2054 144 2087 στείαις,
167 2057 214 2084 καὶ
228 2057 354 2093 δεήσεσιν
371 2056 616 2093 ἐξομολογούμενος
637 2057 753 2089 ἱκέτευε,
768 2057 818 2083 τά-

45 2108 92 2134 χιον
110 2102 272 2139 ἐπιπρέψαι
294 2103 340 2130 τὸν
361 2103 423 2130 λαὸν
446 2104 478 2131 ὲκ
499 2104 549 2139 τῆς
570 2103 757 2139 αἰχμαλωσίας
779 2104 818 2135 εἰς

867 1506 952 1539 patris
966 1506 1019 1537 sui,
1031 1505 1131 1533 restitit
1153 1506 1216 1540 ipsi,
1229 1506 1383 1540 castrisque
1398 1505 1526 1533 Antiochi
1543 1506 1649 1536 deletis,

867 1550 986 1585 urbeque
1010 1550 1037 1576 in
1054 1550 1204 1577 libertatein
1223 1550 1558 1584 vindicata,.recuperavit
1580 1550 1650 1577 San-

866 1600 918 1627 cta,
933 1600 960 1622 et
978 1596 1115 1623 renovavit
1133 1595 1189 1628 illa,
1203 1597 1295 1623 omnia
1308 1596 1386 1631 juxta
1404 1596 1488 1632 legem
1503 1596 1614 1624 faciens.

901 1740 946 1768 XI.
963 1740 1096 1774 Quoniam
1111 1747 1176 1768 vero
1197 1740 1278 1768 etiam
1297 1740 1409 1775 angelus
1434 1740 1542 1768 Gabriel
1556 1747 1652 1776 quem-

868 1787 1014 1815 admodum
1041 1795 1056 1814 a
1080 1787 1159 1815 nobis
1182 1787 1319 1815 intellecta
1342 1791 1421 1819 sunt,
1446 1787 1505 1814 haec
1528 1787 1565 1814 ita
1589 1795 1653 1814 nar-

868 1834 937 1862 ravit
958 1834 1112 1869 prophetae,
1129 1834 1168 1861 uti
1185 1839 1211 1861 et
1236 1837 1326 1869 gesta,
1349 1838 1377 1861 et
1399 1833 1425 1860 in
1450 1833 1526 1861 libris
1542 1833 1653 1861 Macha-

867 1880 987 1908 baaorum
1013 1883 1105 1914 aperte
1128 1879 1219 1906 omnia
1240 1879 1375 1914 descripta
1397 1878 1472 1906 fuere
1488 1888 1495 1906 :
1512 1879 1654 1906 videamus

867 1930 894 1952 et
912 1925 938 1952 in
953 1924 1014 1952 aliis
1030 1924 1244 1952 hebdomadibus
1257 1924 1323 1959 quid
1338 1924 1420 1951 dicat.
1439 1923 1488 1951 llic
1503 1924 1576 1951 enim
1590 1932 1652 1951 cum

868 1969 990 1997 Jeremia:
1004 1969 1142 2003 prophetae
1159 1969 1258 1996 librum
1281 1969 1399 2004 legisset,
1414 1969 1440 1996 in
1454 1977 1508 2004 quo
1522 1970 1653 2004 scriptum

869 2019 937 2048 erat,
956 2015 1124 2050 septuaginta
1140 2015 1220 2042 annis
1233 2015 1371 2042 desertum
1390 2014 1511 2042 futurum
1526 2020 1654 2042 sanctua-

871 2061 953 2094 rium,
978 2060 1005 2087 in
1025 2059 1137 2095 jejuniis
1151 2065 1177 2087 et
1200 2060 1435 2088 obsecrationibus
1457 2061 1589 2088 conﬁtens
1608 2061 1655 2088 dc—

872 2107 1047 2141 precabatur,
1072 2110 1102 2133 ut
1123 2107 1239 2139 celerius
1264 2107 1381 2142 populus
1404 2114 1420 2134 e
1446 2107 1600 2141 captivitate
1627 2107 1654 2133 in

51 2146 206 2184 Ἰερουσαλὴν
219 2149 269 2185 τὴν
281 2150 356 2176 πόλιν
365 2158 372 2164 ·
386 2150 472 2182 οὕτως
481 2148 528 2178 οὗν
539 2150 714 2186 διηγούμενος
728 2150 813 2184 λέγει·

893 2153 1021 2180 arusalem
1039 2152 1133 2179 urbem
1155 2156 1334 2179 reverteretur
1353 2160 1359 2177 :
1373 2152 1413 2179 sic
1429 2151 1511 2186 igitur
1523 2159 1655 2178 enarratis

51 2191 90 2218 Ἐν
100 2193 136 2226 τῷ
147 2194 252 2229 πρώτῳ
272 2196 330 2222 ἔτει
347 2196 467 2230 Δαρείου
482 2196 535 2223 τοῦ
549 2197 616 2223 υἱοῦ
638 2195 819 2230 Ἀσσουήρου

47 2237 94 2264 ἁ-τὸ
108 2239 277 2274 σπέρματος
295 2240 354 2267 τῶν
366 2240 485 2274 Μήδων,
506 2241 539 2274 ὃς
553 2241 751 2268 ἐϐασίλευσεν
771 2240 822 2267 ἐπὶ

45 2282 261 2317 τὴνβασιλείαν
273 2285 331 2312 τῶν
345 2286 500 2313 Χαλδαίων
509 2295 515 2301 ·
531 2286 588 2320 ἐγὼ
600 2286 712 2321 Δανιὴλ
731 2287 822 2321 συνῆ-

47 2336 78 2354 κα
86 2330 118 2356 ἐν
129 2331 193 2364 ταῖς
203 2332 325 2365 βίϐλοις
340 2332 393 2359 τὸν
405 2333 528 2367 ἀριθμὸν
538 2333 596 2359 τῶν
607 2332 691 2365 ἐτῶν,
709 2333 749 2365 ὠς
760 2334 822 2367 ἐγε-

47 2374 112 2410 νήθη
128 2378 221 2412 λόγυς
233 2379 342 2412 Κυρίου
357 2378 431 2413 πρὸς
449 2378 586 2414 Ἰερεμίαν
596 2379 650 2406 τὸν
666 2379 822 2413 προφήτην

47 2422 83 2453 εις
102 2423 322 2458 συμπλήρωσιν
345 2424 518 2459 ἐρημώσεως
537 2424 729 2460 Ἰερουσαλὴμ
740 2425 822 2452 ἐϐδο-

43 2466 166 2500 μήκοντα
179 2470 234 2504 ἐτη
246 2479 252 2485 ·
269 2470 315 2497 καὶ
330 2470 402 2505 ἑξῆς.
689 2493 692 2495 λ

75 2513 130 2542 Xll.
148 2516 229 2543 Μετὰ
254 2517 302 2552 τὴν
327 2516 518 2552 ἐξομολόγησιν
540 2516 622 2544 αὐτοῦ
647 2517 693 2544 καὶ
718 2517 820 2553 δέησιν,

46 2560 118 2594 φησὶν
130 2561 144 2587 ὁ
159 2562 277 2597 ἄγγελος
297 2563 365 2598 πρὸς
378 2563 474 2589 αὐτόν’
499 2563 588 2597 Ἀνὴρ
610 2563 770 2598 ἐπιθυμιῶν
781 2563 822 2590 σὺ

46 2601 82 2628 εἴ·
98 2605 181 2632 ταῦτα
194 2607 252 2642 γὰρ
267 2608 329 2634 ἰδεῖν
342 2608 491 2644 ἐπιθυμεῖς,
507 2607 579 2644 ἅπερ
592 2607 625 2634 δι’
636 2607 702 2643 ἐμοῦ
717 2607 823 2642 μέλλεις

46 2648 234 2679 ὄιακονεῐσθαν
257 2654 344 2689 καιρῷ
364 2654 392 2680 δὲ
415 2654 472 2689 ἰδίῳ
491 2653 578 2680 ταῦτα
595 2653 802 2689 πληρωθήσεται
815 2663 822 2669 -

46 2698 85 2723 καὶ
99 2699 236 2735 ἐπήνεγκε
256 2700 351 2734 λέγων·
365 2703 393 2727 0'
414 2700 573 2735 ὲϐδομάδες
590 2700 822 2734 συνετμήθησιιν

79 2786 131 2822 (67)
153 2787 190 2814 De
202 2788 374 2822 Antichristo,
396 2791 440 2823 49,
462 2791 499 2817 ὢν
524 2790 631 2825 ἔκγονος
654 2790 836 2825 Ἀλεξάνδρου.

180 2836 317 2869 ΡΔτιιοι.
331 2837 386 2869 (Tm.
405 2838 446 2868 X.

873 2201 911 2227 ait
925 2208 932 2225 :
945 2199 978 2226 In
1000 2199 1084 2234 primo
1111 2207 1180 2226 anno
1208 2199 1285 2225 Darii
1311 2198 1362 2232 ﬁlii
1380 2198 1487 2224 Assueri
1506 2198 1537 2224 de
1557 2198 1655 2225 semine

873 2246 1020 2278 Medorum,
1036 2246 1080 2280 qui
1102 2246 1217 2280 regnavit
1233 2253 1311 2279 super
1333 2252 1438 2279 regnum
1458 2243 1654 2277 Chaldazorum,

873 2301 919 2328 ego
932 2290 1027 2318 Daniel
1047 2290 1164 2317 intellexi
1182 2291 1208 2317 in
1226 2290 1300 2316 libris
1315 2297 1451 2315 numerum
1470 2297 1607 2320 annorum,
1624 2290 1656 2316 de

871 2346 922 2373 quo
936 2337 1023 2372 [actus
1045 2341 1083 2364 est
1105 2343 1189 2363 sermo
1206 2335 1313 2362 Domini
1329 2335 1364 2362 ad
1383 2334 1526 2361 Jeremiam
1545 2334 1656 2369 prop/te-

872 2388 937 2416 tam,
951 2387 979 2410 ut
993 2382 1184 2417 complerentur
1200 2381 1368 2408 desolatiom's
1380 2380 1530 2408 Jerusalem
1548 2386 1654 2415 septua-

870 2431 944 2466 ginta
960 2430 1039 2461 attni;
1051 2434 1077 2456 et
1091 2436 1152 2463 quae
1168 2434 1328 2462 sequuntur.

907 2518 964 2545 ΧΠ.
981 2517 1046 2545 Post
1061 2516 1272 2549 confessionem,
1285 2521 1312 2543 et
1325 2516 1542 2544 obsecrationem
1557 2516 1654 2551 ipsius,

874 2564 962 2598 inquit
984 2556 1096 2598 angelus
1109 2563 1142 2590 ad
1165 2562 1251 2596 ipsum
1269 2571 1277 2589 :
1295 2560 1341 2588 Vir
1353 2561 1542 2588 desideriorum
1559 2565 1586 2587 tu
1603 2569 1629 2588 es
1646 2568 1655 2587 :

875 2610 932 2637 haec
944 2609 1016 2635 enim
1035 2609 1104 2636 scire
1117 2607 1204 2642 cupis,
1222 2615 1283 2641 quae
1302 2614 1350 2642 per
1370 2615 1412 2633 me
1432 2607 1479 2633 tibi
1501 2611 1564 2633 nota
1579 2606 1655 2638 tient,

875 2659 997 2689 tempore
1021 2662 1086 2682 vero
1107 2661 1158 2681 suo
1183 2653 1277 2680 eadem
1303 2653 1485 2687 perticientur,
1514 2657 1541 2679 et
1567 2651 1657 2679 intulit

874 2701 989 2728 dicens:
1015 2699 1189 2735 Septuaginta
1214 2699 1386 2726 hebdomade:
1413 2699 1570 2726 abbreviatw
1596 2703 1656 2725 sunt

856 2791 985 2834 Ἔκγονος
1002 2791 1146 2826 Hippolyto
1161 2790 1231 2818 idem
1245 2794 1286 2818 est
1300 2795 1382 2826 atque
1399 2790 1533 2825 ἐπιγονῆς.

1462 2839 1499 2868 21
