1860 3051
73 93 116 121 635

74 156 132 176 ωπον
157 145 230 173 αὐτοῦ
245 143 458 179 ὲξιλασκόμενοι;
488 142 547 168 Ὅτι
568 141 595 167 δὲ
623 140 690 176 μετὰ
705 139 734 166 τὸ
755 139 816 164 ὲπι-
831 139 854 166 Α

73 193 166 230 στρέψαι
181 191 222 218 τὸν
249 190 310 217 λαὸν
336 191 368 216 ὲκ
394 187 551 218 Βαϐυλῶνος
563 186 724 222 τετρακόσια
738 183 816 230 τρια-

72 229 137 266 κοντα
145 238 251 271 τέσσαρα
266 235 312 271 ἐτη
327 235 470 269 γεγένηται
484 233 536 264 ἕως
549 232 680 267 γενέσεως
688 229 816 266 Χριστοῦ,

71 284 168 315 εὐκόλως
184 283 237 309 ἐστὶ
250 281 341 317 νοῆσαι
367 281 401 306 τὰ
421 279 594 315 προκείμενα*
620 276 712 311 ἐπειδὴ
727 275 781 310 γὰρ
800 275 817 310 ἡ

71 329 147 366 πρώτη
170 327 278 363 διαθήκη
293 328 347 358 τοῖς
363 326 430 356 υἱοῖς
457 324 564 360 Ἰσραὴλ
579 323 647 359 μετὰ
657 320 818 357 τετρακόσια

70 376 192 412 τριάκοντα
205 373 321 408 τέσσαρα
345 371 392 406 ἐτη
406 370 493 405 ἐδόθη·
517 369 671 404 ἀναγκαίως
696 368 749 394 ἔδει
771 367 818 394 καὶ

71 422 111 457 τὴν
123 420 238 455 δευτέραν
256 418 355 454 ὁμοίως
366 417 404 452 τῷ
425 416 498 452 αὐτῷ
515 416 602 451 χρόνῳ
616 413 761 450 ὁρίζεσθαι,
775 413 818 439 ἴνα

70 467 112 496 ὑπὸ
125 466 166 492 τοῦ
177 464 236 492 λαοῦ
251 463 431 500 προσδόκιμος
445 462 557 498 γενηθῇ,
574 462 619 488 καὶ
634 460 686 486 ὑπὸ
701 460 755 486 τῶν
771 468 818 485 πι-

70 512 195 540 στξυόντων
211 510 325 542 εὐκόλως
341 508 505 544 ἐπιγνωσθῇ.

96 590 165 618 XVII.
178 590 229 616 Καὶ
243 589 287 616 διὰ
300 588 377 615 τοῦτο
389 587 508 622 Γαϐριὴλ
522 587 605 620 λέγειν
622 586 678 613 Καὶ
691 585 742 613 τοῦ
759 585 820 620 χρῖ-

69 646 110 664 σαι
122 637 197 671 ἅγιον
208 635 306 670 ἁγίων·
325 635 401 668 ἆγιος
413 634 441 660 δὲ
455 634 540 667 ἁγίων
558 632 655 664 οὐδεὶς,
674 633 697 658 εί
718 632 754 668 μὴ
775 632 820 667 μό-

68 690 104 714 νος
114 684 126 709 ὁ
138 682 195 713 Υίὺς
209 681 253 708 τοῦ
270 679 346 707 Θεοῦ·
364 680 394 712 ὃς
409 679 513 715 παρὼν,
538 679 584 705 καὶ
601 678 754 709 ἐπιδεικνὺς
769 677 820 712 ἔφη

69 728 124 764 πρὸς
136 727 224 757 αὐτούς
233 735 240 742 ·
271 726 391 760 Πνεῦμα
404 725 513 759 Κυρίου
524 726 569 751 ἐπ’
583 724 644 759 ἐμὲ,
660 722 695 751 οὗ
708 724 822 750 εἵνεκεν

66 773 153 808 sum
172 770 217 807 με,
236 773 284 799 καλ¹
306 771 339 798 τὰ
355 771 426 806 ἑξῆς.
458 771 532 797 Ὅσοι
551 768 598 797 οὖν
622 771 762 796 ἐπίστευον
783 768 821 804 τῷ

68 819 198 854 ἐπουρανίῳ
222 819 302 854 ἱερεῖ,
329 818 373 844 ὑπ’
391 817 473 844 αὑτοῦ
500 816 546 843 τοῦ
578 816 671 852 ίερὲως
692 815 820 850 ἐκαθαρίο

68 865 138 896 {av-to,
153 864 196 891 καὶ
217 863 317 891 τούτων
344 864 371 889 αἱ
398 862 528 898 ἁμαρτίαι
553 861 741 897 ἀπηλείφοντο·
764 861 821 887 ὅσοι

68 911 89 937 δὲ
102 911 220 946 ἠπίστουν
237 909 320 944 αὐτῷ,
337 909 373 941 ὡς
401 908 542 944 ἄνθρωπον
556 908 636 934 αὑτὸν
653 906 820 939 ἐξουθενοῦν-

66 965 110 988 τες,
132 956 225 983 τούτων
241 957 269 983 αί
295 955 424 991 ἁμαρτίαι
442 955 480 986 ὼς
502 953 676 988 ἀναφαίρετοι
690 952 821 988 ἐσφραγί-

67 1002 138 1034 ζοντο,
150 1002 206 1029 ὅθεν
216 1002 338 1038 προορῶν
355 1002 369 1027 ὁ
389 1001 520 1034 Ἀγγελος
535 1000 576 1026 ὅτι
591 1000 621 1026 οὐ
637 999 736 1030 πάντες
757 998 821 1034 μὲλ-

66 1047 126 1074 λουσι
140 1048 268 1074 πιστεύειν
284 1047 368 1082 αὐτῷ,
389 1045 459 1077 εἷπε,
473 1046 526 1072 τοῦ
541 1044 721 1072 συντελέσαι
733 1045 822 1078 ἁμαρ-

67 1092 183 1125 τίας,κα),
195 1092 246 1119 τοῦ
270 1091 434 1127 σφραγῖσαι
457 1090 609 1125 ἁμαρτίας·
627 1090 682 1116 ὅσοι
703 1089 757 1124 γὰρ
771 1089 822 1120 ἕως

67 1139 142 1171 τέλους
154 1139 301 1174 ἠπείθησαν
317 1138 400 1173 αὐτῷ,
414 1137 514 1164 τούτων
528 1135 574 1164 οὖν
587 1136 616 1162 οὐ
635 1135 823 1170 συνετελέσθη-

68 1193 107 1211 σαν
118 1185 142 1211 αί
153 1186 291 1221 ἁμαρτίαι,
305 1185 361 1212 ἀλλ’
376 1183 594 1220 ὲσφραγίσθησαν
609 1182 648 1212 εἰς
669 1181 758 1216 κρίσιν
774 1189 822 1216 τη-

68 1231 186 1266 ρούμεναι·
203 1232 258 1258 ὅσοι
274 1231 303 1257 δὲ
327 1230 452 1265 μέλλουσι
478 1228 614 1255 πιστεύειν
638 1227 711 1262 αὐτῷ
730 1227 767 1259 ὡς
779 1227 824 1253 δυ-

67 1276 156 1310 ναμένῳ
167 1277 274 1311 ἀφιέναι
291 1276 442 1311 ἁμαρτίας,
457 1274 558 1301 τούτων
577 1273 764 1309 ὰπηλείφοντο·
780 1272 823 1298 διὰ

67 1321 130 1348 τοῦτο
143 1321 221 1356 λέγει·
243 1321 299 1349 Καὶ
313 1321 365 1348 τοῦ
380 1321 541 1356 σφραγῖσιιι
556 1319 671 1354 ὅρασιν,
689 1319 737 1346 καὶ
752 1324 823 1352 προ-

66 1367 158 1401 φιὶτην.

836 806 857 833 Β

95 1478 174 1507 XVIII.
197 1479 307 1515 Ἐπειδὴ
320 1479 374 1514 γὰρ
390 1478 524 1514 πλήρωμα
540 1478 632 1513 νόμου,
654 1477 700 1503 καὶ
721 1485 825 1513 προφη-
838 1477 858 1506 C

64 1524 108 1551 τῶν
122 1525 196 1557 αὐτὸς
222 1526 323 1562 παρῆν·
342 1525 448 1560 ὁνόμος
474 1524 539 1559 γὰρ,
565 1524 611 1550 καὶ
639 1524 663 1549 οἱ
689 1523 824 1559 προφῆται

65 1569 107 1601 ἕως
125 1572 250 1598 Ἰωάννου·
271 1571 324 1598 ἔδει
340 1571 373 1598 τὰ
391 1571 435 1597 ὑπ’
448 1571 557 1597 ἐκείνων
575 1569 723 1604 λαλούμενα
740 1577 826 1604 σφρα-

65 1616 179 1649 γίζεσθαι,
195 1618 239 1645 ἵνα
269 1619 298 1644 ἐν
322 1619 354 1652 τῇ
378 1617 424 1643 τοῦ
457 1617 559 1652 Κυρίου
587 1616 720 1651 παρουσίᾳ
738 1616 826 1642 πάντα

64 1661 161 1689 λυθέντα
187 1664 318 1698 φωτισοῇ,
335 1662 429 1690 καὶτὰ
455 1662 536 1689 πάλαι
558 1662 685 1697 δεδεμένα
709 1661 756 1688 νῦν
781 1662 826 1687 ὑπ’

66 1707 133 1734 αὐτοῦ
151 1709 224 1745 λυθῇ,
240 1710 278 1740 ὡς
304 1709 383 1740 αὐτὸς
408 1710 422 1735 ὁ
447 1708 548 1744 Κύριος
561 1708 656 1744 εἴρηκε
671 1708 738 1743 πρὸς
764 1708 827 1739 τοὺς

65 1753 178 1788 ἄρχοντας
200 1755 245 1781 τοῦ
270 1754 346 1786 λαοῦ,
371 1754 588 1788 ἀγανακτοῦντας
607 1755 653 1780 ἐπὶ
666 1755 698 1789 τῇ
718 1755 746 1780 ὲν
763 1753 827 1780 σαϐ-

67 1798 129 1834 ϐάτῳ
151 1801 280 1836 θεραπείᾳ
293 1809 299 1816 ·
324 1801 496 1834 Ὑποκριταί,
525 1801 652 1833 ἕκαστος
676 1801 757 1835 ὑμῶν
775 1801 828 1827 τὸν

66 1844 158 1879 βοῦνῆ
171 1846 222 1872 τὸν
235 1847 309 1872 ὄνον
324 1847 359 1872 οὺ
383 1847 448 1872 λύει
475 1846 534 1873 ἀπὸ
550 1845 605 1879 τῆς
631 1845 752 1879 φάτνης,
778 1845 826 1871 καὶ

64 1889 207 1926 ἀπαγαγὼν
221 1891 350 1924 ποτίζει;
374 1893 484 1926 ταύτην
499 1892 532 1918 δὲ
545 1891 688 1926 θυγατέρα
706 1891 828 1926 Ἀϐραὰμ

63 1933 160 1969 οὖσαν,
188 1937 227 1971 ἢν
251 1937 366 1971 ἔδησεν
394 1939 410 1964 ὁ
436 1937 571 1970 Σατανᾶς
597 1938 648 1970 ἔτη
682 1937 753 1963 δέκα
778 1936 826 1963 καὶ

64 1980 136 2013 ὀκτὼ,
156 1984 208 2009 οὐκ
221 1983 283 2010 ἔδει
302 1982 427 2016 λυθῆναι
440 1982 476 2017 τῇ
489 1983 579 2017 ἡμέρᾳ
595 1982 647 2009 τοῦ
660 1982 828 2013 Σαϐϐάτου;

63 2026 130 2059 ὅσους
155 2027 198 2055 οὗν
229 2029 325 2064 ἔδησεν
348 2030 362 2055 ὁ
379 2029 500 2060 Σατανᾶς
525 2030 553 2055 ὲν
577 2028 690 2063 βρόχοις,
717 2027 827 2059 τούτους

64 2072 135 2099 ἐλθὼν
147 2075 160 2100 ὁ
174 2074 277 2110 Κύριος
291 2074 384 2100 ἔλυσεν
403 2076 434 2101 ἐκ
448 2075 501 2100 τῶν
514 2074 561 2100 τοῦ
575 2074 688 2100 θανάτου
710 2073 826 2109 δεσμῶν,

63 2116 131 2142 αὑτὸν
147 2119 194 2152 μὲν
219 2119 265 2145 τὸν
290 2118 350 2145 καθ’
374 2119 450 2153 ήμῶν
477 2119 584 2154 ἰσχυρὸν
611 2118 704 2154 δήσας,
729 2118 776 2154 τὴν
799 2119 828 2145 δὲ

64 2161 242 2199 ἀνθρωπότητα
268 2164 462 2200 ἐλευθερώσας.
489 2165 525 2196 ὡς
540 2165 586 2191 καὶ
607 2165 719 2197 Ἡσαΐας
743 2165 825 2199 λέγει·

65 2209 123 2235 Τότε
132 2210 191 2244 ἐρεῖ
199 2211 261 2244 τοῖς
283 2211 318 2237 ἐν
333 2211 462 2245 δεσμοῖς,
483 2211 640 2244 Ἐξέλθετε,
657 2212 706 2239 καὶ
722 2211 782 2245 τοῖς
793 2212 828 2238 ἐν

63 2252 96 2285 τῷ
106 2256 211 2289 σκότει,
227 2257 408 2291 Φωτισθητε.

844 2147 865 2174 D

92 2331 155 2360 XIX.
173 2336 233 2362 Ὅτι
246 2336 277 2362 δὲ
298 2336 331 2362 τὰ
356 2335 458 2362 παλαιὰ
483 2336 527 2362 διὰ
550 2337 632 2372 νόμου
662 2337 708 2363 καὶ
726 2345 830 2373 προφη-

63 2379 108 2407 τῶν
117 2380 208 2418 λελαλη
213 2383 283 2418 μένα
303 2382 391 2409 πάντα
404 2381 438 2418 ἦν
449 2383 662 2418 ὲσφραγισμένα,
677 2384 724 2410 καὶ
740 2384 829 2418 ἄγνω-

65 2433 106 2452 στα
123 2430 174 2460 τοῖς
191 2428 348 2464 ἀνθρώποις
362 2429 515 2464 ὑπάρχοντα
534 2429 646 2460 Ἡσαΐας
669 2429 753 2463 λέγει·
773 2429 828 2455 Καὶ

63 2469 181 2501 δώσουσι
193 2475 226 2501 τὸ
242 2475 365 2506 βιϐλίον
388 2475 422 2501 τὸ
434 2474 673 2508 ἐσφραγισμένον
686 2475 828 2508 ἀνθρώπῳ

63 2516 236 2553 ἐπισταμένῳ
259 2519 421 2554 γράμματα,
444 2520 491 2547 καὶ
504 2520 625 2553 ἐροῦσιν
641 2519 729 2552 αὐτῷ,
749 2519 828 2547 Ἀνά-

64 2567 139 2596 τινωθι
150 2566 257 2598 ταῦτα,
280 2566 329 2593 καὶ
349 2566 418 2600 ἐρεῖ,
443 2568 485 2593 Οὺ
497 2566 623 2600 δύναμαι
649 2565 828 2600 ἀναγνῶναι,

63 2609 247 2646 ἓσφράγισται
271 2612 336 2648 γάρ.
366 2613 530 2647 Ἀναγκαίως
543 2613 595 2639 ἔδει
618 2612 652 2638 τὰ
673 2611 775 2638 παλαιὰ
788 2611 831 2638 διὰ

63 2655 109 2682 τῶν
131 2658 278 2694 προφητῶν
303 2659 444 2694 εἰρημένα,
459 2661 515 2690 τοῖς
544 2659 593 2693 μὲν
619 2658 742 2689 ἀπίστοις
754 2658 832 2693 Φαρι-

65 2701 141 2734 σαίοις
151 2704 175 2730 οῖ
188 2704 299 2731 ἐδόκουν
312 2704 347 2731 τὰ
359 2704 405 2731 τοῦ
418 2705 499 2740 νόμου
523 2705 674 2740 γράμματα
689 2704 830 2738 γινώσκειν

612 79 820 110 FRAGMENTA
838 78 871 107 IN
890 76 1071 106 DANIELEM.

1590 76 1641 102 651

867 137 925 164 tes?
940 135 1016 169 Quod
1031 141 1096 162 vero
1117 137 1259 168 postquam
1273 139 1397 159 reversus
1422 136 1462 159 est
1480 132 1594 166 populus
1608 141 1639 158 ex

867 182 1012 217 Babylone,
1029 178 1218 215 quadringenti
1235 178 1343 213 triginta
1366 181 1481 212 quatuor
1492 177 1644 204 ellluxerint

868 227 933 255 anni
949 234 1035 262 usque
1050 226 1083 253 ad
1101 225 1202 252 Christi
1224 224 1402 256 nativitatem,
1416 223 1495 251 facile
1509 228 1551 251 est
1565 224 1645 251 intel-

868 273 966 308 ligere;
981 279 1043 298 cum
1056 270 1127 298 enim
1140 270 1256 305 primum
1280 273 1471 296 testamentum
1487 269 1550 296 ﬁliis
1562 269 1646 296 Israel

867 321 929 351 post
941 315 1151 351 quadringentos
1173 313 1282 348 triginta
1298 318 1415 347 quatuor
1441 320 1527 339 annos
1552 312 1643 339 datum

868 362 913 393 sit,
930 360 1084 388 necessario
1106 359 1256 394 oportebat,
1275 362 1304 384 ut
1327 358 1407 385 etiam
1424 357 1572 385 secundum
1597 365 1645 385 eo-

869 406 929 433 dem
946 406 1075 440 temporis
1100 404 1187 439 spatio
1204 403 1370 436 deiiniretur,
1396 408 1425 430 ut
1446 411 1461 430 a
1485 403 1583 438 popqu
1597 411 1630 430 ex

869 456 1056 487 spectaretur.
1081 455 1108 478 et
1142 458 1156 477 a
1186 449 1357 477 credentibus
1385 448 1464 476 facile
1497 456 1646 484 cognosce-

870 502 952 524 retur.

906 575 986 604 XVII.
1001 575 1182 608 Quamobrem
1199 573 1308 600 Gabriel
1328 573 1384 600 ait:
1401 573 1434 600 Et
1451 577 1565 607 ungatur
1577 573 1647 601 San-

871 627 927 648 ctus
953 625 1113 648 sanctorum.
1142 619 1257 646 Sanctus
1282 626 1345 645 vero
1360 623 1516 646 sanctorum
1543 619 1645 649 nullus.

871 667 924 695 nisi
937 667 1012 695 solus
1027 665 1112 693 Filius
1129 665 1185 697 Dei,
1214 665 1260 699 qui
1285 672 1346 691 cum
1362 665 1469 692 adt-sset
1487 670 1513 692 et
1532 665 1647 692 manife-

872 717 955 741 staret
972 720 1011 744 se,
1027 712 1094 739 dixit
1121 711 1153 738 ad
1171 719 1217 738 eos
1231 720 1238 738 :
1254 710 1369 744 Spiritus
1385 710 1489 738 Domini
1509 719 1585 745 super
1595 721 1646 744 me,

871 764 975 792 propter
999 756 1066 792 quod
1086 757 1159 783 unait
1184 765 1223 783 me
1246 757 1279 785 νο,
1302 761 1328 782 et
1354 760 1460 783 caetera.
1488 757 1648 792 Quicunque

871 805 952 839 igitur
966 803 1068 831 caelesti
1086 803 1233 830 credebant
1247 802 1390 835 sacerdoti,
1407 802 1440 828 ab
1457 803 1515 837 ipso
1534 805 1649 831 munda-

870 850 968 877 bantur
983 850 1134 882 sacerdote,
1160 854 1188 875 et
1211 849 1308 875 horum
1338 853 1446 883 peccata
1474 849 1646 877 delebantur.

871 896 1031 930 Quicunque
1047 902 1111 922 vero
1125 895 1148 922 ei
1166 894 1278 922 minime
1294 894 1447 926 credebant.
1464 899 1590 930 tanquam
1604 897 1650 923 ho-

871 942 970 969 minem
987 942 1075 976 ipsum
1089 941 1278 976 despicientes,
1303 941 1400 968 horum
1414 946 1534 975 peccata,
1566 942 1648 970 veluti

871 996 932 1022 qua:
949 988 1031 1014 deleri
1043 986 1154 1013 minimc
1167 991 1288 1020 possent,
1316 986 1519 1022 sigillabantur;
1532 996 1651 1022 quapro-

872 1039 930 1068 pter
946 1041 1007 1060 cum
1032 1033 1143 1067 angelus
1166 1033 1323 1067 pravideret
1338 1032 1411 1068 quod
1427 1041 1481 1060 non
1511 1041 1604 1065 omnes
1625 1035 1650 1061 ei

873 1079 1001 1107 credituri
1019 1083 1120 1111 essent,
1134 1079 1201 1105 dixit
1219 1087 1225 1105 :
1258 1078 1291 1105 Ut
1305 1083 1517 1106 consummentur
1532 1085 1649 1114 peccata.

872 1131 896 1152 et
909 1125 1087 1160 obsignentur.
1113 1124 1252 1159 Quotquot
1275 1124 1346 1151 enim
1373 1133 1458 1159 usque
1480 1125 1512 1152 ad
1529 1125 1608 1153 tinem
1626 1127 1650 1153 ei

872 1170 1058 1197 inobedientes
1075 1169 1193 1200 fuerunt,
1205 1170 1301 1197 horum
1314 1170 1406 1205 utique
1417 1175 1527 1205 peccata
1540 1172 1651 1199 minimc
1682 1190 1686 1195 ι

873 1219 1070 1248 consummata,
1090 1215 1136 1242 sed
1166 1215 1281 1250 sigillata
1303 1220 1376 1249 sunt,
1401 1223 1432 1243 ac
1446 1216 1549 1251 judicio
1563 1225 1650 1246 reser-

873 1268 953 1293 vata;
983 1267 1115 1297 quotquot
1141 1269 1206 1289 vero
1229 1262 1357 1289 credituri
1381 1267 1445 1290 sunt
1455 1263 1499 1295 ei.
1523 1269 1650 1299 tanquam

874 1312 983 1342 peccata
999 1306 1150 1334 dimittendi
1167 1307 1294 1334 virtutem
1311 1307 1429 1338 habenti,
1447 1308 1541 1334 horum
1565 1309 1651 1337 deleta

874 1357 947 1380 sunt.
965 1351 1108 1387 Propterea
1125 1352 1192 1380 dicit
1208 1361 1214 1379 :
1238 1352 1271 1378 Et
1288 1359 1315 1379 ut
1329 1354 1445 1388 signetur
1457 1354 1531 1385 visio,
1547 1359 1572 1380 et
1588 1363 1650 1389 pro-

873 1401 959 1433 pheta.

911 1476 1005 1504 XVIII.
1022 1477 1088 1504 Nam
1106 1485 1166 1505 eum
1182 1477 1250 1512 ipse,
1266 1477 1309 1511 qui
1328 1483 1369 1505 est
1386 1479 1525 1513 plenitudo
1536 1481 1604 1515 legis
1626 1486 1653 1508 et

877 1524 1082 1558 prophetarum,
1095 1532 1213 1559 przesens
1225 1529 1296 1552 esset
1316 1525 1368 1559 (lex
1390 1526 1461 1552 enim
1478 1531 1505 1553 et
1516 1528 1654 1562 prophetae

877 1578 962 1604 usque
978 1569 1012 1596 ad
1026 1569 1188 1605 Joannem),
1216 1572 1356 1605 oportebat
1381 1571 1517 1607 obsignari
1535 1581 1594 1607 quin
1619 1576 1653 1600 ab

876 1615 930 1643 illis
943 1616 1015 1643 dicta
1029 1615 1146 1649 fuerant,
1162 1621 1192 1643 ut
1205 1616 1232 1643 in
1247 1617 1362 1644 adventu
1380 1617 1486 1644 Domini
1501 1619 1592 1646 omnia
1610 1627 1655 1647 so-

876 1662 931 1689 luta
947 1662 1136 1695 elarescerent,
1164 1668 1190 1690 et
1206 1670 1266 1697 quae
1280 1663 1343 1690 olim
1373 1663 1453 1697 ligata
1477 1669 1564 1696 erant,
1583 1673 1654 1693 nunc

876 1708 910 1735 ab
924 1708 983 1742 ipso
997 1708 1175 1741 solverentur,
1203 1709 1430 1743 quemadmodum
1454 1709 1512 1744 ipse
1524 1709 1656 1738 Dominus

876 1754 945 1781 dixit
961 1754 993 1780 ad
1011 1754 1147 1788 principes
1163 1755 1265 1788 populi,
1283 1755 1327 1789 qui
1341 1755 1374 1782 de
1386 1756 1525 1783 curatione
1541 1755 1610 1783 facta
1627 1758 1653 1784 in

877 1802 920 1828 die
932 1801 1042 1828 Sabbati
1057 1801 1265 1836 indignabantur
1278 1811 1285 1829 :
1306 1801 1467 1836 Hypocriue,
1481 1803 1656 1838 unusquisque

876 1852 989 1874 oestrum
1007 1847 1094 1874 bovem
1111 1847 1150 1874 vel
1167 1848 1272 1874 asinum
1301 1856 1383 1874 nonne
1407 1848 1483 1874 soluit
1501 1857 1516 1875 a
1531 1857 1654 1883 praesepe,

876 1898 900 1920 et
932 1893 1040 1920 adducit
1070 1894 1216 1928 aquatum?
1246 1894 1313 1920 [tunc
1337 1903 1397 1921 vero
1421 1895 1506 1928 filiam
1532 1896 1655 1927 Abrahaz.

877 1948 955 1974 quam
966 1940 1053 1966 decem
1069 1944 1093 1966 et
1111 1945 1167 1966 octo
1194 1941 1270 1967 annis
1289 1940 1416 1975 liguverat
1447 1941 1573 1974 Satanas,
1604 1951 1655 1969 non

878 1986 919 2020 fas
931 1989 987 2012 erat
1010 1989 1038 2011 ut
1054 1985 1196 2012 solveretur
1224 1986 1266 2012 die
1280 1985 1389 2013 Sabbati
1405 1987 1447 2013 "?
1475 1987 1657 2023 Quoscunque

878 2030 961 2065 igitur
976 2030 1125 2065 illigaverat
1141 2030 1236 2062 Satan,
1259 2031 1310 2058 hos
1326 2031 1471 2059 adveniens
1489 2032 1621 2061 Dominus
1642 2042 1657 2059 e

878 2075 976 2102 mortis
991 2075 1104 2103 vinculis
1120 2075 1209 2109 solvit,
1224 2084 1285 2103 cum
1301 2077 1387 2110 ipsum
1403 2077 1512 2111 quidem
1528 2078 1657 2105 adversus

879 2129 929 2149 nos
948 2121 1044 2148 fortem
1074 2121 1194 2156 ligasset,
1221 2121 1416 2149 humanitatem
1431 2130 1494 2149 vero
1506 2123 1532 2149 in
1546 2123 1658 2150 liberta—

881 2171 932 2194 tem
947 2166 1122 2197 vindicasset.
1156 2167 1234 2194 siculi
1261 2167 1341 2194 etiam
1360 2166 1443 2193 Isaias
1458 2167 1540 2194 dicit:
1585 2168 1656 2195 Tum:

880 2212 947 2239 dicet
963 2213 995 2238 iis
1023 2213 1066 2246 qui
1081 2213 1106 2238 in
1121 2212 1230 2239 vinculis
1246 2220 1254 2238 :
1282 2212 1458 2247 Egredimini;
1474 2219 1498 2239 et
1514 2214 1546 2240 iis
1572 2216 1616 2249 qui
1630 2216 1658 2241 in

879 2259 988 2285 tenebris
1002 2265 1010 2284 :
1027 2257 1218 2284 Illuminamini
1236 2258 1268 2285 ⁹².

914 2335 985 2362 XIX.
1004 2335 1080 2369 Quod
1101 2341 1189 2362 autem
1212 2340 1302 2362 vetera
1317 2344 1364 2370 per
1373 2337 1458 2371 legem
1470 2342 1496 2365 et
1512 2339 1655 2373 prophetas

881 2381 1009 2416 praedicta
1026 2382 1117 2409 omnia
1147 2381 1247 2408 fuerint
1269 2382 1420 2416 obsignata,
1453 2388 1479 2409 et
1503 2383 1658 2412 hominibus

882 2427 1028 2462 incognita,
1041 2426 1124 2453 Isaias
1141 2426 1224 2453 dicit:
1254 2426 1289 2452 Et
1311 2426 1409 2453 dabunt
1426 2427 1520 2454 librum
1537 2430 1660 2464 obsigna—

883 2477 938 2499 tum
949 2472 1047 2499 homini
1059 2471 1150 2498 scienti
1161 2471 1272 2504 litteras,
1283 2476 1308 2497 et
1318 2472 1403 2498 dicent
1416 2473 1440 2499 ei
1451 2480 1459 2498 :
1473 2472 1539 2508 Lege
1554 2475 1618 2505 ltwc,
1635 2480 1659 2501 et

882 2518 1066 2553 respondebit:
1096 2516 1157 2543 Non
1173 2525 1279 2550 possunt
1308 2517 1400 2552 legere,
1424 2526 1485 2544 nam
1507 2519 1659 2554 obsignatas

882 2571 919 2591 est
934 2564 966 2590 ⁹³.
981 2563 1096 2591 Necesse
1120 2567 1176 2590 erat
1191 2568 1280 2589 vetera
1310 2571 1359 2597 per
1380 2564 1526 2598 prophetas
1539 2573 1659 2600 pronun-

884 2610 960 2643 tiata,
973 2608 1119 2636 incredulis
1131 2609 1241 2644 quidem
1252 2609 1408 2643 Pharisreis,
1424 2611 1470 2645 qui
1488 2611 1618 2645 putabant
1631 2619 1660 2639 se

884 2656 950 2691 legis
964 2656 1126 2690 scripturam
1156 2656 1320 2692 intelligere,
1348 2658 1488 2692 obsignata
1516 2665 1586 2690 esse,
1603 2665 1662 2684 cre-

883 2702 1008 2730 dentibus
1019 2709 1082 2728 vero
1096 2707 1198 2737 aperta.
1222 2702 1287 2735 Qua:
1311 2703 1393 2737 igitur
1408 2703 1473 2730 olim
1487 2707 1564 2731 erant
1585 2703 1660 2731 obsi-

95 2801 115 2816 '°
130 2801 178 2829 Isa.
204 2811 260 2835 Lxl,
279 2802 491 2837 I;Luc.tv,18.
529 2804 549 2819 θ’
572 2803 636 2831 Luc.
653 2812 712 2836 xm,
733 2804 773 2830 l5.
795 2804 881 2831 "315.1.
914 2811 988 2836 sus,
1005 2804 1032 2830 9.
1073 2804 1094 2819 ⁵⁵
1114 2805 1164 2830 lsa.
1199 2811 1273 2836 xxxx,
1291 2803 1334 2829 il.
