1860 3051
195 85 247 112 655

628 80 656 107 S.
674 77 853 106 lIlPPOLYTI
872 76 946 103 OPP.
965 74 1055 103 PARS
1072 74 1093 101 l.
1112 88 1146 94 —
1163 70 1369 101 EXEGETICA.

1766 67 1820 95 656

194 149 284 181 gnata,
315 149 387 170 nunc
414 149 460 177 per
483 140 597 176 gratiam
624 138 731 165 Domini
756 137 846 165 omnia
873 134 974 163 sanctis
990 134 1062 181 Αὲσι

1072 131 1215 168 νραγίσϐαι,
1234 131 1289 161 τοῖς
1307 129 1335 156 δὲ
1357 131 1528 156 πιστεύουσιν
1554 126 1700 162 ὴνεῷχθαι·
1716 125 1753 151 τὰ
1771 126 1820 160 μὲν

197 195 289 225 aperta
303 193 375 217 sunt.

233 281 291 308 XX.
308 280 366 315 Ipse
380 279 450 307 enim
467 281 526 305 erat
548 275 696 311 perfectum
717 273 837 309 sigillum
848 276 875 300 et
894 271 978 299 clavis

199 327 318 355 Ecclesia
332 336 338 353 :
353 325 404 358 Qui
422 324 517 359 aperit,
531 327 555 350 et
570 330 644 349 nemo
663 320 774 353 claudit,
786 324 810 346 et
828 318 939 349 claudit,
953 322 977 344 et

201 382 274 401 nemo
292 372 376 407 aperit
393 371 432 404 °‘;
448 370 519 398 sicut
541 368 658 396 Joannes
668 367 742 399 dicit,
758 371 784 393 et
799 365 869 393 idem
883 371 979 391 rursus

201 420 239 448 ait
251 429 257 446 :
273 418 306 445 Et
318 418 370 445 uidi
380 417 408 444 in
422 416 516 443 dextra
527 415 638 442 sedentis
649 421 725 448 super
739 411 860 439 thronum
871 409 978 442 librum,

202 466 330 500 scriptum
345 464 416 490 intus
437 466 462 490 et
479 461 553 497 foris,
564 461 697 496 signatum
711 458 854 493 signaculis
868 461 979 490 septem;

201 516 226 538 et
243 510 294 537 vidi
320 509 442 544 angelum
467 507 623 534 clamantem
649 512 708 532 voce
734 501 923 538 ntagna:Quis
942 504 981 527 est

204 557 301 591 dignus
316 554 417 589 aperire
431 552 538 583 librum,
555 556 579 578 et
598 550 695 577 soluere
719 547 856 584 signacula
867 547 944 581 ejus?
955 550 982 573 et

201 606 308 629 caetera.
327 598 362 626 Et
377 598 429 625 uidi
455 598 481 624 in
496 596 579 623 medio
597 594 694 627 throni,
710 599 733 621 et
750 597 863 628 quatuor
879 592 982 618 anima-

204 648 269 674 lium
285 647 387 681 Agnum
399 648 512 671 stantem
539 639 687 677 (tanquam)
707 640 832 669 occisum.
847 638 982 664 habentem

203 702 304 722 cornua
325 696 432 726 septem,
458 693 482 716 ct
506 688 594 716 oculos
617 692 723 722 septem,
751 687 796 721 qui
811 690 870 713 sunt
887 689 983 720 septem

203 741 313 774 spiritus
330 738 395 770 Dei,
408 737 483 763 missi
493 743 519 762 tn
533 742 633 761 omnem
648 737 754 766 terram,
769 737 794 759 et
807 732 886 764 venit,
901 736 925 758 et
938 739 983 758 αι-

203 786 271 820 cepit
292 784 387 810 librum
406 790 438 808 ea:
461 780 555 807 dextra
581 778 694 805 sedentis
712 784 788 812 super
808 776 938 807 thronum,
959 780 983 802 et

1028 177 1074 205 οὖν
1094 178 1176 205 πάλαι
1193 175 1398 212 ἐσφραγισμένα
1426 174 1473 201 νῦν
1495 174 1539 200 διὰ
1562 173 1612 208 τῆς
1634 173 1749 208 χάριτος
1771 171 1819 198 τοῦ

1029 224 1132 259 Κυρίου
1148 224 1235 250 πάντα
1249 224 1304 254 τοῖς
1316 222 1401 255 ἁγίοις
1416 220 1544 255 ὴνέῳγεν.

1061 270 1121 298 XX.
1138 270 1224 301 Αὐτὸς
1236 269 1290 304 γὰρ
1307 266 1340 302 ἦν
1354 269 1371 302 ἠ
1388 267 1476 294 τελεία
1491 265 1606 301 σφραγὶς
1619 285 1626 297 ,
1650 264 1700 290 καὶ
1713 263 1792 294 κλεὶς
1801 263 1818 298 ἡ

1035 316 1199 351 Ἐκκλησία·
1238 316 1264 341 '0
1288 314 1424 349 ἀνοίγων,
1452 312 1500 340 καὶ
1522 311 1623 344 οὐδεὶς
1646 310 1756 341 κλείει,
1769 309 1820 335 καὶ

1030 363 1148 393 κλείων,
1162 361 1211 388 καὶ
1227 361 1327 394 οὐδεὶς
1340 360 1460 394 ἀνοίγει,
1472 358 1509 390 ὼς
1525 357 1651 392 Ἰωάννης
1669 356 1757 390 λέγει,
1772 362 1819 381 χαι

1031 409 1112 436 πάλιν
1129 409 1143 434 ὁ
1154 407 1235 439 αὑτός
1249 414 1329 442 φησιο
1345 406 1399 433 Καὶ
1412 404 1493 432 εἶδον
1505 404 1554 431 ἐπὶ
1570 403 1627 437 τὴν
1642 402 1746 434 δεξιὰν
1764 401 1819 428 τοῦ

1030 455 1198 490 καθημένου
1209 453 1257 480 ἐπὶ
1278 453 1331 479 τὸν
1351 452 1458 486 θρόνον
1477 450 1600 483 ,βιϐλίον
1613 447 1820 484 γεγραμμένον

1029 502 1143 529 ἔσωθεν
1182 500 1231 527 καὶ
1259 499 1378 531 ἔξωθεν,
1399 496 1639 532 ἐσφραγισμένον
1654 494 1820 530 σφραγῖσιν

1031 547 1117 578 ἑπτὰ,
1132 546 1180 573 καὶ
1203 544 1285 572 εἶδον
1305 545 1434 579 ἄγγελον
1448 543 1642 577 κηρύσσοντα
1663 541 1749 575 φωνῇ
1769 549 1819 575 με·

1031 593 1118 628 γάλῃ,
1145 592 1192 626 Τίς
1218 591 1302 624 ἄξιος
1327 590 1443 622 ἀνοῖξαι
1458 589 1491 616 τὸ
1505 588 1636 621 βιϐλίον,
1658 587 1709 614 καὶ
1725 587 1819 614 λῦσαι

1031 638 1084 672 τὰς
1096 637 1260 673 σφραγῖδας
1286 637 1397 668 αὐτοῦ;
1413 636 1459 663 καὶ
1475 635 1509 662 τὰ
1536 635 1609 670 ἑξῆς·
1625 635 1675 662 καὶ
1691 633 1818 661 εἴδω-ὲν

1029 685 1112 719 μέσῳ
1128 684 1180 710 τοῦ
1202 684 1319 718 θρόνου,
1346 683 1395 709 καὶ
1411 682 1470 709 τῶν
1487 681 1644 715 τεσσάρων
1664 680 1754 712 ἅῦων,
1767 680 1817 714 ἀρ-

1031 730 1099 757 νίον
1113 729 1240 763 ἑστηκὸς
1253 728 1443 763 ἐσφαγμένον
1454 728 1527 763 ἕχον
1545 727 1654 762 κέρατα
1666 726 1754 755 ἑπτὰ.
1769 726 1815 752 καὶ

1033 775 1205 811 ὀφθαλμοὺς
1233 775 1317 807 ἑπτὰ,
1343 775 1362 802 ἅ
1387 776 1465 802 εἰσιν
1491 774 1565 801 ἑπτὰ
1589 774 1745 808 πνεύματα
1765 772 1818 799 τοῦ

205 816 312 865 quando
324 827 422 862 accepit
436 825 542 856 librum,
567 827 680 859 quatuor
695 821 832 853 animalia,
854 826 878 848 et
891 821 982 856 viginti
998 816 1018 844 Β
1033 823 1062 849 Θι

1072 822 1117 853 οῦ,
1131 822 1167 849 τὰ
1194 821 1405 855 ἀπεσταλμένα
1420 822 1463 854 εὶς
1485 820 1588 848 πᾶσαν
1609 820 1668 854 τὴν
1682 819 1750 854 γῆν,
1771 819 1818 846 καὶ

205 880 320 911 quatuor
337 874 450 900 seniores
476 871 623 898 ceciderunt
638 876 727 895 coram
751 867 838 902 Agno,
863 867 983 893 [tabentes

206 922 334 951 citharas,
352 923 376 945 et
401 916 505 952 phialas
519 922 622 946 aureas,
637 913 726 948 plenas
744 913 983 945 odoramentorum,

206 974 264 1001 qua:
280 969 339 992 sunt
366 963 496 990 orationes
512 965 673 992 sanctorum,
703 964 727 986 et
746 963 843 985 canunt
854 959 985 984 canticum

208 1019 312 1043 nouum,
326 1011 439 1036 dicentes
454 1016 463 1034 .'
481 1007 580 1042 Dignus
601 1014 627 1033 es
640 1006 756 1040 accipere
769 1004 875 1036 librum,
889 1009 911 1030 et
928 1012 988 1038 ape-

210 1059 261 1084 rire
273 1056 411 1092 signacula
425 1054 491 1088 ejus,
506 1053 629 1087 quoniam
643 1051 743 1078 occisus
755 1058 792 1082 es,
807 1054 830 1077 et
843 1050 928 1077 emisti
942 1057 987 1076 nos

209 1104 263 1131 Deo
275 1104 302 1130 in
315 1101 441 1136 sanguine
468 1105 511 1126 tuo
538 1099 572 1125 9'.
592 1097 702 1132 Accepit
730 1097 811 1131 igitur
840 1096 949 1128 librum,
963 1099 990 1122 et

209 1147 298 1178 solvit,
315 1150 343 1171 ut
363 1151 421 1178 quoe
437 1143 500 1169 olim
530 1142 561 1169 de
580 1142 635 1176 ipso
655 1146 752 1167 secreta
774 1141 846 1167 dicta
873 1140 988 1174 fuerant,

209 1199 276 1218 nunc
290 1190 368 1216 libere
380 1195 458 1222 super
473 1192 539 1213 tecta
548 1185 722 1221 pra-dicentur
737 1185 771 1211 ".

1035 867 1118 904 ἦλθε,
1134 869 1183 894 καὶ
1203 868 1292 895 ἔλαϐε
1307 868 1339 894 τὸ
1363 867 1483 900 ,ϐιϐλίον
1505 867 1539 894 ὲκ
1562 865 1616 900 τῆς
1641 865 1742 898 δεξιᾶς
1766 865 1820 892 τοῦ

1037 913 1205 948 καθημένου
1230 913 1279 941 ἐπὶ
1312 912 1365 939 τοῦ
1387 913 1504 946 θρόνου,
1529 911 1577 938 καὶ
1599 911 1649 937 ὅτε
1674 911 1767 937 ἔλαϐε
1787 909 1819 935 τὸ

1035 960 1155 992 βιϐλίον
1175 960 1211 987 τὰ
1230 959 1364 993 τέσσαρα
1377 957 1443 991 ζῶα,
1464 958 1514 985 καὶ
1537 959 1563 984 οἱ
1576 957 1820 990 εἰκοσιτέσσαρες

1039 1006 1230 1039 πρεσϐύτεροι
1254 1006 1365 1031 ἔπεσον
1379 1003 1505 1031 ἐνώπιον
1529 1002 1582 1030 ⁴τοῦ
1600 1002 1718 1037 ἀρνίου,
1736 1002 1820 1035 Exora

1039 1059 1088 1083 τες
1102 1050 1233 1085 κιθάρας,
1259 1050 1308 1077 καὶ
1330 1049 1438 1084 φιάλας
1456 1047 1573 1084 χρυσᾶς
1601 1047 1753 1082 γεμούσας
1771 1049 1820 1073 θυ-

1037 1095 1210 1130 μιαμάτων,
1237 1096 1269 1122 αῖ
1295 1096 1373 1122 εἰσιν
1394 1096 1423 1121 al
1450 1093 1614 1128 προσευχαὶ
1635 1092 1697 1119 τῶν
1720 1093 1819 1126 ἁγίων.

1040 1142 1089 1168 καὶ
1102 1141 1228 1175 ᾅδουσιν
1241 1141 1322 1176 ᾠδὴν
1334 1141 1443 1175 καινὴν
1465 1140 1615 1176 λέγοντες·
1628 1139 1723 1173 Ἄξιος
1732 1137 1761 1166 εἴ
1771 1140 1820 1165 λιι-

1041 1188 1102 1214 ϐεῒν
1113 1187 1146 1213 τὸ
1155 1187 1286 1219 βιϐλίον,
1313 1188 1361 1214 καὶ
1377 1187 1493 1219 ἀνοῖξαι
1514 1187 1567 1220 τὰς
1587 1187 1757 1222 σφραγῖδας
1769 1187 1819 1212 αἰν-

208 1237 272 1265 τοῦ’
296 1236 339 1263 ὅτι
366 1235 510 1269 ἐσφάγης,
539 1233 587 1260 καὶ
610 1233 762 1267 ἠγόρασας
784 1230 861 1266 ἡμᾶς
888 1231 928 1264 τῷ
950 1232 1010 1265 Θεῷ
1041 1234 1075 1260 ἐν
1092 1234 1132 1267 τῷ
1155 1235 1255 1270 αἵματί
1279 1243 1347 1262 σου.
1373 1235 1487 1261 Ἔλαϐεν
1510 1233 1556 1262 οὖν
1581 1235 1611 1261 τὸ
1637 1234 1752 1270 βιϐλίον,
1778 1235 1820 1260 καὶ

209 1286 312 1317 ἔλυσεν,
338 1284 388 1310 ἵνα
414 1282 450 1309 τὰ
485 1281 576 1308 πάλαι
609 1281 674 1315 περὶ
702 1279 793 1307 αὐτοῦ
810 1280 987 1314 ἀποκρύφως
1013 1283 1194 1317 λαλούμενα,
1209 1282 1267 1309 νῦν
1278 1283 1351 1317 μετὰ
1379 1282 1546 1317 παρρησίας
1570 1282 1620 1309 ἐπὶ
1642 1281 1703 1308 τῶν
1731 1280 1821 1315 δωμά-

209 1339 267 1358 των
283 1326 431 1363 κηρυχθῇ.

244 1377 314 1404 XXI.
327 1377 366 1404 Ac
378 1380 519 1412 propterea
536 1373 648 1409 angelus
661 1373 762 1400 Danieli
781 1373 888 1408 quidem
904 1372 987 1400 dicit:

211 1422 292 1458 Signa
309 1429 450 1450 sermones.
475 1419 598 1454 quoniam
624 1419 651 1445 in
678 1418 730 1452 ﬁne
755 1418 876 1452 temporis
903 1418 987 1448 visio;

1076 1371 1147 1398 XXI.
1165 1372 1219 1398 Καὶ
1230 1370 1274 1398 διὰ
1291 1371 1370 1398 τοῦτο
1392 1371 1431 1406 τῷ
1458 1371 1506 1406 μὲν
1526 1370 1623 1406 Δανιὴλ
1639 1370 1715 1404 λέγει
1738 1370 1754 1396 ὁ
1776 1369 1820 1403 ἂγ-

1041 1419 1128 1453 γελος-
1145 1418 1315 1452 Σφράγισον
1345 1417 1414 1450 τοὺς
1441 1418 1560 1452 λόγους,
1584 1416 1628 1443 ὄτι
1645 1418 1687 1449 εὶς
1720 1415 1820 1449 καιροῦ

210 1465 318 1493 Christo
331 1471 395 1492 vero
411 1471 465 1490 non
488 1463 638 1494 dicebatur,
655 1462 742 1497 signa,
771 1462 818 1490 sed
845 1461 913 1489 solve
931 1470 990 1497 qua:
1003 1458 1024 1486 C
1041 1472 1062 1491 π

1072 1464 1133 1498 ἓρας
1146 1465 1164 1497 ἡ
1186 1463 1299 1497 ὅρασις·
1314 1462 1353 1498 τῷ
1373 1463 1401 1489 δὲ
1415 1462 1523 1499 Χριστῷ
1536 1463 1585 1488 οὐκ
1609 1462 1723 1496 ἐλέγετο
1734 1460 1823 1496 σφρά-

210 1513 274 1539 olim
287 1512 369 1546 ligata
382 1515 472 1543 erant,
496 1515 526 1537 ut
542 1517 588 1544 per
603 1509 718 1544 gratiam
737 1509 824 1543 ipsius
839 1516 990 1544 cognosca-

212 1564 273 1584 mus
287 1564 338 1583 nos
353 1555 519 1582 voluntatem
546 1553 646 1586 Patris,
663 1557 690 1580 et
709 1553 852 1580 credamus
879 1554 905 1580 in
917 1561 990 1586 eum,

211 1609 292 1636 quem
309 1601 383 1628 misit
410 1600 454 1627 ille
470 1603 580 1634 propter
599 1599 714 1625 salutem
734 1599 886 1630 hominum,
900 1598 991 1626 Jesum

214 1647 358 1674 Dominum
374 1650 507 1673 nostrum.
525 1645 594 1671 Dicit
608 1644 707 1678 igitur:
724 1644 881 1677 Revertetur,
894 1649 917 1670 et
929 1645 993 1671 trdi-

212 1694 335 1728 [icaoitur
349 1692 447 1726 platea,
473 1695 497 1717 et
524 1698 626 1722 murus,
645 1689 739 1724 (quod)
765 1692 876 1716 omnino
893 1689 992 1717 factum

213 1744 265 1767 est.
283 1736 352 1765 Ciim
373 1738 445 1764 cnim
470 1737 587 1771 populus
603 1743 729 1763 reversus
746 1740 826 1769 esset,
852 1736 993 1770 urbem,ct

214 1785 355 1819 templum,
373 1788 398 1810 ct
419 1791 513 1810 muros
536 1783 563 1809 in
580 1782 695 1809 circuitu
724 1782 876 1810 aediﬁcavit.
895 1782 994 1810 Deinde

214 1832 272 1858 ait:
291 1830 354 1856 Post
383 1828 559 1855 hebdomadas
583 1828 719 1863 sexaginta
738 1827 803 1854 duas
827 1836 992 1855 consumma-

216 1877 312 1903 l‘untur
335 1881 468 1909 tempora;
491 1879 516 1900 et
545 1878 643 1900 statuet
665 1878 771 1908 pactum
789 1874 880 1900 multis
896 1874 992 1901 hebdo-

215 1922 294 1950 mada
309 1929 372 1952 una,
385 1925 409 1947 et
422 1921 448 1946 in
462 1920 572 1946 dimidio
587 1919 754 1947 hebdomadis
766 1921 899 1955 auferetur
912 1921 995 1947 sacri-

215 1968 351 1999 ,‘i:ium,et
374 1965 499 1997 libamen,
526 1970 550 1992 et
578 1965 648 2002 (erit)
667 1966 694 1992 in
718 1966 813 1999 templo
834 1966 993 1994 abominatio

212 2011 417 2039 desolatianum.

248 2096 331 2124 XXII.
346 2097 413 2125 Cum
442 2097 513 2125 enim
530 2096 672 2132 sexaginta
687 2097 748 2124 duae
771 2097 922 2132 adimpletae
936 2098 994 2125 I'ue-

214 2143 270 2170 rint
283 2143 476 2175 liebdomades,
491 2148 517 2170 et
536 2128 661 2170 Christus
689 2141 815 2174 adiuerit,
835 2128 861 2170 et
873 2143 994 2178 Evange-
1009 2128 1031 2155 θ

213 2190 280 2217 lium
297 2190 324 2217 in
337 2190 410 2217 omni
426 2190 487 2216 loco
501 2189 584 2216 fuerit
598 2189 784 2224 praedicatum,
798 2190 993 2217 consummatis

214 2236 394 2271 temporibus,
410 2243 464 2262 una
491 2235 659 2262 hebdomada
683 2235 851 2269 relinquetur
862 2240 992 2266 extrema,

214 2282 243 2308 in
256 2289 309 2316 qua
327 2281 506 2313 aderitElias,
524 2286 550 2308 et
561 2280 666 2312 Enoch,
683 2285 710 2308 et
739 2282 765 2307 in
781 2281 892 2308 dimidio
907 2282 993 2316 ipsius

214 2327 355 2361 apparebit
384 2325 550 2353 abominatio
577 2326 763 2359 desolationis,
791 2326 908 2363 (nempe)
920 2327 994 2354 Anti-

214 2372 343 2404 christus,
373 2371 569 2398 desolationem
598 2372 700 2398 mundo
725 2371 899 2399 annuntians.
924 2372 992 2400 Cum

213 2425 278 2444 vero
291 2417 335 2444 ille
350 2416 498 2448 advenerit,
530 2417 668 2444 auferetur
693 2417 868 2451 sacriﬁcium,
882 2422 908 2445 et
924 2418 992 2445 liba-

213 2471 287 2496 men,
305 2463 377 2497 quod
393 2463 473 2489 modo
484 2463 584 2497 ubique
606 2463 726 2490 locorum
743 2471 757 2490 a
774 2463 898 2498 gentibus
912 2463 993 2491 offer-

213 2514 258 2536 tur
275 2509 340 2536 Deo.
357 2508 404 2536 His
421 2509 456 2535 ita
470 2509 551 2536 dictis
565 2509 645 2535 aliam
670 2510 748 2537 nobis
762 2510 893 2537 visionem
918 2518 995 2538 enar-

213 2560 254 2581 rat
270 2555 419 2590 propheta;
438 2555 470 2582 de
488 2555 561 2582 nulla
585 2556 655 2582 enim
670 2556 723 2582 alia
744 2563 772 2583 re
788 2556 920 2584 sollicitus
935 2556 994 2589 fuit,

212 2608 296 2634 quam
319 2604 350 2627 ut
376 2600 409 2627 de
432 2601 558 2629 omnibus
584 2601 682 2629 futuris
708 2601 851 2636 diligenter
877 2603 993 2630 instrue-

213 2649 307 2678 retur,
336 2653 396 2680 qute
425 2645 484 2680 ipso
521 2648 632 2675 doctore
666 2647 745 2675 nobis
774 2647 916 2675 manifesta
946 2648 993 2675 lie-

214 2694 282 2717 rem.

247 2771 270 2786 “
284 2770 367 2806 Apoc.
384 2779 423 2806 Ill,
441 2772 466 2800 7.
505 2774 527 2789 ⁸⁸⁵
545 2774 628 2808 Apoc.
642 2781 667 2805 ν,
686 2773 710 2799 l.
749 2773 771 2789 ³⁵
786 2773 879 2802 Matth.
896 2781 923 2806 χ,
939 2774 984 2801 27.

1042 1518 1139 1546 τισον,
1158 1508 1225 1536 ἀλλὰ
1248 1509 1346 1536 λῦσον
1371 1509 1405 1536 τὰ
1431 1508 1513 1536 πάλαι
1536 1507 1678 1543 δεδεμένα·
1714 1508 1758 1534 ἵνα
1781 1508 1821 1534 διὰ

1042 1556 1090 1590 τῆς
1113 1555 1223 1590 χάριτος
1236 1554 1318 1581 αὑτοῦ
1339 1554 1492 1589 ἐπιγνῶμεν
1512 1555 1591 1589 ἡμεῖς
1606 1553 1636 1580 τὸ
1657 1553 1766 1589 θέλημα
1780 1553 1822 1579 τοῦ

1042 1601 1157 1636 Πατρὸς,
1172 1601 1218 1627 καὶ
1229 1601 1416 1636 πιστεύσωμεν
1430 1601 1469 1631 εἰς
1496 1599 1525 1627 ὃν
1539 1601 1640 1631 ἐκεῖνος
1655 1599 1821 1631 ἀπέστειλεν,

1048 1647 1149 1682 Ἰησοῦν
1176 1647 1221 1673 τὸν
1243 1646 1344 1682 Κύριον
1362 1646 1440 1681 ἡμῶν
1466 1645 1514 1672 ἐπὶ
1539 1647 1572 1681 τῇ
1594 1645 1649 1672 τῶν
1674 1645 1822 1681 ἀνθρώπων

1043 1692 1171 1728 σωτηρίαι
1189 1692 1262 1726 λέγει
1287 1689 1348 1718 οὖν·
1382 1691 1578 1726 Ἐπιστρέψει,
1600 1691 1649 1717 καὶ
1670 1691 1822 1725 οἰκοδομη-

1043 1737 1165 1771 θήσεται
1194 1738 1329 1770 πλατεῑα,
1352 1737 1402 1764 καὶ
1426 1737 1537 1772 τεῖχος·
1561 1737 1646 1768 ὅντως
1669 1737 1819 1772 γεγένηται·

1043 1783 1208 1819 ἐπιστρέψας
1223 1783 1277 1819 γὰρ
1304 1784 1318 1809 ὁ
1343 1783 1406 1815 λαὸς
1421 1783 1576 1818 ᾠκοδόμησε
1595 1782 1644 1817 τὴν
1669 1783 1757 1816 πόλιν,
1780 1782 1822 1809 καὶ

1043 1829 1087 1855 τὸν
1101 1830 1174 1862 ναὸν,
1189 1830 1235 1856 καὶ
1252 1829 1282 1855 τὸ
1298 1831 1387 1864 τεῖχος
1404 1829 1510 1864 κύκλῳ·
1537 1829 1631 1855 ἔπειτα
1641 1829 1726 1863 λέγει·
1745 1829 1820 1856 Μετὰ

1043 1876 1095 1907 τὰς
1109 1874 1271 1909 ἑϐδομάδας
1281 1875 1333 1908 τὰς
1344 1874 1554 1908 ἑξηκονταδύο,
1569 1874 1819 1908 ἐκκενωθήσοντοι

1044 1921 1070 1946 οἰ
1085 1920 1191 1954 καιροὶ,
1217 1920 1266 1946 καὶ
1281 1919 1415 1953 διαθήσει
1434 1919 1579 1952 διαθήκην
1602 1919 1729 1952 πολλοῖς
1746 1919 1820 1946 1:660-

1044 1965 1100 1999 μὰς
1109 1966 1173 2000 μία,
1188 1965 1236 1992 καὶ
1252 1965 1287 1992 ἐν
1304 1964 1343 1998 τῷ
1356 1965 1456 2000 ἡμίσει
1479 1963 1534 1998 τῆς
1555 1964 1719 1999 ἑϐδομάδος
1738 1964 1819 1999 ἀρθή-

1044 2019 1126 2039 σεται
1138 2013 1239 2044 θυσία,
1255 2012 1306 2039 καὶ
1325 2011 1457 2046 σπονδὴ,
1476 2011 1526 2038 καὶ
1546 2011 1595 2038 ἐπὶ
1615 2011 1647 2038 τὸ
1663 2011 1743 2046 ἱερὸν
1755 2011 1819 2044 ,βδέ-

1043 2060 1143 2093 λυγμα
1163 2058 1222 2085 τῶν
1241 2057 1425 2092 ἑρημώσεων.

1080 2103 1161 2131 XXII.
1178 2103 1238 2131 Τῶν
1249 2104 1303 2140 γὰρ
1321 2103 1453 2139 ἐξήκοντα
1479 2102 1525 2130 δύο
1545 2102 1699 2138 ἐΰδομᾶδων
1719 2102 1819 2138 πληρω-

1046 2150 1153 2182 Θεισῶν,
1169 2150 1214 2176 καὶ
1225 2149 1341 2185 Χριστοῦ
1360 2148 1591 2185 παραγενομένου,
1611 2149 1660 2175 καὶ
1685 2148 1732 2175 τοῦ
1748 2149 1819 2181 εὐαγ-

1045 2195 1133 2231 γελίου
1156 2196 1184 2221 ὲν
1204 2195 1285 2221 παντὶ
1307 2194 1382 2229 τόπῳ
1402 2194 1594 2230 κηρυχθέντος,
1620 2193 1818 2220 ὲκκενωθέντων

1045 2241 1098 2267 τῶν
1111 2240 1223 2276 καιρῶν,
1240 2240 1287 2274 μία
1300 2239 1414 2274 ἑϐδομὰς
1428 2239 1664 2275 περιλειφθήσεται
1684 2240 1701 2274 ἡ
1715 2239 1817 2273 ἐσχάτη,

1045 2286 1073 2311 ἐν
1123 2284 1256 2320 παρέσται
1277 2283 1377 2315 Ἠλίας,
1392 2284 1438 2310 καὶ
1457 2283 1540 2319 Ἑνὼχ
1550 2303 1557 2314 ,
1575 2284 1623 2310 καὶ
1639 2284 1669 2310 ἐν
1682 2283 1721 2318 τῷ
1735 2283 1818 2318 ἡμίσει

1045 2329 1128 2364 αὐτῆς
1150 2328 1350 2363 ἀναφανήσεται
1375 2328 1405 2354 τὸ
1420 2328 1556 2364 βδέλυγμα
1584 2328 1634 2363 τῆς
1650 2328 1817 2363 ἐρημώσεως,

1045 2375 1099 2405 ἕως
1115 2377 1123 2385 “
1137 2374 1151 2400 ὁ
1171 2373 1352 2409 Ἀντίχριστος
1366 2374 1503 2409 ἐρήμωσιν
1516 2373 1554 2409 τῷ
1568 2374 1664 2409 κόσμῳ
1677 2373 1818 2407 καταγγέλ-

1045 2419 1112 2446 λων·
1143 2417 1173 2445 οὗ
1209 2419 1428 2454 παραγινομένου
1465 2419 1613 2455 ἀρθήσεται
1651 2419 1753 2450 θυσία,
1779 2418 1818 2445 καὶ

1046 2465 1155 2500 σπονδὴ,
1180 2465 1196 2500 ὴ
1223 2465 1271 2491 νῦν
1287 2465 1357 2492 κατὰ
1388 2466 1475 2492 πάντα
1499 2465 1580 2492 τόπον
1602 2465 1654 2491 ὑπὸ
1675 2465 1730 2491 τῶν
1745 2464 1818 2492 ἐθνῶν

1043 2511 1247 2547 προσφερομένη
1256 2511 1294 2546 τῷ
1304 2511 1372 2546 Θεῷ.
1382 2511 1488 2538 Τούτων
1499 2511 1584 2542 οὕτως
1594 2511 1760 2546 εἰρημένων,
1768 2510 1816 2537 ἑτέ-

1046 2566 1096 2593 ραν
1113 2557 1193 2584 πάλιν
1208 2558 1340 2584 ὀπτασίαν
1360 2557 1492 2593 διηγεῖται
1506 2559 1572 2592 ἡμῖν
1588 2558 1601 2583 ὁ
1615 2559 1767 2593 προφήτης·
1782 2557 1818 2583 οὐ·

1044 2603 1087 2629 δέν
1104 2602 1157 2639 γὰρ
1168 2603 1259 2639 ἓτερον
1276 2603 1466 2639 ἐμερίμνησεν,
1480 2604 1504 2630 εἰ
1529 2603 1566 2638 μὴ
1582 2604 1627 2630 ἵνα
1647 2603 1738 2630 πάντα
1753 2604 1816 2638 ἀκρι-

1045 2647 1101 2679 6ὦς
1116 2647 1259 2684 ἐκδιδαχενῂ
1277 2649 1312 2675 τὰ
1333 2648 1473 2683 μέλλοντα,
1497 2649 1544 2676 καὶ
1566 2650 1643 2685 ἡμᾶς
1663 2649 1817 2676 ἐκδιδάσκων

1046 2695 1126 2729 φανῇ.

1024 2777 1032 2785 ‘
1049 2773 1150 2802 Vocula
1164 2775 1215 2806 ἕως
1230 2776 1416 2811 cxpungcnda.
