1860 3051
46 107 103 135 657

637 111 845 140 FRAGMENTA
863 113 894 140 IN
911 113 1094 140 DANIELEM.

1622 110 1675 138 658

83 164 174 192 XXIII
200 165 284 200 Λέγει
297 167 322 201 γ’
341 162 396 194 οὖν’
429 167 476 194 Ἐν
487 167 546 194 ἔτει
576 169 662 203 τρίτῳ
677 171 775 204 Κύρου
790 179 812 198 τι

930 170 1022 199 XXIII.
1036 171 1081 198 Ait
1101 170 1181 205 igitur
1195 179 1200 196 :
1225 169 1259 196 In
1276 177 1343 196 anno
1363 167 1439 196 tertio
1452 168 1516 203 Cyri
1530 169 1597 203 regis
1610 168 1675 195 Per-

41 212 205 244 ,βασιλέως
219 212 345 246 Περσῶν
354 214 441 248 λόγος
468 214 664 249 ἀπεκαιύςρθη
676 215 716 248 τῷ
730 216 840 250 Δανιὴλ

45 255 85 285 οὗ
100 258 136 284 τὸ
156 257 251 292 ὄνομα
273 258 444 292 Βαλτάσαρ,
471 259 520 286 καὶ
545 260 687 294 ἀληθινὸς
708 262 724 287 ὀ
738 263 839 296 λόγος,

45 305 100 332 καὶ
119 305 250 339 δύναμις
265 304 394 339 μεγάλη,
420 305 470 332 καὶ
501 307 627 339 σύνεσις
647 306 735 340 ἐδόθη
762 307 841 340 αὐτῷ

42 352 82 378 ἐν
96 350 137 386 τῇ
166 352 306 385 ὀπτασίᾳ·
335 352 369 378 ὲν
389 352 453 384 ταῖς
481 351 603 386 ἡμέραις
631 353 760 386 ἐκείναις
785 353 842 388 ἐγὼ

43 398 167 432 Δανιὴλ
189 397 269 432 ἤμην
289 398 406 425 πενθῶν
427 398 503 432 τρεῖς
530 398 694 433 ἑϐδομάδας
714 399 841 434 ἡμερῶν,

43 444 144 478 ἄρτον
170 443 333 479 ἐπιθυμιῶν
352 446 408 471 οὐκ
435 444 558 479 ἔφαγον,
591 445 640 472 καὶ
666 444 766 479 κρέας,
792 446 840 472 καὶ

43 488 134 523 οἶνος
167 492 224 517 οὺχ
257 489 399 524 εἰσῆλθεν
431 491 475 523 εὶς
500 491 533 517 τὸ
565 491 662 526 στόμα
687 500 756 526 μου,
792 492 840 518 καί

43 536 184 571 ἄλειμμα
205 537 261 564 οὐκ
282 537 454 571 ὴλειψάμην
477 536 532 569 ἕως
551 536 734 571 πληρώσεως
755 537 842 572 τριῶν

42 581 239 616 ἑϐδομάδων·
259 583 294 609 ὲν
323 581 416 616 ἡμέρᾳ
444 582 568 617 τετάρτῃ
595 583 647 610 τοῦ
668 583 764 618 μηνὸς
787 583 841 610 τοῦ

42 627 172 662 πρώτου
188 629 474 662 ὲταπεινοφρόνησα,
487 630 579 663 φησὶν,
597 630 692 656 εἴκοσι
714 630 762 657 καὶ
768 631 842 665 μίαν

42 673 188 709 ἡμέραν·
216 674 360 709 εὐχόμενος
382 674 422 710 τῷ
450 674 509 710 Θεῷ
528 675 567 710 τῷ
590 675 689 708 ζῶντι,
717 675 841 702 ἀπαιτῶν

43 718 221 755 παράὑτοῦ
237 719 406 754 ἀποκάλυψιν
426 721 585 757 μυστηρίουν
607 721 653 748 καὶ
668 721 700 757 δὴ
721 721 841 754 ἀκούσας

42 764 147 800 Πατὴρ
161 764 305 791 ἀπέστειλε
319 765 408 797 Λόγον
425 766 491 793 ῐδιον
509 766 714 802 ἐνδεικνύμενος
735 767 765 794 τὸ
778 767 842 802 μέλ-

42 809 92 836 λον
109 811 249 846 ἀποϐῆναι
275 811 307 838 δι’
321 811 412 838 αὑτοῦ·
433 811 481 838 καὶ
502 811 535 848 δὴ
559 812 666 847 ἐγένετο
694 813 770 849 παρὰ
794 813 840 840 τὸν

43 857 176 892 ποταμὸν
213 857 258 884 τὸν
291 857 394 892 μέγαν·
429 857 483 884 ἔδει
514 859 568 894 γὰρ
592 860 651 885 ἐκεῖ
679 859 724 885 τὸν
756 860 840 886 Παῐδα

42 904 218 936 δείκνυσθαι,
237 905 302 931 ὅπου
318 904 364 931 καὶ
377 905 511 940 ἁμαρτίας
523 906 631 940 ἀφιέναι
644 906 752 941 ἤμελλε,

81 949 183 976 XXIV.
211 949 266 977 Καὶ
279 947 346 985 ἦρα,
378 951 455 984 φησὶ,
483 951 555 984 τοὺς
584 952 755 986 ὀφθαλμούς
769 961 838 987 μου·

44 996 96 1023 καὶ
128 995 195 1022 ιδοὺ
224 995 300 1030 ἀνὴρ
321 996 518 1031 ἐνδεδυμένος
538 997 658 1029 ,βαδδίν-
688 998 717 1024 ὲν
744 999 791 1033 μὲν
805 1000 837 1034 τῇ

45 1040 149 1077 πρώτῃ
177 1042 293 1077 ὀπτασίᾳ
322 1042 420 1077 φησὶν,
455 1042 527 1069 Ἰδοὺ
560 1042 686 1077 ἄγγελος
707 1043 838 1078 Γαϐριὴλ

44 1085 291 1120 ἁπεσταῖμένος·
308 1086 425 1113 ἐνταῦθα
449 1087 476 1114 δὲ
504 1088 552 1123 οὐχ
577 1087 673 1120 οὕτως,
698 1088 766 1115 ἀλλὰ
793 1089 838 1115 τὸν

47 1132 154 1168 Κύριον
173 1133 233 1168 ὁρᾷ,
248 1132 325 1159 οΰπω
354 1134 402 1168 μὲν
423 1133 533 1165 τελείως
551 1133 709 1170 ἄνθρωπον,
727 1135 755 1160 ὲν
773 1134 838 1170 σχή-

47 1187 117 1214 ματι
150 1178 180 1204 δὲ
205 1178 347 1213 ἀνθρώπου
375 1179 551 1214 φαινόμενον,
578 1180 669 1212 καθὼς
682 1180 767 1214 λέγει,
789 1179 840 1206 καί

44 1224 114 1250 ἰδοὺ
132 1224 213 1258 ἀνὴρ
236 1224 434 1259 ἐνδεδυμένος
452 1225 574 1258 βαδὸιν·
594 1226 625 1252 τὸ
638 1226 693 1261 γὰρ
717 1226 837 1252 ποικίλον

43 1270 97 1304 τῆς
115 1270 240 1305 κλήσεως
259 1270 313 1296 τῶν
338 1271 515 1306 χαρισμάτων
531 1271 703 1307 ἐνδεδυμένος
717 1271 837 1298 ποικίλον

43 1316 156 1350 χιτῶνα
178 1316 334 1351 μυστηρίων
350 1319 359 1328 '
374 1316 554 1344 ἐπεδείκνυεν·
582 1318 623 1344 ὃτι
647 1318 678 1344 ὲκ
705 1317 838 1354 διαφόρων

43 1362 205 1398 χρωμάτων
221 1360 255 1398 ἦν
270 1363 485 1399 κατηρτισμένος
497 1365 511 1390 ὁ
527 1364 662 1399 ίερατικδς
677 1364 768 1399 χιτὼν,
783 1364 838 1390 τῶν

44 1408 182 1435 ποικίλων
195 1408 280 1435 ἐθνῶν
296 1408 445 1444 παρουσίαν
467 1409 584 1444 Χριστοῦ
603 1410 836 1445 προσδεχομένων,

892 222 981 241 sarum
997 214 1100 241 verbum
1113 213 1252 240 revelatum
1266 219 1304 240 est
1318 212 1420 240 Danicli
1434 218 1601 247 cognomento
1612 212 1677 239 Bal-

893 266 976 293 tasar,
993 264 1017 287 et
1035 259 1139 286 uerbum
1167 267 1268 291 verum,
1286 264 1310 286 et
1327 258 1455 293 fortitudo
1469 267 1575 293 magna,
1588 264 1612 285 et
1632 260 1675 300 in-

893 305 1039 341 telligentia
1067 305 1131 331 dum
1147 310 1185 331 est
1214 305 1264 340 ipsi
1283 305 1311 331 in
1329 305 1437 332 uisione.
1464 303 1496 330 In
1516 305 1606 332 diebus
1620 305 1675 331 illis

891 360 936 387 ego
953 351 1045 378 Daniel
1057 351 1175 387 lugebam
1191 356 1241 378 tres
1259 351 1435 378 hebdomadas
1448 351 1562 383 dierum,
1581 360 1675 386 panem

891 397 1080 423 desideriorum
1094 405 1145 423 non
1163 396 1273 429 comedi,
1297 402 1321 423 et
1339 404 1400 423 caro
1420 401 1443 423 et
1461 397 1549 423 vinum
1565 405 1616 423 non
1631 398 1674 423 iu-

893 443 1017 470 troicrunt
1039 443 1066 470 ἱιι
1082 452 1110 470 οδ
1135 451 1231 475 meum,
1257 451 1336 478 neque
1347 448 1476 478 unguento
1496 448 1589 470 unctus
1604 452 1672 476 sum,

892 489 971 516 donec
986 489 1178 524 complerentur
1203 494 1254 516 tres
1273 489 1456 518 hebdomadas.
1471 489 1504 516 In
1526 490 1567 516 die
1580 497 1674 525 quarta

892 535 987 562 mensis
1005 536 1083 570 primi
1100 535 1255 562 humiliatus
1274 544 1341 569 swn,
1359 535 1457 570 inquit,
1479 536 1572 571 viginti
1583 541 1606 563 et
1622 544 1673 562 uno

891 581 944 613 die,
961 582 1110 610 obsecrans
1126 581 1211 609 Deum
1226 582 1372 615 viventem,
1385 586 1412 609 ct
1429 585 1523 617 petens
1540 582 1573 609 ab
1587 590 1619 609 eo
1632 590 1673 608 re-

892 619 1054 654 velationem
1079 627 1211 662 mysterii.
1234 626 1267 654 Et
1288 627 1409 662 profecto
1431 635 1492 654 cum
1519 627 1675 655 exaudisset

891 669 981 704 Pater,
1008 671 1084 699 misit
1113 671 1232 699 Verbum
1257 679 1348 705 suum,
1375 672 1520 700 ostendens
1546 672 1610 707 quid
1626 681 1673 707 per

892 718 982 753 ipsum
1009 719 1170 745 eventurum
1200 721 1282 750 esset,
1303 717 1384 752 idque
1411 716 1512 744 factum
1527 722 1568 745 est
1589 725 1673 752 prope

891 763 991 790 ﬂumen
1021 770 1167 798 magnum;
1205 763 1347 798 oportebat
1372 763 1443 790 enim
1486 763 1522 791 ibi
1555 763 1673 791 Puerum

891 808 1008 841 ostendi,
1024 808 1070 836 ubi
1081 808 1162 835 etiam
1180 813 1293 843 peccata
1309 809 1471 837 dimissurus
1483 813 1551 836 erat.

928 901 1024 929 XXIV.
1043 901 1077 928 Et
1106 901 1197 933 levavi,
1222 901 1320 936 inquit,
1348 901 1436 929 oculos
1460 908 1547 932 meos;
1577 905 1601 927 et
1617 908 1674 927 ecce

891 949 931 976 vir
947 949 1052 975 uestitus
1080 948 1187 975 baddin.
1214 948 1242 975 In
1257 948 1344 983 prima
1368 948 1475 982 quidem
1502 947 1606 975 visione
1632 947 1674 973 in-

891 995 962 1030 quit:
974 994 1041 1021 Ecce
1052 994 1158 1029 angelus
1175 993 1280 1020 Gabriel
1294 993 1406 1025 missus;
1419 992 1463 1020 hic
1478 999 1543 1020 vero
1555 1000 1609 1019 non
1623 992 1670 1025 ita,

891 1041 937 1069 sed
965 1040 1109 1067 Dominum
1132 1039 1215 1073 videt,
1238 1047 1292 1066 non
1316 1039 1424 1074 quidem
1450 1038 1568 1074 perfecte
1584 1038 1671 1065 homi—

892 1094 965 1119 nem,
981 1086 1028 1114 sed
1046 1086 1072 1113 in
1091 1086 1185 1113 habitu
1198 1085 1317 1112 hominis
1328 1089 1511 1119 apparentem,
1528 1085 1599 1112 sicut
1613 1084 1670 1111 ait:

892 1132 926 1159 Et
945 1140 1003 1159 ecce
1026 1133 1066 1159 vir
1090 1132 1197 1159 vestitus
1218 1131 1333 1163 buddin;
1347 1139 1409 1158 nam
1431 1131 1589 1158 varietatem
1605 1131 1670 1158 cha-

890 1179 1032 1206 rismatum
1055 1177 1207 1205 vocationis
1227 1177 1341 1212 mystice
1364 1177 1543 1212 signiﬁcabat,
1561 1177 1671 1205 indutus

891 1226 983 1253 tunica
997 1224 1145 1260 variegata.
1168 1223 1233 1252 Erat
1250 1223 1323 1251 enim
1352 1224 1527 1251 sacerdotalis
1541 1223 1623 1251 vestis
1638 1231 1671 1250 ex

889 1269 1004 1299 diversis
1019 1271 1157 1298 coloribus
1171 1270 1343 1302 concinnata,
1369 1277 1431 1297 cum
1451 1268 1565 1296 diversae
1579 1274 1670 1304 gentes

888 1317 1034 1350 adventum
1049 1316 1151 1344 Christi
1166 1318 1363 1349 exspectarent,
1377 1319 1407 1342 ut
1421 1322 1453 1342 ex
1463 1314 1555 1342 multis
1571 1315 1671 1342 colori-

888 1363 940 1391 bus
955 1362 1082 1398 eomponi
1097 1369 1248 1397 possemus.
1264 1360 1298 1387 Et
1316 1368 1388 1388 renes
1404 1360 1460 1395 ejus
1477 1360 1589 1387 accincti
1605 1368 1669 1387 auro

889 1408 982 1444 ophaz.

44 1457 91 1482 ἵνα
110 1456 220 1488 πολλοῖς
236 1455 361 1491 χρώμασι
375 1457 585 1492 καταρτισϐἧναι
599 1457 764 1493 δυνηθῶμεν.
788 1456 842 1484 Kal
859 1457 878 1491 ἡ
891 1455 989 1491 ὀσφὺς
1000 1454 1092 1483 αὐτοῦ
1104 1453 1318 1489 περιεζωσμένη
1330 1453 1365 1480 ἐν
1378 1455 1493 1487 χρυσίῳ
1502 1451 1598 1488 ὼφάζὶ¹

81 1515 171 1543 XXV.
202 1516 238 1542 Τδ
259 1517 288 1543 δὲ
313 1515 397 1551 ὼφὰζ
416 1517 527 1552 χρυσίον
557 1517 676 1553 καθαρὸν
699 1518 812 1553 σημαίνε

924 1516 1006 1545 XXV.
1028 1516 1120 1551 Ophaz
1141 1523 1206 1543 vero
1233 1522 1267 1543 ex
1293 1513 1406 1542 Ποιητιῑο
1424 1514 1451 1540 in
1468 1514 1591 1541 Graecum
1608 1522 1669 1541 ver-

45 1561 130 1588 τοῦτο
151 1562 186 1588 ἐκ
209 1562 257 1596 τῆς
285 1561 423 1598 Ἐϐραῖδος
445 1563 484 1595 εἰς
504 1563 552 1598 τὴν
563 1563 700 1599 Ἑλληνίδα
727 1571 837 1599 μετατι-

44 1608 174 1643 θέμενον·
199 1607 323 1643 καθαράν
345 1609 370 1642 γ’
393 1607 439 1634 οὖν
464 1609 681 1644 περιεζωσμένος
695 1609 758 1644 περὶ
787 1609 838 1644 τὴν

43 1654 133 1688 ὀσφὺν
147 1653 246 1688 ζώνην·
275 1653 378 1686 πάντας
405 1654 460 1690 γὰρ
484 1656 557 1690 ἡμᾶς
581 1655 696 1690 ἦμελλεν
710 1656 725 1682 ὁ
740 1655 835 1689 Λόγος,

45 1700 114 1735 περὶ
140 1699 173 1725 τὸ
199 1699 297 1725 ἑαυτοῦ
327 1699 406 1734 σῶμα
434 1701 466 1735 τῇ
493 1700 545 1735 ίδίᾳ
569 1700 663 1736 ἀγάπῃ
687 1700 724 1732 ὡς
749 1699 837 1734 ζώνην

46 1746 169 1780 σφίγξας
192 1745 351 1780 βαστάζειν”
369 1746 398 1772 τὸ
424 1745 503 1780 σῶμα
525 1745 555 1771 τὸ
568 1745 667 1772 τέλειον
690 1745 772 1772 αὐτοῦ
791 1743 835 1781 ἦν,

44 1792 132 1826 ἡμεῖς
148 1790 178 1816 δὲ
197 1790 266 1825 μέλη
281 1791 311 1816 ὲν
336 1790 374 1826 τῷ
400 1790 505 1826 σώματι
530 1790 611 1817 αὐτοῦ
625 1791 770 1827 ἡνωμένοι,
791 1792 837 1818 καὶ

45 1837 94 1861 ὑπ’
119 1835 203 1862 αὑτοῦ
228 1835 274 1862 τοῦ
303 1836 390 1870 Λόγου
406 1835 612 1871 βασταζόμενοι.
625 1836 681 1863 Kal
698 1836 731 1863 τὸ
752 1836 837 1871 σῶμα

43 1881 143 1908 αὐτοῦ
158 1882 200 1914 ὡς
215 1881 347 1915 Θαρσεῖς·
371 1881 486 1918 Θαρσεῖς
507 1882 535 1908 δὲ
549 1882 729 1917 ἑρμηνεύεται
747 1882 836 1910 Αἰθίο-

43 1937 96 1959 πες
113 1927 183 1963 (68)·
205 1927 234 1954 τὸ
247 1927 299 1963 γὰρ
310 1927 524 1962 δυσεπίγνωστον
538 1928 620 1955 αὑτοῦ
635 1928 686 1964 ήδη
696 1930 710 1956 ὁ
729 1929 835 1965 προφή-

42 1982 95 2010 της
115 1974 359 2008 προκατήγγειλεν,
370 1974 407 2005 ὼς
422 1974 548 2009 μελλήσει
563 1974 693 2009 ἔνσαρκος
702 1976 731 2002 ὲν
743 1975 836 2011 κόσμῳ

43 2021 152 2056 φανεὶς,
167 2021 383 2055 δυσεπίγνωστος
390 2021 498 2048 ἔσεσθαι
512 2021 629 2053 πολλοῖς.
637 2022 692 2049 Καὶ
700 2023 734 2049 τὸ
742 2023 835 2056 πρόσ-

42 2072 129 2092 ωπον
152 2065 246 2092 αὐτοῦ
268 2066 309 2098 ὡς
331 2065 481 2100 ἀστραπὴ,
498 2067 546 2093 καὶ
566 2068 592 2093 οἱ
609 2067 755 2102 ὀφθαλμοὶ
783 2068 836 2094 αὑ-

43 2110 99 2136 τοῦ
115 2110 157 2143 ὠς
173 2110 329 2144 λαμπάδες
353 2111 456 2144 πυρός’
473 2110 526 2137 ἔδει
548 2111 604 2147 γὰρ
628 2111 659 2138 τὸ
686 2111 833 2146 πυρῶδες,

43 2155 92 2182 καὶ
104 2155 230 2190 κριτικὸν
237 2155 283 2182 τοῦ
292 2155 378 2190 Λόγου
392 2156 635 2192 προσημαίνεσθαν
648 2157 691 2184 ἵνα
701 2159 756 2190 τοῖς
769 2159 833 2185 ἀσε-

887 1571 961 1596 sum,
977 1570 1073 1590 aurum
1090 1569 1187 1597 purum
1204 1560 1348 1596 signiﬁcat.
1377 1560 1449 1588 Puro
1464 1560 1544 1595 igitur
1559 1560 1668 1596 cingulo

887 1609 959 1636 circa
970 1615 1050 1636 renes
1063 1608 1200 1636 accinctus
1211 1611 1287 1640 erat;
1301 1615 1364 1634 nam
1375 1614 1470 1634 omnes
1484 1613 1536 1633 nos
1549 1605 1664 1633 Verbum

887 1656 958 1683 circa
971 1662 1071 1690 corpus
1093 1662 1174 1682 suum
1197 1654 1332 1688 stringens
1361 1657 1490 1688 tanquam
1516 1652 1664 1688 cingulum,

886 1702 994 1737 propria
1022 1701 1156 1728 eharitate
1181 1704 1352 1735 perlaturum
1383 1704 1451 1726 erat.
1477 1698 1582 1734 Corpus
1608 1699 1667 1732 ejus

886 1747 1034 1782 perfectum
1047 1752 1117 1778 erat,
1131 1753 1181 1774 nos
1203 1753 1269 1773 vero
1289 1745 1411 1772 membra
1429 1745 1455 1772 iu
1471 1752 1583 1779 corpore
1607 1744 1666 1779 ejus

886 1794 967 1827 uniti,
980 1799 1007 1821 et
1021 1793 1055 1821 ab
1082 1793 1141 1828 ipso
1164 1792 1254 1820 Verbo
1278 1792 1388 1828 portati.
1410 1791 1445 1817 Et
1470 1800 1563 1827 corpus
1591 1793 1666 1828 quasi

887 1840 1017 1867 Tharsis:
1042 1839 1154 1867 Tharsis
1178 1847 1243 1867 vero
1254 1839 1456 1874 interpretando
1477 1843 1541 1867 sunt
1562 1839 1667 1866 Ethio-

885 1893 952 1921 pes;
981 1886 1040 1920 ejus
1056 1892 1174 1920 namque
1199 1885 1380 1920 cognoscendi
1405 1885 1587 1913 difﬁcultatem
1607 1885 1663 1919 jam

886 1931 1016 1967 propheta
1039 1930 1278 1966 prmnuntiaverat,
1298 1930 1450 1965 (nimirum)
1474 1930 1545 1965 quod
1569 1929 1666 1956 huma-

885 1978 971 2004 nitate
987 1980 1126 2011 assumpta
1141 1975 1169 2002 in
1182 1975 1284 2003 mundo
1298 1983 1441 2010 apparens,
1462 1975 1554 2003 multis
1572 1975 1663 2008 aguitu

885 2022 1001 2050 ditlicilis
1012 2026 1083 2050 esset
1097 2021 1218 2049 futurus.
1241 2021 1276 2048 Et
1301 2022 1380 2057 facies
1409 2022 1492 2057 ipsius
1517 2022 1596 2049 veluti
1611 2021 1664 2056 ful-

885 2074 944 2101 gur,
958 2071 982 2093 et
998 2066 1067 2093 oculi
1092 2066 1176 2101 ipsius
1204 2070 1233 2093 ut
1257 2066 1393 2101 lampades
1417 2068 1495 2102 ignis.
1519 2066 1664 2102 Oportebat

885 2112 968 2145 enim,
985 2116 1014 2140 ut
1025 2112 1280 2147 praesigniﬁcaretur
1298 2117 1420 2147 potestas
1440 2113 1664 2147 Verbijudieialis

886 2163 912 2186 et
925 2165 1054 2191 exurens,
1067 2166 1119 2193 qua
1138 2158 1290 2194 (nimirum)
1307 2159 1398 2194 impiis
1417 2159 1505 2194 ignem
1528 2160 1599 2195 justo
1610 2159 1662 2186 im-

44 2201 106 2227 6ἐσι
122 2201 237 2233 δικαίως
252 2201 282 2228 τὸ
294 2201 349 2237 πῦρ
361 2202 520 2237 ἐπενέγκας,
541 2202 651 2235 τούτους
667 2204 812 2240 καταφλέξῃ

923 2210 993 2234 ttens
1006 2206 1147 2234 comburet
1160 2214 1216 2234 eos.

77 2245 180 2275 XXVI.
195 2247 353 2282 Προσέθηκε
367 2247 395 2273 δὲ
420 2242 532 2281 λέγων.’
546 2248 601 2275 Kal
619 2250 646 2276 οὶ
669 2249 832 2284 βραχίονες

41 2293 151 2325 αὑτοῦ,
167 2293 217 2320 καί
235 2295 262 2320 οὶ
277 2293 367 2327 πόδες
383 2295 475 2329 ὅμοιοι
492 2295 594 2329 χαλκῷ
609 2295 775 2322 στιλϐῶντι-
787 2296 830 2322 ἵνα

42 2339 91 2375 τὴν
106 2339 221 2375 πρώτην
236 2340 290 2366 τῶν
306 2339 455 2377 ἀνθρώπων
484 2340 588 2376 κλῆσιν,
611 2342 659 2368 καὶ¹
681 2341 731 2377 τὴν
746 2342 832 2369 δευτέ-

43 2394 94 2421 ραν
111 2385 162 2421 τὴν
178 2385 208 2418 ἐξ
223 2385 306 2412 ἐθνῶν
317 2386 412 2421 ὁμοίαν
430 2388 537 2422 σημανῇ
548 2395 555 2401 ·
572 2388 713 2415 Ἔσονται
727 2388 781 2423 γὰρ
795 2388 842 2415 τὰν

40 2432 162 2466 ἔσχατα
192 2431 234 2464 ὡς
260 2431 295 2458 τὰ
310 2432 418 2466 πρῶτα·
447 2431 529 2466 θήσω
552 2432 607 2467 γὰρ
630 2433 700 2467 τοὺς
722 2433 829 2468 ἄρχον-

40 2477 97 2510 τάς
109 2484 170 2504 σου
187 2477 229 2510 ὡς
242 2476 276 2503 τὸ
293 2478 343 2504 ἀπ’
361 2477 468 2512 ἀρχῆς,
492 2478 542 2505 καὶ
559 2478 629 2512 τοὺς
642 2479 829 2514 ἡγουμένους

40 2530 101 2550 σου
118 2522 159 2556 ὡς
174 2522 208 2549 τὸ
240 2523 394 2557 πρότερον.
425 2523 479 2550 Kal
501 2523 520 2557 ἡ
544 2523 628 2558 φωνὴ
657 2525 764 2558 αὐτοῦ,
790 2525 830 2558 ὠς

40 2569 127 2604 φωνὴ
150 2569 244 2604 ὄχλου
264 2569 391 2597 πολλοῦ.
412 2570 514 2603 Πάντες
538 2570 592 2607 γὰρ
614 2571 732 2608 σήμερον
752 2574 775 2600 οἱ
790 2574 831 2605 είς

41 2616 124 2643 αὐτὸν
153 2616 337 2648 πιστεύοντες,
363 2615 398 2643 τὰ
416 2615 494 2651 λόγια
520 2616 703 2653 φθεγγόμεθα,
730 2618 767 2651 ὼς
786 2618 831 2645 διὰ

916 2249 1010 2278 XXVI.
1028 2251 1133 2286 Adiecit
1145 2258 1220 2284 vero,
1236 2251 1364 2287 inquiens
1377 2261 1384 2279 :
1399 2251 1434 2279 Et
1447 2251 1555 2278 brachia
1567 2252 1661 2286 ipsius,

881 2299 906 2322 et
920 2296 997 2331 pedes
1008 2297 1107 2324 similes
1122 2297 1170 2324 ceri
1182 2297 1323 2328 candenti;
1346 2301 1376 2324 ut
1388 2297 1504 2332 primam
1520 2298 1662 2325 hominum

881 2342 1063 2374 vocationem,
1078 2346 1105 2369 et
1118 2343 1230 2370 alteram
1257 2351 1289 2370 ex
1308 2344 1434 2378 gentibus
1449 2344 1566 2372 similem
1578 2344 1662 2379 signi~

881 2388 973 2416 ﬁcaret
986 2395 993 2415 :
1008 2388 1093 2415 Erunt
1112 2389 1180 2416 enim
1201 2389 1343 2416 novissima
1355 2389 1423 2416 sicut
1440 2389 1530 2425 priora
1543 2397 1552 2417 :
1565 2397 1661 2425 ponam

879 2435 948 2462 enim
962 2435 1089 2470 principes
1103 2439 1159 2462 tuos
1174 2435 1242 2462 sicut
1256 2434 1288 2461 ab
1302 2435 1390 2467 initio,
1405 2440 1429 2463 et
1445 2435 1523 2463 duces
1539 2441 1595 2464 tuos
1607 2436 1661 2463 sic--

878 2485 907 2508 ut
917 2481 990 2516 prius
998 2480 1102 2508 ".-—Et
1110 2489 1159 2508 vos:
1166 2480 1249 2515 ipsius
1264 2485 1292 2508 ut
1305 2489 1354 2508 νοτ
1366 2481 1449 2509 turbw
1457 2482 1547 2509 multa:
1554 2482 1586 2508 ⁷⁸.
1597 2480 1661 2509 0m-

879 2535 928 2555 nes
938 2527 1010 2555 enim
1024 2534 1074 2555 nos
1087 2526 1227 2554 hodiernis
1251 2527 1357 2561 diebus,
1382 2528 1428 2563 qui
1443 2528 1470 2556 in
1490 2529 1579 2564 ipsum
1598 2535 1658 2555 cre-

880 2573 980 2606 dimus,
1007 2573 1117 2601 oracula
1142 2573 1290 2608 loquimur,
1311 2577 1440 2608 tanquam
1465 2581 1511 2609 per
1525 2582 1556 2602 os
1573 2573 1661 2609 ipsius

880 2618 1032 2654 loquentes,
1050 2627 1111 2654 quae
1125 2619 1160 2647 ab
1175 2619 1235 2655 ipso
1249 2619 1376 2648 mandata
1389 2624 1462 2648 sunt.

40 2661 175 2696 στόματος
189 2661 275 2689 αὐτοῦ
288 2661 433 2695 λαλοῦντες
446 2663 480 2690 τὰ
493 2663 538 2690 ὑπ’
554 2664 636 2691 αὑτοῦ
651 2664 882 2700 προστεταγμένα.

81 2731 104 2746 ⁹⁷
116 2730 169 2758 Isa.
189 2739 210 2764 ι,
225 2731 270 2758 27.
310 2731 334 2748 ⁸⁸
352 2731 395 2759 Cf.
412 2733 494 2767 Apoc.
510 2741 566 2767 xu,
583 2732 609 2760 6.

78 2798 132 2840 (es,
147 2798 335 2840 V'erisirnilius
352 2799 437 2840 multo
451 2799 610 2840 Hippolyt_us
625 2810 723 2840 nomen
737 2802 827 2840 rT/iar-

40 2842 79 2860 «ιιι
93 2835 300 2870 interpretatur,
312 2841 394 2869 quam
408 2835 493 2871 hiqui
516 2835 647 2864 in'Tarso
666 2837 779 2872 Cilicire,
801 2844 828 2867 ct

649 2735 659 2746 ’
669 2734 880 2771 Μυστηριωδῶς,
896 2735 949 2767 vel,
966 2735 1114 2771 μυστικῶς,

880 2802 1326 2842 alibi_qu:erunt:_Qrigcnesjdem
1350 2804 1393 2842 ait
1403 2805 1432 2842 in
1458 2805 1564 2841 Lexico,
1585 2808 1657 2842 quod

881 2839 1052 2868 Martianaaus
1063 2839 1148 2867 edidit
1163 2846 1196 2866 ex
1210 2838 1269 2867 cod.
1284 2839 1350 2876 Reg.
1363 2840 1443 2868 2282.
