1860 3051
193 119 246 146 659

644 116 672 144 S.
691 115 872 144 IIIPPOLYTI
892 115 966 144 OPP.
986 115 1076 143 PARS
1095 116 1112 143 l.
1136 131 1170 136 -—
1186 115 1389 144 EXEGETICA.

1755 113 1803 141 660

231 177 335 205 XXVII.
352 177 385 204 Et
401 181 460 212 post
477 183 571 212 pauca,
584 176 650 204 dicit
669 177 702 203 ad
722 177 827 211 ipsum:
850 176 975 212 Nunquid
991 179 1014 207 Α

1064 175 1171 204 XXVII.
1195 177 1248 203 Καὶ
1266 177 1333 212 μετὰ
1351 177 1454 212 βραχέα
1479 178 1545 212 φησὶ
1565 176 1632 212 πρὸς
1656 175 1747 203 αὐτά-ι’
1773 177 1804 202 Ei

193 224 245 250 scis
270 231 350 258 quare
362 222 472 249 uenerim
485 222 519 249 ad
533 223 579 249 te?
595 227 620 249 et
636 230 704 249 nunc
717 227 842 254 revertar,
856 227 884 249 ut
905 230 974 257 prte-

192 268 242 295 lier
255 268 376 295 adversus
387 268 530 302 principem
549 267 713 294 Persarum:
735 273 911 295 verumtamen
925 276 973 295 an-

192 315 330 346 nuntiabo,
353 314 422 349 quod
451 322 602 349 expressum
627 319 665 341 est
684 314 712 341 in
731 314 869 347 Scriptura
882 315 974 341 verita-

192 361 244 391 tis;
267 365 291 387 et
303 368 376 386 nemo
386 365 424 387 est
438 361 545 395 adjutor
558 362 585 388 in
598 361 650 394 his,
663 362 715 388 nisi
726 361 841 388 Michael
852 362 972 396 princeps

191 411 283 438 vester,
295 410 319 433 et
337 406 405 433 hunc
422 406 515 442 reliqui
534 407 581 434 ibi.
608 407 650 434 Ea;
670 415 720 442 quo
735 407 804 434 enim
823 407 865 434 die
877 407 972 433 dedisti

191 451 285 485 facient
300 456 383 482 tuam.
408 457 436 479 ut
459 457 484 479 te
504 453 627 488 aﬂligeres
650 453 677 479 in
699 459 838 488 conspectu
865 453 972 479 Domini

193 496 240 523 Dei
252 497 300 529 tui,
322 498 449 524 exaudita
472 502 509 525 est
526 499 675 532 deprecatio
687 503 743 530 tua,
764 503 789 526 et
806 499 901 525 missus
913 507 971 525 sum

188 549 245 576 ego,
259 547 286 568 ut
297 542 402 576 prwlier
413 543 536 569 adversus
555 543 698 577 principem
717 542 860 569 Persarum
874 543 971 578 (quod-

188 588 250 614 dam
266 588 338 615 enim
353 589 498 616 consilium
522 589 621 622 fuerat,
640 598 672 616 ne
688 590 869 617 dimitteretur
884 598 971 624 popu-

190 633 258 666 Ius);
274 639 302 659 ut
321 633 403 669 igitur
417 635 508 668 petitio
521 642 567 661 tua
577 635 696 662 celeriter
715 636 797 670 ﬁeret,
811 637 898 663 restiti
920 636 970 671 ipsi

186 687 244 714 ego,
265 685 289 706 et
311 680 404 715 reliqui
417 681 453 707 ibi
472 680 595 707 Michael.

222 769 338 796 XXVIII.
355 769 387 797 Et
403 770 465 805 quis
480 777 548 804 erat,
571 772 617 807 qui
631 772 804 806 loquebatur,
818 773 870 800 nisi
886 780 968 808 ange-

188 814 239 846 lus,
257 815 335 849 cujus
346 823 418 842 curre
432 816 548 850 populus
570 817 752 845 demandatus
767 823 835 852 erat,
851 819 921 846 sicut
932 820 968 846 ait

186 861 214 887 in
227 860 286 895 lege
302 860 388 897 Moysi
406 871 413 889 :
441 861 501 889 Non
522 864 661 898 procedam
686 864 827 896 vobiscum,
845 865 908 899 quia
921 873 968 899 ρο·
983 853 1004 881 Β

186 906 262 939 palus
283 906 357 934 dura:
371 908 477 935 ceruicis
489 913 546 940 est;
568 909 613 936 sed
629 909 736 944 angelus
756 917 828 936 meus
838 911 966 944 prwcedet

185 952 318 980 uobiscum
346 953 379 981 ’⁸.
414 953 463 982 llic
492 955 591 983 restitit
624 955 652 982 in
682 956 834 983 diversorio
862 956 964 992 Moysi,

185 1000 294 1034 quando
322 999 426 1028 ferebat
448 1009 564 1035 puerum
598 1002 818 1030 incircumcisum
834 1003 862 1029 in
887 1002 966 1038 Egy-

185 1051 283 1082 ptum:
305 1055 391 1082 neque
419 1048 491 1074 enim
515 1047 555 1075 fas
580 1053 639 1076 erat
665 1054 695 1076 ut
717 1049 834 1084 Moyses,
848 1050 894 1084 qui
908 1053 966 1077 erat

186 1094 287 1129 legatus
306 1098 333 1120 et
358 1093 490 1120 mediator
516 1093 593 1129 legis,
612 1094 713 1129 quique
746 1099 853 1129 patrum
875 1094 965 1123 I’cedus

185 1139 374 1173 annuntiabat,
397 1140 542 1167 adduceret
567 1148 679 1175 puerum
707 1142 908 1176 praeputiatum,
932 1151 965 1170 ne

183 1185 309 1220 apopulo
337 1184 483 1211 haberetur
503 1192 551 1219 pro
578 1185 810 1221 pseudopropheta
837 1191 864 1214 et
885 1187 965 1214 sedu-

184 1236 267 1258 ctore.
289 1230 324 1257 Et
339 1238 416 1262 nunc,
435 1230 532 1265 inquit,
559 1231 695 1258 veritatem
717 1233 880 1259 annuntiabo
901 1233 958 1261 tibi.

184 1277 291 1305 Poterat
311 1277 415 1305 Veritas
426 1277 498 1305 aliud
513 1277 641 1313 quiddam
656 1282 753 1313 praeter
763 1279 903 1306 veritatem
915 1287 964 1306 an-

182 1324 327 1350 nuntiare?

217 1369 313 1397 XXIX.
335 1369 405 1398 Dicit
421 1371 504 1406 igitur
514 1371 547 1398 ad
563 1378 625 1398 eum
642 1380 649 1398 :
666 1369 734 1397 Ecce
753 1376 805 1398 tres
822 1379 892 1406 reges
905 1380 964 1398 sur—

181 1420 239 1450 gent
253 1417 281 1443 iu
297 1415 417 1449 Perside,
437 1421 461 1443 et
477 1422 587 1452 quartus
604 1417 735 1444 dilabitur
754 1418 845 1452 opibus
861 1418 963 1452 magnis

181 1470 258 1496 super
271 1470 369 1495 omnes,
386 1467 410 1489 et
431 1471 490 1489 cum
508 1463 648 1490 invaluerit
661 1463 761 1490 divitiis
777 1464 843 1494 suis.
857 1464 963 1490 invadet

180 1509 268 1535 omnia
281 1516 359 1543 regna
370 1507 531 1535 Graecarum.
543 1508 636 1544 Surget
648 1517 706 1535 vero
717 1517 762 1536 rex
775 1510 863 1544 fartis,
880 1515 906 1537 et
916 1511 963 1537 do-

180 1555 326 1581 minabitur
347 1558 475 1589 potestate
484 1554 584 1586 .multa,
600 1560 625 1581 et
645 1554 724 1589 faciet
744 1556 813 1589 quod
832 1556 960 1590 placuerit

179 1601 212 1631 ci,
232 1605 256 1628 et
278 1609 337 1627 cum
356 1601 455 1627 steterit
472 1608 579 1634 regnum
593 1600 660 1634 ejus,
681 1606 839 1633 conteretur,
862 1606 886 1628 et
898 1601 962 1628 divi-

179 1648 256 1673 detur
272 1647 301 1673 in
314 1651 429 1680 quatuor
443 1651 530 1672 ventos
546 1646 613 1672 caeli.
632 1645 694 1673 Haec
714 1646 822 1681 quidem
837 1647 893 1681 jam
915 1655 962 1675 sn-

180 1692 271 1726 pt-rius
287 1691 485 1724 enarravimus,
505 1699 567 1718 cum
584 1691 617 1718 de
636 1696 754 1726 quatuor
769 1692 863 1720 bestiis
879 1693 960 1720 verba

180 1737 311 1765 fecimus;
328 1737 375 1764 sed
395 1737 525 1772 quoniam
548 1736 686 1771 Scriptura
705 1745 778 1765 nunc.
792 1745 887 1765 rursus
904 1738 960 1773 (ea-

179 1782 252 1814 dem)
271 1782 398 1810 distincte
416 1783 539 1817 exponit,
555 1790 669 1810 necesse
687 1787 732 1810 est
743 1788 773 1810 ut
789 1791 840 1811 nos
851 1791 960 1819 quoque

179 1828 213 1854 de
227 1828 260 1855 iis
271 1827 368 1855 iterum
384 1835 537 1855 sermonem
552 1828 712 1860 habeamus,
730 1836 772 1856 ne
789 1827 959 1864 Seripturam

177 1875 294 1902 otiosam
310 1878 337 1901 et
353 1874 412 1901 sine
425 1874 614 1908 explanatione
627 1874 835 1908 relinquamus.-

1025 220 1109 256 οἶδας
1123 223 1152 249 τί
1170 221 1264 258 ἦλθον
1282 224 1356 256 πρὸς
1367 221 1423 254 σέ;
1436 222 1484 248 καὶ
1498 222 1556 248 νῦν
1571 220 1742 254 ἐπιστρέψω
1755 219 1804 246 τοῦ

1025 269 1194 303 πολεμῆσαι
1204 268 1278 303 μετὰ
1295 267 1440 302 ἄρχοντος
1453 267 1583 302 Περσῶνσ
1599 267 1668 294 ἀλλ’
1680 266 1700 300 ἢ
1716 266 1803 300 ἀναγ-

1024 315 1101 350 γελῶ
1125 314 1158 341 τὸ
1186 314 1387 350 γεγραμμένον
1403 314 1438 340 ἐν
1457 313 1562 348 Γραφῇ
1592 313 1745 346 ἀληθείας,
1757 313 1802 339 καὶ

1023 362 1079 388 οὐκ
1091 361 1176 387 ἔστιν
1183 360 1282 393 οὐδεὶς
1292 360 1487 394 ἀντεχόμενος
1498 359 1564 393 περὶ
1574 359 1697 390 τούτων,
1709 359 1778 385 ἀλλ’
1785 359 1801 392 ἡ

1023 407 1145 442 Μιχαὴλ
1170 407 1270 441 ἅρχων
1299 406 1396 441 ὑμῶν,
1428 406 1477 433 καὶ
1504 406 1611 433 τοῦτον
1643 405 1802 432 κατέλιπον

1022 454 1092 480 ἐκεῖ·
1119 453 1169 488 ἀφ’
1187 451 1224 488 ἧς
1240 453 1294 488 γὰρ
1324 452 1436 487 ἡμέρας
1453 452 1564 485 ἔδωκας
1586 452 1619 478 τὸ
1643 452 1802 486 πρόσωπόν

1021 507 1079 526 σου
1097 498 1266 533 κακωθῆναι
1287 499 1425 525 ἐναντίον
1439 498 1549 532 Κυρίου
1565 497 1618 524 τοῦ
1635 497 1711 524 Θεοῦ
1736 506 1800 528 σου,

1020 546 1204 579 εἰσηκούσθη
1220 545 1239 578 ἠ
1265 544 1370 578 δέησίς
1393 553 1460 576 σου,
1486 543 1534 570 καὶ
1550 544 1728 578 ἀπεστάλην
1749 544 1801 578 ἐγὼ

1019 591 1073 618 τοῦ
1093 590 1264 626 πολεμῆσαι
1289 590 1364 625 μετὰ
1388 589 1532 624 ἄρχοντος
1559 589 1699 624 Περσῶν·
1727 589 1800 625 βουλὴ

1019 639 1074 675 γάρ
1089 647 1131 671 τις
1155 638 1291 673 ἐγεγόνει,
1316 638 1352 673 μὴ
1381 637 1554 664 ἀποστέλλειν
1582 637 1629 664 τὸν
1655 638 1730 664 λαόν·
1755 639 1800 664 ἵνα

1018 684 1075 713 οὖν
1085 685 1120 712 ἐν
1135 685 1218 719 τάχει
1236 683 1268 710 τὸ
1289 683 1399 718 αἴτημά
1423 691 1480 710 σου
1507 684 1637 718 γένηται,
1653 682 1800 718 ἀντέστην

1018 732 1111 763 τούτῳ
1128 731 1194 766 ἐγὼ,
1210 730 1257 757 καὶ
1280 730 1440 756 κατέλιπον
1453 730 1517 757 ἐκεῖ
1531 730 1662 764 Hilarii.

1051 776 1170 804 XXVIII.
1184 777 1236 803 Καὶ
1250 777 1292 808 τίς
1303 774 1337 812 ἧν
1352 777 1366 802 ὁ
1379 776 1476 811 λέγων,
1489 775 1545 803 ἀλλ’
1557 776 1573 812 ἢ
1584 778 1597 803 ὁ
1615 777 1733 811 ἄγγελος
1743 777 1756 802 ὁ
1766 777 1799 811 τῷ

1018 823 1074 858 λαῷ
1085 822 1300 858 παραδεδομένος
1312 823 1365 855 ;ὼς
1378 823 1450 857 λέγει
1470 823 1498 849 ὲν
1516 822 1554 858 τῷ
1572 823 1646 858 νόμῳ
1663 823 1798 854 Matinio;

1015 871 1055 896 Οὐ
1070 869 1113 904 μὴ
1129 869 1263 904 πορευθῶ
1274 870 1337 904 μεθ’
1356 869 1438 904 ὑμῶν
1449 869 1497 896 διὰ
1507 869 1539 895 τὸ
1551 869 1603 896 τὸν
1617 869 1696 896 ,λαὸν
1709 871 1800 901 σκλη-

1014 915 1205 950 ροτρὰχηλον
1233 913 1318 942 εἶναι’
1342 916 1409 942 ἀλλ’
1429 915 1448 948 ἢ
1470 916 1486 941 ὀ
1501 915 1627 950 ἄγγελός
1649 924 1711 949 μου
1732 923 1799 948 προσ

1018 960 1192 993 πορεύσεται
1201 960 1264 994 μεθ’
1287 959 1379 994 ὑμῶν.
1396 957 1479 991 Οὗτος
1493 959 1606 996 ἀντέστη
1623 961 1652 985 ὲν
1665 959 1706 995 τῷ
1722 968 1800 986 κατα-

1017 1005 1115 1041 λύματι
1134 1006 1272 1038 Μωῡσέος,
1287 1006 1369 1040 ἡνίκα
1379 1005 1475 1041 ἔφερεν
1491 1005 1682 1041 ἀκροϐυστίαν,
1695 1005 1726 1031 τὸ
1741 1013 1799 1031 παι-

1016 1052 1084 1083 δίον,
1102 1053 1141 1084 εἰς
1163 1052 1212 1087 τὴν
1238 1052 1384 1086 Αἴγυπτον·
1415 1051 1444 1077 σὺ
1477 1051 1530 1087 γὰρ
1553 1049 1587 1086 ἦν
1606 1050 1730 1085 ἐφικτὸν,
1756 1050 1798 1076 τὸν

1017 1098 1182 1134 πρεσϐύτην,
1192 1100 1237 1126 καὶ
1244 1099 1355 1134 μεσίτην
1368 1098 1450 1133 νόμον
1456 1098 1598 1132 γενόμενον
1611 1098 1679 1124 Mur?)
1684 1096 1743 1127 σέα,
1755 1096 1798 1123 xli.

1015 1144 1147 1180 διαθήκην
1163 1145 1286 1180 πατέρων
1294 1143 1519 1179 καταγγέλλοντα,
1529 1142 1680 1177 ἐπάγεσθαι
1696 1142 1798 1168 παιδίον

1015 1190 1192 1226 ἁκρόϐυστοψ
1209 1191 1252 1217 ἴνα
1269 1190 1305 1226 μὴ
1322 1191 1360 1222 ὡς
1374 1189 1606 1226 ψευδοπροφήτης,
1630 1189 1679 1215 καὶ
1701 1188 1797 1219 πλάνος

1015 1236 1129 1271 νομισθῇ
1146 1234 1214 1263 εἶναι
1229 1236 1281 1262 ὑπὸ
1296 1236 1342 1262 τοῦ
1368 1235 1442 1261 λαοῦ.
1463 1236 1517 1262 Καὶ
1532 1235 1599 1266 νῦν,
1626 1234 1721 1269 φησιν,
1732 1233 1798 1265 ἁλή-

1012 1281 1094 1306 θειαν
1112 1278 1264 1314 ἀναγγελῶ
1286 1286 1344 1305 σοι.
1367 1277 1490 1304 Ἐδύνατο
1516 1277 1533 1311 ἡ
1554 1276 1680 1311 Ἀλήθεια
1700 1275 1792 1310 ἕτερὸν

1012 1332 1038 1351 τι
1051 1325 1125 1360 παρὰ
1141 1325 1189 1360 τὴν
1206 1324 1334 1359 ἀλήθειαν
1348 1323 1518 1357 ἁναγγεῖλαι;

1048 1371 1143 1398 XXIX.
1165 1371 1247 1406 Φησὶν
1263 1368 1308 1396 οὖν
1327 1369 1395 1405 πρὸς
1416 1369 1512 1396 αὐτόν’
1536 1368 1612 1395 Ἰδοὺ
1637 1367 1720 1401 τρεῖς
1739 1367 1794 1398 ,Βα-

1013 1417 1110 1450 σιλεῖς
1124 1416 1347 1450 ἀναστήσονται
1362 1415 1396 1442 ἐν
1409 1414 1446 1448 τῇ
1459 1413 1589 1448 Περσίδι,
1603 1413 1652 1440 καὶ
1665 1415 1682 1440 ὁ
1698 1412 1796 1446 τέταρ-

1014 1472 1065 1496 τος
1081 1463 1245 1496 πλουτήσει
1260 1462 1393 1488 πλοῦτον
1408 1461 1503 1495 μέγαν
1518 1459 1592 1493 ὑπὲρ
1608 1459 1737 1492 πάντας,
1751 1459 1795 1485 καὶ

1014 1510 1088 1545 μετὰ
1103 1509 1136 1535 τὸ
1150 1507 1296 1542 κρατῆσαι
1310 1507 1403 1534 αὐτὸν
1415 1507 1467 1534 τοῦ
1482 1507 1615 1534 πλούτου
1627 1505 1735 1535 αὑτοῦ,
1750 1505 1797 1531 ἐπ-

1016 1555 1219 1588 αναστήσεται
1233 1553 1344 1586 πάσαις
1357 1553 1420 1586 ταῖς
1432 1553 1602 1585 βασιλείαις
1616 1552 1677 1579 τῶν
1694 1550 1799 1581 Ἑλ.ιή-

1014 1609 1089 1627 νων·
1113 1601 1169 1630 καὶ,
1183 1600 1385 1632 ἀναστήσεται
1406 1597 1553 1630 ,βασιλεὺς
1577 1594 1720 1626 δυνατός,
1750 1593 1796 1620 καί

1013 1647 1162 1680 κυριεύσει
1183 1646 1302 1679 κυρείας
1316 1644 1443 1678 πολλῆς,
1458 1643 1506 1669 καὶ
1529 1641 1647 1675 ποιήσει
1670 1639 1748 1666 κατὰ
1766 1641 1796 1665 τὸ

1014 1692 1127 1727 θέλημα
1142 1691 1244 1723 αὑτοῦ,
1264 1691 1312 1718 καὶ
1325 1691 1364 1723 ὼς
1377 1690 1415 1717 ἂν
1428 1689 1486 1723 στῇ
1501 1689 1520 1722 ἡ
1532 1687 1677 1720 βασιλεία
1692 1685 1796 1715 αὑτοῦ,

1013 1737 1252 1772 συντριϐήσεται,
1277 1737 1327 1763 καὶ
1347 1735 1562 1770 διαιρεθήσεται
1579 1734 1622 1765 εἰς
1640 1732 1716 1764 τοὺς
1734 1730 1798 1757 τέσ-

1014 1793 1108 1818 σαρας
1122 1783 1251 1817 ἀνέμους
1266 1782 1317 1809 τοῦ
1331 1781 1470 1816 οὐρανοῦ.
1488 1780 1579 1806 Ταῦτα
1596 1779 1645 1814 μὲν
1660 1777 1713 1813 ἤδη
1729 1778 1792 1803 ἀνω-

1012 1830 1083 1864 τέρω
1094 1828 1291 1865 διηγησάμεθα,
1307 1828 1389 1864 ἡνίκα
1403 1828 1466 1862 περὶ
1475 1826 1528 1853 τῶν
1537 1826 1679 1866 τεσσάρων
1695 1823 1795 1858 θηρίων

1013 1875 1090 1909 λόγον
1106 1874 1282 1910 ἐποιούμεθα·
1304 1873 1360 1900 ἀλλ’
1376 1873 1467 1908 ἐπειδὴ
1487 1871 1591 1902 λεπτῶς
1607 1871 1624 1905 ἡ
1639 1869 1738 1905 Γραφὴ
1751 1867 1794 1894 νῦν

178 1921 259 1948 πάλιν
272 1920 418 1955 ἐξηγεῖται,
429 1920 459 1952 ἐξ
470 1920 591 1955 ἀνάγκης
601 1919 696 1946 δεῖκαὶ
707 1920 780 1955 ἡμᾶς
792 1920 824 1946 ὲκ
838 1920 962 1956 δεὺτὲρου
980 1921 1025 1947 τὸν
1044 1921 1120 1955 λόγον
1141 1919 1285 1951 ποιεῖσθαι,
1307 1920 1350 1946 ἵνα
1376 1919 1412 1954 μὴ
1435 1917 1521 1953 ἀργὴν
1541 1916 1589 1952 τὴν
1605 1915 1730 1951 Γραφὴν,
1750 1913 1796 1940 καὶ

177 1970 368 1998 ἀναπόδεικτον
385 1969 587 2004 καταλίπωμεν.

213 2016 297 2044 XXX.
317 2016 409 2043 Adhuc
427 2021 477 2042 tres
498 2024 579 2051 reges,
595 2016 693 2050 inquit,
717 2021 822 2050 surgent
840 2017 869 2043 in
894 2016 959 2043 Per-

177 2062 243 2094 side,
259 2066 284 2088 et
302 2065 412 2095 quartus
433 2061 564 2088 dilabitur
578 2060 668 2095 opibus
689 2061 792 2093 nimiis;
811 2061 907 2097 (quod)
919 2061 960 2088 ia-

1046 2015 1130 2042 XXX.
1142 2016 1205 2041 Ἔτι
1214 2013 1291 2048 τρεῖς
1302 2012 1452 2045 βασιλεῖς,
1471 2011 1795 2047 φησὶν,ἀναστήσονται

1011 2062 1045 2088 ἐν
1058 2060 1094 2095 τῇ
1103 2059 1234 2094 Περσίδι,
1244 2059 1294 2087 καὶ
1308 2061 1323 2086 ό
1337 2059 1473 2093 τέταρτος
1481 2057 1646 2091 πλουτήσει
1661 2057 1795 2084 πλοῦτον

178 2114 251 2135 ctum
269 2112 327 2141 est;
346 2114 464 2141 namque
488 2111 550 2141 post
569 2105 680 2142 Cyrum,
707 2107 825 2134 surrexit
848 2107 957 2140 Darius,
974 2107 1046 2156 υμέ

1047 2115 1118 2142 γαν·
1133 2107 1284 2141 γεγένηται·
1303 2104 1370 2140 μετᾶ
1384 2105 1438 2140 γὰρ
1449 2104 1538 2140 Κῦρον
1551 2103 1651 2138 ἀνέστη
1667 2104 1794 2138 Δαρεῖος·
1812 2136 1815 2137 ν

176 2154 274 2181 deinde
289 2153 466 2181 Artaxerxes.
486 2152 552 2179 Tres
578 2152 604 2178 hi
629 2152 739 2179 fuerunt
763 2160 855 2188 reges;
883 2161 959 2180 com-

176 2200 247 2235 pleta
260 2204 302 2228 est
316 2199 466 2234 Scriptura.
490 2198 523 2226 Et
544 2202 654 2233 quartus
669 2198 798 2225 ditabitur
813 2201 905 2233 opibus
920 2201 961 2226 ni-

177 2245 238 2272 miis
254 2252 263 2271 :
281 2244 344 2280 quis
365 2245 419 2276 hic,
437 2244 488 2271 nisi
512 2243 618 2276 Darius,
640 2244 685 2278 qui
702 2245 836 2279 regnavit,
856 2249 884 2272 et
901 2246 960 2280 glo-

177 2291 246 2317 riam
264 2295 406 2318 assecutus
418 2295 469 2322 est,
487 2289 588 2325 quique
601 2289 702 2317 divitiis
717 2291 875 2324 abundavit,
891 2296 918 2318 et
931 2292 958 2318 in

180 2337 305 2362 universa
319 2335 474 2363 Graecowm
486 2341 568 2370 regna
581 2334 744 2362 insurrexit?
758 2334 826 2362 Huic
842 2337 960 2363 occurrit

178 2381 329 2408 Alexander
339 2380 459 2413 Macedo,
472 2380 585 2415 ejusque
596 2388 708 2416 regnum
724 2381 866 2409 destruxit.
880 2381 958 2409 Post-

176 2435 258 2462 quam
275 2432 365 2454 autem
380 2427 424 2453 hic
438 2426 535 2454 Persas
552 2427 715 2462 subjugavit,
734 2428 820 2463 ipsius
844 2436 957 2464 regnum

176 2473 204 2501 in
227 2479 344 2508 quatuor
361 2477 455 2500 ventos
475 2473 536 2500 caeli
558 2473 674 2501 divisum
689 2479 748 2508 est;
763 2482 778 2502 e
795 2474 864 2502 vivis
884 2475 956 2502 enim

174 2519 309 2546 excedens
332 2519 483 2546 Alexander
501 2527 615 2555 regnum
632 2528 711 2548 suum
728 2521 754 2547 in
771 2527 888 2555 quatuor
900 2520 956 2548 dis-

175 2565 271 2592 tribuit
288 2565 466 2600 principatus.
492 2565 526 2592 Et
541 2572 627 2602 surget
640 2575 696 2601 rex,
711 2573 735 2595 et
748 2568 858 2595 intrabit
871 2569 957 2595 muni-

175 2611 259 2636 tiones
275 2610 341 2644 regis
355 2610 474 2646 zEgypti.

211 2699 308 2727 XXXI.
328 2701 479 2729 Antiochus
497 2703 570 2730 enim
588 2710 635 2730 rex
650 2703 735 2738 Syriae
750 2703 820 2736 fuit;
835 2705 879 2732 hic
892 2712 957 2732 cen-

176 2747 273 2774 tesimo
286 2751 313 2774 et
327 2748 443 2782 septimo
461 2756 533 2775 anno
546 2749 621 2783 regni
638 2749 794 2777 Graecorum
812 2751 955 2786 imperium

210 2791 233 2807 ”
250 2790 332 2818 Exod.
348 2799 434 2824 xxx”,
450 2792 502 2825 34;
517 2801 612 2825 xxxut,
628 2793 653 2820 5.

1011 2152 1105 2178 ἔπειτα
1133 2151 1328 2187 Ἀρταξέρξηςν
1351 2152 1425 2186 τρεῖς
1445 2147 1516 2177 οὗτοι
1536 2150 1698 2184 γεγένηνται
1717 2149 1795 2184 βασι-

1012 2199 1066 2230 λεῖς
1076 2207 1082 2214 ·
1101 2198 1276 2234 πεπλήρωται
1290 2199 1307 2232 ἡ
1325 2197 1429 2232 Γραφή.
1445 2196 1498 2223 Καὶ
1514 2199 1530 2222 ό
1546 2195 1687 2229 τέταρτος
1699 2197 1795 2221 πλουη

1012 2245 1096 2278 τήσει
1112 2245 1244 2272 πλοῦτον
1255 2244 1367 2279 μέγαν-
1384 2243 1426 2275 τίς
1445 2241 1521 2274 οὗτος
1544 2243 1600 2270 ἀλλ’
1617 2242 1634 2277 ἦ
1652 2244 1766 2277 Δαρεῖος
1781 2244 1795 2268 ὀ

1012 2291 1181 2326 βασιλεύσας,
1198 2291 1245 2317 καὶ
1260 2289 1362 2324 ἔνδοξος
1376 2289 1509 2324 γενηθεὶς,
1525 2289 1553 2321 ὃς
1569 2289 1731 2324 ἐπλούτησε,
1748 2290 1792 2315 καὶ

1011 2337 1144 2371 ἐπανέστη
1156 2337 1256 2367 πάσαις
1268 2337 1327 2367 ταῖς
1343 2335 1488 2370 βασιλείαις
1499 2334 1552 2361 τῶν
1574 2333 1722 2369 Ἑλλήνων·
1734 2334 1795 2360 τού-

1010 2391 1049 2418 τῳ
1064 2383 1198 2418 ἐπανέστη
1223 2381 1391 2417 Ἀλέξανδρος
1409 2382 1424 2408 ὁ
1441 2380 1581 2412 Μακεδὼν,
1595 2380 1625 2412 ὃς
1640 2380 1749 2406 καθεῖλε
1765 2379 1795 2406 τὸ

1011 2430 1093 2456 αὐτοῦ
1115 2430 1260 2465 βασίλειον,
1282 2429 1328 2456 καὶ
1348 2428 1416 2463 μετὰ
1434 2427 1465 2454 τδ
1485 2426 1616 2458 ὑποτάξαι
1635 2427 1716 2453 αὑτὸν
1732 2435 1793 2457 τους

1011 2476 1129 2511 Πέρσας,
1141 2475 1251 2512 διῃρέθη
1263 2475 1280 2510 ή
1290 2475 1383 2501 τούτου
1396 2473 1519 2509 βασιλεία
1533 2474 1572 2505 εἰς
1583 2474 1646 2505 τοὺς
1658 2473 1794 2508 τέσσαρας

1009 2521 1127 2557 ἀνέμους
1143 2522 1189 2548 τοῦ
1211 2520 1340 2556 οὐρανοῦ-
1364 2520 1495 2547 τελευτῶν
1516 2520 1569 2555 γὰρ
1585 2521 1599 2546 ό
1620 2519 1792 2554 Ἀλέξανδρος

1008 2568 1088 2595 διεῖλε
1105 2568 1153 2604 τὴν
1168 2568 1305 2604 βασιλείαν
1315 2566 1396 2594 αὐτοῦ
1411 2567 1450 2598 εἰς
1464 2566 1600 2601 τέσσαρας
1616 2565 1714 2600 ἀρχάς.
1727 2564 1790 2597 (68')

1009 2615 1065 2641 Καὶ
1081 2613 1283 2647 ἀναστήσεται
1295 2613 1454 2646 βασιλεὺς,
1468 2613 1516 2639 καὶ
1531 2613 1739 2640 εἰσελεύσεται
1751 2614 1791 2644 εἰς

1010 2661 1046 2688 τὰ
1062 2661 1306 2696 ῠποστηρίγματα
1318 2661 1471 2694 ,βασιλέως
1483 2660 1642 2694 Αἰγύπτου.

1045 2707 1139 2735 XXXI.
1167 2708 1300 2744 Ἀντίοχος
1315 2708 1369 2744 γὰρ
1381 2708 1525 2743 γεγένηται
1539 2708 1588 2742 τῆς
1603 2707 1704 2743 Συρίας
1721 2708 1792 2742 βασι-

1009 2752 1086 2784 λεύς·
1115 2751 1191 2786 οὗτος
1222 2754 1393 2781 ἐϐασίλευσεν
1417 2755 1444 2780 ἐν
1467 2753 1605 2788 ἑκατοστῷ
1626 2754 1674 2781 καὶ
1690 2753 1784 2788 ἑδὸὁμ

210 2839 277 2874 (08‘)
296 2840 358 2872 Qus:
375 2844 524 2874 sequuntur
540 2841 636 2869 melius
648 2842 724 2870 initio
742 2844 902 2879 paragraphi
919 2847 1056 2880 sequentis
1077 2846 1282 2874 collocarentur.
