1860 3051
42 111 88 139 σοι
627 107 838 137 FRAGMENTA
857 106 890 134 IN
909 106 1089 134 DAMELEM.

1615 105 1668 133 669

41 171 96 197 ἔτει
112 170 253 206 βασιλείας
282 171 430 206 Ἑλλήνων·
454 170 500 197 καὶ
520 169 552 206 δὴ
574 171 630 201 τοῖς
647 169 706 195 τότε
730 168 833 202 καιροῖς

927 166 1021 201 scepit;
1045 173 1078 193 ac
1095 164 1215 199 profecto
1232 163 1333 191 eisdem
1353 163 1520 197 temporibus
1541 163 1667 197 prmlium

42 215 162 250 πόλεμον
183 215 315 242 συνάπτει
342 215 410 251 πρὸς
432 215 597 251 Πτολεμαῖον
617 214 728 250 βασιλέα
752 213 833 247 Αἰγύ-

41 270 121 293 πτου,
133 261 181 288 καὶ
192 261 378 297 ὐπερισχύσας
390 261 472 288 αὑτοῦ
487 263 597 297 κρατεῖ·
613 258 688 293 οὗτος
701 259 833 294 ὑποστρὲ-

40 315 102 340 ςρων
118 307 150 339 ἐξ
166 307 315 342 Αἰγύπτου,
338 307 421 343 ἀνέϐη
443 308 490 334 ἐπὶ
514 307 697 343 Ἰερουσαλὴμ,
717 306 763 333 ἐπὶ
780 305 834 332 ἔτει

40 353 184 388 ἑκατοστῷ
190 354 237 380 καὶ
244 354 337 389 τρίτῳ·
350 354 396 381 καὶ
402 353 490 380 λαϐὼν
499 354 601 385 πάντας
609 354 671 385 τοὺς
682 353 834 388 θησαυροὺς

40 399 119 426 οἴκου
131 401 247 436 Κυρίου,
259 400 392 436 ἐπορεύθη
407 402 447 432 εἰς
460 401 634 436 Ἀντιόχειαν,
649 401 696 427 καὶ
707 399 774 435 μετὰ
788 398 835 425 δύο

41 446 91 480 ἔτη
103 446 219 481 ἡμερῶν
233 446 392 473 ἀποστέλλει
404 447 418 472 ὁ
430 446 553 482 βασιλεὺς
566 446 630 473 ῦδιον
641 446 784 481 φορολόγον
795 445 834 476 εἰς

41 493 93 524 τὰς
106 492 200 523 πόλεις
211 493 259 527 τῆς
277 493 414 526 Ἰουδαίας,
425 492 588 527 ἀναγκάζειν
600 492 661 523 τοὺς
682 490 834 522 Ἰουδαίους,

43 537 223 572 μεταϐαίνειν
241 538 294 564 ἀπὸ
316 538 369 565 τῶν
394 538 526 574 πατρῴων
552 538 650 573 νόμων,
675 538 731 569 τοῖς
745 537 773 563 δὲ
789 535 835 562 τοῦ

42 583 182 618 βασιλέως
195 583 326 618 δόγμασιν
340 584 547 610 ὑποτάσσεσθαι·
560 583 589 615 ὃς
601 582 831 619 παραγενόμενος,

43 628 204 663 ἠνάγκαζεν
218 629 314 661 αὐτοὺς
329 629 414 663 λέγων
424 637 431 643 ο
456 628 618 661 Ἐξέλθετε,
632 628 679 654 καὶ
691 627 836 662 ποιήσατε

41 674 77 700 τὸ
92 675 271 709 πρόσταγμα
284 675 336 702 τοῦ
343 673 508 707 βασιλέως,
524 674 571 701 καὶ
589 674 724 707 ζῆσεσθε.

81 719 196 747 XXXII.
216 722 246 747 Οἱ
268 721 296 747 δὲ
320 719 418 747 εἶπανο
444 722 503 748 Οὺχ
529 720 745 755 ὲξελευσόμεθα
768 719 838 747 οὐδὲ

43 764 217 800 ποιήσομεν
231 765 264 792 τὸ
283 766 460 800 πρόσταγμα
478 765 530 792 τοῦ
547 765 715 798 βασιλέως·
729 765 839 792 ἀποθα-

43 811 224 845 νούμεθαὲν
239 811 275 846 τῇ
291 812 435 845 ἁπλότητι
447 810 544 846 ἡμῶν·
559 811 608 837 καὶ
619 810 792 837 ἀπέκτεινεν
804 810 838 842 ἐξ

43 841 147 883 αὑτων
164 841 381 891 χινίίιιξψυχὰς
392 841 564 890 άνθρίῦπων.
580 856 734 891 Πληροῦται
748 854 794 882 οὖν
805 841 838 882 τά
854 841 874 868 Β

44 903 116 939 πρὸς
134 903 181 930 τὸν
198 903 332 938 μακάριον
346 902 446 937 Δανιὴλ
463 902 644 937 λελαλημὲνα·
660 902 723 928 Ὅτι
739 901 839 934 θλιϐή-

44 958 167 981 σοντιιι,
178 950 227 975 καὶ
240 948 466 982 ἁσθενήσουσιν
478 949 505 974 οὶ
515 947 619 974 δοῦλοί
627 957 696 982 μου,
708 947 742 974 ἐν
752 946 838 981 λιμῷ,

45 995 95 1022 καὶ
110 995 298 1029 ὲνμαχαίρςι,
318 995 366 1021 καὶ
380 994 415 1021 ἐν
430 994 627 1029 αἰχμαλωσίᾳ.
647 993 730 1027 Λέγει
746 993 773 1019 δὲ
789 994 840 1019 Δα-

46 1042 126 1078 νιήλ·
149 1042 205 1068 Καὶ
222 1040 428 1074 βοηθήσονται
441 1040 584 1073 βοήθειαν
599 1039 722 1074 μικράν·
741 1039 839 1074 ἀνέστη

46 1088 104 1123 γὰρ
123 1087 185 1113 τότε
198 1086 334 1118 Ματθίας,
355 1086 403 1112 καὶ
426 1086 526 1117 Ἰούδας
551 1086 565 1112 ὁ
586 1084 773 1116 Μακκαϐαῖος,
792 1084 839 1110 καὶ

47 1133 205 1169 ἐϐοήθησαν
229 1132 330 1165 αὐτοῖς,
356 1133 403 1159 καὶ
427 1131 576 1167 ἐρρύσαντο
605 1132 636 1157 ὲκ
658 1131 747 1166 χειρὸς
779 1130 839 1158 Ἑλ-

48 1179 140 1214 λήνων
145 1199 151 1204 .

83 1224 209 1252 XXXIII.
237 1224 397 1260 Ἐπληρώθη
420 1225 450 1251 τὸ
470 1224 613 1260 εἰρημένον
633 1225 662 1251 ἐν
678 1224 710 1260 τῇ
728 1224 838 1259 Γραφῇ·

46 1271 123 1305 λέγει
140 1271 170 1297 δὲ
184 1271 270 1302 οὕτως
280 1279 287 1286 ι
304 1271 357 1297 Καὶ
373 1271 577 1298 εἰσελεύσεται
588 1270 716 1305 θυγάτηρ
728 1270 780 1297 τοῦ
790 1269 842 1296 1V6-

47 1326 114 1349 σου,
129 1317 208 1350 πρὸς
229 1317 361 1348 βασιλέα
381 1317 433 1344 τοῦ
453 1317 558 1351 etwa,
574 1316 626 1343 τοῦ
642 1316 765 1350 ποιῆσαι
777 1316 840 1351 μετ’

47 1362 143 1389 αὑτοῦ
166 1362 336 1395 συνθήκας·
365 1362 413 1389 καὶ
435 1364 470 1389 οὐ
495 1362 661 1397 στήσονται
680 1362 842 1396 ,βραχίονες

47 1408 102 1435 τοῦ
116 1408 245 1442 ἄγοντος
260 1408 369 1441 αὑτήν·
394 1409 442 1435 καὶ
468 1408 707 1442 συντριϐήσεται,
727 1407 776 1434 καὶ
791 1416 842 1434 πε-

48 1454 146 1481 σεῖται
155 1453 205 1480 καὶ
213 1454 300 1488 αὐτὴ,
308 1454 358 1481 καὶ
365 1455 380 1481 ὀ
388 1454 467 1488 ἄγων
474 1453 579 1487 αὐτήν.
586 1454 731 1490 Γεγένηται
740 1454 793 1489 γάρ
800 1461 841 1485 τις

48 1498 120 1534 αὐτὴ
136 1499 289 1534 Πτολεμαῒς
301 1499 356 1534 (69)
378 1499 554 1534 βασιλεύουσα
570 1499 717 1534 Αἰγύπτου·
735 1500 796 1526 τότε
808 1499 840 1534 δὴ

50 1545 235 1580 ἐκπιρεύεται
255 1545 312 1580 ἄμα
327 1547 383 1577 τοῖς
403 1545 477 1572 δυσὶν
494 1546 561 1576 υίοῖς
576 1545 660 1580 αὐτῆς
671 1545 840 1580 Πτολεμαίῳ,

48 1591 97 1617 διαὶ
109 1591 285 1626 Φιλομήτορι,
297 1591 431 1626 συνθήκας
441 1591 606 1626 ποιησαμένη
621 1590 688 1626 πρὸς
708 1590 842 1626 Ἀντίοχον

50 1636 167 1671 βασιλέα
181 1637 230 1672 τῆς
246 1637 361 1672 Συρίας·
377 1637 424 1664 καὶ
442 1637 474 1673 δὴ
491 1637 605 1664 ἐλθοῦσα
620 1637 691 1664 κατὰ
704 1637 841 1664 Σκυθόπο-

48 1682 103 1713 λιν,
121 1684 182 1709 ἐκεῖ
196 1683 365 1718 ἀναιρεῖται·
383 1684 397 1709 ὁ
413 1682 467 1718 γὰρ
485 1683 558 1717 ἄγων
576 1682 670 1717 αὐτὴν,
686 1681 841 1717 προέδωκεν

49 1729 155 1764 αὐτήν·
187 1729 248 1755 τότε
267 1729 298 1764 δὴ
322 1729 383 1755 τότε
403 1730 426 1756 οἱ
445 1728 491 1755 δύο
508 1729 617 1764 ἀδελφοὶ¹
639 1728 755 1764 πόλεμον
774 1730 842 1764 πρὸς

49 1774 186 1810 ἀλλήλους
203 1774 397 1810 συμϐάλλουσι,
415 1775 462 1801 καὶ
477 1776 627 1810 ἀναιρεῖται
643 1775 656 1800 ὁ
671 1774 841 1810 Φιλομήτωρ,

49 1821 150 1855 κρατεῖ
161 1819 190 1846 δὲ
206 1820 221 1846 ὁ
233 1819 317 1846 Πτολε
321 1821 410 1855 μαῖος.

87 1864 211 1892 XXXIV.
231 1865 355 1901 Συμϐολὴ
368 1866 457 1893 τοίνυν
472 1866 552 1894 πάλιν
563 1866 667 1901 γίνεται
684 1866 842 1902 Πτολεμαίῳ

52 1912 122 1948 πρὸς
140 1912 277 1947 Ἀντίοχον
287 1920 294 1927 ·
310 1911 398 1947 τούτῳ
412 1913 556 1949 ἐπέρχεται
571 1915 585 1940 ὁ
606 1913 740 1949 Ἀντίοχος
750 1922 756 1929 ·
770 1914 842 1948 λέγει

51 1958 107 1993 γὰρ
123 1958 212 1990 οὕτως
228 1959 244 1993 ἡ
256 1959 363 1994 Γραφή·
378 1959 432 1986 Kal
441 1959 682 1993 ἐπαναστήσεται
694 1959 844 1992 βασιλεὺς

51 2003 106 2030 τοῦ
124 2005 224 2031 Νότου
239 2005 313 2038 πρὸς
323 2004 456 2037 ,βασιλέα
475 2005 527 2032 τοῦ
542 2005 648 2040 Βορῤᾶ,
668 2006 716 2032 καὶ
731 2006 842 2032 ἐπανα-

50 2050 201 2082 στήσεται
216 2050 334 2085 σπέρμα
348 2051 383 2083 ἐξ
397 2051 491 2085 αὐτῆς
503 2060 510 2066 ·
524 2053 598 2077 ποῖον
611 2051 639 2077 δὲ
650 2052 769 2088 σπέρμα,
786 2051 842 2078 ἀλλ’

51 2096 67 2131 ἧ
86 2096 256 2131 Πτολεμαῖος
268 2096 297 2128 ὃς
310 2097 412 2132 συνῆψε
431 2097 547 2132 πόλεμον
566 2097 634 2134 πρὸς
652 2097 803 2132 Ἀντίοχον;
821 2095 844 2131 ᾧ

51 2142 208 2175 ἐπεξελθὼν
231 2143 245 2168 ὁ
270 2143 414 2178 Ἀντίοχος,
437 2144 484 2170 καὶ
503 2143 540 2179 μὴ
560 2143 726 2179 κατισχύσας
748 2143 843 2176 αὑτοῦ,

52 2188 143 2222 φυγὰς
168 2188 314 2223 γενόμενος
332 2189 480 2225 ἀνέστρεψε
503 2190 584 2216 πάλιν
604 2191 643 2221 εἰς
668 2190 841 2226 Ἀντιόχειαν,
859 2184 881 2211 Ῑ)

52 2234 220 2269 συναγαγὼν
232 2235 309 2269 ὃχλον
320 2227 439 2261 πλείονα·
453 2235 583 2271 λαμϐάνει
595 2236 682 2263 τοίνυν
693 2237 780 2263 πᾶσαν
794 2237 842 2272 τὴν

51 2283 207 2310 πανοπλίαν
219 2282 300 2309 αὐτοῦ
317 2283 493 2318 Πτολεμαῖος,
505 2283 552 2309 καὶ
564 2282 625 2317 ἄγει
641 2284 680 2315 εἰς
696 2284 841 2318 Αἴγυπτον·

51 2329 208 2365 πληροῦται
222 2329 238 2364 ἠ
248 2328 344 2364 Γραφὴ
354 2328 390 2360 ὡς
400 2327 473 2362 λέγει
484 2328 583 2365 Δανιήλ
592 2337 598 2343 ·
612 2329 666 2356 Καὶ
677 2328 747 2362 τοὺς
757 2329 841 2362 θεοὺς

50 2374 164 2403 αὐτῶν.
179 2374 229 2400 καὶ
245 2374 280 2401 τὰ
301 2374 484 2408 χωνεύματα,
499 2375 547 2401 καὶ
563 2374 624 2402 πᾶν
637 2375 765 2409 χρυσίον
778 2375 842 2401 ἐπι-

51 2421 187 2459 θυμητὸν
201 2420 329 2447 εἰσοίσει
341 2421 385 2453 εἰς
399 2421 562 2456 Αιγυπτον.

87 2465 200 2495 XXXV.
223 2466 280 2493 Καὶ
301 2465 371 2502 μετὰ
392 2466 479 2492 ταῦτα
500 2465 639 2502 ἐξέρχεται
664 2467 796 2503 Ἀντίοχος
811 2468 843 2494 ὲκ

50 2512 178 2548 δευτέρου
190 2511 310 2548 πόλεμον
325 2511 440 2547 ἐγείρων
457 2513 516 2540 κατ’
527 2512 619 2544 αὑτοῦ,
637 2512 665 2544 ὃς
681 2513 781 2549 ἥττησε
797 2514 842 2540 τὸν

51 2559 236 2594 Πτολεμαῖον·
261 2558 309 2584 καὶ
328 2557 360 2593 δὴ
378 2558 478 2585 τούτων
495 2558 657 2594 γενομένων,
674 2560 844 2596 ἐπεγείρεται

52 2605 132 2631 πάλιν
144 2605 191 2631 ἐπὶ
205 2604 270 2635 τοὺς
284 2603 359 2635 υἱοὺς
380 2603 487 2639 Ἰσραὴλ
499 2605 513 2630 ὁ
535 2603 677 2640 Ἀντίοχος,
690 2605 736 2631 καὶ
747 2606 844 2638 ἐξαπο-

53 2651 156 2678 στέλλει
171 2650 232 2677 τινὰ
248 2650 393 2686 Νικάνορα
408 2650 476 2685 μετὰ
489 2650 630 2686 δυνάμεως
646 2650 756 2686 πολλῆς,
770 2652 843 2684 ὅπως

87 2715 109 2731 ⁹⁹
123 2715 134 2742 l
150 2715 219 2744 Mae.
236 2723 266 2749 ll,
281 2714 328 2743 55.

87 2774 142 2809 (=59)
162 2776 340 2811 Cleopatram
357 2774 469 2811 innuere
489 2775 594 2802 videtur
612 2775 765 2811 Physconis
777 2784 845 2802 uxo~

54 2816 116 2844 rem,
132 2809 317 2847 neptemque;
339 2817 402 2836 nam
421 2809 554 2838 Lat/turus
580 2809 725 2846 aliquando
752 2810 844 2838 Philo-

885 221 947 239 cum
966 211 1111 239 Ptolcmtco
1124 210 1233 245 [Egypti
1245 217 1306 244 rcge
1317 209 1471 242 committit,
1481 216 1513 236 ac
1522 209 1669 243 praevalens

886 259 959 286 illius
979 258 1124 292 imperium
1148 256 1261 283 obtinet.
1286 254 1335 282 llic
1350 262 1383 282 ex
1397 254 1513 290 Egypto
1529 259 1670 283 revertens

886 312 957 332 enim
973 303 1050 331 tertio
1063 308 1090 330 et
1103 302 1252 329 centesimo
1263 300 1410 328 Jerusalem
1427 301 1558 334 ascendit,
1568 306 1595 328 et
1608 302 1670 328 uni-

887 349 973 377 versis
985 349 1083 376 domus
1101 347 1209 374 Domini
1225 345 1360 374 thesauris
1374 345 1511 380 expilatis,
1539 347 1590 372 iter
1612 346 1669 372 An-

887 395 1016 422 tiochiam
1034 402 1129 421 versus
1151 393 1278 425 instituit,
1301 398 1327 420 et
1347 397 1408 427 post
1423 392 1492 419 duos
1510 399 1597 419 annos
1614 392 1671 419 die-

886 448 958 474 rum,
975 440 1002 467 in
1023 440 1102 467 urbes
1121 439 1220 466 Judata:
1236 439 1319 465 mittit
1341 446 1387 466 rex
1404 446 1483 465 suum
1507 438 1670 465 tributorum

886 491 1040 514 exactorem
1058 486 1092 513 ad
1107 485 1243 520 cogendos
1258 484 1377 517 Judeeos,
1395 490 1452 512 uta
1463 484 1671 519 patriislegibns

885 532 1078 569 desciscerent,
1107 532 1233 566 regisque
1255 530 1370 558 decretis
1401 538 1460 558 sese
1487 530 1670 565 subjicerent;

887 579 932 614 qui
948 586 1010 605 cum
1026 577 1193 611 advenisset,
1212 585 1259 604 eos
1276 576 1398 612 cogebat,
1423 576 1548 611 inquiens
1562 586 1569 602 :
1581 575 1670 608 Exite,

887 630 911 652 et
929 625 1008 660 facite
1022 629 1181 659 pr'a'captum
1200 624 1278 658 regis,
1290 628 1314 650 et
1331 623 1431 650 uiuetis.

923 717 1032 744 XXXII.
1053 717 1093 744 Illi
1109 723 1198 744 autem
1214 716 1341 743 dixerunt
1354 724 1361 742 :
1375 714 1465 751 Neque
1477 714 1615 746 exibimus,
1628 722 1672 740 ne-

889 771 937 798 que
953 763 1079 797 faciemus
1094 768 1251 797 prwceptum
1272 762 1355 796 regis;
1373 761 1515 788 moriemur
1529 761 1556 786 in
1569 760 1672 794 simpli-

891 808 969 834 citate
988 812 1079 834 nostra
1093 815 1101 834 :
1116 811 1140 834 et
1157 806 1286 840 interfecit
1297 814 1328 833 ea:
1338 807 1376 833 ei:
1388 805 1459 833 mille
1474 806 1576 832 animus
1588 805 1673 832 homi-

890 861 952 889 num
963 853 995 879 πθ.
1015 852 1168 887 Adimpleta
1191 856 1255 880 sunt
1273 851 1364 887 igitur,
1376 859 1438 886 qua:
1452 851 1485 878 ad
1499 851 1606 877 beatum
1620 849 1672 878 Da-

889 899 987 926 uielem
1005 898 1076 925 dicta
1089 902 1154 925 sunt
1170 907 1176 925 :
1194 897 1264 930 Quia
1279 897 1475 924 tribulationem
1490 897 1634 931 patientur,
1647 901 1672 923 et

888 945 1096 978 mﬁrmabuntur
1109 944 1176 971 servi
1196 944 1245 970 mei
1260 944 1286 970 in
1303 944 1382 978 fame,
1397 948 1421 971 et
1434 944 1461 970 in
1476 943 1576 978 gladio,
1601 949 1626 971 et
1644 945 1673 971 in

889 990 1050 1024 captivitate.
1076 989 1167 1024 Pergit
1191 997 1255 1016 vero
1276 989 1370 1016 Daniel
1388 1000 1394 1017 :
1414 989 1448 1016 Et
1470 989 1674 1017 subleuabuntur

889 1037 991 1065 auxilio
1008 1037 1118 1072 parvulo
1128 1045 1137 1070 ;
1161 1036 1280 1064 surrexit
1294 1037 1365 1064 enim
1381 1041 1447 1064 tunc
1463 1037 1593 1071 temporis
1605 1036 1674 1064 Mat-

890 1083 972 1116 thias,
986 1088 1013 1110 et
1024 1082 1109 1110 Judas
1122 1082 1303 1115 Machabmus,
1320 1083 1367 1117 qui
1380 1089 1458 1117 opem
1474 1082 1527 1110 illis
1543 1083 1672 1116 tulerunt,

891 1134 917 1156 et
928 1137 961 1157 ex
974 1129 1131 1157 Graecorum
1144 1136 1227 1156 manu
1246 1135 1294 1156 eos
1310 1128 1479 1164 eripuerunt.

926 1224 1046 1252 XXXIII.
1068 1224 1165 1252 Evenit
1180 1232 1255 1260 ergo,
1275 1225 1346 1260 quod
1364 1225 1467 1252 dictum
1489 1229 1530 1253 est
1551 1225 1577 1252 in
1598 1224 1673 1253 Scri-

892 1277 980 1307 ptura.
1004 1271 1182 1306 Prosequitur
1201 1275 1291 1298 autem
1316 1271 1353 1297 ita
1371 1279 1377 1297 :
1394 1269 1429 1297 Et
1444 1271 1605 1306 ingredietur
1617 1271 1674 1305 ﬁlia

893 1317 987 1354 [regis]
1005 1317 1096 1344 Austri
1115 1317 1150 1344 ad
1173 1324 1257 1352 regem
1278 1316 1434 1351 Aquilonis,
1461 1321 1489 1343 ut
1508 1316 1592 1351 ftedus
1615 1324 1674 1343 cum

892 1365 948 1399 ipsa
971 1363 1071 1398 faciat;
1092 1367 1116 1390 et
1134 1371 1185 1390 non
1200 1363 1306 1389 stabunt
1323 1363 1429 1389 brachia
1442 1362 1561 1389 ducentis
1575 1363 1672 1397 ipsum,

891 1415 916 1437 et
935 1414 1092 1439 conteretur.
1112 1413 1136 1435 et
1157 1408 1232 1435 cadet
1253 1409 1322 1442 ipsa,
1343 1412 1367 1435 et
1381 1408 1425 1443 qui
1442 1408 1513 1435 ducit
1527 1416 1594 1436 eam.
1613 1408 1673 1442 Ipsa

891 1455 964 1483 enim
984 1455 1035 1483 fuit
1051 1454 1173 1490 quadam
1195 1453 1339 1481 Ptolemma
1358 1453 1467 1490 [Egypti
1488 1454 1591 1489 regina,
1614 1461 1675 1489 qua:

893 1506 957 1529 tunc
972 1501 1102 1536 temporis
1111 1500 1248 1536 egreditur
1265 1507 1326 1527 cum
1341 1499 1448 1527 duobus
1462 1499 1525 1526 [iliis
1539 1499 1596 1526 suis
1612 1499 1674 1525 Pto-

893 1548 987 1575 lemaeo
998 1552 1026 1575 et.
1037 1546 1229 1578 Philometore,
1246 1545 1334 1573 turdus
1356 1553 1418 1573 cum
1440 1545 1574 1572 Antiocho
1591 1544 1675 1580 Syria:

892 1602 955 1629 rege
978 1594 1089 1621 initura.
1116 1592 1148 1620 Et
1172 1592 1280 1627 quidem
1303 1599 1364 1619 cum
1387 1599 1471 1626 prope
1489 1591 1673 1627 Scythopolim

892 1639 1071 1675 pervenisset,
1102 1638 1157 1665 illic
1182 1637 1358 1670 interficitur;
1386 1637 1434 1672 qui
1461 1637 1532 1664 enim
1559 1637 1675 1664 ducebat

893 1693 964 1718 eam,
989 1685 1107 1720 prodidit
1133 1692 1204 1712 eam.
1232 1683 1310 1711 Tunc
1331 1691 1396 1711 vero
1418 1688 1482 1711 tunc
1502 1683 1556 1710 duo
1577 1683 1675 1711 fratres

893 1731 1018 1766 proelium
1038 1731 1107 1758 inter
1122 1738 1151 1758 se
1165 1729 1349 1761 committunt,
1365 1733 1391 1756 et
1409 1729 1590 1757 Philometore
1606 1738 1621 1757 c
1636 1730 1674 1757 vi-

893 1778 934 1805 vis
945 1777 1062 1811 sublato,
1079 1776 1241 1804 Ptolemaeus
1255 1776 1397 1811 imperium
1411 1775 1523 1803 obtinet.

928 1870 1050 1898 XXXIV.
1071 1870 1173 1898 Bellum
1193 1870 1275 1906 igitur
1289 1877 1387 1898 rursus
1399 1869 1562 1897 Ptolemaeus
1577 1869 1674 1897 adver-

895 1926 940 1946 sus
955 1917 1119 1945 Antiochum
1135 1917 1254 1948 instruit,
1272 1917 1314 1943 cui
1330 1916 1449 1944 occurrit
1463 1915 1612 1943 Antiochus
1622 1925 1628 1943 :
1638 1916 1676 1943 ait

893 1963 964 1991 enim
979 1963 1119 1998 Scriptura
1132 1972 1138 1989 :
1155 1961 1188 1989 Et
1198 1967 1285 1996 surget
1296 1970 1341 1989 rex
1353 1962 1445 1989 Austri
1459 1962 1581 1990 adversus
1592 1970 1676 1998 regem

895 2007 1044 2043 Aquilonis,
1069 2012 1094 2034 et
1117 2012 1205 2043 surget
1229 2016 1316 2034 semen
1341 2016 1373 2035 ea:
1394 2009 1468 2043 ipsa;
1488 2008 1568 2043 quale
1584 2016 1675 2036 semen

894 2054 946 2081 nisi
959 2053 1127 2086 Ptolematus,
1143 2053 1188 2088 qui
1204 2061 1265 2080 cum
1280 2053 1414 2081 Antiocho
1428 2054 1551 2088 praelium
1563 2055 1677 2082 commi-

894 2101 947 2128 sit?
957 2100 1007 2127 Cui
1023 2108 1170 2128 occurrens
1183 2100 1345 2133 Antiochus,
1357 2108 1418 2128 cum
1432 2101 1458 2127 in
1469 2108 1530 2128 eum
1545 2107 1598 2127 non
1612 2108 1677 2135 prte-

895 2146 1035 2179 valuisset,
1053 2146 1115 2182 luga
1132 2151 1251 2181 arrepta,
1274 2153 1371 2174 rursus
1390 2145 1562 2174 Antiochiam
1585 2145 1677 2180 rediit,

895 2192 1045 2220 exercitum
1062 2192 1192 2227 majorem
1209 2196 1428 2227 comparaturus.
1446 2190 1604 2218 Universum
1625 2191 1677 2226 igi-

896 2242 940 2265 tur
966 2242 1134 2265 armaturam
1164 2239 1249 2273 ipsius
1274 2239 1358 2266 sumit
1387 2237 1564 2270 Ptolemzeus,
1596 2237 1678 2272 inque

895 2283 1042 2319 JEgyptum
1059 2289 1181 2319 asportat
1197 2293 1203 2311 :
1217 2285 1368 2319 completur
1384 2283 1536 2318 Scriptura.
1554 2282 1625 2310 sicut
1640 2283 1678 2310 ait

895 2328 988 2356 Daniel
1004 2338 1010 2355 :
1026 2328 1059 2356 Et
1076 2329 1136 2355 deos
1146 2337 1245 2361 eorum,
1260 2334 1283 2355 et
1299 2329 1444 2363 sculptilia,
1458 2333 1482 2355 et
1497 2337 1572 2355 omne
1582 2337 1677 2355 aurum

896 2375 1039 2408 pretiosum
1056 2374 1130 2401 ducet
1149 2375 1177 2401 in
1193 2374 1349 2409 Egi/ptum.

932 2469 1041 2497 XXXV.
1062 2468 1095 2497 Et
1106 2473 1168 2504 post
1185 2468 1243 2496 haec
1261 2468 1357 2495 iterum
1373 2469 1511 2503 egreditur
1527 2469 1678 2497 Antiochus

896 2517 997 2545 bellum
1016 2516 1146 2543 adversus
1164 2522 1225 2542 eum
1243 2515 1408 2546 instaurans,
1424 2515 1470 2549 qui
1485 2515 1519 2542 de
1533 2514 1679 2542 Ptolemaeo

895 2564 983 2591 victor
998 2562 1095 2590 evasit.
1114 2561 1195 2589 Hisce
1211 2561 1332 2596 profecto
1349 2561 1432 2596 gestis
1455 2569 1551 2589 rursus
1566 2562 1592 2588 in
1609 2562 1679 2590 lilios

897 2609 980 2637 Israel
997 2609 1126 2643 impetum
1141 2607 1207 2636 facit
1223 2607 1384 2639 Antiochus,
1401 2611 1428 2634 et
1441 2607 1584 2642 quemdam
1599 2606 1682 2635 Nica-

898 2663 992 2682 norem
1009 2662 1071 2682 eum
1090 2653 1195 2689 magnis
1215 2653 1301 2688 copiis
1321 2653 1437 2689 ablegat,
1460 2659 1489 2682 ut
1507 2653 1616 2681 Iudaeos
1631 2655 1680 2682 de-

900 2782 983 2802 mrmr
1006 2774 1095 2801 dictus
1119 2777 1168 2802 est.
1193 2773 1238 2800 ἐπὶ
1253 2773 1409 2808 χλευασμῷ,
1436 2777 1463 2799 ιιι
1482 2772 1631 2802 Pausanias
1650 2773 1676 2798 in

899 2811 1004 2838 Atticis.
1024 2810 1126 2837 (Iactura
1145 2814 1233 2836 talncn
1249 2811 1281 2836 ab
1298 2809 1409 2835 historm
1423 2808 1564 2836 recedunt.
