1860 3051
66 175 203 210 Ἀμμῶνα.
230 176 284 202 Kal
310 175 422 203 ἐκτενεῖ
443 176 499 210 τὴν
523 176 605 211 χεῖρα
620 178 712 204 αὐτοῦ
731 178 780 204 ἐπὶ
800 171 857 212 τὴν

59 221 131 256 γῆν
141 230 147 237 ·
163 222 211 248 καὶ
224 222 243 255 ἡ
259 222 297 256 γῆ
311 223 460 256 Αιγιύπτου
469 223 524 249 οὐκ
537 222 622 250 ἔσται
638 224 681 256 εἰς
694 224 852 258 σωτηρίαν

60 268 119 294 καὶ
147 268 299 302 κυριεύσει
321 267 355 294 ἐν
375 267 437 300 τοῖς
452 268 634 302 ἀποκρύφοις
650 268 701 295 τοῦ
716 270 853 303 χρυσίου,

60 314 116 340 καὶ
138 314 192 341 τοῦ
208 313 362 348 ἀργυρίου,
379 313 427 340 καὶ
442 313 516 340 πᾶσι
532 313 593 346 τοῖς
609 313 797 348 ἐπιθυλιητοῖς
810 317 856 341 λιν

57 360 197 394 τύπτου,
212 359 260 386 καὶ
276 359 400 391 Λιϐύων,
420 359 468 386 καὶ
485 359 631 386 Αἰθιόπων·
651 359 686 386 ἐν
705 360 767 392 τοῖς
783 360 854 394 ὀχυ-

55 404 206 440 ρώμασιν
221 405 330 432 αὐτῶν.

98 461 229 488 XXXIX.
250 462 342 489 Ταῦτα
356 462 406 498 μὲν
416 459 463 489 οὖν
475 462 560 494 οὕτως
571 463 585 489 ὁ
597 462 738 498 προφήτης
754 461 855 496 διηγεῖ-

57 515 109 533 ται
127 508 194 544 περὶ
208 508 255 534 τοῦ
274 507 466 544 Ἀντιχρίστου,
479 508 508 540 ὃς
518 507 593 535 ἔσται
608 507 726 543 ἀναιδὴς,
740 507 855 543 πολεμο-

57 554 169 589 τρύφος
199 554 246 580 καὶ
263 554 403 590 τύραννος,
420 554 450 586 ὃς
468 554 538 590 ὑπὲρ
549 555 650 586 πάντας
667 554 793 589 βασιλεῖς,
807 554 854 581 καὶ

57 599 160 626 πάντα
181 600 248 626 Θεὸν
268 599 407 636 ἐπαρθεὶς,
424 599 595 635 οἰκοδομήσει
615 599 662 635 τὴν
679 599 854 636 Ἰερουσαλὴμ

57 645 157 677 πόλιν,
175 645 224 673 κα)⁴
238 645 283 672 τὸν
296 646 358 673 ναὸν
375 646 534 681 ἀναστήσει·
552 646 638 681 τούτῳ
654 646 854 681 προσκυνήσου-

57 699 106 718 σιν
129 691 169 723 ὡς
190 691 250 727 Θεῷ
268 692 292 718 οι
313 691 444 723 ἀπειθεῖς,
464 691 511 718 καὶ
532 691 618 726 τούτῳ
631 691 694 725 γόνυ
708 690 852 724 κλινοῦσιν,

57 735 247 768 ὑπονοοῦντες
266 736 346 763 αὑτὸν
365 734 434 762 εἶναι
458 736 503 763 τὸν
520 736 651 772 Χριστόν·
668 734 744 769 οὗτος
765 735 854 763 ἀνελεῖ

56 781 128 812 τοὺς
140 781 190 808 δύο
209 781 359 817 μάρτυρας,
379 781 425 808 καὶ
439 780 606 817 προδρόμους
619 782 735 817 Χριστοῦ
750 781 852 817 κηρύσ-

58 835 164 859 σοντας
179 827 229 864 τὴν
248 827 350 862 ἔνδοξον
364 827 445 854 αὑτοῦ
462 829 509 856 ἀπ’
524 820 645 864 οὐρανῶν
658 828 803 864 βασιλείαψ
815 829 852 861 ὼς

57 873 138 908 λέγει
148 883 155 889 ·
176 875 232 901 Kal
247 874 332 902 δώσω
342 875 403 909 τοῖς
418 876 488 903 δυσὶ
500 875 632 910 μάρτυσι
641 884 710 911 μου,
724 876 772 902 καὶ
785 883 851 910 προ-

56 921 276 954 φητεύσουσιν
289 922 400 956 ἡμέρας
413 922 513 957 χιλίας
528 921 683 954 διακοσίας
695 921 849 954 ἐξήκοντα,

57 967 310 1002 περιϐεϐλημένοι
340 967 492 1001 σάκκους·
520 968 610 1000 καθὼς
633 969 678 995 καὶ
698 967 737 1003 τῷ
754 967 850 1003 Δανιὴλ

56 1012 175 1048 εἴρηκε⁹
192 1013 247 1040 Kal
261 1013 397 1048 διαθήσει
415 1014 560 1048 διαθήκην
575 1013 709 1046 πολλοῖς,
724 1013 850 1048 ἑϐδομὰς

54 1059 124 1092 μία,
153 1059 205 1085 καὶ
225 1059 310 1086 ἔσται
323 1060 358 1086 ἐν
372 1059 411 1093 τῷ
430 1061 532 1095 ἡμίσει
545 1059 600 1093 τῆς
613 1059 782 1094 ἑϐδομάδος,
799 1060 851 1093 dp-

57 1104 193 1137 θήσεται
203 1114 262 1140 μου
275 1106 294 1139 τι
311 1106 411 1138 θυσία,
431 1106 478 1133 καὶ
495 1107 513 1140 ἡ
528 1105 657 1139 σπονδὴ,
670 1106 712 1132 ἵνα
725 1105 815 1140 δειχθῇ
833 1106 849 1140 ἡ

59 1150 112 1185 μία
133 1150 256 1186 ἑϐδομὰς
271 1152 311 1183 εἰς
326 1151 372 1178 δύο
388 1151 550 1187 μεριζομὲνη
560 1160 566 1166 ·
585 1151 637 1178 τῶν
656 1151 704 1186 μὲν
719 1151 765 1177 δύο
781 1160 850 1187 μαρ-

56 1194 153 1230 τύρων
180 1196 244 1231 τρία
270 1196 353 1232 ἥμισυ
374 1196 421 1233 ἔτη
440 1197 641 1232 κηρυσσόντων,
655 1195 700 1222 τοῦ
717 1196 745 1222 δὲ
766 1197 850 1223 Ἀντι-

58 1242 188 1277 χρξο-εου,
199 1242 232 1269 τὸ
245 1242 382 1270 ἐπελοιπον
397 1244 447 1278 τῆς
459 1243 602 1278 ἑϐδομάδος
616 1243 678 1274 τοὺς
693 1242 786 1276 ἁγίους
800 1251 848 1268 πο-

57 1289 86 1316 λε
91 1289 221 1325 μοῦντος,
242 1290 344 1317 καὶτὸν
360 1290 460 1325 κόσμον
474 1290 649 1325 ἐρημοῦντος,
664 1290 707 1316 ἴνα
720 1289 848 1325 πληρωθῇ

57 1335 89 1361 τὸ
102 1335 253 1370 εἰρημένον
262 1343 269 1350 ο
292 1335 346 1363 Kal
365 1334 497 1362 δώσουσι
508 1335 666 1370 ,βδέλυγμα
677 1334 849 1370 ἐρημώσεως

58 1379 179 1414 ἡμέρας
194 1381 294 1414 χιλίας
307 1381 462 1414 διακοσίας
476 1381 666 1414 ἐνενήκοντα.

94 1425 154 1452 XL.
177 1426 230 1452 Δύο
249 1424 295 1454 οὖν
319 1426 490 1463 βδελύγματα
509 1427 602 1463 εἴρηκε
624 1427 732 1462 Δανιὴλ,
753 1425 782 1452 ἓν
800 1425 849 1461 μὲν

57 1471 232 1507 ἀφανισμοῦ,
247 1471 276 1498 ἓν
291 1471 318 1498 δὲ
333 1471 514 1508 ἐρημώσεωςο
528 1473 555 1500 τί
570 1472 600 1499 τὸ
618 1472 779 1508 ἀφανισμοῦ,
792 1472 847 1499 ἀλλ’

651 117 861 146 FRAGMENTA
882 118 915 145 ΙΝ
934 119 1118 148 DANIELEM.

1634 124 1685 150 666

870 182 892 210 Α
907 184 1021 212 terram;
1032 186 1057 207 et
1071 186 1141 207 terra
1160 179 1268 216 Αῖθνριί
1282 189 1330 208 non
1348 182 1397 209 erit
1412 183 1438 209 in
1454 183 1634 210 saluationem.
1653 182 1684 209 Et

906 225 1086 253 dominabitur
1100 227 1127 253 in
1139 226 1299 254 absconditis
1314 228 1372 254 auri
1393 233 1417 254 et
1430 229 1540 263 argenti,
1553 233 1577 254 et
1590 229 1616 255 in
1629 237 1684 255 ont-

906 271 981 297 nibus
998 272 1118 305 pretiosis
1134 271 1254 306 Egypti,
1275 277 1298 299 et
1314 273 1434 308 Libyam,
1447 278 1472 300 et
1488 273 1644 308 A‘thiopum
1657 275 1684 301 in

904 318 1107 353 propugnaculis
1119 326 1218 345 eorum.
1262 340 1270 350 ,

938 459 1059 487 XXXIX.
1081 459 1143 488 Ηωο
1157 461 1238 496 igitur
1258 462 1388 497 propheta
1407 462 1443 489 ita
1458 468 1567 490 enarrat
1581 464 1613 491 de
1627 464 1666 491 An

890 502 1037 535 ,lichristo,
1051 504 1098 538 qui
1111 505 1162 531 erit
1175 505 1327 539 impudens,
1344 506 1406 533 belli
1425 508 1531 541 avidus,
1549 513 1575 535 et
1587 513 1679 544 lyrzm-

903 556 965 581 nus,
981 550 1025 584 qui
1042 557 1123 584 super
1138 558 1233 578 omnes
1251 559 1328 586 reges
1343 560 1505 588 omnemque
1522 553 1604 581 Deum
1623 555 1679 581 ela-

903 598 957 626 tus,
974 595 1066 622 urbem
1083 594 1233 622 Jerusalem
1256 597 1403 631 reparabit,
1424 603 1450 625 ct
1465 599 1592 633 templum
1608 599 1681 626 exci-

902 639 985 672 tabit;
1000 640 1072 667 hunc
1084 640 1235 668 adorabunt
1248 643 1330 669 veluti
1344 642 1427 670 Deum
1443 643 1603 676 refractarii,
1619 645 1681 672 huic

903 684 1091 720 genuﬂectent,
1105 686 1292 714 existimantes
1303 687 1390 722 ipsum
1402 695 1462 715 esse
1472 687 1624 721 Christum;
1637 689 1681 716 hic

902 728 971 756 duos
983 733 1064 756 testes
1077 733 1104 756 et
1117 729 1217 757 Christi
1232 738 1422 765 prmcursores,
1438 732 1583 766 gloriosum
1596 733 1680 768 ipsius

902 781 918 801 e
933 774 1010 802 caelis
1026 782 1136 809 regnum
1153 775 1339 810 praedicantes,
1355 777 1388 804 de
1401 778 1489 804 medio
1509 778 1596 810 tollet;
1611 778 1682 806 sicut

902 820 960 847 ait:
977 820 1011 847 Et
1027 821 1093 848 dabo
1113 822 1213 849 duobus
1231 822 1338 849 testibus
1356 823 1429 857 meis,
1448 828 1471 850 et
1491 824 1680 859 prophetabunt

868 856 990 893 Bdiebus
1017 867 1089 894 mille
1117 867 1237 894 ducentis
1265 869 1412 903 sexaginta,
1445 856 1544 896 amicti.
1562 870 1678 902 saccit‘;

900 913 1126 947 quemadmodum
1141 917 1168 940 et
1181 913 1285 941 Danicli
1303 914 1370 942 dixit
1386 924 1393 942 :
1408 914 1442 942 Et
1457 915 1623 950 conﬁrmabit
1633 925 1680 950 pa-

900 962 970 984 ctum
990 959 1080 986 multis
1096 959 1258 986 hebdomade
1275 968 1344 993 una,
1361 965 1386 987 et
1400 961 1450 987 erit
1467 961 1495 987 in
1511 961 1621 988 dimidio
1634 962 1679 988 Ite-

900 1004 1047 1036 bdomadis,
1062 1005 1195 1040 auferetur
1205 1006 1366 1040 sacriﬁcium
1380 1015 1465 1033 meum
1481 1012 1505 1034 ct
1519 1007 1642 1040 libamen,
1652 1012 1681 1035 ut

900 1050 1058 1077 ostendatur
1075 1059 1129 1078 una
1153 1051 1320 1079 hebdomada
1348 1052 1374 1078 in
1401 1052 1469 1080 duas
1486 1052 1583 1080 divisa.
1612 1052 1678 1080 Nam

899 1093 953 1122 duo
966 1095 1073 1129 quidem
1091 1100 1172 1123 testes
1190 1096 1276 1124 tribus
1289 1105 1351 1124 cum
1366 1097 1478 1124 dimidio
1492 1099 1570 1125 annis
1582 1099 1680 1134 pracdi-

899 1141 1010 1174 cabunt,
1033 1142 1059 1169 in
1084 1143 1189 1177 reliquo
1214 1151 1277 1170 vero
1299 1144 1472 1172 hcbdomada:
1496 1145 1679 1174 Antichristus

900 1192 1009 1216 sanctos
1030 1188 1100 1215 bello
1120 1193 1307 1223 persequetur,
1330 1191 1514 1225 mundumque
1533 1191 1677 1225 desolabit.

899 1239 929 1262 ut
940 1235 1127 1269 adimplcatur,
1145 1235 1216 1269 quod
1227 1235 1328 1263 dictum
1340 1241 1382 1263 est
1395 1246 1401 1263 :
1418 1235 1452 1262 Et
1466 1237 1564 1264 dabunt
1577 1238 1678 1265 abomio

899 1281 1031 1308 nationem
1052 1281 1222 1308 desolationis
1249 1282 1339 1308 diebus
1361 1282 1432 1309 mille
1453 1284 1570 1311 ducentis
1593 1293 1678 1312 nona-

900 1327 985 1362 ginta.

932 1425 989 1453 XL.
1012 1426 1082 1454 Duas
1101 1426 1183 1461 igitur
1203 1427 1419 1455 abominationes
1434 1429 1560 1463 praedixit
1573 1429 1676 1462 Daniel,

899 1478 979 1498 unam
986 1471 1093 1507 quidem
1100 1471 1415 1505 dcstruetionis,altcram
1422 1473 1676 1509 verpdesolationis.

58 1518 74 1554 ἦ
92 1518 107 1544 ὃ
123 1517 242 1553 ἔστησεν
258 1518 316 1544 ἐκεῖ
334 1518 404 1544 κατὰ
418 1518 463 1545 τὸν
483 1518 576 1554 καιρὸν
594 1518 742 1554 Ἀντίοχος
762 1518 809 1544 καὶ
821 1519 848 1545 τί

935 1525 1027 1544 laenam
1034 1521 1074 1545 est
1081 1517 1125 1543 illa
1133 1516 1334 1551 destructionis,
1342 1518 1394 1545 nisi
1402 1526 1482 1553 quam
1492 1518 1565 1546 ibiad
1573 1523 1678 1554 tempus

58 1564 154 1599 τὸτῆς
177 1563 354 1599 ἐρημώσεως,
376 1564 462 1600 ἀλλ’ἢ
490 1564 601 1591 καθόλου
625 1565 662 1596 ὡς
686 1564 819 1600 παρέσται
834 1565 848 1591 ὁ

64 1609 272 1645 Ἀντίχριστος;
299 1609 355 1636 Kal
378 1608 460 1637 οὖτοι
480 1609 668 1643 σωθήσονται
692 1610 725 1636 ἐκ
753 1609 849 1644 χειρὸς

58 1656 170 1686 αὐτοῦ,
190 1654 293 1689 Ἐδὼμ,
305 1655 354 1682 καὶ
367 1655 464 1686 Μωὰϐ,
476 1654 526 1681 καὶ
539 1654 617 1689 ἀρχὴ
630 1654 702 1682 υἱῶν
722 1654 846 1689 Ἀμμών.

59 1698 143 1727 Οὗτοι
159 1700 214 1735 γάρ
229 1702 296 1727 εἰσιν
319 1701 343 1727 οἱ
365 1701 553 1737 συνερχόμενοι
575 1700 648 1735 αὑτῷ
664 1700 707 1727 διὰ
723 1701 771 1736 τὴν
786 1708 850 1735 συγ-

60 1747 184 1780 γένειαν,
200 1747 246 1773 καὶ
261 1746 371 1781 βασιλέα
382 1747 462 1774 αὐτὸν
476 1747 578 1783 πρῶτοι
592 1747 811 1783 ἀναγορεύοντες·
824 1747 848 1774 οἱ

59 1791 113 1826 μὲν
141 1791 232 1827 Ἑδὼμ
253 1791 321 1818 εἰσὶν
337 1792 388 1818 υἱοὶ
408 1792 491 1818 Ἠσαῦ
504 1792 529 1818 οἱ
543 1791 728 1823 κατοικοῦντες
744 1792 773 1818 τὸ
788 1792 849 1827 ὅρος

58 1838 162 1873 Σηείρ·
179 1837 266 1864 Μωὰϐ
284 1837 312 1864 δὲ
331 1838 377 1864 καὶ
396 1838 516 1874 ’Δμμὼν,
532 1839 556 1865 οἱ
568 1839 600 1864 ὲκ
612 1837 666 1864 τῶν
677 1837 722 1864 δύο
739 1837 850 1872 θυγατέ-

59 1892 119 1919 ρων
136 1883 220 1910 αὐτοῦ
235 1884 437 1920 γεγεννημένοι,
450 1884 487 1916 ὡς
499 1885 546 1911 καὶ
571 1884 682 1915 Ἡσαΐας
694 1883 767 1918 λέγει
776 1892 782 1898 ·
795 1883 850 1910 Kal

58 1930 307 1963 πετασθήσονται
324 1930 359 1956 ἐν
370 1931 487 1964 πλοίοις
500 1931 682 1964 ἀλλοφύλων
694 1929 851 1956 θάλασσαν

57 1976 124 2010 ἅμα
139 1976 393 2010 προνομεύσουσι,
409 1976 457 2002 καὶ
469 1977 495 2002 οι
508 1976 566 2002 ἀπὸ
580 1974 735 2003 ἀνατολῶν
750 1975 849 2009 ἡλίου,

58 2021 111 2048 καὶ
126 2023 154 2048 οι
171 2021 230 2048 ἀπὸ
245 2021 380 2055 δυσμῶν,
402 2021 452 2048 καὶ
467 2021 573 2056 βορῤᾶ,
593 2021 724 2049 δώσουσι
740 2021 849 2053 δόξανο

58 2069 86 2093 οἱ
109 2067 145 2093 δὲ
161 2067 219 2093 υἱοὶ
247 2067 363 2102 Ἀμμὼν
385 2067 493 2101 πρῶτοι
513 2068 745 2094 ὑπακούσονται.
768 2065 851 2099 Οὗτος

57 2112 108 2138 ὑπ’
127 2111 217 2139 αὐτῶν
240 2111 367 2146 βασιλεὺς
387 2112 589 2147 ἀναγορευθεὶς,
614 2112 661 2139 καὶ
676 2111 727 2138 ὑπὸ
744 2113 851 2140 πάντων

58 2156 216 2191 δοξασοεὶς,
228 2157 274 2183 καὶ
289 2157 424 2193 βδέλυγμα
438 2157 602 2193 ἐρημώσεως
614 2157 653 2192 τῷ
668 2157 761 2193 κόσμῳ
776 2167 852 2194 γενη-

59 2203 121 2236 θεὶς
142 2203 275 2239 κρατήσει
294 2203 402 2239 ἡμέρας
423 2202 510 2239 χιλίας
525 2203 668 2237 ¹διακοσίας
682 2204 849 2238 ἐνενήκοντα.

59 2249 218 2283 Μακάριος
234 2251 250 2276 ὁ
265 2249 441 2283 ὑπομείνας,
466 2249 515 2277 καὶ
539 2249 658 2284 φθάσας
676 2250 719 2282 είς
739 2248 851 2284 ἡμέρας

59 2295 167 2330 χιλίας
183 2294 355 2328 τριακοσίας
371 2294 530 2328 τριάκοντα
548 2294 652 2321 πέντε·
666 2294 713 2321 τοῦ
727 2293 781 2330 γὰρ
793 2294 851 2330 βδε-

59 2340 202 2375 λύγματος
231 2339 468 2375 παραγενομένου,
504 2339 551 2366 καὶ
582 2339 760 2374 πολεμοῦντος
789 2339 852 2370 τοὺς

60 2386 171 2420 ἁγίους,
189 2384 219 2417 ὃς
234 2385 267 2412 ἂν
283 2385 388 2421 ὑπερϐῇ
404 2385 453 2417 τὰς
468 2385 571 2422 ἡμέρας
585 2385 677 2417 αὑτοῦ,
694 2385 739 2411 καὶ
756 2385 852 2421 ὲγγίσῃ

60 2433 102 2463 εἰς
121 2430 229 2466 ἡμέρας
247 2430 450 2466 τεσσαράκοντα
471 2430 561 2462 πέντε,
581 2430 675 2465 ἐτέρας
691 2430 850 2466 ὲγγιζούσης

61 2476 264 2512 πεντηκοστῆς,
284 2476 400 2511 ἔφθασεν
418 2477 435 2512 ὴ
457 2476 578 2511 βασιλεία
591 2477 644 2503 τῶν
656 2476 791 2512 οὐρανῶνο
807 2476 851 2511 ἐρ-

61 2531 140 2558 χεται
165 2523 215 2558 μὲν
229 2524 244 2549 ό
270 2522 460 2558 Ἀντίχριστος,
474 2522 521 2549 καὶ
537 2523 576 2553 εἰς
591 2521 672 2558 μέρος
687 2522 735 2557 τῆς
751 2530 849 2559 πεντη-

899 1562 994 1589 statuit
1005 1562 1172 1590 Antiochus?
1187 1570 1246 1597 qum
1260 1570 1324 1590 vero
1342 1563 1526 1595 desolatiouis,
1547 1563 1599 1591 nisi
1619 1572 1679 1599 qua:

899 1608 951 1635 erit
958 1608 1058 1643 ubique
1069 1608 1201 1641 locorum,
1214 1609 1321 1643 quando
1329 1608 1416 1635 aderit
1428 1608 1632 1637 Antichristus?
1645 1609 1678 1636 Et

899 1656 925 1682 hi
932 1654 1103 1682 salvabuntur
1110 1655 1307 1687 emanuipsins.
1319 1654 1411 1687 Edam,
1421 1660 1444 1681 et
1455 1654 1543 1686 illaab,
1553 1659 1576 1682 ct
1584 1656 1679 1690 princi-

898 1701 970 1736 pium
976 1700 1091 1734 ﬁliorum
1100 1701 1221 1731 Ammon;
1230 1700 1331 1727 hienim
1342 1705 1415 1733 sunt,
1425 1701 1469 1735 qui
1477 1708 1536 1728 sese
1545 1701 1594 1736 ipsi
1603 1710 1679 1736 prop-

899 1750 940 1773 ter
953 1745 1195 1780 consanguinitatis
1209 1746 1432 1773 necessitudinem
1443 1747 1611 1778 consociant,
1624 1748 1678 1782 pri-

899 1791 990 1825 mique
1003 1791 1089 1825 ipsum
1100 1798 1188 1826 regem
1200 1792 1373 1826 appellantes.
1382 1791 1490 1820 Idumaei
1499 1793 1607 1827 quidem
1616 1799 1679 1820 suut

900 1836 946 1864 lilii
961 1836 1031 1863 Esau
1044 1836 1070 1862 in
1083 1841 1176 1864 monte
1193 1837 1252 1864 Scir
1266 1837 1432 1871 habitantes;
1445 1838 1566 1866 Moabitae
1577 1847 1639 1867 vero
1652 1845 1677 1867 et

898 1882 1072 1915 Ammanitae,
1092 1882 1138 1917 qui
1153 1890 1186 1909 ex
1203 1883 1310 1910 duabus
1325 1884 1410 1918 ipsius
1425 1885 1486 1912 (iliis
1504 1890 1568 1913 sunt
1581 1894 1680 1922 propa-

899 1928 965 1962 gati,
980 1928 1050 1955 sicut
1063 1928 1143 1955 etiam
1162 1928 1246 1956 Isaias
1261 1929 1342 1956 dicit:
1358 1929 1392 1956 Et
1403 1931 1539 1958 extendant
1555 1940 1580 1958 se
1594 1933 1621 1958 in
1632 1940 1679 1958 ηα-

899 1973 974 2000 vibus
991 1973 1207 2008 alienigenarum,
1229 1973 1308 2000 simul
1322 1983 1393 2001 mare
1409 1975 1637 2009 depraedabantur,
1654 1981 1679 2003 et

900 2020 944 2055 qui
957 2022 989 2046 ab
1000 2025 1059 2047 ortu
1072 2019 1145 2051 salis,
1159 2020 1202 2054 qui
1219 2020 1250 2046 ab
1261 2020 1393 2048 occidente
1405 2025 1430 2047 ct
1444 2022 1564 2056 aquilone
1580 2022 1678 2048 dabunt

901 2065 1024 2100 gloriam,
1041 2064 1092 2099 ﬁlii
1110 2072 1168 2091 vero
1187 2065 1298 2092 Ammon
1318 2066 1397 2100 primi
1417 2066 1533 2094 obedienl
1545 2069 1565 2094 ’.
1582 2067 1631 2095 llic
1645 2069 1679 2096 ab

900 2110 967 2145 ipsis
987 2118 1033 2138 rex
1052 2111 1197 2143 salutatus,
1220 2115 1248 2138 et
1271 2112 1304 2138 ab
1319 2112 1446 2139 omnibus
1465 2113 1639 2148 gloriﬁcatus,
1654 2119 1680 2141 et

902 2155 1003 2183 mundo
1014 2155 1177 2183 abominatio
1187 2156 1362 2184 desolationis
1371 2157 1490 2191 eﬂ‘ectus,
1502 2158 1595 2186 diebus
1607 2159 1679 2186 mille

866 2194 889 2223 Ι)
901 2201 1024 2228 ducentis
1041 2202 1186 2237 nonaginta
1201 2202 1394 2231 dominabitur.
1410 2203 1507 2230 Beatus
1529 2205 1574 2239 qui
1597 2206 1679 2232 susti-

902 2248 987 2274 nuerit
1005 2256 1084 2283 usque
1094 2248 1127 2275 ad
1139 2248 1194 2276 dies
1208 2249 1279 2277 mille
1292 2254 1418 2277 trecentos
1429 2251 1539 2285 triginta
1550 2251 1679 2286 quinque,-

902 2300 963 2320 uam
981 2293 1183 2321 abominatione
1201 2293 1370 2326 adveniente,
1391 2299 1417 2322 et
1432 2299 1540 2322 sanctos
1555 2300 1679 2328 vexantc.

902 2338 1058 2374 quicunque
1069 2339 1143 2366 illius
1151 2339 1209 2366 dies
1220 2340 1398 2374 superaverit,
1408 2345 1435 2368 et
1443 2341 1586 2369 accesserit
1596 2349 1680 2377 prope

902 2384 935 2412 ad
947 2385 1005 2412 dics
1015 2385 1191 2420 quadraginta
1209 2385 1340 2420 quinque,
1355 2386 1417 2414 aliis
1427 2387 1624 2422 quinquaginta
1634 2395 1679 2414 ac-

902 2430 1071 2463 cedentibus,
1091 2430 1216 2458 advenict
1234 2439 1345 2466 regnum
1368 2431 1510 2460 caelorum.
1526 2431 1606 2460 Venit
1619 2433 1679 2467 qui-

902 2477 963 2504 dem
977 2477 1160 2505 Antichristus
1176 2477 1256 2504 etiam
1274 2477 1301 2504 in
1313 2482 1415 2512 partem
1433 2479 1678 2513 quinquagesima;

902 2531 1015 2559 regnum
1030 2531 1093 2551 vero
1107 2523 1193 2551 sancti
1207 2531 1268 2551 cum
1283 2523 1396 2560 Christo~
1408 2524 1590 2552 haereditaturi
1604 2528 1676 2552 sunt.

61 2569 176 2604 κοστῆς,
191 2569 241 2605 τὴν
255 2568 284 2595 δὲ
297 2568 433 2604 βασιλείαν
446 2569 469 2595 οἱ
486 2568 557 2603 ἅγιοι
578 2569 636 2604 ἅμα
655 2567 765 2604 Χριστῷ
784 2568 959 2605 κληρονομεῖν
973 2570 1108 2605 μέλλουσι.

100 2615 170 2643 XLI.
192 2615 302 2642 Τούτων
324 2614 410 2647 οὕτως
433 2614 602 2651 εἰρημένων,
616 2614 717 2649 λέγειὸ
735 2614 848 2649 Δανιήλ-

63 2665 118 2692 Kal
140 2663 205 2690 ὶδοὺ
228 2663 284 2690 δύο
305 2662 412 2696 ἄνδρες
433 2661 628 2695 είστήκασαν,
651 2658 695 2693 εἷς
713 2660 851 2688 ἐντεῦθεν

63 2710 118 2737 τοῦ
139 2710 264 2745 χείλους
280 2709 334 2736 τοῦ
350 2708 492 2743 ποταμοῦ,
516 2708 565 2735 καὶ
578 2705 622 2740 εἷς
637 2706 786 2738 ἐντεῦθεν,
801 2707 850 2735 καὶ

64 2755 277 2789 ἀπεκρίθησαν
291 2753 332 2786 τῷ
343 2752 428 2787 ἀνδρὶ
440 2752 480 2786 τῷ
493 2752 631 2787 ἑστηκότι
646 2752 693 2779 ἐπὶ
709 2751 741 2779 τὸ
751 2751 852 2786 χεῖλος

102 2848 210 2881 ¹Λρο(;.
227 2852 266 2878 ιι,
280 2844 308 2872 3.
347 2845 356 2860 ²
371 2843 422 2872 lsa.
436 2852 475 2879 xu,
494 2846 534 2873 li.

936 2615 1004 2643 XLI.
1026 2615 1073 2644 llis
1096 2616 1132 2643 ita
1153 2617 1296 2650 enarratis,
1318 2617 1355 2644 ait
1378 2612 1469 2644 Daniel
1484 2626 1490 2643 :
1507 2616 1540 2643 Et
1557 2625 1613 2644 ecce
1627 2617 1681 2644 duo

900 2661 951 2688 uiri
965 2666 1102 2695 steterunt,
1115 2670 1181 2689 unus
1190 2662 1249 2689 hinc
1260 2670 1336 2697 super
1346 2662 1430 2697 ripam
1440 2662 1568 2697 ﬂuminis,
1578 2667 1602 2689 et
1611 2662 1679 2689 alius

902 2705 971 2737 inde,
995 2711 1019 2733 ct
1042 2707 1226 2741 responderunt
1252 2707 1306 2734 uiro
1342 2707 1387 2742 qui
1406 2708 1493 2734 stabat
1507 2715 1584 2741 super
1597 2715 1680 2741 aquas

901 2752 1028 2786 ﬂuminis,
1043 2757 1066 2780 et
1083 2753 1205 2781 dixerunt
1218 2753 1258 2781 illi
1273 2761 1282 2780 ς
1300 2752 1435 2789 Usquequo
1453 2753 1513 2786 ﬁnis
1532 2760 1680 2780 sermonum
