1860 3051
192 105 245 135 567

194 163 368 195 nrirnbilittm,
391 171 455 198 quos
474 162 576 190 loculus
596 164 641 190 es?
661 163 694 190 Et
715 164 805 190 audiui
819 164 913 197 virum,
926 164 971 199 qui
986 167 1007 194 Α

194 210 301 235 indutus
315 214 372 236 erat
382 209 488 241 buddiu,
501 209 546 243 qui
563 209 649 235 stabat
662 217 739 243 super
751 218 832 244 aquas
845 210 973 244 ﬂuminis,

194 260 218 281 et
236 255 344 281 elevavit
358 255 490 280 dexteram
505 262 590 284 suam.
604 260 628 281 et
643 255 780 281 sinistrum
796 255 822 282 in
836 255 938 289 cretum,
949 261 973 283 et

191 299 292 334 juraeit
306 308 350 334 per
360 300 485 326 uirentem
502 300 527 326 in
542 305 669 327 (uernum
682 308 690 326 :
706 302 768 336 quia
782 301 808 328 in
823 306 932 336 tempus,
949 307 973 329 ct

196 349 323 379 tempora,
334 349 358 371 et
372 345 512 371 dimidium
528 341 661 379 temporis,
676 354 735 372 cum
751 346 879 381 completa
894 347 973 382 fuerit

194 390 331 423 dispersio,
346 394 532 424 cognoscentur
548 390 666 416 universa
681 391 744 417 Ιιωε.

193 435 312 468 αἰῶνας,
326 435 370 462 ὅτι
387 437 429 468 εὶς
450 436 564 470 καιρὸν,
582 436 713 470 καιροὺς,
725 437 774 464 καὶ
789 437 882 471 ἣμισυ
900 439 1013 473 καιροῦ,

194 483 288 511 ταῦτα
305 483 411 510 πάντα.

231 530 309 558 XLII.
331 531 447 564 Quinam
466 536 556 559 autem
572 536 648 559 erant
661 531 715 559 duo
731 531 793 564 viri,
808 533 854 568 qui
866 533 974 561 stabant

194 577 265 611 apud
278 577 364 611 ripam
382 576 512 609 ﬂuminis,
530 577 582 604 nisi
598 577 640 604 lex
658 582 685 605 et
700 578 854 612 prophetae?
873 584 899 606 et
913 580 974 614 quis

194 627 263 653 erat.
279 623 324 657 qui
339 623 428 650 stabat
443 630 524 658 super
539 631 649 658 aquam,
662 624 715 650 nisi
731 625 774 652 hic
789 625 855 659 ipse.
871 625 904 653 de
919 634 974 661 quo

196 668 245 703 ipsi
262 668 325 695 olim
344 669 555 703 prophetarum;
571 669 616 704 qui
639 669 792 698 novissimis
808 672 974 706 temporibus

195 714 222 741 in
238 713 356 741 Jordane
376 714 519 742 manifeste
540 714 723 742 testimonium
741 720 902 750 accepturus
916 721 974 744 erat

196 769 212 787 a
226 760 315 790 Patre.
329 765 356 787 et
372 768 386 787 a
401 760 504 787 Joanne
519 761 617 795 populo
635 761 746 788 ﬁdenter
759 765 816 788 erat
830 761 972 789 ostenden-

195 807 258 837 dus,
273 806 318 840 qui
330 805 404 840 Itast
421 807 514 834 scribat
531 807 600 833 circa
619 815 690 834 renes
710 807 818 841 ferebat,
833 813 856 834 et
875 807 972 834 baddin

197 853 289 879 tunica
305 854 384 880 variis
397 853 527 880 coloribus
541 854 667 880 distincta
683 859 740 881 erat
753 854 869 881 indutus.
883 854 914 882 IIi
926 855 976 889 igi-

196 902 241 926 tur
258 898 426 932 interrogant
440 906 512 931 eum,
530 899 645 926 scientes
655 899 727 934 quod
742 899 790 934 ipsi
804 899 895 926 datum
907 904 978 927 esset

196 951 276 970 omne
293 943 435 978 imperium
453 949 479 970 et
495 947 625 978 potestas,
643 949 672 971 ut
686 948 810 971 accurate
827 944 932 971 discant
944 944 977 971 ab

197 996 240 1020 eo,
266 989 376 1023 quando
395 989 527 1023 judicium
553 989 586 1016 de
602 989 703 1016 mundo
718 994 789 1016 esset
805 989 936 1022 facturus,
952 993 978 1016 et

197 1041 253 1069 quo
266 1039 396 1069 tempore,
410 1043 470 1070 qua:
482 1035 515 1062 ab
526 1035 585 1070 ipso
594 1035 696 1062 elocuta
705 1039 791 1067 erant,
806 1035 975 1070 adimplenda

197 1080 297 1109 forent.
310 1081 356 1109 Ille
372 1090 435 1109 vero
449 1082 541 1109 volens
561 1089 609 1109 eos
626 1082 737 1109 omnino
751 1086 840 1110 certos
853 1082 974 1114 reddere,

197 1126 313 1154 elevavit
326 1127 462 1155 dexteram
479 1135 566 1161 suam,
581 1132 606 1154 et
621 1127 759 1154 sinistram
782 1127 809 1154 in
824 1128 934 1160 coelum,
949 1132 975 1155 et

195 1171 298 1206 juravit
314 1180 362 1206 per
378 1173 510 1199 viventem
535 1173 562 1199 in
579 1176 718 1200 ueternum.
739 1172 815 1206 Quis.
832 1181 879 1208 per
894 1181 974 1207 quem

195 1217 317 1252 iuravit?
336 1218 422 1245 Filius
438 1218 559 1246 videlicet
574 1227 621 1254 per
636 1218 754 1251 Patrem,
775 1219 886 1246 dicens:
903 1219 976 1247 Vivit

199 1262 279 1290 Pater
294 1263 320 1290 in
336 1268 476 1296 :eternum,
495 1263 547 1290 nisi
570 1264 596 1290 in
617 1269 733 1298 tempus,
750 1269 777 1291 et
799 1268 931 1299 tempora,
949 1268 976 1291 et

198 1308 339 1335 dimidium
355 1309 494 1343 temporis,
512 1317 573 1336 cum
588 1310 721 1345 completa
739 1310 820 1337 fuerit
832 1310 974 1345 dispersio,

197 1358 393 1389 cognoscentur
406 1355 463 1382 haec
476 1355 578 1382 omnia.

233 1444 324 1472 XLIII.
342 1445 418 1478 Quod
442 1453 505 1472 vero
523 1446 580 1480 ipse
596 1445 691 1473 ambas
707 1453 804 1473 manus
817 1444 977 1476 extenderit,
992 1444 1014 1473 C

198 1499 246 1526 per
259 1491 310 1518 hoc
321 1491 475 1526 passionem
489 1491 698 1523 demonstravit;
715 1491 785 1526 quod
798 1495 886 1518 autem
900 1491 977 1517 dixe-

148 1544 151 1546 ‘
198 1538 244 1568 rit.
261 1538 289 1564 in
305 1542 405 1572 tempus
418 1556 425 1568 ,
448 1541 472 1563 et
487 1541 613 1570 tempora,
632 1541 656 1563 et
683 1537 822 1563 dimidium
845 1537 976 1570 temporis,

198 1591 257 1609 cum
272 1582 401 1616 completa
410 1582 489 1616 fuerit
506 1582 644 1616 dispersio,
661 1586 714 1609 tres
724 1590 785 1609 cum
802 1581 913 1608 dimidio
929 1590 978 1609 an-

200 1637 249 1656 nos
268 1628 425 1656 Antichristi
444 1627 614 1663 signiﬁcavit.
635 1627 752 1662 Tempus
773 1628 844 1654 enim
865 1635 976 1660 annum,

199 1679 226 1701 ct
242 1679 362 1708 tempora
376 1674 444 1700 duos
459 1680 555 1705 annos,
567 1673 708 1700 dimidium
721 1680 785 1700 vero
799 1673 927 1708 temporis
937 1673 978 1700 di-

201 1719 311 1746 midium
326 1719 390 1746 anni
405 1719 540 1753 intelligit.
563 1718 595 1745 Ili
614 1724 677 1745 sunt
692 1718 762 1744 mille
779 1718 881 1744 ducenti
895 1726 977 1745 nona-

199 1765 275 1800 ginta
296 1764 361 1797 dies,
387 1772 455 1798 quos
479 1763 602 1798 pradixit
626 1762 736 1795 Daniel,
757 1769 818 1789 cum
834 1761 977 1796 adimpleta

202 1809 283 1837 fuerit
295 1810 396 1844 passio,
409 1815 435 1837 et
449 1810 519 1836 facta
535 1809 616 1836 fuerit
628 1809 772 1843 dispersio,
784 1812 917 1842 prasente
926 1808 979 1834 An-

201 1857 325 1884 tichristo
338 1865 344 1889 ;
358 1856 385 1882 in
402 1856 498 1883 diebus
509 1855 562 1882 illis
573 1859 770 1890 cognoscentur
778 1855 901 1881 universa
910 1855 975 1881 haec.

202 1902 235 1929 Et
249 1910 263 1928 a
276 1906 394 1936 tempore
404 1922 411 1934 ,
429 1909 482 1936 quo
497 1902 614 1929 ablatum
631 1901 711 1928 fuerit
722 1901 786 1936 juge
803 1901 976 1933 sacriﬁcium.

201 1948 284 1974 etiam
310 1948 377 1975 dies.
399 1947 472 1974 mille
501 1947 609 1974 ducenti
633 1947 778 1980 nonaginta
805 1946 978 1981 computandi

203 1999 281 2027 sunt;
309 1993 456 2021 abundabit
483 1993 620 2028 iniquitas,
648 1993 718 2020 sicut
739 1992 820 2019 etiam
844 1991 978 2026 Dominus

201 2040 286 2067 dicit:
301 2040 431 2072 Quoniam
445 2038 586 2065 abundavit
601 2037 737 2072 iniquitas,
758 2037 904 2072 refrigescet
914 2036 978 2063 cha-

202 2086 268 2112 ritas
283 2085 422 2111 multorum
434 2084 454 2109 '.

237 2129 330 2157 XLIV.
351 2130 427 2163 Quod
445 2129 517 2156 enim
538 2128 760 2164 praevaricatione
775 2127 844 2155 facta
858 2128 977 2155 exeiten-
995 2119 1017 2146 Β

204 2180 247 2202 ιιιι·
258 2175 380 2208 dissidia,
396 2175 500 2202 nullum
515 2174 626 2201 dubium
643 2178 694 2206 est,
707 2173 753 2201 sed
769 2173 889 2200 dissidiis
904 2180 984 2200 exor-

204 2222 239 2249 tis
257 2222 407 2257 refrigescit
427 2221 556 2248 charitas.
579 2219 613 2246 Et
632 2219 695 2246 illud
712 2219 827 2246 :Beatus
840 2219 885 2254 qui
897 2227 984 2253 perse-

204 2268 340 2299 rerat‘erit,
355 2272 380 2294 et
390 2267 532 2301 pervenerit
549 2266 583 2292 ad
592 2266 645 2292 dies
656 2265 726 2292 mille
738 2269 862 2292 trecentos
876 2265 985 2299 triginta

204 2313 326 2347 quinque,
351 2312 500 2339 notandum
523 2315 574 2344 est,
593 2311 664 2339 sicut
676 2311 745 2338 dixit
764 2310 914 2338 Dominus:
933 2310 986 2342 Qui

205 2362 293 2384 autem
303 2357 501 2392 perseveraverit
521 2365 601 2392 usque
611 2357 637 2383 in
654 2357 749 2391 finem,
767 2357 808 2383 hic
822 2356 908 2382 salvus
919 2356 980 2382 erit.

207 2401 386 2434 Quamobrem
408 2402 587 2429 uuiversalem
609 2401 856 2436 prmvaricatiouem
871 2401 982 2428 minime

206 2452 404 2481 exspectemus,
422 2455 454 2473 ne
471 2447 600 2482 iniquitas
619 2447 745 2479 abundet,
761 2452 788 2474 et
807 2451 920 2481 occupet
932 2454 982 2474 nos

207 2494 376 2521 abominatio
397 2493 586 2525 dcsolationis,
613 2494 715 2521 scilicet
738 2494 919 2521 adversarius.
950 2492 983 2520 Et

207 2539 275 2566 dixit
298 2538 360 2573 ipsi,
385 2547 465 2573 usque
485 2539 519 2565 ad
540 2547 671 2573 imperas,
690 2539 762 2574 quod
786 2544 827 2566 est
849 2547 934 2573 usque
949 2539 983 2566 ad

208 2584 487 2616 consummationem;
509 2588 534 2611 et
559 2592 635 2611 mane
654 2585 741 2619 :quid
756 2589 797 2612 est
815 2585 914 2612 mane?
926 2585 984 2612 dies

209 2630 427 2657 resurrectionis.
452 2631 559 2658 Initium
581 2631 653 2658 enim
680 2637 722 2659 est
751 2631 860 2659 alterius
881 2631 984 2664 saeculi,

209 2677 434 2711 quemadmodum
455 2677 559 2704 initium
581 2677 632 2704 diei
648 2681 690 2705 est
711 2684 797 2704 mane.
817 2676 877 2705 Dies
893 2681 983 2704 autem

212 2723 285 2750 mille
301 2722 489 2758 quadringenti
507 2728 571 2751 sunt
593 2723 682 2751 lumen
699 2723 809 2757 mundi;
836 2731 897 2751 cum
912 2723 983 2751 enim

249 2793 259 2808 ³
275 2792 365 2819 Matth.
382 2799 458 2825 niv,
474 2792 516 2820 I2.

645 106 671 134 S.
692 106 871 144 IIIPPOLYTI
887 107 962 136 OPP.
980 108 1069 136 PARS
1085 109 1106 138 I.
1124 126 1158 131 —
1175 109 1380 140 EXEGETICA.

1756 112 1809 139 668

1021 165 1073 192 τοῦ
1083 167 1227 201 ποταμοῦ,
1239 168 1286 195 καὶ
1298 165 1388 194 εἶπαν
1399 162 1487 200 αὐτῷ·
1499 168 1572 201 Ἕως
1581 167 1653 195 ,πότε
1665 168 1698 196 τὸ
1714 171 1808 204 πέρας

1026 210 1085 237 τῶν
1099 213 1196 247 λόγων
1216 212 1275 239 τῶν
1295 213 1472 248 θαυμαστῶν
1495 210 1538 240 ὧν
1559 214 1734 249 ἑλάλησαω
1758 218 1807 244 καὶ

1026 259 1144 293 ἤκουσα
1158 260 1211 286 τοῦ
1225 259 1334 294 ἀνδρὸς
1347 260 1400 287 τοῦ
1419 260 1616 294 ἐνδεδυμένου
1633 261 1667 288 τὸ
1683 262 1807 294 βαόδὶν,

1026 303 1060 337 ὃς
1071 302 1110 339 ἦν
1122 304 1221 331 ἐπάνω
1233 305 1285 331 τοῦ
1298 305 1405 338 ὕδατος
1415 306 1467 333 τοῦ
1482 306 1626 341 ποταμοῦ,
1639 306 1691 334 και
1702 308 1808 342 We

1025 349 1082 383 τὴν
1102 349 1204 382 δεξιὰν
1224 351 1327 382 αὐτοῦ,
1351 352 1399 378 καὶ
1416 351 1472 386 τὴν
1487 352 1646 386 ἀριστερὰν
1658 354 1753 380 αὑτοῦ
1764 356 1808 387 εις

1024 394 1078 421 τὸν
1096 395 1234 428 οὐρανὸν,
1256 396 1303 422 καὶ
1323 395 1440 430 ὤμοσεν
1461 396 1496 423 ὲν
1513 396 1553 430 τῷ
1572 396 1653 427 Erret
1672 399 1717 431 εις
1736 399 1808 431 τοὺς

1027 439 1114 473 ἐν·τῷ
1126 441 1363 476 συντελεσθῆναι
1377 442 1623 477 διασκορπισμὸν,
1641 443 1807 478 γνώσονται

1060 533 1140 560 XLII.
1178 534 1255 565 Τίνες
1277 531 1322 561 οὖν
1344 531 1411 569 ἦσαν
1432 535 1456 560 οἰ
1476 533 1522 561 δύο
1539 534 1634 570 ἄνδρες
1653 535 1678 561 οἱ
1692 535 1808 568 ἑστῶτες

1027 579 1101 615 παρὰ
1114 578 1145 606 τὸ
1160 579 1245 614 χεῖλος
1267 579 1312 606 τοῦ
1334 579 1465 615 ποταμοῦ,
1483 580 1567 615 ἀλλ’ἢ
1585 581 1598 606 ὁ
1611 580 1692 616 νόμος
1714 581 1762 607 καὶ
1782 583 1807 608 al

1026 625 1178 660 προφῆται;
1197 626 1244 652 καὶ
1264 625 1306 657 τίς
1322 623 1356 661 ἦν
1368 626 1382 651 ὁ
1398 626 1483 658 ἑστὼς
1497 626 1588 653 ἐπάνω
1600 627 1647 653 τοῦ
1662 627 1768 659 ὓδατος,
1783 629 1807 653 εί

1028 671 1064 706 μὴ
1077 671 1157 702 αὐτὸς
1172 668 1247 702 οὗτος
1259 671 1322 706 περὶ
1333 668 1363 698 οὗ
1376 671 1450 698 αὐτοὶ
1462 671 1543 698 πάλαι
1559 673 1763 708 προεκήρυξαν;
1778 673 1807 704 ὃς

1026 713 1136 748 ἔμελλεν
1155 714 1197 741 ἐπ’
1211 714 1330 750 ἐσχάτων
1347 715 1394 741 ἐπὶ
1406 715 1444 750 τῷ
1466 715 1583 752 Ἰορδάνῃ
1607 717 1733 752 φανερῶς
1756 718 1808 744 ὑπὸ

1025 758 1071 785 τοῦ
1084 760 1189 795 Πατρὺς
1210 761 1412 796 μαρτυρεῖσθαι,
1430 761 1475 787 καὶ
1491 761 1542 788 ὑπὸ
1559 762 1681 789 Ἰωάννου
1699 763 1737 798 τῷ
1751 763 1807 799 λαῷ

1026 804 1165 841 παρρησίᾳ
1185 805 1348 832 δείκνυσθαι·
1362 808 1378 833 ό
1390 806 1422 833 τὸ
1435 806 1531 833 κάστυ
1550 807 1603 834 τοῦ
1618 809 1803 843 ποαμματὲως

1025 851 1091 884 περὶ
1108 851 1165 884 τὴν
1179 851 1277 886 ὀσφὺν
1288 852 1395 886 φέρων,
1409 851 1459 879 καὶ
1475 851 1507 878 τὸ
1520 852 1631 884 βαδὸὶν
1645 853 1699 879 τὸν
1713 844 1807 881 ποικί-

1025 897 1081 921 λον
1096 895 1205 928 χιτῶνα
1229 895 1433 930 ἐνδεδυμένος.
1458 893 1536 922 οὗτοι
1559 894 1605 923 οὖν
1628 897 1807 924 πυνθάνονται

1026 941 1117 973 αὑτοῦ,
1134 941 1232 973 ειδότες
1246 942 1286 968 ὅτι
1302 941 1375 976 αὐτῷ
1389 941 1464 977 ἐδόθη
1487 943 1562 969 πᾶσα
1582 943 1653 978 ἀρχὴ
1671 943 1718 969 καὶ
1731 942 1807 975 ἐξου-

1028 986 1086 1013 σία·
1108 986 1151 1012 ἵνα
1175 986 1279 1022 μάθωσι
1301 988 1364 1022 παρ’
1385 987 1465 1014 αὺτοῦ
1487 987 1606 1023 ἀκριϐῶς
1628 988 1692 1014 ποτε
1718 988 1808 1023 μέλλει

1027 1033 1139 1067 ἐπάγειν
1153 1033 1191 1068 τῷ
1204 1033 1297 1069 κόσμῳ
1312 1034 1360 1069 τὴν
1372 1035 1470 1069 κρίσιν,
1489 1034 1534 1060 καὶ
1548 1034 1611 1060 ποτε
1624 1035 1657 1061 τὰ
1671 1035 1717 1061 ὑπ’
1727 1034 1808 1061 αὑτοῦ

1026 1079 1196 1114 λελαλημένα
1213 1079 1435 1114 πληρωθήσεται·
1455 1081 1506 1107 ὁδὲ
1523 1081 1592 1108 κατὰ
1606 1081 1696 1107 πάντα
1709 1081 1808 1115 τρόπον

1026 1123 1129 1150 πείθειν
1142 1123 1251 1155 τούτους
1268 1124 1424 1160 βουλόμενος
1440 1125 1525 1160 ὲπῆρε
1545 1125 1594 1160 τὴν
1612 1124 1702 1158 δεξιὰν
1716 1125 1807 1155 αὑτοῦ,

1027 1169 1073 1196 καὶ
1087 1170 1134 1204 τὴν
1145 1169 1291 1205 ἀριστερὰν
1305 1171 1343 1202 είς
1357 1170 1402 1197 τὸν
1421 1171 1542 1206 οὐρανὸν,
1564 1171 1610 1197 καὶ
1629 1171 1721 1206 ὤμοσε
1740 1171 1808 1197 κατὰ

1026 1215 1071 1242 τοῦ
1086 1215 1184 1247 ζῶντος
1196 1216 1235 1247 εἰς
1242 1216 1287 1242 τὸν
1295 1216 1390 1243 αἰῶνα·
1401 1216 1441 1248 τίς
1450 1217 1518 1243 κατὰ
1532 1217 1603 1249 τίνος
1613 1217 1719 1252 ὤμοσεν
1729 1225 1737 1248 ;
1748 1215 1808 1246 Υίδς

1027 1261 1144 1297 δηλονότι
1156 1262 1226 1289 κατὰ
1236 1262 1282 1288 τοῦ
1295 1262 1410 1298 Πατρδς,
1419 1263 1514 1296 λέγων·
1524 1263 1582 1289 ’Ὁτι
1592 1262 1624 1297 ζῇ
1638 1263 1652 1288 ὁ
1664 1262 1762 1297 Πατὴρ
1772 1263 1809 1293 εἰς

1027 1308 1072 1334 τὸν
1090 1309 1185 1340 αίῶνα,
1199 1309 1223 1334 εί
1239 1308 1275 1344 μὴ
1290 1310 1330 1341 είς
1345 1309 1448 1345 καιρὸν,
1463 1309 1509 1336 καὶ
1522 1309 1644 1344 καιροὺς,
1661 1309 1709 1335 καὶ
1725 1309 1808 1343 ἦμισ)

1029 1353 1135 1389 καιροῦ,
1150 1355 1178 1380 ὲν
1193 1353 1230 1389 τῷ
1252 1354 1454 1390 συντελεσθῆναι
1469 1355 1682 1391 διασκορπισμδν
1695 1355 1810 1389 γνώσον-

1029 1408 1074 1427 ται
1085 1400 1171 1427 ταῦτα
1183 1401 1280 1427 πάντα.

1065 1444 1155 1472 XLIII.
1180 1446 1215 1471 Τὸ
1238 1444 1284 1472 οὖν
1305 1446 1421 1472 ἐκτεῖναι
1441 1446 1521 1473 αὐτὸν
1532 1447 1582 1478 τὰς
1595 1446 1641 1473 δύο
1656 1448 1762 1482 χεῖρας,
1779 1447 1809 1472 δι’

1030 1490 1111 1517 αὑτοῦ
1127 1491 1157 1517 τὸ
1173 1491 1256 1523 τιάοος
1273 1491 1365 1524 ἔδειξε
1381 1492 1411 1518 τὸ
1421 1492 1449 1519 δὲ
1467 1493 1553 1519 εἰπεῖν
1568 1493 1612 1525 εἰς
1627 1492 1749 1526 καιρὸν,
1763 1492 1809 1518 καὶ

1029 1537 1160 1570 καιροὺς,
1175 1538 1222 1564 καὶ
1239 1537 1331 1572 ἥμισυ
1350 1538 1452 1571 καιροῦ
1464 1538 1499 1564 ἐν
1515 1537 1554 1570 τῷ
1573 1537 1810 1571 συντελεσθῆναι

1029 1582 1275 1617 ὃιασκορπισμὸν,
1298 1583 1332 1609 τὰ
1348 1583 1409 1618 τρία
1434 1584 1519 1618 ἥμισυ
1540 1583 1586 1618 ἔτη
1607 1583 1654 1609 τοῦ
1677 1583 1810 1618 Ἀντιχρί-

1030 1636 1091 1654 στου
1108 1629 1225 1664 ἐσήμαινε
1237 1638 1244 1644 ·
1262 1629 1354 1664 καιρὸν
1370 1629 1423 1664 γὰρ
1441 1629 1514 1663 λέγει
1527 1629 1648 1655 ἐνιαυτὸν
1658 1648 1665 1661 ,
1688 1629 1736 1655 καὶ
1752 1637 1811 1655 και-

1030 1675 1092 1709 ροὺς
1103 1674 1129 1701 δὲ
1148 1674 1194 1701 δύο
1212 1675 1269 1710 ἐτη,
1291 1676 1375 1711 ἥμισυ
1396 1676 1424 1702 δὲ
1445 1675 1539 1712 καιροῦ
1561 1677 1645 1711 ἥμισυ
1668 1674 1810 1702 ἐνιαυτοῦ·

1029 1717 1183 1747 αὗταίείσιν
1197 1723 1225 1747 αὶ
1238 1721 1330 1754 χίλιαι
1343 1721 1491 1748 διακόσιαι
1502 1721 1686 1754 ἐνενήκοντα
1697 1720 1808 1755 ἡμέραι,

1029 1765 1062 1797 ἃς
1079 1768 1192 1801 προεῖπε
1212 1766 1308 1802 Δανιὴλ
1331 1768 1359 1793 ὲν
1377 1766 1415 1802 τῷ
1439 1766 1643 1801 συντελεσθῆναι
1662 1766 1693 1792 τὸ
1717 1765 1809 1798 πάθος,

1030 1812 1077 1838 καὶ
1091 1812 1214 1845 γενέσθαι
1234 1812 1445 1848 διασκορπισμὸν
1464 1812 1596 1847 παρόντος
1613 1810 1660 1837 τοῦ
1682 1811 1810 1846 Ἀντιχρί-

1031 1865 1107 1883 στου*
1131 1858 1159 1884 ὲν
1180 1859 1240 1889 ταῖς
1262 1857 1378 1893 ἡμέραις
1406 1858 1523 1888 ἐκείναις
1548 1857 1699 1891 γνώσονται
1727 1856 1809 1882 ταῦτα

1030 1902 1128 1928 πάντα·
1153 1903 1199 1930 καὶ
1215 1903 1268 1929 ἀπὸ
1288 1903 1382 1939 καιροῦ
1400 1903 1591 1939 παραλλάξεως
1615 1902 1662 1929 τοῦ
1681 1902 1808 1936 ἐνδελεχι-

1031 1948 1110 1983 σμοῦ,
1130 1949 1175 1974 καὶ
1193 1948 1222 1974 τὸ
1236 1948 1338 1982 ἡμέραι
1351 1949 1444 1983 χίλιαι
1463 1948 1612 1974 διακόσιαι
1630 1947 1809 1981 ἐνενήκοντα

1031 1994 1213 2030 ψηφιζόμενόν
1223 1995 1289 2021 ἐστι·
1300 1994 1513 2029 πληθυνθήσεται
1523 1994 1539 2029 ἡ
1548 1994 1657 2029 ἀνομία,
1666 1992 1758 2024 καθὼς
1767 1996 1810 2021 καὶ

1032 2039 1047 2064 ὁ
1062 2039 1198 2075 Δεσπότης
1218 2039 1306 2073 λέγει·
1327 2039 1377 2066 Διὰ
1392 2039 1425 2066 τὸ
1446 2038 1655 2073 πληθυνθῆναι
1676 2038 1733 2072 τὴν
1750 2038 1811 2065 dro-

1029 2086 1112 2120 μίαν,
1132 2085 1298 2120 ψυγήσεται
1312 2086 1330 2119 ἡ
1347 2084 1444 2119 ἀγάπη
1454 2083 1512 2110 τῶν
1523 2082 1656 2110 πολλῶν.

1064 2129 1157 2156 XLIV.
1177 2131 1236 2157 Ὅτι
1257 2130 1310 2166 γὰρ
1325 2129 1375 2164 τῆς
1396 2128 1588 2164 παραλλάξεως
1612 2126 1763 2162 γενομένης
1780 2125 1810 2151 τὰ

1033 2175 1168 2211 σχίσματα
1178 2175 1297 2210 γέγονεν,
1312 2175 1361 2202 οὐκ
1369 2174 1516 2210 ἀμφίϐολον
1525 2182 1533 2188 ·
1546 2173 1600 2200 τῶν
1616 2173 1773 2208 σχισμάτων
1785 2171 1811 2197 δὲ

1032 2220 1183 2256 γενομένων
1197 2220 1331 2254 πέψυκται
1346 2221 1363 2254 ἡ
1379 2219 1488 2254 ἀγάπη·
1504 2219 1550 2245 καὶ
1566 2218 1598 2244 τό
1610 2226 1617 2233 ’
1635 2217 1784 2251 Μακάριος
1796 2217 1810 2241 ό

1032 2265 1206 2299 ὑπομείνας,
1223 2264 1271 2290 καὶ
1282 2263 1400 2298 φθάσας
1411 2263 1519 2297 ἡμέρας
1534 2263 1634 2297 χιλίας
1645 2261 1812 2296 τριακοσίας

1033 2311 1189 2345 τριάκοντα
1201 2311 1299 2342 πέντε,
1314 2310 1369 2336 ἐστι
1377 2308 1544 2345 χρηστὸν,ὡς
1555 2307 1629 2334 εἶπεν
1638 2309 1653 2333 ὁ
1664 2307 1808 2342 Δεσπότης

1040 2358 1071 2383 '0
1087 2357 1121 2383 δὲ
1133 2357 1292 2390 ὑπομείνας
1304 2357 1346 2388 είς
1353 2355 1438 2389 τέλος
1452 2353 1540 2387 οὗτος
1551 2353 1732 2386 σωθήσεται.
1748 2352 1811 2379 Καθ’

1033 2403 1093 2429 ὅλου
1112 2402 1198 2429 τοίνυν
1214 2402 1262 2438 τὴν
1281 2401 1446 2437 παράλλαξιν
1466 2401 1502 2436 μὴ
1524 2399 1742 2436 παραδεξώμεθα
1753 2419 1760 2430 ,
1774 2399 1810 2424 ἵνα

1036 2448 1073 2484 μὴ
1083 2450 1100 2484 ἡ
1111 2448 1209 2483 ἀνομία
1222 2447 1424 2482 πληθυνθῇ,κα“ι
1433 2446 1570 2481 καταλάϐῃ
1581 2446 1612 2472 τὸ
1623 2446 1760 2481 βδέλυγμα
1769 2445 1812 2478 τῆς

1036 2493 1210 2529 ἐρημώσεως,
1218 2493 1354 2520 τουτέστιν
1368 2494 1382 2519 ὁ
1390 2493 1582 2527 ἀντικείμενος·
1591 2491 1638 2517 καὶ
1649 2489 1726 2517 εἶπεν
1734 2490 1809 2524 αὐτῷ·

1036 2540 1091 2573 ἓως
1115 2540 1254 2574 ἑσπέρας,
1276 2540 1397 2566 τουτέστι
1414 2538 1493 2574 μέχρι
1516 2538 1565 2573 τῆς
1579 2537 1751 2568 συντελείας·
1769 2535 1808 2562 καί

1037 2587 1125 2620 πρωΐ’
1149 2587 1216 2622 ὅπερ
1243 2587 1301 2612 ἐστὶ
1324 2586 1408 2621 πρωΐ;
1427 2586 1443 2619 ἡ
1459 2584 1548 2620 ἡμέρα
1561 2583 1612 2618 τῆς
1627 2584 1808 2613 ἀναστάσεως·

1037 2631 1108 2667 ἀρχὴ
1123 2632 1176 2667 γάρ
1190 2633 1262 2658 ἐστιν
1280 2631 1372 2666 ἑτέρου
1388 2630 1484 2662 αἰῶνος
1495 2649 1502 2661 ,
1523 2629 1561 2661 ὡς
1577 2630 1650 2665 ἀρχὴ
1664 2630 1778 2665 ἡμέρας,
1795 2628 1809 2662 ἠ

1038 2678 1153 2714 πρωῖνήο
1163 2677 1192 2704 τὸ
1205 2677 1232 2704 δὲ
1247 2676 1351 2712 ἡμέραι
1369 2677 1461 2711 χίλιαι
1476 2676 1674 2710 τετρακόσιαι,
1691 2676 1748 2701 ἐστι
1761 2673 1809 2708 φῶς

1039 2723 1138 2760 κόσμου
1149 2733 1156 2740 ·
1178 2723 1225 2751 τοῦ
1239 2723 1292 2758 γὰρ
1309 2723 1396 2758 φωτὸς
1409 2722 1536 2757 φανέντος
1552 2722 1581 2749 ἐν
1594 2722 1634 2757 τῷ
1653 2722 1757 2757 κόσμῳ,
1768 2717 1808 2745 τοῦ
