1860 3051
206 121 257 148 οτι

210 233 350 261 ruptorum
366 224 503 251 seniorum
519 223 589 249 victa
605 221 687 249 libido
702 225 841 256 arguatur.

537 309 612 337 CAP.
627 308 659 335 ll.

246 361 276 387 ξ’.
292 360 318 386 5.
331 373 365 379 -
382 357 441 384 νὶάὶ
454 357 595 384 somnium.
608 354 755 390 Hippolyti.
771 353 914 381 Somnium
927 353 989 388 qui-

209 407 267 434 dem
280 414 293 432 a
307 413 369 440 rege
382 405 481 435 visum,
498 411 550 430 non
565 407 623 429 erat
638 405 774 434 terrestre,
790 404 820 428 ut
836 408 884 435 per
896 400 990 427 mundi

209 452 344 486 sapientes
357 451 595 484 interpretaretur;
619 447 665 474 sed
689 451 748 474 erat
771 446 894 478 coaleste,
912 445 990 480 juxta

209 498 255 525 Dei
270 498 435 525 voluntatem
458 500 485 522 et
508 493 704 529 providentiam
728 499 848 526 congruo
871 495 990 526 tempore

207 542 501 579 impletum.—-llaque
518 541 569 568 hoc
583 539 698 567 celatum
713 543 754 566 est
765 538 901 566 terrestria
917 537 990 572 cogi—

208 590 330 617 tantibus
337 588 503 620 hominibus,
510 591 539 613 ut
545 584 863 621 quatrentibusctelestia.
870 583 989 612 coelestia

207 635 336 671 mysteria
352 633 546 661 revclarentur.
567 631 594 658 ln
609 630 725 666 Egypto
745 630 817 657 enim
838 629 989 657 Pharaonis

206 687 234 709 et
248 680 359 715 Josephi
376 684 497 714 tempore
511 678 610 705 similia
623 676 692 705 facta
706 681 780 704 sunt.

245 769 278 796 ν.
294 770 321 797 5.
332 783 368 789 —
380 767 472 795 Sermo
487 767 590 794 recessit
603 775 620 793 a
636 775 686 793 me.
701 766 846 802 Hippolyti.
856 765 931 794 Visio
944 774 989 794 ce-

207 816 261 844 lata
280 815 331 842 l‘uit
354 814 421 850 regi,
445 818 474 841 ut
495 821 511 841 a
532 812 587 841 Deo
606 813 708 841 electus
735 812 828 840 Daniel
856 812 983 848 propheta

207 871 268 890 eam
278 862 441 897 explicaret;
453 869 514 896 quae
525 861 597 888 enim
614 861 674 888 aliis
684 861 779 893 celata,
793 860 826 887 ab
836 859 889 887 alio
907 867 982 887 reve-

209 908 308 939 lantur,
320 908 474 935 necessario
486 906 644 942 prophetam
665 913 728 934 eum
742 905 918 933 manifestam
938 905 984 940 qui

209 953 320 980 revelat.
327 990 331 1001 1

243 1043 276 1071 ν.
295 1043 338 1071 10,
348 1059 384 1064 -
394 1043 582 1078 Respondentes
598 1051 658 1078 ergo
673 1041 792 1070 Chaldaei
813 1048 902 1068 caram
919 1047 985 1074 rege,

207 1090 330 1117 dixerunt
342 1097 352 1116 :
365 1089 427 1116 Non
440 1093 478 1116 est
503 1089 579 1115 homo
595 1096 672 1122 super
687 1093 795 1118 terram,
813 1090 864 1114 etc.
888 1085 988 1119 Hippo-

208 1136 266 1171 lyti.
279 1135 348 1168 Quia
360 1135 433 1163 enim
449 1135 617 1168 impossibile
632 1134 758 1161 dixerunt
773 1132 806 1159 ab
819 1132 926 1159 homine
938 1131 988 1157 hoc

208 1182 332 1215 narrari,
356 1181 428 1216 quod
449 1189 498 1209 rex
523 1181 723 1209 sciscitabatur.
749 1178 907 1206 monstravit
935 1177 987 1204 illis

209 1229 290 1262 Deus,
304 1229 376 1263 quod
397 1235 441 1256 res
462 1228 534 1263 apud
552 1226 675 1254 homines
691 1224 878 1260 impossibilis,
900 1224 988 1258 possi-

208 1277 271 1304 bilis
285 1281 327 1304 est
338 1276 408 1312 apud
420 1275 515 1303 Deum.

245 1322 276 1349 V.
292 1322 336 1348 M.
347 1335 383 1342 —
395 1321 432 1348 Ab
449 1319 544 1348 Arioclt
561 1318 736 1353 archimagiro
756 1315 891 1351 (Vulgata,
916 1315 989 1350 prin-

208 1369 265 1403 cipe
280 1367 406 1402 militice).
420 1366 566 1401 Hippolyti.
582 1364 616 1392 Ut
629 1364 700 1391 enim
715 1370 822 1397 coquus
832 1361 923 1388 omnia
935 1361 991 1388 ani-

208 1414 290 1442 malia
306 1413 406 1441 occidit
420 1418 446 1440 et
459 1412 562 1447 coquit.
578 1412 616 1439 sic
628 1412 679 1438 iste
690 1408 886 1443 archimagirus
897 1407 989 1435 eodem

209 1459 291 1487 modo
304 1468 311 1486 :
327 1463 356 1486 et
373 1458 509 1493 principes
523 1457 616 1484 mundi
631 1456 759 1484 occidunt
774 1455 907 1487 homines,
921 1453 991 1481 sicut

210 1505 406 1532 irrationabilia
421 1504 549 1531 animalia
568 1502 746 1536 coquinantes
761 1507 819 1527 eos.

245 1550 276 1577 V.
293 1550 338 1577 ‘23.
350 1564 386 1569 —-
400 1549 470 1582 Quia
484 1548 640 1583 sapientiam
661 1550 686 1572 et
702 1544 884 1580 fortitudinem
898 1542 994 1570 dedisti

210 1597 283 1623 mihi.
311 1594 458 1630 Hippolyti.
480 1593 592 1628 Oportet
616 1599 680 1626 ergo
701 1598 753 1617 nos
774 1589 930 1616 meminisse
948 1587 994 1614 Dei

209 1640 420 1672 misericordiae,
438 1638 577 1674 quomodo
600 1636 679 1663 bonis
701 1640 728 1662 et
749 1634 906 1662 timentibus
932 1641 994 1660 eum

210 1688 335 1722 protinus
349 1694 409 1714 sese
423 1685 524 1712 revelat
533 1689 559 1712 et
574 1686 718 1714 monstrat,
728 1682 842 1715 implens
858 1680 996 1708 orationes

210 1741 237 1760 et
251 1733 394 1768 petitiones
413 1738 520 1762 eorum,
538 1730 608 1756 sicut
628 1728 756 1763 propheta
767 1727 851 1754 dicit:
869 1726 933 1758 Quis
952 1734 996 1752 ια-

211 1777 294 1811 piens,
308 1779 332 1801 et
360 1774 488 1809 intelliget
511 1774 581 1800 ista?
603 1772 763 1807 intelligens,
776 1776 800 1798 et
834 1771 896 1797 sciet
924 1770 997 1797 Iiwc?

212 1821 285 1856 (0w.
301 1828 358 1853 xtv,
376 1819 433 1854 10.)

248 1865 281 1893 V.
290 1865 335 1893 27.
344 1880 380 1886 ——-
387 1864 533 1900 Sapientes,
543 1864 624 1899 magi,
635 1863 766 1898 aruspices
775 1867 911 1897 nequeunt,
920 1866 995 1890 etc...

214 1911 358 1947 Hippolyti.
382 1911 466 1939 Docet
486 1919 576 1946 regem
599 1918 654 1937 non
679 1909 749 1944 apud
773 1909 896 1936 homines
911 1913 996 1935 terre-

213 1961 284 1983 stres
305 1955 426 1984 ctelestia
452 1956 580 1991 mysteria
597 1954 764 1991 investigari,
789 1962 850 1988 quae
871 1954 997 1989 congruis

213 2002 384 2036 temporibus
400 2009 416 2029 a
429 2001 484 2029 Deo
497 2001 679 2036 perﬁcientur.

250 2048 283 2075 V.
300 2047 346 2075 29.
357 2062 392 2068 ——
404 2047 519 2079 Tu,rex,
529 2047 643 2082 cogitare
658 2047 767 2082 coepisti.
783 2046 928 2083 Hippolyti.
943 2046 997 2073 Rex

214 2094 270 2127 ille,
287 2093 414 2121 dominus
427 2099 505 2120 terra:
525 2092 644 2128 Egypti,
662 2092 761 2120 Iudaeae
779 2092 896 2128 regionis
912 2092 998 2119 domi-

214 2145 268 2174 tor,
282 2145 310 2168 et
324 2140 417 2176 populi
431 2139 490 2175 ejus
505 2139 665 2173 captivator,
684 2139 828 2173 cogitabat,
842 2139 906 2166 dum
927 2143 999 2165 esset

215 2187 242 2213 in
261 2187 329 2214 lecto
343 2194 393 2214 suo
407 2185 472 2221 quid
488 2190 633 2212 venturum
649 2190 706 2211 crat
724 2190 784 2219 post
802 2185 858 2212 hazc
870 2193 878 2211 :
891 2185 936 2219 qui
949 2191 997 2211 au-
1014 2197 1034 2224 Β

214 2236 268 2259 tem
289 2232 380 2259 omnia
404 2231 563 2259 abscondita
586 2231 743 2265 cognoscit,
769 2234 796 2257 et
823 2230 998 2265 cogitationes

215 2278 339 2305 cordium
364 2282 512 2309 scrutatur,
531 2277 716 2304 manifestavit
738 2277 763 2304 ei
787 2285 835 2312 per
856 2277 998 2312 imaginem

216 2335 277 2361 quite
291 2326 382 2353 futura
404 2330 485 2353 sunt:
504 2325 645 2353 abscondit
663 2331 752 2352 autem
767 2326 791 2352 ei
808 2325 950 2358 visionem,
965 2332 1000 2352 ne

217 2380 233 2399 a
249 2371 419 2406 sapientibus
434 2371 580 2406 Babylonis
594 2370 641 2398 Dei
658 2371 772 2398 consilia
789 2370 920 2406 explicari
936 2378 999 2406 pos-

217 2423 289 2451 sent,
306 2418 352 2445 sed
373 2422 404 2445 ut
426 2425 441 2444 a
462 2417 542 2444 beato
566 2416 686 2448 Daniele,
705 2417 778 2444 velut
794 2417 922 2451 propheta
941 2416 998 2449 Dei,

218 2472 279 2499 qua:
293 2464 421 2491 omnibus
434 2463 591 2491 abscondita
606 2467 693 2496 erant,
710 2462 925 2490 manifestentur.

255 2592 287 2621 ν.
307 2591 509 2620 3L—Ecce...
526 2596 613 2619 statua
634 2600 687 2619 una
711 2592 829 2628 grandis.
852 2592 998 2628 Hippolyti.

220 2639 362 2673 Quomodo
379 2645 433 2665 non
446 2638 688 2673 recordemur'quae
703 2639 851 2674 antiquitus
864 2639 999 2674 Babylone

223 2686 318 2713 Daniel
333 2687 511 2721 prophetavit,
525 2690 552 2713 et
566 2693 639 2712 nunc
649 2685 675 2712 in
686 2685 750 2712 orbe
761 2685 897 2720 perlecta?
909 2686 1000 2719 imago

221 2731 293 2758 enim
311 2732 338 2758 in
353 2731 404 2759 isto
419 2737 538 2767 tempore
552 2735 702 2758 monstrata
714 2731 771 2765 regi
787 2729 1000 2758 Nabuchodono-

189 2772 191 2778 ’
223 2785 278 2809 sor,
298 2781 376 2812 typus
399 2782 457 2805 erat
480 2777 565 2805 totius
588 2776 690 2804 mundi.
715 2775 742 2802 ln
761 2776 926 2811 tcmporibus
948 2776 1000 2803 illis

223 2823 370 2858 regnabant
383 2831 463 2858 super
475 2830 569 2851 omnes
582 2821 730 2857 Babylonii,
740 2821 786 2856 qui
799 2825 879 2856 caput
887 2828 998 2849 aureum

645 115 672 142 S.
694 113 875 142 HlPPOLYTl
894 113 968 141 OPP.
989 111 1077 140 PARS
1094 110 1114 139 Ῑ.
1134 126 1168 131 -
1181 108 1383 138 EXEGETICA.

209 189 257 215 per
269 180 376 207 illorum
394 178 471 205 [idem
488 176 558 211 ignis
572 175 599 202 in
615 174 727 202 fornace
742 179 876 208 arceatur,
889 178 917 202 et
927 181 986 201 cor-
1000 175 1024 203 Δ

1075 171 1122 198 ιῶν
1138 171 1239 198 παίδων
1255 169 1374 205 ἡττηθῇ,
1397 167 1443 194 καὶ
1465 167 1509 194 διὰ
1529 166 1631 194 τούτων
1653 165 1774 196 πίστεως

998 844 1019 872 Β

1007 1523 1027 1550 C

1772 104 1824 131 672

1794 166 1824 191 τὺ

1039 219 1067 244 ὲν
1084 217 1191 252 καμίνῳ
1204 215 1258 251 πῦρ
1272 213 1422 249 φυγαδευθῇ
1431 235 1438 246 ,
1453 213 1498 240 καὶ
1512 212 1564 239 τῶν
1581 212 1691 248 ἀνόμων
1703 211 1825 247 πρεσϐυ-

1039 261 1125 297 τέρων
1142 261 1263 296 ματαίως
1278 260 1295 295 ή
1312 258 1442 294 ἐπιθυμία
1455 257 1578 294 ἐλεγχθῇ.

1366 303 1434 329 ΚΕΦ
1452 303 1489 331 B’.

1073 354 1108 385 γ’.
1130 349 1354 384 Ὲνιιπνιάσθην.
1372 349 1537 376 Ἱππολύτου.
1561 349 1598 376 Τὸ
1622 348 1671 384 μὲν
1694 346 1743 375 οὖν
1761 348 1823 374 ἐνύ-

1039 404 1114 423 πνιον
1131 395 1159 422 τὸ
1179 395 1231 421 ὑπὸ
1245 395 1291 421 τοῦ
1309 394 1438 429 βασιλέως
1454 394 1617 430 ἑωραμένον,
1640 394 1690 420 οὐκ
1706 391 1741 429 ἦν
1762 394 1823 419 ἐπί-

1039 450 1127 476 γειον,
1146 442 1188 468 ἵνα
1205 441 1257 467 ὑπὸ
1272 441 1326 468 τῶν
1343 441 1390 467 τοῦ
1412 441 1513 476 κόσμου
1537 441 1625 475 σοφῶν
1648 440 1804 476 ὲρμηνευΘῇ
1818 448 1824 454 ·

1038 488 1094 514 ἀλλ’
1109 485 1141 523 ἦν
1155 487 1313 523 ἐπουράνιον
1323 507 1330 520 ,
1344 486 1413 514 κατὰ
1429 486 1496 513 Θεοῦ
1512 486 1607 522 βουλὴν
1625 487 1672 513 καὶ
1694 486 1823 521 πρόνοιαν

1040 534 1112 566 ἰδίοις
1125 535 1228 568 καιροῖς
1245 534 1428 569 πληρούμενον
1438 541 1444 548 ’
1465 533 1512 559 καὶ
1527 532 1570 559 διὰ
1581 532 1659 559 τοῦτο
1676 532 1823 567 ἁπεκρύὸη

1040 580 1088 616 μὲν
1102 579 1155 606 ἀπὸ
1168 579 1222 606 τῶν
1238 579 1272 606 τὰ
1290 580 1397 613 ἐπίγεια
1414 578 1581 614 φρονούντων
1597 577 1750 614 ἀνθρώπων
1760 597 1767 608 ,
1780 578 1825 603 ἵνα

1038 628 1093 658 τοῖς
1110 626 1143 653 τὰ
1159 626 1310 661 ἐπουράνια
1325 624 1436 661 ζητοῦσι
1446 645 1453 658 ,
1468 624 1505 651 τὰ
1521 624 1669 660 ἐπουράνια
1688 624 1825 659 μυστήρια

1038 672 1231 708 ἀποκαλυφθῇ·
1248 672 1294 698 καὶ
1313 671 1367 708 γὰρ
1389 672 1417 698 ὲν
1435 670 1564 706 Αἰγύπτῳ
1582 671 1629 696 ἐπὶ
1651 669 1700 697 τοῦ
1724 668 1825 705 Φαραὼ

1038 719 1085 746 καὶ
1099 719 1146 746 τοῦ
1165 718 1264 754 Ἰωσὴφ
1280 718 1313 744 τὰ
1328 719 1407 753 ὅμοια
1423 717 1580 752 γεγένηται.

1072 767 1103 792 ε’,
1133 764 1159 791 '0
1176 764 1266 799 λόγος
1282 764 1332 792 ἀπ’
1349 763 1422 799 ἐμοῦ
1442 763 1568 798 ἀπέστη.
1589 763 1759 790 Ἱππολύτου.
1777 762 1824 789 Διὰ

1037 809 1116 837 τοῦτο
1134 809 1277 846 ἀπεκρύση
1299 810 1329 836 τὸ
1344 810 1434 845 ὅραμα
1450 808 1505 835 ἀπὸ
1519 808 1564 835 τοῦ
1581 808 1728 844 βασιλέως,
1745 809 1789 835 ἶνα
1810 810 1823 834 ὁ

1037 856 1088 882 ὑπὸ
1103 855 1171 883 Θεοῦ
1186 855 1305 890 ὲκλεγεὶς
1329 855 1428 891 Δανιὴλ
1444 855 1587 891 προφήτης
1601 854 1639 882 ὢν
1655 853 1821 889 ἀποδειχθῇ

1037 903 1087 929 ὅσα
1099 902 1153 938 γὰρ
1171 901 1224 929 ἀπὸ
1242 901 1290 938 μὲν
1305 901 1405 937 ἐτέρων
1421 901 1646 936 ἀποκέκρυπται,
1663 900 1716 926 ὑπὸ
1731 899 1824 934 ἑτέρου

1038 948 1066 974 δὲ
1084 947 1265 984 φανεροῦται,
1284 947 1314 981 ἐξ
1334 947 1457 983 ἀνάγκης
1472 947 1614 982 προφήτης
1633 946 1824 973 ἀποδείκνυται

1038 994 1052 1020 ὁ
1065 994 1161 1028 λέγων.

1077 1042 1101 1066 ι’.
1120 1039 1175 1066 Καὶ
1192 1039 1345 1073 λέγουσιν,
1370 1039 1430 1066 Οὐκ
1448 1038 1533 1065 ἔστιν
1550 1037 1714 1072 ἄνθρωπος.
1736 1037 1824 1062 Ἰππο-

1039 1086 1128 1113 λύτου.
1155 1086 1231 1111 Ἐπεὶ
1252 1083 1298 1112 οὖν
1321 1085 1450 1112 ἀδύνατον
1475 1084 1578 1119 ἔφασαν
1601 1083 1655 1110 ὑπὸ
1681 1082 1822 1117 ἀνθρώπου

1040 1131 1119 1158 τοῦτο
1140 1130 1267 1166 λεχθῆναι
1291 1130 1321 1156 τὸ
1347 1129 1399 1156 ὑπὸ
1420 1129 1466 1156 τοῦ
1489 1128 1620 1164 βασιλέως
1642 1127 1823 1163 ζητούμενον,

1041 1176 1175 1210 ἐπέδειξεν
1196 1176 1287 1208 αὐτοῖς
1311 1175 1325 1201 ό
1349 1175 1431 1208 Θεὸς,
1453 1175 1494 1201 ὅτι
1517 1174 1550 1201 τὰ
1571 1173 1648 1208 παρὰ
1673 1172 1825 1209 ἀνθρώποις

1041 1223 1174 1255 ἀδύνατα,
1186 1222 1271 1249 ταῦτα
1285 1221 1384 1248 διε-ιατά
1398 1218 1467 1248 εἶναι
1483 1219 1559 1255 παρὰ
1571 1219 1640 1254 Θεῷ.

1077 1310 1117 1337 ιδ’.
1142 1309 1246 1344 Ἀριὼχ
1259 1307 1298 1341 τῷ
1312 1307 1518 1343 ἁρχιμαγειρῳ.
1539 1305 1710 1333 Ἱππολύτου.
1725 1305 1826 1341 Ὥσπερ

1042 1357 1095 1392 γὰρ
1111 1357 1125 1382 ὁ
1140 1355 1271 1391 μάγειρος
1288 1354 1377 1380 πάντα
1397 1353 1432 1380 τὰ
1455 1352 1511 1385 ζῶα
1533 1352 1640 1387 ἀναιρεῖ
1660 1352 1708 1378 καὶ
1737 1360 1827 1387 μαγει-

1044 1401 1125 1438 ρεύει,
1140 1400 1210 1427 οὕτω
1226 1400 1350 1431 κάκεῖνος
1367 1399 1405 1434 τῷ
1420 1397 1492 1433 αὑτῷ
1507 1397 1609 1433 τρόπῳ·
1627 1398 1676 1424 καὶ
1690 1398 1715 1423 οἱ
1735 1397 1828 1432 ἄρχον-

1042 1456 1087 1479 τες
1099 1447 1145 1474 τοῦ
1163 1446 1263 1481 κόσμου
1280 1445 1421 1481 ἀναιροῦσι
1434 1445 1497 1476 τοὺς
1508 1444 1679 1480 ἀνθρώπους,
1694 1444 1732 1475 ὡς
1751 1444 1827 1476 ἄλογα

1044 1493 1101 1526 ζῶα
1116 1491 1322 1528 μαγειρεύοντες
1337 1490 1444 1522 αὐτούς.

1081 1539 1140 1564 Ὅτι
1162 1537 1273 1571 σοφίαν
1293 1536 1343 1563 καὶ
1357 1535 1485 1570 δύναμιν
1497 1534 1610 1568 ἔδωκάς
1623 1543 1684 1569 μοι.
1705 1533 1828 1560 Ἱππολύ-

1043 1593 1101 1611 του.
1115 1585 1161 1610 Δεῖ
1176 1581 1222 1610 οὖν
1234 1584 1304 1610 νοεῖν
1320 1583 1394 1618 ἡμᾶς
1409 1582 1458 1617 τὴν
1472 1581 1519 1607 τοῦ
1536 1580 1602 1607 Θεοῦ
1620 1580 1827 1614 εὐσπλαγχνίαν,

1046 1630 1103 1661 πῶς
1119 1631 1175 1661 τοῖς
1190 1629 1274 1663 ἀξίοις
1288 1629 1335 1655 καὶ
1352 1627 1528 1663 φοϐουμένοις
1545 1627 1625 1653 αὐτὸν
1641 1626 1750 1661 ταχέως
1767 1626 1828 1652 dum

1046 1675 1176 1702 καλύπτει
1200 1675 1246 1702 καὶ
1268 1675 1394 1710 φανεροῖ,
1418 1672 1584 1708 ἀποπληρῶν
1606 1672 1655 1703 τάς
1674 1680 1706 1698 τε
1726 1672 1828 1706 δεήσεις

1045 1723 1092 1749 καὶ
1109 1722 1141 1749 τὰ
1157 1722 1294 1757 αἰτήματα
1308 1720 1397 1748 αὐτῶν
1409 1739 1417 1752 ,
1429 1719 1467 1751 ὡς
1486 1720 1500 1745 ὁ
1520 1720 1664 1755 προφήτης
1676 1718 1766 1752 λέγει·
1788 1718 1829 1748 Τίς

1045 1767 1158 1802 σοφὸς,
1180 1767 1231 1793 καὶ
1250 1765 1379 1798 συνήσει
1400 1764 1510 1795 ταῦτα;
1528 1763 1576 1790 καί
1590 1763 1747 1797 ἄνθρωπος
1762 1769 1827 1788 συν-

1046 1813 1111 1846 ετὸς
1121 1834 1128 1846 ,
1144 1813 1194 1840 καὶ
1211 1812 1355 1848 γνώσεται
1368 1811 1477 1844 ταῦτα;

1082 1858 1133 1890 κζ’.
1159 1859 1219 1885 Οὐκ
1245 1858 1310 1885 ἔστι
1335 1855 1437 1891 σοφῶν
1453 1855 1567 1890 μάγων.
1593 1853 1765 1881 Ἱππολύτου.
1785 1853 1826 1878 Δι-

1046 1903 1139 1930 δάσκει
1154 1904 1199 1930 τὸν
1213 1902 1325 1937 βασιλέα
1343 1901 1380 1937 μὴ
1397 1901 1473 1936 παρὰ
1491 1900 1640 1937 ἀνθρώπων
1655 1900 1785 1933 ἐπιγείων
1800 1899 1827 1924 τὰ

1047 1947 1193 1983 ἐπουράνια
1211 1948 1347 1982 μυστήρια
1367 1945 1515 1980 ἐπιζητεῖν,
1543 1945 1614 1980 ἅπερ
1636 1945 1733 1981 ἔμελλε
1762 1944 1828 1974 ἰδίοις

1048 1994 1152 2028 καιροῖς
1164 1992 1217 2018 ὑπὸ
1229 1991 1296 2018 Θεοῦ
1306 1990 1496 2017 ὲπαεελεῖσθαι.

1083 2038 1133 2065 κθ’.
1149 2038 1190 2065 Σὺ
1199 2037 1343 2070 βασιλεῦ’
1366 2037 1393 2063 οι
1413 2036 1551 2071 λογισμοί
1569 2043 1637 2062 σου.
1661 2033 1825 2060 Ἱππολύτου.

1049 2084 1101 2111 Τοῦ
1117 2084 1172 2120 γὰρ
1191 2083 1320 2119 βασιλέως
1338 2083 1523 2118 κρατήσαντος
1541 2081 1589 2117 μὲν
1606 2080 1656 2115 τῆς
1680 2080 1733 2114 γῆς
1754 2078 1826 2112 ΔΞγὺ-

1049 2139 1127 2163 πτου,
1148 2130 1198 2166 τὴν
1222 2129 1251 2156 δὲ
1272 2129 1403 2156 Ἰουδαίαν
1425 2128 1516 2163 χώραν
1540 2125 1764 2162 παραλαϐόντος,
1787 2124 1828 2150 καὶ

1048 2177 1093 2204 τὸν
1111 2176 1174 2203 λαὸν
1196 2176 1415 2211 μετοικήσαντος,
1434 2172 1596 2207 διελογίζετο
1610 2172 1657 2198 ἐπὶ
1676 2171 1726 2206 τῆς
1742 2170 1827 2204 κοίτης

1048 2222 1095 2256 ὢν,
1108 2223 1134 2249 τί
1151 2222 1205 2258 ἀρα
1221 2222 1296 2249 ἔσται
1317 2220 1387 2257 μετά
1400 2220 1494 2247 ταῦτα·
1515 2221 1529 2245 ὁ
1547 2219 1575 2245 δὲ
1592 2218 1626 2244 τὰ
1643 2217 1753 2253 κρυπτὰ
1769 2216 1827 2242 πὰν-

1048 2277 1100 2295 των
1115 2268 1295 2303 ἐπιστάμενος
1309 2268 1355 2295 καὶ
1369 2267 1432 2298 τοὺς
1442 2265 1633 2300 διαλογισμοὺς
1646 2263 1702 2290 τῶν
1716 2262 1826 2298 καρδιῶν

1048 2315 1176 2349 ἐρευνῶν,
1193 2314 1366 2349 ἀπεκάλυψεν
1385 2312 1459 2347 αὐτῷ
1475 2311 1519 2338 διὰ
1534 2311 1584 2346 τῆς
1601 2310 1705 2342 εἰκόνος
1720 2310 1755 2336 τὰ
1773 2309 1827 2335 ἐτό-

1050 2370 1128 2396 μενα·
1150 2360 1288 2396 ὲπέκρυψε
1306 2359 1334 2386 δὲ
1358 2360 1422 2394 παρ’
1445 2357 1528 2384 αὑτοῦ
1551 2357 1582 2383 τὸ
1599 2357 1708 2392 ὅραμα,
1731 2356 1773 2382 ἵνα
1794 2356 1826 2390 μὴ

1049 2406 1101 2434 ὑπὸ
1114 2406 1167 2433 τῶν
1180 2405 1269 2441 σοφῶν
1285 2404 1440 2435 Βαϐυλῶνος
1461 2404 1495 2430 τὰ
1514 2402 1560 2429 τοῦ
1574 2402 1642 2428 Θεοῦ
1663 2401 1825 2437 βουλεύματι

1049 2451 1248 2489 ὲρμηνευθῆναι
1258 2450 1368 2486 δυνηθῇ,
1379 2450 1436 2477 ἀλλ’
1450 2450 1501 2476 ὑπὸ
1514 2448 1558 2475 τοῦ
1574 2448 1712 2484 μακαρίου
1725 2448 1825 2483 Δανιὴλ,

1049 2499 1096 2526 ἅτε
1111 2498 1252 2534 προφήτης
1260 2497 1306 2524 τοῦ
1315 2495 1392 2529 Θεοῦ,
1403 2496 1436 2523 τὰ
1447 2497 1527 2523 πᾶσιν
1539 2496 1773 2531 ἀποκεκρυμμένα
1784 2504 1825 2529 2;:-

1049 2544 1165 2581 νερωθῇ.

1083 2590 1132 2617 λα’.
1150 2589 1222 2617 Ἰδοὺ
1232 2588 1319 2616 εἰκὼν
1328 2589 1383 2623 μιιι
1389 2587 1515 2622 μεγάλη.
1530 2586 1702 2614 Ἱππολύτου,
1716 2587 1777 2618 Πῶς
1787 2584 1824 2612 οὖν

1049 2636 1079 2663 οὐ
1096 2635 1133 2672 μὴ
1146 2636 1285 2671 νοήσωμεν
1299 2634 1332 2661 τὰ
1344 2634 1427 2661 πάλαι
1440 2632 1576 2659 Βαϐυλῶνι
1592 2632 1646 2658 ὑπὸ
1658 2632 1758 2668 Δανιὴλ
1768 2639 1823 2666 προ-

1050 2681 1214 2717 φητευμένα,
1228 2681 1276 2707 καὶ
1285 2680 1331 2707 νῦν
1347 2680 1386 2706 ἑτι
1397 2680 1425 2706 ἐν
1441 2679 1534 2714 κόσμῳ
1549 2678 1739 2714 πληρούμενας
1751 2679 1766 2712 ή
1777 2678 1821 2711 γὰρ

1050 2727 1130 2754 εἰκὼν
1145 2728 1162 2762 ή
1178 2726 1237 2753 κατ’
1253 2727 1354 2752 ἐκεῖνον
1366 2725 1412 2752 τὸν
1427 2725 1519 2760 καιρὸν
1528 2724 1663 2758 δειχθεῖσα
1679 2723 1719 2758 τῷ
1729 2723 1823 2750 Ναϐου-

1051 2773 1204 2809 χοδονόσορ,
1227 2772 1311 2798 τύπον
1335 2772 1454 2807 περιεῖχε
1474 2769 1522 2797 τοῦ
1542 2770 1641 2800 παντὸς
1665 2769 1776 2804 κόσμου-
1798 2769 1823 2793 ὲν

1050 2817 1090 2854 οἷς
1113 2819 1215 2855 καιροίς
1235 2817 1390 2845 ὲὸασίλευον
1416 2817 1475 2845 τότε
1492 2815 1598 2843 πάντων
1615 2816 1638 2842 0i
1654 2814 1818 2845 Βαϐυλώνια1
