1860 3051
1569 89 1620 117 οτι

45 156 72 186 ὡς
84 151 170 187 κεφαλὴ
181 150 259 186 χρυσῆ
276 150 324 186 τῆς
339 149 440 181 εἰκόνος
455 149 630 185 ὑπάρχοντεςν
649 149 710 176 ἐπεὶ
728 149 786 184 μετ“

874 153 934 176 nua:
951 152 1028 176 erant
1043 156 1049 174 :
1064 146 1161 174 deinde
1176 150 1236 181 post
1250 146 1311 174 illos
1331 146 1462 175 dominati
1478 152 1541 175 sunt
1556 147 1622 175 Per-

45 200 122 230 αὐτοὺς
141 197 281 233 ἐκράτησαν
297 196 398 232 Πέρσαι
417 196 463 222 ἐπὶ
480 196 527 230 ἐτη
548 199 617 230 aps’,
631 196 668 228 ὡς
683 195 786 222 δεικνύ-

874 203 879 221 ι
891 195 970 222 annis
985 193 1109 221 ducentis
1119 193 1295 228 quadraginta
1308 192 1444 228 quinque;
1460 193 1562 221 indicat
1575 203 1624 222 eos

46 256 77 273 ναι
90 245 182 276 τούτους
195 243 237 270 τὸν
255 243 380 278 ἄργυρον·
394 243 547 278 ἐκράτησαν
560 242 588 268 δὲ
604 242 650 268 καὶ
661 241 786 276 ’Έλληνες

874 245 981 276 gentum
1003 249 1009 267 :
1031 244 1190 275 potestatem
1217 247 1280 267 vero
1307 240 1459 268 habuerunt
1481 241 1566 269 Graeci
1589 242 1625 269 ab

44 292 163 329 ἀρξάμενοι
184 289 233 317 ἀπὸ
257 288 427 323 Ἀλεξάνδρον
449 287 497 314 τοῦ
514 287 666 319 Μακεδόνος
682 287 728 313 ἐπὶ
742 287 786 322 ἐτη

875 287 997 314 exandro
1013 286 1157 314 Macedone
1172 286 1251 313 annis
1263 286 1408 319 trecentis;
1423 286 1473 321 ipsi
1487 294 1524 314 aes
1535 291 1622 315 erant.

44 338 165 374 τριακόσια·
184 336 218 367 ὡς
234 333 300 362 εἶναι
315 334 426 366 τούτους
449 333 495 360 τὸν
511 333 609 369 χαλκόν
619 342 626 348 '
649 332 717 368 μετὰ
730 332 786 359 τού-

874 337 906 360 ιει
922 333 972 359 hos
985 332 1110 364 Romani,
1123 340 1202 360 crura
1225 331 1311 360 lcrrea
1327 337 1433 364 stature,
1447 333 1551 360 robusti
1572 334 1623 361 viri

42 392 90 415 τους
106 383 227 417 Ῥωμαῖοι,
239 380 339 415 κνῆμαι
354 379 461 415 σιδηραῖ
475 379 525 414 τῆς
539 379 643 410 εἰκόνος
656 378 786 414 ὺράρχον-

888 378 989 406 ferrum
1003 388 1009 406 :
1027 378 1123 406 deinde
1138 379 1213 414 digiti
1233 379 1346 413 pedum.
1369 383 1436 406 testa
1452 383 1478 407 et
1499 380 1600 407 ferrum
1615 389 1623 407 :

43 437 84 460 τες,
98 428 188 463 ἰσχυροὶ
202 427 283 459 ὅντες⁷
297 425 334 457 ὡς
350 425 468 461 σίδηρος
484 425 578 451 ἔπειτα
597 423 719 451 δάκτυλοι
739 433 786 451 πο-

887 428 1104 452 monstrarentur
1116 424 1286 452 democratize
1298 424 1395 452 futurae
1405 445 1412 457 ,
1431 425 1525 452 divisae
1535 425 1562 452 in
1575 426 1623 453 de-

42 473 81 499 δῶν
94 472 209 507 ὄστρακον
230 470 274 497 καὶ
301 470 418 506 σίδηρος,
435 470 478 496 ἵνα
499 469 639 504 δειχθῶσιν
662 469 691 495 αί
703 469 786 504 δημοιι

874 479 898 498 ιιι
915 471 1014 507 digitos
1036 475 1141 502 statum,
1164 470 1192 497 in
1213 470 1314 505 quibus
1327 471 1380 498 erit
1395 470 1496 499 ferrum
1511 471 1622 499 mistum

43 517 128 553 κρατίαι
138 518 163 543 αί
174 516 310 552 μέλλουσαι
325 515 465 549 γίγνεσθαι
479 514 665 550 διαιρούμεναι
677 515 717 546 εἰς
726 514 790 545 τοὺς
840 521 925 545 testae.

43 568 54 590 t'
63 563 187 594 δακτύλους
199 562 247 597 τῆς
257 561 370 594 εἰκόνος,
386 562 415 588 ὲν
431 558 472 593 οἷς
482 560 556 588 ἔσται
568 560 674 596 σίδηρος
687 560 789 595 ἀναμε-

43 609 147 644 μιγμένος
160 608 195 644 τῷ
208 608 340 644 ὀστράκῳ.

66 655 246 689 λα’.Ἐθεώρεις,
259 665 285 682 κ.
298 664 324 682 τ.
336 655 360 682 λ.
369 654 725 689 Ἀπολλιναρίου.Ἐ6λεπεν,
735 653 781 681 καὶ

41 700 90 726 ὡσεὶ
100 701 196 736 ἀνδριάς
206 699 252 732 εἷς·
262 699 295 735 ἦν
312 700 366 736 γὰρ
383 700 468 736 τούτῳ
486 700 523 732 ὡς
542 699 609 735 πρὸς
622 699 666 726 τὸν
678 699 781 735 ὁρῶντα

44 96 83 123 675
605 89 750 117 SCHOLIA
767 89 799 116 IN
816 87 1000 116 DANIELEM.

876 654 906 682 V.
921 655 964 682 5L
988 655 1116 687 Videbas.
1136 661 1187 684 etc.
1205 655 1374 690 Apollinarii.
1392 655 1466 690 (Non
1483 665 1541 683 vero
1556 656 1622 692 Hip-

838 699 931 735 polyti.
952 699 1005 726 Hic
1022 700 1054 727 de
1071 700 1119 726 illo
1141 701 1237 727 mentio
1259 705 1360 727 [aruum
1381 701 1436 736 ﬁt.)
1456 702 1621 736 Aspiciebat,

42 746 76 780 οὐχ
82 745 235 781 ὑποκείμενόν
244 745 343 778 τι,άλλ’
353 745 479 780 ὁμοίωσις
487 744 644 780 φαινομένη·
655 745 678 770 εί
688 744 716 770 δὲ
722 744 782 779 (κίε)

887 753 949 772 ecce
968 745 1045 780 quasi
1066 750 1154 772 statua
1176 753 1248 772 una:
1270 750 1328 773 erat
1352 747 1424 773 enim
1442 754 1532 774 coram
1555 747 1622 782 illo,

43 791 77 817 καὶ
91 790 179 817 πολλῶν
200 791 252 826 ἔχει
274 791 369 819 ἕνωσιν
392 791 421 816 ὲν
440 790 527 825 ἑαυτῷ
544 790 614 817 ὥστε
632 790 682 816 ούκ
699 789 782 821 ὅντως

875 799 890 818 ιι
906 796 935 818 ιιι
949 791 1035 819 cuivis
1046 791 1189 826 spectatori
1206 791 1306 825 aliquid
1322 791 1486 826 expositum,
1505 792 1550 819 sed
1566 797 1624 820 erat

39 830 76 864 εἷς,
90 834 160 866 πολὺς
174 835 187 861 ὀ
202 835 309 871 ἀνδριὰς
326 835 438 866 ἐκεῖνος·
455 834 508 861 τῶν
525 835 579 870 γὰρ
595 835 688 861 πασῶν
709 835 786 869 βασι-

874 844 971 870 parens
995 837 1098 871 imago:
1123 842 1149 864 et
1173 836 1319 864 multorum
1344 837 1425 864 habet
1443 838 1574 864 unitatem
1595 837 1622 864 in

39 877 98 904 λειῶν
111 877 172 914 εἶχεν
187 879 431 915 ἀνακεφαλαίωσιν·
447 880 494 905 καὶ
508 879 622 905 εὐείδεια
639 878 720 905 αὑτοῦ
736 887 785 904 πε-

877 889 936 916 psa,
950 882 985 909 ita
1003 887 1032 909 ut
1043 890 1096 909 non
1111 882 1217 909 realiter
1232 889 1295 915 una,
1311 882 1359 910 sed
1376 883 1515 917 multiplex
1533 887 1624 911 statua

40 924 100 958 ρισσὴ
109 924 145 950 διὰ
158 924 204 960 τὴν
217 925 295 958 δόξαν
310 924 363 951 τῶν
379 923 519 959 βασιλέων·
535 925 581 951 καὶ
596 925 612 960 ἡ
631 924 720 960 μορφὴ
737 926 785 951 αὺ-

874 935 898 954 ιι.
922 926 1050 954 Omnium
1065 928 1137 955 enim
1159 935 1305 962 regnorum
1321 935 1458 955 summam
1477 929 1592 956 habebat
1614 938 1626 956 :.

39 968 72 994 τοῦ
87 969 174 1005 φοϐερὰ
187 970 228 997 διὰ
249 970 297 1006 τὴν
315 970 446 1002 ἐξουσίαν.
463 969 590 1002 Εὐσέϐιος
609 971 623 996 6
644 970 786 1006 Παμφίλου

874 972 1007 1000 lcltritudo
1027 974 1086 1008 ejus
1099 974 1198 1000 decora
1215 973 1296 1000 nimis
1320 979 1429 1008 propter
1451 974 1563 1009 gloriam
1584 983 1624 1001 re-

40 1014 73 1040 nt
90 1015 226 1048 Ἱππόλυτος
236 1017 249 1043 ὁ
260 1015 409 1051 ἀγιώτατος
421 1016 568 1048 ἐπίσκοπος
589 1015 696 1051 Ῥώμης
710 1017 786 1043 άπει-

874 1024 898 1043 m
910 1026 917 1049 ;
935 1022 962 1044 et
977 1021 1102 1052 aspectus
1116 1017 1175 1052 ejus
1190 1017 1317 1044 terribilis
1327 1038 1335 1050 ,
1345 1024 1453 1052 propter
1463 1018 1620 1053 potentiam.

40 1059 126 1090 κάξουσι
147 1061 190 1097 τὴν
205 1062 386 1097 προκειμένην
406 1062 453 1088 τοῦ
469 1061 700 1097 Ναϐουχοδονόσορ
719 1063 784 1098 ὅρα-

877 1062 968 1090 sebius
981 1062 1125 1097 Pamphili,
1145 1066 1172 1090 et
1187 1062 1354 1089 Hirrourus
1365 1063 1555 1092 sanctissimus
1570 1064 1627 1099 epi-

41 1113 70 1130 σιν
87 1107 114 1142 τῇ
130 1106 171 1133 τοῦ
192 1108 329 1143 προφήτου
345 1107 444 1143 Δανιὴλ
464 1108 589 1143 ὀπτασίᾳ·
615 1108 707 1143 ἐπειδὴ
730 1108 786 1134 δια-

874 1115 933 1142 )ριιε
943 1107 1034 1135 Roma:
1047 1113 1273 1143 comparaverunt
1287 1107 1536 1137 Nabuchodonosor
1552 1119 1626 1138 som-

39 1151 107 1186 νόρως
119 1153 162 1187 τὴν
177 1154 359 1189 προκειμένην
378 1154 493 1190 θεωρίαν
510 1154 633 1187 ἐξέλαϐον
647 1155 671 1181 ot
685 1155 786 1190 ταύτην

874 1161 911 1180 tm
927 1154 1064 1188 prophetae
1087 1153 1206 1181 Danielis
1221 1154 1330 1182 visioni.
1353 1154 1488 1187 Quoniam
1513 1156 1622 1183 diverso

40 1198 230 1232 ἑρμηνεύσαντες,
252 1201 401 1234 ἀναγκαῖον
419 1200 582 1236 ἐλογισάμην
598 1201 727 1227 Εὑσεῆίου
739 1201 786 1228 τοῦ

874 1207 906 1226 nc
928 1199 1062 1226 visionem
1087 1200 1332 1234 interpretaverunt
1358 1201 1384 1227 in
1410 1201 1621 1229 Commentariis

39 1242 172 1278 Καισαρείας
186 1244 231 1271 τοῦ
252 1245 367 1280 ἐπίκλην
387 1245 529 1280 Παμφίλου
548 1245 715 1281 παραθέσθαι
731 1254 787 1280 φω-

39 1287 73 1319 νάς
84 1289 211 1323 Ξέρημένας
224 1290 252 1316 ὲν
266 1291 499 1326 πεντεκαιδεκάτῳ
521 1291 596 1326 τόμῳ
607 1291 655 1326 τῆς
668 1292 787 1326 εὐαγγε-

37 1333 104 1367 λικῆς
117 1335 291 1369 ἈποδεΙεεως
302 1336 371 1372 (72),“
383 1334 458 1368 οὗτος
471 1337 524 1372 γὰρ
540 1338 629 1364 πᾶσαν
644 1337 786 1372 ἐκθέμενος

37 1378 73 1412 τὴν
80 1379 159 1415 ὅρασιν
169 1381 249 1413 οὕτως
263 1382 340 1417 φησί·
349 1383 522 1418 -Ἡγοῠμαι
531 1383 617 1410 ταῦτα
635 1383 717 1419 μηδὲν
731 1383 787 1410 δια-

36 1423 108 1459 φέρειν
120 1425 164 1461 τῆς
177 1427 222 1453 τού
235 1429 375 1464 προφήτου
391 1428 516 1464 θεωρίας
530 1429 567 1461 ὡς
581 1429 634 1465 γὰρ
649 1431 663 1456 ό
681 1431 784 1466 προφή-

835 1245 903 1278 suis,
919 1246 1102 1273 necessarium
1114 1245 1232 1280 judicavi
1245 1245 1353 1273 Eusebii
1366 1246 1505 1277 Caesareae.
1521 1256 1622 1282 cogno-

835 1290 908 1318 mine
928 1290 1061 1325 Pamphili
1078 1291 1258 1318 transcribcre
1279 1291 1360 1318 verba
1381 1300 1442 1326 qua:
1457 1297 1520 1319 sunt
1534 1293 1560 1319 in
1575 1293 1623 1319 de-

835 1335 906 1363 cimo
926 1336 1020 1371 quinto
1038 1336 1106 1364 libro
1123 1336 1287 1372 Evangelia:
1309 1338 1552 1365 demonstrationis.
1575 1338 1623 1366 llic

835 1381 906 1409 enim
923 1387 1005 1408 totam
1018 1382 1155 1417 explicans
1169 1383 1299 1410 visionem
1314 1383 1352 1410 sic
1366 1384 1502 1418 loquitur:

873 1436 883 1453 ι
908 1428 1037 1455 Existimo
1056 1429 1111 1456 haec
1127 1429 1196 1461 (scil.
1212 1429 1343 1456 visionem
1359 1428 1622 1466 Nabuchodonosor)

37 1476 73 1500 της
92 1470 211 1499 θάλασσαν
239 1473 313 1509 ἑώρα
340 1473 477 1509 μεγάλην,
509 1474 594 1506 οὕτως
619 1475 633 1501 ὁ
660 1475 784 1510 βασιλεὺς

874 1482 890 1500 ιι
906 1474 1012 1501 dill‘erre
1026 1482 1042 1501 a
1060 1474 1164 1502 visione
1189 1475 1325 1510 prophetae
1349 1475 1472 1511 (Daniel).
1497 1475 1531 1503 Ut
1550 1477 1622 1503 enim

35 1513 105 1540 εἰκόνα
125 1516 229 1553 πολλήν⁸
257 1503 304 1545 καὶ
324 1503 402 1546 τίάλίν
417 1503 455 1551 ὡς
470 1503 491 1546 ’ὁ
513 1503 784 1556 προφητηςιὲώραέ

874 1519 963 1553 )pheta
976 1527 1051 1547 mare
1064 1520 1129 1548 vidit
1141 1528 1278 1556 magnum,
1292 1521 1332 1548 sic
1352 1528 1400 1547 rex
1417 1526 1534 1549 statuam
1555 1523 1623 1549 mul-

36 1558 104 1594 θηρία,
118 1562 181 1598 ἆπερ
203 1563 361 1599 ἑρμηνεύων
379 1565 524 1600 μετέϐαλεν
540 1568 579 1598 είς
600 1567 620 1593 δ’
637 1566 784 1601 βασιλείας,

878 1565 972 1592 licem:
999 1570 1026 1592 ct
1045 1566 1141 1593 iterum
1167 1568 1237 1594 sicut
1259 1567 1390 1602 propheta
1412 1567 1478 1594 vidit
1505 1573 1622 1603 quatuor

36 1604 102 1637 οὕτως
118 1607 130 1634 ὀ
152 1608 273 1643 βασιλεὺς
295 1610 344 1642 τὰς
360 1610 403 1637 διὰ
418 1611 464 1637 τοῦ
487 1612 585 1648 χρυσοῦ
600 1613 647 1639 καὶ
665 1613 785 1649 ἀργύρου

874 1611 946 1644 stias,
962 1619 1032 1646 quas
1052 1614 1232 1648 interpretans
1252 1613 1455 1640 transformarit
1468 1613 1495 1640 in
1508 1619 1624 1648 quatuor

35 1651 70 1676 καὶ
86 1653 172 1687 χαλκοῦ
193 1656 238 1682 καὶ
260 1656 384 1692 σιδήρου,
402 1657 536 1693 τέσσαρας
560 1658 696 1693 βασιλείας
713 1660 786 1694 ᾐνίτ-

874 1664 917 1691 ςιιιι
928 1665 935 1689 ;
948 1657 988 1684 sic
1000 1664 1045 1684 rex
1063 1665 1110 1692 per
1123 1665 1230 1691 aurum,
1245 1663 1271 1685 et
1285 1662 1465 1693 argentum,et
1479 1663 1557 1689 tes,et
1569 1659 1624 1686 fer-

34 1703 87 1722 τετο·
103 1698 141 1725 καὶ
163 1698 237 1733 αὖθις
259 1702 299 1734 ὡς
320 1704 335 1729 ὁ
357 1703 497 1738 προφήτης
520 1703 574 1730 τῶν
599 1703 645 1731 τοῦ
671 1705 786 1732 ὑστάτου

874 1709 913 1734 m,
929 1707 1045 1736 quatuor
1067 1710 1149 1738 regna
1172 1703 1316 1738 allegorice
1339 1703 1482 1738 signiﬁcat.
1505 1703 1537 1731 Et
1561 1712 1622 1730 rur-

35 1740 107 1777 θηρίου
120 1746 233 1781 κεράτων
249 1748 318 1775 δέκα
334 1748 464 1784 διαίρεσιν
485 1748 558 1785 ἑώρα
569 1769 577 1781 ,
600 1749 646 1776 καὶ
663 1750 724 1785 τρία
740 1751 786 1777 κέ-

874 1755 896 1774 ιιι
911 1752 940 1775 ιιι
952 1748 1081 1783 propheta
1096 1749 1196 1776 ultimae
1212 1749 1305 1776 bestiae
1323 1749 1416 1777 decem
1433 1756 1566 1776 cornuum
1582 1750 1624 1777 di--

35 1795 86 1821 ρατα
98 1790 135 1825 ὑφ’
145 1793 200 1824 ἑνὸς
216 1793 424 1829 συντριϐόμενα,
437 1795 484 1821 καὶ
497 1796 512 1821 ὁ
523 1794 647 1829 βασιλεὺς
658 1795 786 1829 ὡσαύτως

874 1794 968 1822 tionem
987 1795 1063 1827 vidit,
1087 1799 1113 1822 et
1138 1795 1188 1822 tria
1217 1803 1319 1822 cornua
1347 1795 1381 1822 ab
1404 1803 1459 1822 uno
1488 1795 1622 1828 contrita;

33 1833 68 1860 ἐπὶ
85 1836 130 1863 τῶν
142 1838 300 1866 τελευταίων
316 1840 365 1876 τῆς
385 1840 487 1872 εἰκόνος
512 1840 594 1876 μέρος
613 1849 639 1867 τι
661 1841 786 1877 σιδηροῦν

893 1847 940 1867 rex
962 1840 1056 1867 eodem
1079 1840 1159 1867 tnodo
1180 1841 1207 1867 in
1223 1840 1353 1868 membris
1373 1841 1550 1868 inferioribus
1567 1847 1635 1868 stav

33 1881 68 1906 καὶ
81 1882 152 1918 μέρος
165 1885 321 1921 ὀστράκινον
340 1886 459 1922 ἐθεώρειι
481 1887 528 1914 καὶ
544 1887 590 1913 ἐπὶ
606 1887 708 1919 τούτοις
722 1888 759 1919 ὡς
772 1888 786 1914 ὁ

874 1893 889 1912 e
904 1889 1007 1920 partem
1027 1884 1152 1917 ferream,
1165 1890 1191 1912 et
1206 1890 1310 1920 partem
1330 1891 1475 1914 testaceam
1491 1887 1567 1914 vidit.
1591 1886 1624 1914 Et

33 1929 148 1964 προφήτης
163 1931 229 1966 μετὰ
243 1932 295 1968 τὴν
311 1931 364 1958 τῶν
378 1933 516 1968 τεσσάρων
533 1932 676 1968 βασιλειῶν
693 1934 786 1969 ὅρασιν

874 1935 930 1958 stea
946 1936 974 1958 ut
991 1931 1120 1965 propheta
1142 1935 1204 1966 post
1226 1936 1343 1966 quatuor
1368 1939 1514 1967 regnorum
1538 1932 1623 1959 visio-

33 1970 88 2007 ἑώρα
101 1973 156 2001 Υίὸν
180 1977 322 2012 ἀνθρώπου
345 1978 395 2014 τὴν
415 1977 486 2005 κατὰ
509 1979 616 2006 πάντων
638 1979 724 2015 ἀρχὴν
740 1979 786 2006 καὶ

874 1984 908 2010 ιιι,
922 1976 988 2004 vidit
997 1974 1091 2003 Filium
1109 1976 1226 2004 hominis
1242 1984 1323 2011 super
1339 1977 1428 2004 omnia
1441 1977 1582 2012 imperium
1596 1982 1623 2005 et

32 2016 131 2048 ὲξουσίιιν
153 2021 198 2048 καὶ
219 2011 356 2057 βασιλείαν
373 2011 578 2059 ίπαρειληφότα,
600 2011 691 2056 οὕτως·
703 2011 757 2052 ’καὶ
772 2026 786 2053 ὁ

875 2026 995 2050 testatem
1011 2028 1038 2050 et
1053 2030 1165 2058 regnum
1182 2022 1381 2056 possidentem;
1394 2023 1433 2050 sic
1446 2011 1538 2058 etfregi
1555 2024 1622 2058 lapi-

33 2059 134 2096 βασιλεὺς
154 2065 223 2094 λίθον
245 2068 419 2102 συντρίϐοντα
441 2069 491 2104 τὴν
518 2069 608 2096 είκόνα
629 2071 717 2096 πᾶσαν
739 2070 788 2097 καὶ

32 2108 146 2143 γινόμενον
164 2113 202 2144 είς
215 2113 277 2149 ὅρος
298 2114 368 2149 μέγα
382 2114 429 2140 καὶ
447 2114 567 2150 πληροῦν
587 2114 720 2142 θάλασσαν
732 2115 788 2142 ὲδό-

34 2160 64 2209 15:
81 2154 209 2209 όρᾷν·.καὶ
233 2159 355 2191 εἰκότωςι
371 2159 472 2195 ἔπρεπε
487 2159 541 2196 γὰρ
559 2159 598 2196 τῷ
616 2160 664 2196 μὲν
679 2161 785 2197 ὴπατη-
801 2182 823 2209 D

34 2198 88 2234 μένῳ
102 2203 159 2238 περὶ
174 2204 223 2239 τὴν
236 2205 284 2231 τοῦ
302 2205 360 2240 βίου
379 2206 526 2240 φαντασίαν
543 2206 656 2242 βασιλεῖ,
678 2208 724 2233 καὶ
737 2207 786 2243 τὴν

32 2244 72 2271 τῶν
89 2249 213 2285 αἰσθητῶν
229 2249 273 2278 οἷα
290 2252 441 2288 χρωμάτων
460 2253 613 2289 ὡραιότητα
634 2254 787 2289 ἐπιγραφῆς

32 2290 183 2331 ἀνακειμένης
197 2297 374 2333 Θαυμάζοντι,
391 2298 474 2325 εἰκόνι
498 2299 602 2336 μεγάλῃ
622 2299 667 2326 τὸν
681 2299 788 2327 πάντων

32 2335 155 2372 ἀνθρώπων
166 2343 323 2375 ἀπεικάζειν
336 2344 401 2379 βίον·
415 2343 460 2371 τὸν
473 2335 653 2381 δὲξπροφῆτην
668 2345 728 2381 (διε)
742 2345 787 2373 τὸν

32 2384 95 2411 πολὺν
114 2389 157 2415 καὶ
179 2390 266 2424 μέγαν
291 2390 369 2417 σάλον
392 2390 438 2417 τοῦ
463 2390 520 2425 βίου
545 2390 647 2426 μεγάλῃ
665 2390 787 2428 Θαλάσσῃ

32 2431 197 2464 πκραδάλλειν·
216 2435 264 2461 καὶ
278 2435 317 2470 τῷ
334 2435 384 2470 μὲν
401 2435 505 2470 βασιλεί
524 2434 574 2467 τὰς
593 2435 667 2471 παρὰ
684 2435 787 2472 ἀνθρώ-

32 2482 77 2507 WA;
90 2478 238 2512 πολυτελεῖς
249 2481 397 2516 γενομένας
410 2481 476 2512 ὔλας
490 2479 588 2517 χρυσοῦ
600 2481 645 2507 καὶ
655 2482 784 2519 ἀργύρου,

32 2520 112 2552 ιιλκοῦ
133 2533 162 2551 τε
187 2527 234 2553 καὶ
257 2527 364 2562 σιδήρου
380 2525 552 2561 θαυμάζοντι,
569 2525 618 2557 τὰς
633 2527 702 2553 κατὰ
723 2527 787 2562 χρό-

31 2574 77 2599 νους
91 2570 117 2596 ὲν
130 2570 167 2606 τῷ
180 2571 231 2608 βίῳ
246 2572 301 2599 τῶν
318 2572 466 2608 ἀνθρώπων
480 2572 637 2607 ὲπικρατείς
651 2571 787 2606 βασιλείας

56 2634 103 2670 (ῖὲ)
115 2636 159 2675 Est
173 2639 199 2666 in
217 2639 363 2674 deperditis
379 2639 422 2667 hic
436 2638 544 2666 Eusebii
565 2639 641 2666 liber.
657 2638 788 2675 Erviginti

29 2674 94 2710 fni"),
110 2673 197 2710 decem
221 2673 410 2710 tantummodo
425 2675 529 2710 priores
544 2679 659 2702 exstant.
677 2673 736 2708 Quo
759 2676 788 2702 lit

31 2707 152 2745 Preliosius
164 2709 216 2736 hoc
235 2709 335 2745 decim_i
349 2707 436 2744 quinti
453 2709 648 2744 fragmentum;
664 2707 697 2737 ad
714 2711 788 2745 quod

30 2745 74 2777 sine
84 2742 164 2777 dubio
181 2744 299 2777 respexit
314 2742 507 2772 Theodoretus'
517 2744 543 2771 in
564 2752 612 2772 sua
635 2751 689 2772 non
706 2742 788 2773 dissi-

32 2751 74 2766 ιιιυε
87 2751 164 2770 ouDIO
181 2751 224 2771 res
262 2751 299 2771 xit
315 2751 501 2772 'I‘neoooretus
517 2752 543 2771 ιιι
564 2752 612 2772 sua
635 2751 689 2772 non
706 2751 788 2773 mssr-

32 2774 74 2817 illiilli
84 2775 204 2817 Qanielici
223 2751 304 2813 gaius
317 2779 368 2806 loci
384 2779 613 2817 interpretatione.
625 2779 717 2817 Neque
733 2780 789 2808 fere

31 2807 114 2839 abludit
126 2807 316 2849 Hieronymus,
333 2821 413 2849 quem
429 2807 531 2852 alioqui
555 2822 608 2843 non
628 2807 786 2851 infrequen;

836 2067 896 2094 dem
909 2068 1133 2095 comminuentem
1145 2071 1261 2095 statuam
1278 2072 1360 2095 totam
1374 2067 1528 2103 factumque
1542 2076 1622 2095 mon-

836 2115 889 2138 tem
917 2119 1056 2147 magnum,
1083 2112 1237 2147 implentem
1254 2120 1328 2140 mare
1351 2113 1441 2139 videre
1463 2113 1550 2140 visum
1568 2119 1620 2141 est.

837 2155 869 2183 Ει
881 2156 942 2191 jure
958 2157 1065 2192 quidem
1084 2167 1090 2184 :
1103 2158 1215 2185 decebat
1227 2158 1298 2185 enirn
1314 2165 1403 2194 regem
1419 2157 1490 2184 male
1504 2158 1622 2184 sentien-

838 2207 890 2229 tcm
904 2203 936 2230 de
949 2203 1007 2230 vita:
1020 2205 1185 2238 spectaculo,
1197 2208 1224 2230 et
1238 2204 1418 2235 sensibilium,
1432 2203 1546 2238 exempli
1560 2211 1621 2238 gra-

836 2249 883 2282 tia,
908 2250 1027 2277 colorum
1048 2250 1256 2285 pulchritudinis
1275 2251 1302 2278 in
1324 2250 1440 2285 pictura,
1461 2250 1512 2277 sub
1533 2251 1621 2279 oculis

837 2297 995 2331 spectatoris
1010 2297 1146 2332 exposita,
1168 2297 1374 2329 admiratorem,
1400 2301 1495 2324 statuae
1515 2305 1620 2332 magnae

837 2342 957 2369 omnium
983 2343 1122 2370 hominum
1150 2343 1301 2371 assimilare
1324 2343 1429 2377 vitam;
1457 2344 1617 2379 prophetam

836 2395 900 2415 vero
911 2388 1023 2415 decebat
1036 2389 1134 2416 multos
1149 2396 1317 2424 magnosque
1329 2389 1462 2417 tumultus
1474 2390 1536 2416 vitae
1549 2390 1618 2416 mari

836 2441 935 2469 magno
948 2434 1124 2469 aequiparare.
1145 2433 1203 2461 Rex
1216 2435 1334 2469 quidem,
1350 2435 1439 2470 magni
1452 2436 1530 2470 pretii
1546 2436 1618 2470 apud

837 2479 973 2507 hominem
1002 2480 1109 2507 metalla
1130 2487 1242 2514 aurum,
1260 2485 1400 2515 argentum
1412 2501 1420 2513 ,
1438 2488 1492 2514 ass,
1516 2481 1617 2508 ferrum

837 2526 985 2559 admirans,
1004 2533 1084 2560 regna
1109 2526 1245 2552 variorum
1266 2530 1418 2561 temporum
1444 2527 1470 2553 in
1494 2526 1548 2553 vita
1567 2527 1618 2553 ho-

836 2571 940 2598 minum
955 2571 1140 2606 potentissima
1161 2570 1202 2598 his
1221 2571 1335 2599 debebat
1349 2571 1501 2599 assimilare
1521 2572 1617 2598 metal-

839 2646 891 2667 tem
917 2640 1026 2668 Eusebii
1052 2640 1184 2667 asseclam
1211 2647 1271 2668 esse
1298 2640 1411 2668 scimus.
1437 2639 1556 2674 Denique
1584 2647 1619 2668 ne

837 2675 1045 2711 Chrysostomus
1066 2675 1173 2710 quidem
1196 2675 1304 2711 Eusebii
1324 2676 1395 2702 hunc
1417 2675 1507 2711 locum
1524 2676 1618 2711 nosci<

836 2709 909 2738 visse
928 2711 1043 2738 videtur.
1067 2709 1200 2738 Cmterum
1218 2718 1251 2737 ex
1269 2710 1378 2738 Eusebii
1394 2709 1506 2738 scholiis
1523 2710 1548 2736 in
1569 2710 1619 2738 hac

837 2750 931 2772 catena
956 2746 1177 2778 occurrentibus,
1202 2753 1234 2773 ea
1261 2745 1317 2773 fere
1339 2745 1488 2774 omittenda
1513 2745 1618 2779 curavi,

837 2788 897 2816 quae
912 2781 939 2808 in
954 2781 1033 2809 editis
1044 2781 1100 2816 jam
1113 2781 1266 2809 exstabant.
1284 2780 1347 2808 MAI.
