1860 3051
215 99 267 128 815

670 98 700 126 S.
719 96 897 124 HlPPOLY'I‘l
915 95 989 122 ()PP.
1006 93 1095 121 PARS
1113 92 1134 120 Ι.
1152 107 1186 113 -
1201 92 1405 121 EXEGETICA.

1777 94 1822 120 676

216 160 267 193 lis;
287 159 418 194 propheta
440 166 505 186 vero
525 159 552 186 in
571 157 664 185 formis
686 158 834 185 bestiarum
859 158 915 184 haec
938 157 996 191 ipsa
1012 158 1054 186 At

1083 154 1157 186 ύταις
1179 154 1325 189 ἀφομοιοῦν
1346 155 1405 185 ταῖς
1425 153 1509 185 ὗλαιςο
1537 153 1576 188 τῷ
1598 153 1626 180 δὲ
1651 154 1781 190 προφήτῃ
1799 155 1824 180 ἐν

217 217 299 245 regna
313 209 383 236 haud
403 208 481 235 aliter
500 215 532 234 ac
554 207 719 234 narrationis
744 206 884 234 exordium
903 205 999 238 depin-

218 263 279 291 gere
291 255 439 282 tenebatur.
457 253 490 280 Et
499 261 594 280 rursus
608 253 674 287 regi,
686 257 716 279 ut
731 252 848 282 videtur,
863 251 896 278 de
911 251 999 285 seipso

217 307 314 334 magna
338 299 478 334 cogitanti,
499 303 526 326 et
541 298 705 333 jactahundo
726 297 760 324 de
783 297 916 331 majorum
935 303 1000 323 suo-

216 352 276 371 rum
291 344 414 378 imperio,
430 350 520 370 rerum
541 343 722 369 humanarum
745 342 860 369 mutatio
878 345 999 376 apparet,

215 396 242 418 et
261 390 429 418 terrestrium
452 397 596 424 regnorum
613 389 684 421 ﬁnis,
701 393 731 415 ut
752 396 829 415 suam
845 387 998 422 superbiam

214 438 331 472 deponat
350 441 377 463 et
395 435 461 463 nihil
475 435 586 462 humani
602 435 725 462 durabile
744 434 851 466 credat,
874 435 920 461 sed
940 439 1000 460 tan-

217 488 272 510 tum
284 503 291 515 ,
316 483 389 517 quod
409 487 450 510 est
465 482 586 509 omnium
602 481 675 514 linis,
687 488 799 516 regnum
816 480 872 507 Dei.
891 495 926 500 —
942 479 1001 506 Erit

217 530 288 557 enim
305 533 366 564 post
380 528 523 563 imperium
537 528 712 563 Assyriorum
727 527 799 562 quod
815 527 930 561 primum
948 530 999 558 est,

217 583 339 610 auroque
356 574 534 610 signiﬁcatum
547 594 554 606 ,
573 572 716 601 Persarum
741 572 885 607 imperium
898 593 905 605 ,
928 571 999 606 quod

217 620 366 648 secundum
382 624 432 652 est,
446 624 473 646 et
487 625 599 654 argento
611 623 801 651 monstratum,
815 618 859 645 cui
877 618 904 645 in
921 619 1000 645 tertio

216 667 277 693 loco
292 666 470 694 Macedonum
492 666 651 700 imperium,
674 672 727 692 ere
743 665 889 691 indicatum
905 671 999 691 succe-

216 712 271 739 det.
296 727 326 732 ~
343 711 408 739 Post
423 712 475 739 hoc
486 716 581 746 quarta
594 711 754 743 mutatione,
770 711 912 746 imperium
927 710 999 738 acci-

215 760 289 794 pient
301 758 426 791 Romani,
439 758 569 789 omnium.
585 758 631 792 qui
647 761 708 784 ante
723 764 771 785 eos
784 756 893 784 fuerunt
907 761 1000 791 poten-

216 805 313 837 tiores;
331 803 507 838 quamobrem
527 802 599 830 ferro
614 803 811 837 intelliguntur.
832 802 938 829 Dictum
959 805 1000 829 est

1051 200 1166 234 μορφαῖς
1181 199 1281 235 θηρίων
1294 199 1343 231 τὰς
1355 199 1437 231 αὐτὰς
1453 197 1589 234 βασιλείας
1604 198 1781 233 καταλλήλως
1791 199 1823 234 τῷ

1049 244 1099 279 τῆς
1114 244 1201 280 ἀρχῆς
1222 245 1315 281 τρόπῳ
1336 244 1541 280 διαγράφεσθαι·
1564 245 1611 270 καὶ
1632 245 1715 271 πάλιν
1730 244 1768 279 τῷ
1781 246 1823 279 μὲν

1050 288 1162 323 βασιλεῖ,
1177 289 1247 324 μέγα
1263 289 1300 320 ὼς
1314 289 1386 319 εἰκὸς
1397 289 1438 323 ἐφ’
1449 289 1535 324 ἑαυτῷ
1548 289 1690 325 φρονοῦντι
1706 289 1754 315 καὶ
1767 290 1825 316 ἁλα-

1050 332 1215 370 ζονευομένῳ
1234 334 1280 360 ἐπὶ
1300 333 1401 370 τῇ⁶τῶν
1424 334 1562 369 προγόνων
1581 335 1717 370 βασιλείᾳ,
1737 336 1754 370 ἡ
1777 335 1824 362 τῶν

1049 380 1217 415 πραγμάτων
1241 380 1374 416 μεταϐολὴ
1395 380 1544 412 δείκνυται,
1567 381 1614 407 καὶ
1636 381 1693 408 τῶν
1712 382 1758 407 ἐπὶ
1779 382 1824 416 γῆς

1051 426 1192 462 βασιλειῶν
1208 426 1238 453 τὸ
1258 426 1348 459 τέλος,
1364 428 1403 458 εἰς
1419 426 1574 462 καθαίρεσιν
1588 426 1635 453 τοῦ
1649 428 1679 453 ὲν
1695 427 1769 462 αὐτῷ
1783 428 1824 454 τύ-

1050 481 1109 507 φου,
1127 472 1173 498 καὶ
1195 473 1234 503 εἰς
1257 472 1287 498 τὸ
1310 473 1391 508 μηδὲν
1411 473 1535 508 ἡγεῖσθαι
1558 473 1664 508 βέϐαιον
1683 473 1715 498 τὸ
1735 474 1764 498 ὲν
1784 474 1825 499 ἀν-

1049 517 1177 553 θρώποις,
1191 517 1207 553 ἢ
1229 518 1307 553 μόνον
1329 518 1359 544 τὸ
1373 519 1418 545 ἐπὶ
1431 519 1538 545 πάντων
1550 518 1625 550 τέλος
1636 518 1688 553 τῆς
1703 518 1750 544 τοῦ
1764 518 1824 544 Θεοῦ

1050 563 1192 597 βασιλείας·
1211 563 1319 590 ἔσεσθαι
1335 564 1389 599 γὰρ
1406 563 1473 599 μετὰ
1485 563 1534 599 τὴν
1548 564 1659 599 πρώτην
1681 565 1825 599 ’Λσσυρίων

1049 607 1144 643 ἀρχὴν,
1161 608 1194 643 ἣν
1209 608 1223 633 ὁ
1237 608 1335 643 χρυσὸς
1353 608 1471 644 ᾐνίξατο,
1484 609 1611 644 δευτέραν
1627 608 1676 644 τὴν
1693 608 1748 635 τῶν
1762 609 1825 643 Περ-

1050 652 1120 685 σῶν,
1145 652 1194 688 τὴν
1218 652 1262 679 διὰ
1289 653 1336 680 τοῦ
1363 653 1482 689 ἀργύρου
1507 654 1710 689 δεδηλωμένην-
1737 655 1825 680 ἔπειτα

1048 698 1142 733 τρίτην
1155 698 1202 734 τὴν
1216 699 1386 730 Μακεδόνων,
1396 700 1427 734 ἣν
1442 700 1457 725 ὁ
1471 699 1567 735 χαλκὸς
1583 701 1715 735 ὲσήμανε·
1730 700 1787 735 μεθ’
1796 701 1825 735 ἣν

1049 743 1181 778 τετάρτην
1197 743 1366 776 διαδέξασθαι
1380 745 1432 772 τῶν
1454 745 1603 780 Ῥωμαίων,
1626 747 1825 781 κραταιωτέραν

1049 785 1132 814 οὖσαν
1146 788 1199 815 τῶν
1221 789 1273 824 πρὸ
1295 789 1387 825 αὐτῆς·
1405 790 1444 816 διὸ
1457 791 1503 817 καὶ
1520 791 1619 826 σιδήρῳ
1635 791 1823 827 παρεϐάλλετοι

216 850 289 877 enim
306 833 404 877 denisto
416 849 543 884 imperio:
560 847 593 875 Et
609 856 716 883 regnum
728 852 852 883 quartum
865 848 915 874 erit
929 846 996 874 velut
1013 838 1034 866 Β

1080 843 1141 870 οητο
1156 835 1220 869 γοῦν
1233 836 1280 862 καὶ
1297 836 1360 871 περὶ
1376 836 1470 871 αὐτῆς,
1485 838 1533 864 καὶ
1546 838 1692 869 βασιλεία
1709 838 1825 872 τετάρτη

217 896 330 930 ferrum:
344 895 472 931 quomodo
483 895 580 930 ferrum
596 894 748 921 comminuit
763 898 788 921 et
799 894 888 920 domat
898 894 996 926 omnia,

216 943 254 969 sic
269 943 425 969 comminuet
439 946 464 968 et
479 946 592 968 conteret
615 941 702 967 omnia
726 943 780 968 hinc
792 941 874 976 (Dan.
897 950 927 974 tt,
942 941 997 976 40).

216 989 250 1016 Et
264 993 324 1023 post
334 988 392 1015 haec
403 988 494 1015 omnia
505 987 628 1022 imperia,
642 995 755 1023 regnum
764 987 812 1015 Dei
825 996 871 1022 per
882 987 998 1023 lapidem

216 1034 262 1068 qui
285 1039 367 1061 totam
394 1037 511 1060 statuam
542 1032 703 1068 confringit,
726 1037 943 1068 repraesentatur.
966 1033 999 1061 Et

215 1079 345 1113 propheta
364 1078 471 1105 illarum
488 1086 590 1112 rerum,
610 1079 704 1106 eodem
723 1079 814 1112 modo,
830 1079 857 1106 in
871 1079 924 1106 ﬁne
940 1087 999 1106 om-

219 1125 306 1158 nium,
331 1123 377 1151 Dei
401 1132 512 1159 regnum
546 1132 600 1151 non
625 1125 700 1159 prius
730 1124 801 1152 videt
829 1133 909 1159 quam
933 1125 998 1153 istas

216 1175 333 1204 quatuor
350 1170 488 1210 dynastias
502 1171 684 1205 descripserit,
700 1171 779 1205 juxta
801 1171 934 1204 ordinem,
952 1179 999 1206 per

216 1221 333 1251 quatuor
347 1217 464 1250 bestias;
479 1222 596 1251 quatuor
611 1222 700 1244 autem
711 1217 808 1244 horum
822 1218 998 1252 imperiorum

216 1267 321 1290 tantum
346 1266 372 1290 et
396 1270 450 1289 non
473 1263 605 1295 aliorum,
627 1267 691 1298 puto
715 1263 832 1291 visiones
849 1267 876 1291 et
894 1263 948 1298 regi
973 1268 1000 1290 et

216 1309 353 1343 propheta:
375 1308 562 1336 manifestatas
588 1308 691 1341 fuisse,
717 1310 781 1344 quia
812 1309 854 1337 his
883 1314 999 1344 quatuor

217 1354 337 1389 imperiis
351 1355 425 1381 natio
443 1354 609 1388 Iudaeorum,
627 1362 642 1382 a
659 1355 797 1390 prophetae
821 1355 997 1389 temporibus,

218 1404 276 1427 erat
292 1401 424 1428 servitura

252 1479 283 1506 V.
306 1480 349 1507 55.
364 1495 399 1500 -
412 1479 513 1507 Pedum
531 1481 663 1515 quantum.
679 1485 731 1508 etc.
755 1480 899 1516 Hippolyti.
918 1496 953 1500 —
969 1480 996 1508 ln

1047 880 1132 907 ἔσται
1154 882 1263 916 ισχυρὰ
1285 882 1325 915 ὡς
1345 882 1478 916 σίδηροςο
1501 883 1536 910 ὃν
1550 885 1660 918 τρόπον
1673 886 1690 911 ὁ
1709 884 1826 917 σιδηρίς

1047 927 1188 954 λεπτύνει
1212 927 1261 954 καὶ
1285 927 1402 962 δαμάζει
1427 928 1533 961 πάντα,
1551 929 1645 962 οὕτως
1663 929 1765 956 πάντα
1784 932 1826 956 λε-

1048 972 1156 998 πτυνεῖ
1166 972 1216 999 καὶ
1229 972 1362 1008 δαμάσει·
1378 974 1424 1000 καὶ
1446 974 1513 1010 μετὰ
1528 974 1577 1006 τὰς
1593 975 1743 1010 εἰρημένας
1759 975 1826 1002 ἁπά-

1050 1025 1098 1048 σας
1110 1017 1158 1054 τὴν
1169 1018 1215 1044 τοῦ
1226 1017 1294 1045 Θεοῦ
1309 1019 1443 1054 βασιλείαν
1459 1020 1502 1046 διὰ
1520 1020 1565 1047 τοῦ
1584 1021 1774 1056 συντρίὸο-ηος

1049 1063 1138 1089 πᾶσαν
1156 1064 1247 1090 εἰκόνα
1269 1063 1343 1090 λίθου
1363 1065 1577 1101 παρισταμένην·
1597 1066 1645 1093 καὶ
1661 1067 1674 1092 ὁ
1691 1068 1827 1101 apo-eruta;

1050 1107 1152 1134 τούτων
1175 1109 1327 1141 ἀκολούθως
1342 1110 1389 1145 τὴν
1411 1111 1456 1137 ἐπὶ
1468 1111 1539 1137 τέλει
1554 1111 1598 1137 τοῦ
1613 1111 1668 1138 τῶν
1681 1111 1752 1138 ὅλων
1766 1111 1827 1138 Θεοῦ

1050 1153 1186 1188 βασιλείαν
1200 1155 1229 1180 οὐ
1245 1156 1374 1191 πρότερον
1387 1156 1497 1191 θεωρεῖ,
1513 1157 1528 1192 ἦ
1544 1157 1593 1188 τὰς
1607 1158 1758 1193 εἰρημένας
1775 1158 1828 1183 τέσ-

1050 1206 1135 1234 σαρας
1160 1199 1316 1231 δυναστείας
1332 1200 1476 1236 διαγράψαι
1494 1201 1538 1227 τὸν
1554 1201 1632 1236 λόγον
1645 1202 1691 1228 διὰ
1706 1202 1761 1228 τῶν
1773 1211 1827 1228 τες-

1050 1244 1139 1279 σάρων
1156 1244 1273 1280 θηρίων·
1295 1245 1395 1272 τούτων
1411 1246 1439 1272 δὲ
1460 1246 1514 1273 τῶν
1533 1247 1673 1282 τεσσάρων
1691 1247 1828 1282 βασιλειῶν

1051 1290 1138 1323 μόνων
1160 1290 1207 1316 καὶ
1227 1290 1286 1316 οὐδὲ
1307 1291 1406 1327 ἑτέρων
1419 1293 1537 1327 ἡγοῦμαι
1549 1292 1598 1323 τὰς
1610 1294 1724 1328 ὁράσεις
1738 1294 1785 1320 καὶ
1796 1295 1829 1329 τῷ

1049 1337 1151 1372 βασιλεί
1174 1337 1219 1364 καὶ
1244 1337 1283 1373 τῷ
1305 1339 1430 1375 προφήτῃ
1453 1339 1595 1374 δεδεῖχθαι,
1611 1340 1656 1366 διὰ
1673 1340 1706 1366 τὸ
1725 1341 1830 1372 ταύταις

1048 1382 1282 1418 καταδουλωθῆναι
1298 1383 1327 1410 τὸ
1345 1383 1476 1411 Ἰουδαίων
1488 1384 1562 1416 ἔθνος
1572 1384 1626 1411 ἀπὸ
1638 1385 1695 1412 τῶν
1708 1386 1757 1412 τοῦ
1771 1395 1830 1422 προ-

1050 1430 1132 1464 φήτου
1147 1429 1259 1464 χρόνων.

1084 1474 1134 1508 λγ’.
1153 1476 1184 1502 Ol
1205 1474 1305 1507 πόδες.
1327 1475 1494 1502 Ἱππολύτου.
1509 1475 1549 1502 Τὰ
1572 1477 1601 1502 ἐν
1623 1478 1658 1512 τῇ
1678 1477 1776 1512 ὁράσει
1790 1478 1830 1504 τοῦ

311 1506 334 1507 η
440 1506 443 1507 ,
537 1506 544 1515 ,
658 1506 663 1510 ,
685 1506 703 1508 ν
725 1506 730 1508 Ἴ
756 1506 898 1516 Henry",
981 1506 995 1508 ,ν

216 1525 320 1554 visione
334 1527 471 1561 prophetae
485 1526 577 1554 decem
589 1534 692 1554 cornua
705 1527 858 1562 signiﬁcant
872 1527 942 1562 quod
958 1526 1000 1554 fu-
1013 1506 1036 1536 ϐ
1052 1531 1054 1537 ¹

1080 1506 1188 1556 »οίρήτου
1203 1524 1217 1547 ι’
1230 1506 1332 1556 κέρατα
1348 1520 1382 1547 τὰ
1393 1521 1520 1557 μέλλοντα
1538 1506 1657 1549 Eat-sedat...

216 1577 306 1598 turum
323 1577 374 1600 CSL

254 1619 287 1646 V.
305 1618 348 1644 fit.
372 1632 407 1637 »-
436 1616 546 1643 i’idebas
564 1617 603 1642 ita
622 1615 703 1642 donec
725 1615 854 1642 abscissus
868 1619 906 1641 est
922 1615 998 1649 lapis.

218 1663 363 1699 Hippolyti.
390 1662 507 1690 V'idebas
531 1661 609 1696 quasi
631 1660 747 1696 lapidem
771 1660 920 1687 abscissum
943 1661 1001 1687 sine

218 1710 364 1742 manibus,
390 1713 417 1735 et
447 1708 642 1743 percutientem
673 1711 789 1734 statuam
817 1714 897 1740 super
921 1706 1001 1740 pedes

218 1756 298 1790 ejus;
321 1753 536 1788 inseparabiliter
558 1752 630 1779 enim
650 1752 797 1779 discretqu
814 1756 856 1778 est
875 1758 890 1777 a
911 1751 1001 1778 divino

218 1807 301 1835 regno
324 1806 436 1834 regnum
448 1799 608 1829 humanum,
623 1797 798 1832 quamobrem
815 1797 913 1824 dicitur
925 1796 1001 1831 quasi

219 1846 385 1873 abscissum:
400 1844 470 1872 ictus
490 1851 554 1871 vero
574 1843 600 1869 in
624 1842 797 1869 inferioribus
819 1843 847 1868 lit
869 1841 999 1876 partibus,

218 1897 246 1919 et
264 1892 290 1918 in
319 1891 372 1918 illis
392 1897 474 1917 omne
496 1896 608 1924 regnum
628 1887 742 1915 conterit
760 1887 831 1922 quod
858 1893 899 1915 est
919 1895 1001 1922 super

220 1942 244 1964 te
249 1944 320 1963 rrnm
325 1955 332 1962 .

258 1982 288 2009 ν.
305 1982 349 2009 45.
365 1996 400 2000 -
414 1980 448 2007 Et
466 1988 552 2007 verum
575 1985 612 2006 est
639 1980 777 2006 somniant.
805 1979 949 2014 Hippolyti.
968 1978 1002 2006 Ut

219 2036 285 2063 ergo
300 2035 378 2054 nemo
393 2022 495 2054 dubitet
511 2034 545 2053 an
559 2026 618 2060 ejus
634 2026 705 2053 dicta
720 2034 781 2053 vera
797 2027 867 2059 sint,
884 2034 917 2053 an
935 2034 1000 2060 non,

221 2075 365 2102 conﬁrmat
383 2081 414 2100 ea
431 2073 559 2107 propheta
580 2072 688 2100 dicens:
713 2072 747 2099 Et
770 2081 857 2099 verum
875 2077 913 2099 est
933 2081 1002 2099 som-

221 2122 295 2148 nium
313 2125 338 2146 et
354 2119 440 2154 ﬁdelis
457 2118 637 2152 interpretatio
651 2118 708 2152 ejus
725 2117 804 2153 (Dan.
824 2118 908 2154 ",45)
925 2127 931 2145 :
947 2126 1000 2146 non

222 2166 309 2193 erravi
321 2165 348 2192 in
364 2164 583 2198 interpretatione
594 2163 718 2190 visionis.

258 2210 290 2238 V.
305 2210 349 2238 46.
376 2209 447 2236 Tunc
466 2216 512 2235 rea;
530 2207 771 2235 Nabuchodonosor
796 2209 885 2235 cecidit
907 2209 935 2235 in
959 2208 1001 2243 fa—

222 2257 286 2283 cient
300 2263 385 2282 tuum.
402 2252 657 2289 llippolyti.—-ll:ce
672 2253 783 2281 audiens
792 2253 1002 2282 Nabuchodono-

223 2309 280 2334 sor,
295 2309 355 2327 cum
369 2300 467 2327 somnii
480 2299 656 2332 meminisset,
668 2300 775 2334 agnovit
786 2309 845 2335 qua:
859 2301 929 2329 dicta
944 2301 1002 2328 fue-

223 2350 285 2372 rant
297 2353 313 2372 a
329 2345 448 2376 Daniele,
462 2345 601 2371 veritatem
618 2352 687 2372 esse.
707 2359 740 2364 —
759 2344 894 2378 Quantum
916 2350 1001 2380 potest

224 2391 310 2425 gratia
331 2390 399 2422 Dei,
420 2389 573 2417 charissimi
587 2410 594 2422 ,
610 2394 639 2416 ut
663 2390 752 2423 hunc,
773 2391 818 2425 qui
841 2391 919 2426 paulo
939 2396 1001 2418 ante

225 2437 362 2472 periturus
378 2441 445 2469 erat,
461 2444 521 2464 cum
537 2436 642 2464 caneris
670 2436 835 2471 sapientibus
858 2436 1002 2472 Babylonis

225 2484 309 2514 hunc.
324 2483 446 2517 inquam,
462 2490 509 2509 rex
526 2489 579 2509 non
597 2486 626 2509 ut
637 2482 771 2510 hominem
784 2503 792 2516 ,
809 2483 856 2511 sed
872 2487 901 2510 ut
916 2483 1001 2510 Deum

227 2529 335 2555 adoret!
352 2527 451 2555 Manaa
469 2528 531 2563 (hoc
543 2533 583 2556 est
596 2529 622 2555 in
638 2528 733 2556 Chald.
750 2529 859 2564 hostias)
877 2533 902 2556 et
915 2529 1002 2555 incen-

226 2582 285 2600 sum
301 2574 423 2608 prlecepit
441 2578 470 2600 ut
490 2574 668 2608 sacriﬁcarent
686 2575 709 2602 ei
735 2576 783 2610 (tt,
805 2576 860 2610 46),
885 2575 917 2602 Et
938 2576 1001 2602 olim

227 2618 311 2653 Moysi
326 2618 414 2645 simile
433 2620 638 2646 annuntiaverut
657 2620 786 2648 Dominus
807 2620 914 2648 dicens:
937 2619 1003 2646 Ecce

227 2665 350 2691 constitui
365 2669 388 2691 te
401 2664 477 2692 deum
492 2664 637 2692 Pharaonis
654 2665 751 2700 (Exod.
767 2674 804 2693 vn
814 2687 822 2699 ,
844 2667 886 2701 1),
913 2671 942 2693 ut
957 2674 1003 2700 per

228 2710 304 2745 signa
315 2711 349 2737 ab
359 2718 391 2737 eo
406 2711 474 2738 facta
488 2711 513 2738 in
524 2715 595 2738 terra
607 2710 724 2746 Egypti,
739 2711 843 2747 Moyses
858 2720 910 2738 non
924 2711 1004 2739 homo

229 2762 376 2791 putaretur,
388 2760 434 2784 sed
449 2763 478 2785 ut
490 2758 556 2785 deus
571 2758 605 2785 ab
620 2757 750 2793 {Egyptiis
762 2758 926 2786 adoraretur.

228 2812 279 2836 ’νιος
302 2805 430 2841 νομισθῇ,
463 2805 518 2832 ἀλλ’
548 2805 585 2837 ὡς
605 2805 663 2837 θεδς
696 2806 746 2832 ὑπὸ
768 2805 820 2832 τῶν
852 2805 1004 2840 Αἰγυπτίων

1086 1617 1130 1643 λδι.
1151 1618 1294 1652 Ἑθεὼρεις
1306 1618 1360 1651 ἕως
1374 1616 1409 1646 οὗ
1423 1618 1532 1653 ἐτμήθη
1546 1620 1642 1652 λίθος.
1666 1620 1831 1648 Ἱππολύτου.

1058 1663 1199 1699 Ἐθεώρεις
1210 1663 1308 1690 ὡσανεὶ
1321 1664 1456 1700 τμηθέντα
1470 1665 1541 1691 λίθον
1555 1666 1585 1691 οὺ
1601 1665 1646 1692 διὰ
1665 1667 1779 1702 χειρῶν,
1793 1667 1832 1692 καὶ

1051 1709 1189 1744 πλήξαντα
1203 1710 1248 1736 τὸν
1261 1710 1403 1745 ἀνδριάντα
1417 1710 1462 1737 ἐπὶ
1481 1711 1543 1743 τοὺς
1558 1711 1641 1743 πόδας
1655 1712 1754 1739 αὑτοῦ·
1771 1714 1832 1749 ἁμε-

1053 1755 1149 1790 ρίστως
1165 1755 1217 1791 γὰρ
1229 1755 1359 1791 ἐμερίσθη
1375 1755 1427 1782 ἀπὺ
1440 1756 1489 1790 τῆς
1506 1756 1579 1788 θείας
1602 1756 1747 1791 βασιλείας
1764 1760 1780 1794 ὴ
1795 1760 1834 1785 άν-

1051 1799 1184 1835 Θρωπίνη·
1202 1800 1268 1835 πρὸς
1280 1800 1357 1826 τοῦτο
1374 1798 1419 1826 οὖν
1435 1800 1465 1826 τὸ
1476 1801 1584 1827 ὡσανεὶ
1600 1803 1766 1836 τμηθένται
1781 1805 1798 1839 ἡ
1811 1804 1833 1830 δὲ

1052 1845 1141 1881 πληγὴ
1164 1845 1232 1872 κατὰ
1254 1846 1307 1872 τῶν
1330 1846 1486 1872 τελευταίων
1501 1847 1549 1881 μὲν
1566 1847 1689 1881 γίνεται,
1706 1850 1739 1875 ἐν
1752 1850 1835 1880 αὐτοῖς

1051 1891 1078 1917 δὲ
1096 1891 1143 1927 τὴν
1156 1892 1217 1927 ὃλην
1229 1891 1365 1926 βασιλείαν
1382 1892 1519 1927 συνέτριῦε
1532 1892 1580 1928 τὴν
1596 1894 1642 1919 ἐπὶ
1655 1894 1720 1930 γῆς.

1088 1982 1138 2014 με’.
1154 1979 1208 2006 Καὶ
1223 1979 1367 2012 ἀληθινὸν
1379 1980 1411 2006 τὸ
1425 1980 1575 2008 ἐνύπνιον.
1593 1981 1769 2010 Ἱππολύτου.
1785 1984 1834 2009 Ἵιτ.

1053 2023 1098 2051 οὖν
1121 2025 1156 2060 μή
1174 2033 1215 2056 τις
1238 2024 1405 2061 δυσπιστήσῃ
1426 2026 1472 2052 ἐπὶ
1495 2028 1550 2058 τοῖς
1573 2028 1735 2063 εἰρημένοις
1748 2030 1772 2056 εἰ
1789 2031 1835 2063 ἄρα

1052 2071 1160 2107 ἔσταιῆ
1184 2071 1226 2103 οὒ,
1247 2072 1445 2106 ὲπεσφράγισεν
1466 2073 1480 2098 ὁ
1496 2074 1638 2108 προφήτης
1660 2073 1769 2108 λέγων·
1788 2075 1835 2102 Kal

1051 2118 1194 2151 ἁληθινιῖν
1219 2116 1252 2143 τὸ
1273 2117 1425 2148 ἐνύπνιον,
1449 2118 1496 2144 καὶ
1523 2118 1615 2152 πιστὴ
1634 2120 1654 2153 ἠ
1679 2121 1835 2154 σύγκρισις

1015 2174 1038 2203 D
1051 2162 1152 2189 αὑτοῦ·
1167 2163 1196 2188 οὐ
1211 2163 1357 2198 διήμαρτον
1370 2164 1398 2189 ὲν
1408 2164 1440 2198 τῇ
1455 2163 1501 2189 τοῦ
1517 2163 1644 2197 ὀφθέντος
1657 2165 1804 2201 ἑρμηνείᾳ.

1086 2211 1144 2244 pg’.
1163 2209 1230 2235 Τότε
1246 2210 1261 2234 ὁ
1278 2208 1428 2242 ,βασιλεὺς
1444 2209 1714 2244 Ναϐουχοδονόσορ
1730 2212 1836 2237 ἔπεσεν

1049 2255 1097 2281 ἐπὶ
1119 2255 1288 2288 πρόσωπον.
1318 2254 1485 2281 Ἱππολύτου.
1507 2254 1614 2281 Τούτων
1634 2256 1761 2288 ἀκούσας
1784 2257 1836 2282 Na.

1050 2300 1252 2335 ϐουχοδονόσορ,
1272 2300 1454 2336 ὑπομνησθεὶς
1480 2300 1524 2327 τοῦ
1555 2301 1703 2332 ἐνυπνίου,
1734 2303 1836 2335 ἐπέγνω

1049 2348 1088 2373 ὅτι
1108 2348 1155 2373 καὶ
1173 2346 1207 2373 τὰ
1224 2346 1389 2381 λελαλημὲνα
1401 2345 1453 2372 ὑπὸ
1467 2345 1512 2372 τοῦ
1531 2346 1628 2381 Δανιὴλ
1646 2347 1725 2373 ἐστὶν
1741 2347 1834 2381 ἁληθῆ-

1049 2393 1179 2419 -Πόσον
1202 2392 1288 2427 ἰσχύει
1299 2392 1378 2427 χάρις
1399 2391 1477 2423 Θεοῦ,
1497 2392 1643 2427 ἀγαπητοὶ,
1662 2393 1708 2419 ἵνα
1730 2394 1776 2419 τὸν
1790 2394 1837 2428 πρὸ

1051 2438 1149 2474 μικροῦ
1171 2437 1300 2473 μέλλοντα
1322 2437 1488 2472 ἀναιρεῖσθαι
1519 2436 1587 2472 μετὰ
1607 2437 1663 2464 τῶν
1690 2439 1835 2464 ἐπιλοίπων

1051 2483 1142 2518 σοφῶν
1154 2483 1322 2515 Βαϐυλῶνος,
1336 2482 1428 2509 τοῦτον
1445 2484 1459 2509 ὁ
1476 2482 1601 2517 βασιλεὺς
1623 2484 1724 2518 μηκέτι
1742 2485 1781 2515 ὡς
1799 2485 1836 2510 ἂν·

1050 2529 1168 2564 θρωπον,
1181 2528 1237 2555 ἀλλ’
1251 2528 1289 2559 ὡς
1300 2528 1365 2554 Θεὸν
1378 2529 1561 2564 προσκυνήσῃ.
1577 2543 1607 2548 -
1624 2529 1736 2555 Mat-ad
1753 2529 1835 2563 (Chal-

1051 2575 1138 2605 dait-e,
1162 2574 1188 2600 h.
1208 2581 1234 2600 θ.
1253 2573 1403 2608 θυσίασμα)
1421 2573 1469 2599 καὶ
1491 2573 1615 2606 εὐωδίας
1630 2571 1698 2600 εἶπε
1717 2575 1835 2601 σπεῖσαι

1054 2619 1143 2652 αὐτῷ·
1159 2620 1205 2646 καὶ¹
1219 2619 1272 2654 γὰρ
1288 2618 1371 2646 πάλαι
1388 2619 1426 2654 τῷ
1437 2620 1539 2654 Μωῦσῇ
1558 2619 1588 2645 τὸ
1607 2619 1702 2654 ὅμοιον
1715 2620 1837 2654 ὲπηγγεὲ-

1055 2666 1117 2692 λατο
1135 2667 1149 2692 ὁ
1168 2665 1268 2701 Κύριος
1279 2665 1374 2700 λέγων·
1394 2665 1466 2692 Ἰδοὺ
1483 2665 1596 2692 δέδωκά
1608 2674 1645 2692 σε
1658 2667 1703 2698 εἰς
1719 2666 1790 2693 θεὲν
1803 2665 1838 2697 τῷ

1055 2711 1165 2746 Φαραώ·
1181 2712 1223 2738 ἵνα
1241 2711 1284 2738 διὰ
1305 2711 1359 2738 τῶν
1380 2711 1499 2746 σημείων
1522 2711 1576 2738 τῶν
1599 2711 1645 2738 ὑπ’
1662 2712 1748 2738 αὐτοῦ
1767 2720 1832 2746 τινα

1057 2757 1144 2793 μένων
1170 2759 1198 2784 ὲν
1233 2759 1267 2793 γῇ
1303 2757 1439 2791 Αἰγύπτου
1462 2757 1559 2792 μηκέτι
1588 2757 1717 2797 Μωίἱσῆς⁸
1736 2757 1826 2793 ἄνθικυ

1034 2804 1216 2840 προσκυνηθῇ.
