1860 3051
27 72 30 87 ’
47 83 95 111 677

637 86 785 116 SCHOLIA
805 89 839 116 IN
859 89 1040 119 DANIELEM.

1603 99 1653 125 673

79 144 133 177 μη’.
156 142 211 168 Kal
231 141 413 177 ἐμεγάλυνεν
435 145 452 170 d
471 143 618 178 ,βασιλεὺς
631 145 683 173 τὸν
700 146 810 180 Amran

911 147 941 175 V.
961 149 1006 176 48.
1022 163 1057 168 ——
1075 148 1146 175 Tum:
1165 157 1210 176 rex
1227 148 1361 177 Danielem
1379 151 1407 176 in
1425 150 1535 179 sublime
1548 155 1652 181 extulit.

51 187 216 215 ’ῖππιολύτου.
237 189 345 224 Ἐπειδὴ
365 190 419 225 γὰρ
446 190 525 221 αὐτὸς
551 191 645 218 ἑαυτὸν
663 192 819 228 ἐσμίκρυνε,

45 234 88 260 καὶ
110 233 249 269 ἐλάχιστον
270 235 343 269 παρὰ
371 235 471 267 πάντας
491 236 647 271 ἀνθρώπους
666 235 733 264 εἶναι
753 239 820 266 ἁπε-

45 279 154 314 φήνατο,
167 279 284 316 ηὒξησεν
295 280 372 306 αὐτὸν
387 281 400 306 ὁ
415 281 490 313 Θεὸς,
505 282 554 308 καὶ
567 283 752 317 κατέστησεν
765 285 819 311 αὺ-

42 324 91 351 τὸν
110 326 124 351 ὁ
138 324 264 359 βασιλεὺς
282 325 411 359 ἄρχοντα
431 326 531 361 πάσης
548 326 602 361 τῆς
614 327 711 362 χώρας
726 329 819 355 Βαϐυ-

41 369 144 403 λῶνος·
160 370 189 396 ὃν
201 371 300 406 τρόπον
314 371 422 405 ἐποίησε
439 371 485 398 καὶ
505 373 518 399 ὁ
533 373 630 408 Φαραὼ
645 374 689 400 τὸν
711 373 818 409 Ἰωσὴφ,

41 416 98 442 τότε
118 418 291 452 καταστήσας
315 417 394 444 αὑτὸν
416 418 532 453 ἄρχοντα
553 420 642 455 πάσης
663 420 712 456 τῆς
736 421 818 455 Αίγύ-

43 469 120 488 πτου.

72 507 128 542 μθ’.
144 508 198 534 Kal
221 507 331 542 Δανιὴλ
355 509 495 542 ᾐτήσατο.
520 511 687 538 Ἱππολύτου.
711 513 819 548 Ἐπειδὴ

41 553 89 588 γὰρ
120 553 196 579 αὐτοὶ
217 554 245 580 ἐν
269 556 301 589 τῇ
321 557 454 590 προσευχῇ
475 557 701 591 συνηγορεύσαντο
712 558 750 594 τῷ
768 560 819 585 Δα-

39 599 94 633 νιὴλ
117 599 185 634 πρὸς
203 599 249 626 τὸν
266 599 330 626 Θεὸν
341 601 383 627 ἶνα
396 601 425 627 τὸ
440 602 530 637 ὅραμα
542 603 615 637 αὐτῷ
630 604 816 639 ἀποκαλυφθῇ,

39 644 81 669 καὶ
94 644 178 675 αὐτὸς
191 645 288 680 Δανιὴλ
300 644 375 677 ἀξίαν
388 646 469 681 τιμὴν
486 646 573 673 λαϐὼν
590 648 663 683 παρὰ
678 649 724 674 τοῦ
739 649 815 683 βασι-

39 689 103 720 λέως
121 690 245 725 ἐμνήσθη
258 690 369 723 τούτων,
383 692 545 727 ἀναθέμενος
559 693 598 728 τῷ
612 694 712 728 βασιλεῖ
728 696 756 721 τὸ
773 695 817 731 ἔρ-

39 743 81 769 γον
96 736 128 762 τὸ
143 736 188 762 ὑπ’
213 737 300 763 αὐτῶν
316 738 505 773 γεγενημένον,
523 739 566 765 ἴνα
582 740 629 767 καὶ
648 740 724 766 αὐτοὶ
736 742 816 776 τιμῆς

38 781 105 812 τινος
120 781 271 814 ὰξιωθῶσιν
283 782 319 814 ὡς
337 783 492 819 συμμύσται
506 785 552 811 καὶ
567 785 700 817 θεοσεϐεῖς
711 787 814 822 ἄνδρες·

872 192 1018 229 Hippolyti.
1042 194 1175 227 Quoniam
1194 202 1252 222 sese
1271 195 1456 228 humiliasset,
1479 201 1506 224 et
1526 198 1654 226 minimus

871 240 939 274 apud
955 247 1048 267 omnes
1066 241 1189 267 homines
1202 240 1380 275 apparuisset,
1397 242 1578 276 magniﬁcarit
1591 252 1652 270 cum

871 283 958 316 Deus,
973 289 996 310 et
1009 285 1144 311 constituit
1158 293 1214 311 eum
1235 294 1282 312 rex
1305 286 1446 320 principem
1467 295 1544 321 super
1566 297 1654 316 omnes
1678 318 1681 321 ,

868 330 1014 364 provincias
1032 330 1173 365 Babylonis
1185 330 1264 365 (Dan.
1287 339 1324 364 ll,
1345 331 1401 365 48).
1419 331 1652 365 Quemadmodum

868 374 974 402 Pharao
1012 376 1188 403 constituerat
1229 376 1328 411 Joseph
1371 378 1519 413 principem
1562 379 1652 406 omnis

870 419 988 456 Egypti.

915 517 939 540 ι,
963 509 1007 536 49.
1031 523 1066 528 -
1086 508 1179 535 Daniel
1208 514 1295 535 autem
1323 510 1477 543 postulavit.
1504 510 1648 546 Hippolyti.

869 554 1000 588 Quoniam
1015 555 1120 589 quidetn
1137 555 1186 589 ipsi
1202 555 1239 588 (h.
1258 563 1282 582 e.
1300 554 1422 589 Sidrach,
1435 555 1546 587 Misach,
1562 558 1650 584 Abde-

868 600 953 635 nago)
970 600 996 626 in
1010 599 1178 626 orationibus
1192 600 1461 634 postulaverauteum
1472 601 1564 628 Daniel
1579 602 1649 636 apud

867 645 966 677 Deum,
984 650 1012 672 ut
1026 645 1154 672 visionem
1176 645 1214 672 illi
1231 645 1465 678 manifestat-etut,
1487 652 1513 673 et
1527 647 1583 681 ipse
1598 646 1650 673 Da-

867 691 920 717 niel
938 690 1041 725 justum
1058 690 1185 717 honorem
1204 691 1337 725 accipiens
1353 700 1367 718 a
1383 699 1443 725 rege
1455 713 1461 725 ,
1484 699 1576 719 eorum
1591 700 1649 719 mc-

867 736 954 769 minit,
976 743 1090 762 narrans
1107 735 1162 769 regi
1183 743 1251 770 opus
1265 737 1298 763 ab
1316 737 1355 763 eis
1375 737 1486 768 factum,
1507 742 1535 764 ut
1553 742 1578 763 ct
1596 738 1648 773 ipsi

867 782 969 808 honore
980 781 1052 815 digni
1065 781 1238 814 haberentur,
1260 782 1332 808 velut
1346 787 1498 817 symmyst:c
1513 788 1538 809 et
1563 783 1646 810 Deum

38 827 211 862 αἰτησάμενοι
233 827 286 864 γὰρ
301 828 335 855 τὰ
352 830 498 865 ἐπουράνια
511 830 586 869 παρὰ
599 831 710 866 Κυρίου,
722 832 812 868 ἔτυχον

900 827 984 853 lentes
1002 826 1061 852 viri.
1084 826 1136 858 Qui
1151 834 1212 853 cum
1228 827 1410 861 postulassent
1428 837 1443 855 ιι
1462 828 1575 855 Domino
1594 836 1648 856 cu:-

38 874 80 900 καὶ
93 873 149 900 τῶν
163 874 291 908 ἐπιγείων
303 875 377 910 παρὰ
391 876 436 902 τοῦ
452 876 592 911 βασιλέως.

359 922 435 948 ΚΕΦ.
457 923 492 948 Γ¹.

71 964 100 991 α’.
122 965 233 998 Ἔτους
252 966 509 994 ὀκτωκαιδεκάτου.
533 969 697 996 Ἱππολύτου.
711 971 812 1006 Χρόνου

39 1011 82 1045 μὲν
97 1009 144 1038 οὖν
162 1012 255 1038 ἱκανοῦ
266 1012 455 1048 διαδραμόντος
469 1015 514 1041 καὶ
527 1016 716 1051 ἐπιγενομένου
729 1017 813 1044 ὀκτω-

37 1056 194 1083 καιδεκάτου
213 1057 297 1090 ἔτους,
322 1059 503 1094 ὑπομνησθεὶς
518 1062 532 1087 ὁ
549 1060 672 1095 βασιλεὺς
687 1063 732 1088 τοῦ
753 1064 813 1089 ἐνυ-

38 1102 108 1129 πνίου
134 1103 236 1135 αὑτοῦ,
259 1104 401 1138 ἐποίησεν
425 1106 524 1132 εἰκόνα
548 1107 676 1141 χρυσῆν,
698 1108 731 1134 τὸ
755 1109 813 1143 μὲν

37 1147 111 1181 ὕψος
133 1149 257 1183 πήχεων
276 1149 310 1181 ξ’,
327 1151 358 1176 τὸ
377 1151 410 1177 δὲ
427 1149 514 1185 εὖρος
528 1153 647 1187 πήχεων
661 1153 704 1185 ἕξ·
720 1155 811 1191 ἐπειδὴ

36 1192 86 1228 γὰρ
97 1194 111 1220 ὁ
129 1194 265 1229 μακάριος
283 1195 380 1230 Δανιὴλ
400 1196 429 1222 ἐν
446 1196 484 1231 τῷ
499 1199 595 1224 συνιεῖν
612 1198 690 1224 αὐτὸν
705 1199 735 1225 τὺ
751 1200 811 1226 tvo-

36 1246 107 1265 πνιον
119 1239 259 1274 ἀπεκρίθη
275 1239 312 1274 τῷ
330 1239 432 1274 βασιλεῖ
448 1240 544 1275 λέγων,
562 1242 602 1268 Σὺ
617 1241 646 1269 εἷ
662 1244 680 1277 ἡ
696 1243 811 1278 κεφαλὴ

35 1284 52 1316 ἡ
67 1283 168 1317 χρυσῆ
184 1284 234 1319 τῆς
246 1284 357 1317 εἰκόνος,
372 1285 400 1311 ὲν
416 1285 500 1320 τούτῳ
521 1285 559 1320 τῷ
577 1286 646 1322 λόγῳ
669 1288 811 1322 φυσιωθεὶς

35 1329 48 1354 ὸ
59 1328 185 1363 βασιλεὺς
199 1329 246 1355 καὶ
268 1330 300 1364 τῇ
318 1329 414 1365 καρδίᾳ
430 1330 567 1365 ἐπαρθεὶς,
584 1330 727 1357 ἀντίτυπον
748 1331 812 1358 ταύ-

33 1383 80 1410 της
96 1375 191 1402 εἰκόνα
204 1375 339 1411 ἐποίησεν,
357 1376 399 1403 ἵνα.
412 1375 449 1407 ὡς
462 1376 521 1408 θεὸς
540 1377 591 1404 ὑπὸ
604 1377 711 1404 πάντων
730 1386 812 1414 προσ-

36 1421 146 1456 ἰυνῆται
151 1441 157 1447 .
166 1451 169 1454 ,

65 1466 98 1499 ζ’.
113 1467 277 1499 nim-owe;
293 1468 320 1493 οἱ
330 1467 409 1494 λαοί.
428 1467 593 1495 Ἱππολύτου.
611 1469 687 1501 Τινὲς
701 1469 749 1504 μὲν
762 1470 811 1496 αὒ-

32 1512 75 1539 t)?
91 1513 138 1540 τὸν
161 1512 270 1548 βασιλέα
292 1512 467 1548 φοϐούμενοι·
485 1515 509 1540 οι
528 1514 556 1540 δὲ
577 1515 675 1546 πάντες
690 1515 811 1543 ιδωλολά-

31 1567 91 1594 τραι
117 1558 268 1593 γενόμενοι,
286 1558 420 1593 ὑπήκουον
441 1558 479 1593 τῷ
502 1559 603 1594 ῥήματι
618 1559 657 1594 τῷ
670 1559 722 1586 ὑπὸ
738 1560 813 1594 βασι-

104 1604 343 1640 προστεταγμένῳ.

65 1653 111 1681 ις’.
128 1650 185 1677 Kal
206 1650 411 1684 ἀπεκρίθησαν
433 1649 557 1685 Σεδρὰχ,
580 1651 691 1685 Μισὰκ,
719 1651 812 1678 Ἀϐδε-

31 1695 117 1730 ναγώ.
151 1695 320 1722 Ἱππολύτου.
348 1696 379 1722 υῑ
398 1695 426 1722 δὲ
451 1697 524 1731 τρεῖς
545 1697 637 1728 παῖδες
661 1697 812 1733 ὑπόδειγμα

31 1743 111 1769 πᾶσιν
139 1741 295 1777 ἀνθρώποις
326 1743 430 1773 πιστοῖς
459 1742 603 1777 γινόμενοι,
636 1743 732 1775 οἵτινες
762 1744 812 1770 οὑκ

29 1788 103 1822 ὄχλον
125 1787 275 1822 σατραπῶν
298 1787 479 1823 ἐφοϐήθησαν,
493 1788 551 1814 οὐδὲ
567 1788 600 1815 τὰ
613 1787 658 1815 τοῦ
677 1789 810 1824 βασιλέως

29 1829 139 1868 ῥήματα
154 1833 319 1864 ἀκούσαντες
334 1833 493 1866 ὲδειλίασαν,
507 1834 566 1860 οὐδὲ
584 1835 613 1861 τὸ
631 1835 685 1870 πῦρ
699 1835 747 1870 τῆς
760 1844 809 1861 κα-

30 1879 105 1914 μίνου
130 1879 280 1915 καιομένης
302 1879 400 1911 εἰδότες
421 1879 548 1915 ἔπτηξαν,
565 1881 632 1907 ἀλλὰ
647 1881 753 1908 πάντων
766 1882 811 1908 ἅν-

27 1924 145 1960 θρὼπων
172 1924 217 1951 καὶ
239 1924 300 1951 ὅλου
324 1924 370 1951 τοῦ
396 1925 496 1960 κόσμου
522 1926 742 1962 κατεφρόνησαν,
765 1927 810 1953 τὸν

27 1971 108 2004 φὸὁον
136 1970 185 1997 τοῦ
212 1970 277 1997 Θεοῦ
305 1971 383 2005 μόνον
407 1971 459 2006 πρὸ
483 1971 626 2007 ὀφθαλμῶν
654 1973 807 2007 ἐσχηκότες·

26 2016 138 2048 τούτους
165 2016 263 2050 Δανιὴλ
289 2015 423 2051 μακρόθεν
448 2016 532 2048 ἑστὼς
553 2018 600 2043 καὶ
618 2017 726 2044 σιωπῶν
743 2018 809 2054 θαρ-

28 2063 81 2096 ρεῖν
95 2062 221 2088 ἐδίδασκε
240 2062 348 2097 μειδιῶν
366 2062 433 2097 πρὸς
453 2062 569 2094 αὐτούς’
590 2064 690 2100 χαίρων
712 2064 740 2090 δὲ
763 2065 809 2091 καὶ

25 2108 104 2139 αὐτὸς
120 2108 172 2134 ἐπὶ
190 2109 222 2143 τῇ
237 2108 338 2134 τούτων
353 2109 499 2144 μαρτυρίᾳ,
510 2109 607 2144 ἐνορῶν
623 2110 696 2145 τρεῖς
713 2109 808 2141 παῖδας

27 2152 177 2187 μέλλοντας
187 2152 256 2179 κατὰ
273 2152 396 2179 διαϐόλου
411 2153 615 2187 στεφανοῦσθαι.

59 2197 101 2225 ιϐ’.
119 2197 181 2226 Καὶ
193 2196 278 2224 εἶπεν
291 2198 436 2224 ἐκκαῦσαι
449 2198 506 2232 τὴν
520 2198 644 2233 κάμινον
657 2199 808 2226 ἑπταπλα-

26 2245 107 2277 σίως.
133 2244 304 2270 Ἱππολύτου.
321 2244 443 2279 Κάμινόν
458 2252 489 2278 γε
503 2244 567 2270 εἴδει
582 2245 752 2280 παμμεγέθει
766 2245 810 2271 λέ-

26 2298 66 2323 γει
87 2289 230 2317 ἐκκαῦσαι
264 2289 473 2321 ἑπταπλασιως,
495 2290 602 2321 πάντως
629 2290 667 2322 ὼς
690 2290 740 2325 ἤδη
764 2290 808 2317 ὑπ’

25 2336 114 2362 αὐτῶν
139 2335 306 2371 ἡττώμενος*
328 2337 356 2362 ὲν
375 2335 425 2370 μὲν
441 2332 487 2362 οὖν
502 2337 557 2367 τοῖς
580 2335 709 2369 ἐπιγείοις
724 2336 808 2371 ὑπερ-

26 2382 134 2416 ίσχυσεν
159 2382 174 2407 ό
193 2381 337 2416 βασιλεύς·
359 2382 388 2407 ἐν
403 2380 431 2407 δὲ
452 2382 483 2416 τῇ
500 2381 588 2406 πίστει
603 2382 635 2416 τῇ
653 2381 721 2416 πρὸς
744 2381 809 2408 Θεὸν

25 2428 214 2462 ὑπερίσχυσαν
229 2427 253 2453 οι
267 2427 341 2462 τρεῖς
357 2426 459 2458 παῖδες.
469 2426 580 2453 -Είπέ
598 2435 653 2462 μοι,
669 2427 808 2462 Ναϐουχο-

22 2472 146 2509 δονόσορ,
159 2473 212 2499 τίνι
229 2473 300 2508 λόγῳ
320 2473 476 2508 δεδεμένους
489 2472 610 2504 κελεύεις
624 2473 752 2509 βληθῆναι
769 2475 808 2506 εἰς

22 2519 51 2545 τὸ
67 2519 126 2555 πῦρ
135 2527 145 2551 ;
164 2519 261 2554 μήπως
277 2518 410 2553 φύγωσιν,
426 2520 450 2545 εἰ
462 2518 600 2554 λελυμένοι
617 2520 671 2551 τοῖς
685 2520 762 2545 ποσὶν
778 2519 809 2545 τὸ

23 2564 76 2600 πῦρ
94 2564 326 2597 ητασῦέσουσινς
343 2564 399 2591 ἀλλ’
423 2565 452 2591 οὑ
475 2565 506 2591 σὺ
528 2562 567 2596 εἷς
592 2565 605 2591 ὁ
624 2565 711 2592 ταῦτα
727 2567 809 2601 ἐργα-

23 2609 152 2644 ζόμενος,
174 2609 229 2636 ἀλλ’
245 2610 338 2644 ἕτερος
349 2611 377 2636 ὲν
391 2611 431 2636 σο¹ι
441 2609 526 2637 ταῦτα
541 2611 669 2646 ἐνεργῶν.

56 2655 113 2691 μ,ζῆ
133 2655 190 2682 Kal
207 2655 333 2689 διεχεῖτο
347 2656 365 2690 ὴ
380 2657 467 2690 φλόξ.
493 2657 659 2684 Ἱππολύτου.
683 2656 809 2684 Ἐλασοὲν

20 2703 83 2737 γὰρ,
103 2702 187 2736 φησὶ,
201 2701 230 2728 τὺ
253 2701 310 2737 πῦρ
331 2701 432 2729 ἔσωθεν
455 2703 507 2729 ὑπὸ
528 2702 575 2729 τοῦ
597 2703 731 2737 ἀγγέλου,
757 2703 809 2735 ἔξω

21 2747 172 2780 ἐξέϐλυσεν
182 2755 188 2761 ·
204 2748 284 2782 ὁρᾶτε
307 2747 365 2779 πῶς
379 2748 444 2774 αὐτὸ
456 2748 486 2774 τὸ
502 2748 558 2784 πῦρ
574 2749 703 2784 φρόνιμον
723 2749 809 2784 ὑπάρ-

20 2801 70 2826 χει,
90 2791 278 2826 ὲπιγινῶσκον
294 2793 341 2820 καὶ
354 2792 466 2825 κολάζον
482 2794 545 2826 τοὺς
559 2794 660 2825 αἰτίους
670 2803 676 2809 ·
690 2794 744 2821 τῶν
759 2795 807 2830 μὲν

865 872 952 904 lestia,
967 873 1127 900 invenerunt
1141 881 1156 900 a
1172 881 1232 908 rege
1245 876 1394 901 terrestria.

1195 919 1260 946 CAP
1280 919 1323 946 Ill.

898 963 931 991 ν.
946 965 1093 993 1.-Αηηο
1107 966 1206 992 decimo
1220 972 1321 992 octavo.
1333 966 1488 1003 (llaecverha
1499 966 1525 992 in
1535 965 1648 1000 Vulgata

863 1010 981 1046 desunt.)
1004 1004 1148 1047 Hippolyti.
1165 1026 1200 1043 -τ
1218 1011 1349 1046 Tempore
1371 1012 1478 1046 quidem
1503 1012 1649 1039 sutlicienle

863 1056 964 1091 elapso,
979 1061 1005 1084 et
1017 1064 1089 1083 anno
1103 1057 1207 1084 decimo
1222 1061 1316 1084 octavo
1327 1062 1462 1088 currente,
1481 1065 1585 1084 memor
1601 1065 1648 1084 rex

863 1103 961 1129 somnii
990 1103 1049 1135 sui,
1078 1103 1139 1137 fecit
1164 1107 1281 1130 statuam
1307 1111 1415 1129 auream
1440 1102 1579 1129 altitudine
1603 1111 1648 1128 cu-

863 1147 975 1174 bitorum
999 1149 1153 1182 sexaginta,
1179 1148 1318 1175 latitudine
1342 1149 1487 1174 cubitorum
1504 1156 1548 1175 sex
1566 1149 1646 1180 (Dan.

863 1200 905 1224 ιιι,
927 1195 938 1220 ι
961 1193 981 1228 ).
1011 1193 1145 1226 Quoniam
1169 1195 1264 1222 beatus
1286 1194 1378 1221 Daniel
1416 1202 1476 1221 cum
1503 1195 1648 1229 explicaret

862 1237 997 1264 somnium
1009 1257 1016 1268 ,
1041 1239 1214 1272 responderat
1240 1239 1295 1274 regi
1309 1239 1417 1266 dicens:
1436 1239 1474 1265 Tu
1492 1247 1518 1265 es
1534 1245 1645 1274 caput...

862 1291 968 1309 aureum
986 1282 1066 1319 (Dan.
1083 1292 1101 1310 ιι
1113 1303 1120 1315 ,
1138 1284 1182 1319 ’58)
1196 1289 1309 1317 statum;
1328 1285 1400 1311 hunc
1414 1293 1567 1313 serm0nem
1584 1294 1645 1313 cum

862 1329 990 1361 audisset,
1007 1330 1133 1364 superbia
1150 1335 1257 1357 tumens
1274 1338 1319 1358 rex
1332 1351 1339 1363 ,
1360 1336 1386 1358 et
1409 1331 1436 1357 in
1452 1331 1531 1358 corde
1547 1332 1644 1363 elatus,

863 1375 924 1401 huic
939 1375 1052 1402 similem
1069 1380 1186 1403 statuam
1206 1376 1269 1403 fecit
1281 1395 1289 1409 ,
1310 1382 1339 1403 ut
1359 1377 1436 1411 quasi
1456 1377 1522 1403 deus
1537 1377 1570 1404 ab
1585 1385 1645 1404 om—

862 1419 942 1447 nibus
957 1420 1124 1448 adoreretur.

899 1466 931 1493 V.
945 1466 970 1492 7.
985 1480 1021 1486 —
1036 1466 1163 1493 Cadentcs
1190 1475 1278 1493 onmes
1293 1467 1394 1502 populi.
1410 1466 1554 1502 Hippolyti.
1579 1467 1645 1500 Qui-

863 1511 923 1538 dam
940 1519 994 1546 pra:
1008 1512 1103 1539 timore
1124 1513 1204 1548 regis,
1227 1513 1349 1547 plet-ique
1366 1518 1456 1540 autern
1485 1513 1645 1540 idololatriae

863 1557 970 1589 all‘ectu,
985 1557 1144 1585 obedierunt
1160 1558 1233 1592 regio
1246 1558 1367 1585 decreto.

898 1655 930 1684 V.
949 1657 991 1683 16.
1004 1671 1039 1675 -
1049 1655 1238 1690 Respondentes
1260 1656 1383 1689 Sidraclt,
1400 1656 1512 1690 Misach,
1527 1662 1551 1684 et
1562 1657 1644 1685 Abdo-

862 1710 938 1737 nago.
956 1702 1100 1737 Hippolyti.
1119 1701 1185 1729 Tres
1199 1702 1276 1737 pueri
1288 1703 1440 1736 exctuplum
1455 1703 1581 1730 onmihus
1594 1704 1645 1730 ho-

861 1748 979 1775 minibus
995 1748 1118 1774 ﬁdelibus
1132 1753 1205 1780 sunt,
1220 1748 1267 1782 qui
1286 1757 1339 1775 non
1353 1749 1458 1775 turbam
1474 1753 1643 1784 satraparum

862 1793 1029 1826 timuerunt,
1048 1801 1135 1828 neque
1153 1793 1224 1828 regis
1245 1794 1332 1820 edicta
1360 1793 1501 1821 audientes
1524 1801 1642 1821 tremue-

860 1842 942 1870 runt,
976 1846 1064 1873 neque
1094 1840 1182 1873 ignem
1214 1838 1333 1866 fornacis
1369 1839 1489 1867 ardentis
1520 1839 1644 1867 videntes

859 1884 1002 1912 formidine
1013 1884 1090 1919 .capti
1110 1888 1170 1911 sunt
1184 1904 1191 1916 ,
1216 1885 1261 1911 sed
1275 1893 1368 1912 omnes
1385 1885 1508 1912 homines
1529 1890 1556 1912 et
1583 1886 1644 1912 uni-

858 1938 966 1957 versum
985 1930 1114 1957 mundum
1129 1934 1366 1964 contempserunt,
1383 1931 1506 1957 timorem
1527 1930 1573 1958 Dei
1594 1938 1642 1961 so-

859 1977 998 2004 lummodo
1012 1984 1068 2012 pne
1081 1976 1167 2004 oculis
1179 1977 1310 2004 habentes
1324 1986 1331 2003 :
1347 1978 1396 2004 hos
1412 1977 1524 2011 juvenes
1550 1977 1643 2004 Daniel

859 2032 874 2051 a
890 2024 966 2058 longe
978 2028 1053 2050 stans
1067 2028 1094 2050 et.
1110 2023 1247 2050 silentiutn
1262 2031 1385 2055 servans,
1403 2023 1503 2050 bonum
1521 2023 1642 2050 animum

859 2069 958 2096 habere
983 2068 1103 2101 monuit,
1123 2068 1264 2094 subridens
1281 2068 1344 2095 illis.
1359 2067 1477 2095 Lzetatus
1494 2073 1535 2095 est
1551 2073 1641 2094 autem

859 2119 886 2142 et
900 2115 957 2149 ipse
971 2122 1052 2149 super
1069 2114 1177 2141 illorum
1191 2114 1322 2149 martyrio
1332 2134 1338 2146 ,
1360 2114 1453 2141 videns
1465 2117 1518 2140 tres
1531 2120 1640 2148 pueros,

823 2160 845 2187 D
860 2160 988 2187 adversus
1002 2159 1138 2186 diabolum
1153 2166 1280 2186 coronam
1297 2165 1464 2193 accepturos.

897 2205 929 2232 V.
945 2205 985 2232 l9.
1000 2219 1034 2224 —
1051 2205 1085 2231 Et
1102 2206 1224 2240 praecepit
1239 2210 1267 2231 ut
1284 2206 1482 2232 succenderctur
1495 2204 1590 2238 fama:
1605 2213 1642 2231 se-

859 2251 989 2286 ptuplum.
1008 2251 1154 2286 Hippolyti.
1174 2251 1322 2278 Fornacem
1339 2251 1447 2285 quidem
1470 2250 1527 2276 visu
1545 2250 1641 2277 imma-

859 2304 921 2323 nem
943 2297 1023 2332 jnssit
1041 2296 1151 2325 accendi
1171 2297 1334 2332 septuplum,
1353 2301 1382 2323 ut
1395 2296 1450 2330 jam
1470 2296 1581 2322 omuino
1606 2295 1641 2323 ab

859 2341 912 2368 illis
937 2342 1074 2375 devictus;
1106 2343 1133 2370 in
1168 2343 1340 2370 terrestribus
1367 2342 1475 2376 quidem
1505 2341 1641 2377 potentior

859 2393 927 2420 erat,
938 2389 964 2415 in
979 2388 1031 2415 ﬁde
1045 2397 1108 2416 vero
1122 2389 1211 2416 divina
1223 2388 1353 2423 majorem
1368 2388 1422 2414 vim
1437 2387 1572 2414 habebant
1585 2392 1640 2415 tres

859 2432 945 2467 pueri.
964 2432 1012 2460 Dic
1030 2433 1109 2464 mihi,
1123 2432 1383 2465 Nabuchodonosor,
1395 2440 1449 2466 quo
1466 2431 1580 2459 consilio
1607 2432 1640 2458 li-

860 2483 936 2512 gatos
949 2479 1028 2513 jubes
1043 2479 1137 2514 projici
1159 2479 1186 2505 in
1211 2479 1319 2514 ignem?
1334 2477 1373 2506 Ne
1392 2477 1512 2513 fugiant,
1540 2478 1562 2504 si
1591 2485 1639 2504 σοι

859 2525 908 2552 luti
928 2526 1041 2560 pedibus
1060 2526 1148 2559 ignem
1168 2524 1362 2551 exstinxerint?
1386 2524 1438 2551 Sed
1456 2532 1510 2551 non
1534 2529 1562 2551 tu
1582 2524 1640 2551 haec

859 2570 937 2605 facis,
952 2571 999 2599 sed
1012 2571 1081 2598 alius
1093 2572 1119 2597 in
1134 2576 1170 2603 te,
1188 2570 1245 2598 haec
1258 2575 1346 2597 tecum
1361 2569 1472 2597 iaciens.

895 2656 927 2683 ν.
941 2656 985 2683 ᾹῚ.
998 2671 1034 2676 -
1048 2655 1083 2682 Et
1095 2655 1277 2690 effundebatur
1293 2656 1410 2690 ﬂamma.
1426 2655 1571 2690 Hippolyti.
1587 2655 1639 2682 Ex-

858 2702 966 2737 pulsum
992 2703 1063 2729 enim
1089 2707 1183 2729 narrat
1203 2702 1291 2737 ignem
1312 2710 1346 2730 ex
1369 2701 1496 2729 interiore
1511 2705 1586 2736 parte
1605 2702 1639 2729 ab

859 2748 965 2782 angelo,
979 2747 1006 2774 in
1017 2747 1131 2775 circuitu
1147 2753 1298 2775 eructasse:
1314 2747 1401 2775 videte
1417 2747 1553 2782 quomodo
1570 2747 1638 2782 ignis

860 2794 917 2829 ipse
934 2793 1084 2829 intelligens
1104 2798 1161 2827 est;
1187 2794 1326 2829 cognoscit
1345 2797 1371 2821 et
1393 2792 1470 2828 punit
1491 2797 1636 2820 nocentes:
