1860 3051
68 125 123 153 665

651 127 861 155 FRAGMENTA
883 129 915 156 IN
934 130 1118 158 DANIELEM.

1634 135 1685 161 666

74 185 204 220 Ἀμμών.
231 186 285 212 Καὶ
310 185 422 212 ἑκτενεῐ
443 186 499 220 τὴν
523 186 605 221 χεῖρα
620 188 712 214 αὑτοῦ
731 188 780 214 ἐπὶ
799 189 849 222 τὴν

934 199 1002 217 rram
1012 199 1021 222 ,'
1032 196 1056 218 ct
1071 196 1141 218 terra
1160 190 1268 226 IEgypti
1282 200 1330 218 non
1348 193 1397 220 erit
1413 193 1438 219 in
1454 193 1634 220 saluationem.
1653 193 1684 219 Et

68 231 148 266 τῆν·
163 232 211 258 καὶ
225 232 245 265 ἡ
260 231 297 266 τῆ
311 232 460 266 Αἰγύπτου
469 233 524 259 οὐκ
538 232 622 260 ἔσται
638 234 681 266 εις
694 234 852 268 σωτηρίαν·

70 278 121 304 καὶ
147 277 298 311 κυριεύσει
321 277 356 304 ὲν
375 277 437 310 τοῖς
453 278 634 312 ἀποκρύφοις
650 278 702 305 τοῦ
716 280 853 313 χρυσίου,

70 323 120 350 καὶ
138 323 191 351 τοῦ
207 323 361 357 ἀρτιιρίου,
378 324 427 350 καὶ
442 322 516 350 πᾶσι
532 323 593 356 τοῖς
609 324 797 358 ἐπιθιυιητοῖς
810 327 855 352 Αι-

68 369 198 404 τύπτρυ,
212 369 260 395 καὶ
276 369 400 400 Λιϐύων,
419 369 468 395 καὶ
485 369 632 396 Αἰθιόπων
651 369 686 396 ὲν
705 369 766 403 τοῖς
782 370 854 404 ὀχυ-

65 414 206 449 ρώμασιν
220 415 329 442 αὐτῶν.

105 471 228 498 XXXIX.
250 472 342 499 Ταῦτα
356 472 406 508 μὲν
416 469 463 499 οὗν
475 471 560 504 οὕτως
571 473 585 499 ὁ
597 472 738 508 προφήτης
754 471 854 507 διηγεῖ-

67 525 113 543 ται
129 517 194 553 περὶ
207 518 254 544 τοῦ
273 517 466 554 ’Δντιχρίστοψ
479 518 508 550 ὃς
518 518 593 545 ἔσται
607 517 726 553 ἀναιδὴς,
740 517 855 553 πολεμο-

67 563 170 599 τρόφος
199 564 245 590 καὶ
263 564 403 600 τύραννος,
420 564 450 596 ὃς
468 564 537 600 ὑπὲρ
548 565 650 596 πάντας
667 564 792 599 βασιλεῖς,
807 564 854 591 καὶ

67 609 162 635 πάντα
181 610 248 636 Θεὸν
267 609 406 645 ἐπαρθεὶς,
424 609 595 645 οἰκοδομήσει
615 610 662 645 τὴν
679 609 854 646 Ἰερουσαλὴμ

66 655 158 687 πόλιν,
176 655 223 682 καὶ
237 655 281 682 τὺν
295 655 358 682 ναὸν
375 655 534 691 ἀναστήσει·
552 656 637 691 τούτῳ
654 656 854 691 προσκυνήσου-

66 709 111 727 σιν
131 700 170 732 ὠς
189 700 249 737 Θεῷ
267 702 291 727 οἱ
312 701 443 733 ἀπειθεῖς,
464 701 511 728 καὶ
532 701 617 736 τούτῳ
631 701 694 736 γόνυ
707 700 852 734 κλινοῦσιν,

65 745 246 778 ὑπονοοῦντες
265 746 345 773 αὑτὸν
365 744 433 772 εἶναι
457 746 502 773 τὸν
519 747 650 782 Χριστόν·
668 743 744 779 οὗτος
764 745 854 773 ἀνελεῖ

64 790 130 822 τοὺς
143 790 191 817 δύο
209 791 358 827 μάρτυρας,
378 791 425 817 καὶ
438 790 606 827 προδρόμους
618 791 735 827 Χριστοῦ
750 791 852 827 κηρύσ-

66 845 166 869 σοντας
179 837 228 873 τὴν
247 837 350 871 ἔνδοξον
363 837 445 864 αὐτοῦ
461 839 509 865 ἀπ’
524 830 644 874 οὐρανῶν
657 838 802 874 βασιλείαν·
814 839 852 871 ὡς

64 882 158 918 λέγει·
176 884 231 911 Kal
246 884 331 911 δώσω
341 885 403 919 τοῖς
417 886 487 913 δυσὶ
499 885 631 920 μάρτυσι
641 895 710 921 μου,
723 886 771 912 καὶ
785 893 850 919 προ·

63 931 274 964 μητεύσουσιν
288 931 400 966 ἡμέρας
413 932 512 966 χιλίας
527 932 682 964 διακοσίας
694 931 849 964 ἐξήκοντα,

64 977 309 1011 περιϐεϐλημένοι
339 977 492 1011 σάκκουςο
519 978 608 1010 καθὼς
632 979 677 1005 καὶ
697 977 737 1013 τῷ
754 977 849 1013 Δανιὴλ

63 1021 176 1058 εἴρηκε·
192 1023 246 1050 Καὶ
261 1023 396 1058 διαθήσει
414 1024 559 1058 διαθήκην
574 1023 708 1056 πολλοῖς,
723 1023 849 1058 ἑϐδομὰς

59 1068 128 1102 μία,
156 1068 205 1095 καὶ
224 1069 309 1096 ἔσται
323 1070 357 1096 ὲν
371 1069 410 1102 τῷ
429 1071 531 1104 ἡμίσει
545 1068 599 1103 τῆς
611 1069 782 1104 ἑϐδομάδος,
798 1070 850 1103 ἀρ-

63 1113 193 1146 θήσεταί
202 1123 261 1150 μου
274 1116 293 1149 ἠ
310 1116 410 1148 θυσία,
430 1116 478 1142 καὶ
494 1117 513 1150 ἡ
527 1115 656 1149 σπονδὴ,
669 1116 711 1142 ἵνα
724 1115 814 1151 δειχθῇ
832 1116 848 1150 ή

64 1159 116 1194 μία
137 1160 254 1196 ἐδδομὰς
270 1162 310 1193 εἰς
325 1160 371 1187 δύο
387 1161 549 1197 μεριζομένη
559 1169 565 1176 ·
584 1161 637 1188 τῶν
655 1161 703 1196 μὲν
718 1161 764 1187 δύο
780 1169 848 1197 μαρ-

62 1204 156 1240 τύρων
179 1205 243 1240 τρία
268 1206 352 1242 ἥμισυ
374 1206 420 1242 ἔτη
439 1207 640 1242 κηρυσσόντων,
653 1205 699 1232 τοῦ
716 1206 744 1232 δὲ
765 1207 849 1233 Ἀντι-

63 1251 188 1287 χρίστου,
198 1252 230 1278 τὸ
243 1252 381 1279 ἐπίλοιπον
396 1254 446 1288 τῆς
458 1253 601 1287 ὲὸὄομάδος
615 1253 677 1284 τοὺς
692 1252 785 1286 ἁγίους
799 1261 847 1278 ποι

62 1298 221 1335 λεμοῦντος,
241 1300 343 1327 καὶτὸν
359 1300 459 1334 κόσμον
473 1300 648 1335 ὲρημοῦντος,
663 1300 706 1326 ἵνα
719 1299 847 1335 πληρωθῇ

61 1344 93 1370 τὸ
106 1344 251 1380 εἰρημένον
261 1353 267 1359 ·
291 1344 345 1372 Καὶ
364 1344 496 1372 δώσουσι
507 1345 665 1379 βδέλυγμα
677 1344 848 1379 ἐρημώσεως

63 1389 179 1423 ἡμέρας
193 1390 293 1424 χιλίας
306 1390 461 1423 διακοσίας
474 1390 665 1424 ἐνενήκοντα.

98 1434 156 1462 XL.
176 1435 229 1462 Δύο
248 1433 294 1464 οὖν
318 1436 488 1472 βδελύγματα
507 1437 601 1473 εἴρηκε
623 1436 731 1472 Δανιὴλ,
751 1435 781 1462 ἐν
799 1435 848 1470 μὲν

61 1480 230 1516 ἀφανισμοῦ,
245 1480 274 1507 ἓν
289 1481 317 1508 δὲ
331 1481 512 1517 ἐρημώσεως·
527 1483 553 1509 τι
568 1482 599 1509 τὸ
617 1482 778 1518 ἀφανισμοῦ,
790 1482 846 1509 ἀλλ’

906 236 1086 264 dominabitur
1100 238 1127 263 in
1139 237 1298 264 absconditis
1314 239 1372 264 auri
1393 243 1417 265 et
1429 239 1540 274 argenti,
1553 243 1577 265 et
1590 240 1615 265 in
1628 247 1684 265 om-

905 281 981 308 nibus
998 282 1118 315 pretiosis
1134 281 1254 317 zEgjypti,
1274 288 1297 310 ct
1313 283 1433 318 Libyam,
1447 289 1472 311 et
1488 284 1644 319 {Ethiopum
1657 285 1684 311 in

904 329 1107 363 propugnaculis
1119 337 1218 356 eorum.
1262 351 1270 361 .

938 469 1059 497 XXXIX.
1080 469 1142 498 Hazc
1157 471 1238 506 igitur
1258 473 1387 507 propheta
1407 473 1443 500 ita
1457 479 1567 501 enarrat
1581 475 1613 502 de
1626 475 1666 502 Au

890 513 1037 545 ,tiehristo,
1051 515 1097 548 qui
1110 515 1162 541 erit
1174 516 1327 550 impudens,
1344 517 1405 544 belli
1425 518 1530 551 avidus,
1548 524 1574 546 et
1586 523 1678 555 tyran-

903 567 964 592 nus,
980 560 1025 594 qui
1042 567 1123 595 super
1138 569 1232 588 omnes
1251 569 1328 596 reges
1343 570 1505 598 omnemque
1521 564 1603 592 Deum
1623 566 1679 593 ela-

902 609 957 636 tus,
974 605 1066 632 urbem
1083 605 1232 634 Jerusalem
1256 608 1403 641 reparabit,
1423 613 1449 635 et
1465 610 1592 644 templum
1608 610 1681 637 exci-

902 650 985 683 tabit;
999 651 1072 678 hunc
1083 651 1235 679 adorabunt
1248 653 1330 680 veluti
1342 653 1426 681 Deum
1442 654 1602 687 reiractarii,
1618 655 1680 683 huic

902 695 1091 730 genuﬂectent,
1105 696 1292 724 existimantes
1303 698 1390 732 ipsum
1402 706 1461 726 esse
1471 698 1624 731 Christum;
1637 700 1681 727 hie

902 738 971 766 duos
982 744 1063 767 testes
1076 744 1103 767 et
1116 739 1216 768 Christi
1231 749 1421 775 praecursores,
1437 743 1582 776 gloriosum
1595 744 1680 779 ipsius

901 791 917 811 e
933 785 1010 812 caelis
1025 793 1135 820 regnum
1152 786 1338 821 praadieantes,
1354 788 1387 815 de
1400 788 1489 815 medio
1509 789 1595 821 tollet;
1610 789 1681 817 sicut

902 831 959 858 ait:
978 830 1010 858 Et
1026 832 1093 858 dabo
1113 832 1212 859 duobus
1230 833 1338 860 testibus
1355 835 1428 867 meis,
1447 839 1470 861 et
1491 835 1679 870 prophetabunt

867 866 990 903 Bdiebus
1016 878 1088 904 mille
1117 878 1236 905 ducentis
1264 866 1425 914 sexaginta,
1444 866 1543 906 amicti.
1561 881 1678 913 saccis‘;

899 924 1126 957 quemadmodum
1140 928 1167 950 et
1179 923 1284 951 Danieli
1303 925 1370 953 dixit
1385 935 1392 953 ε
1406 925 1441 952 Et
1456 926 1622 961 conﬁrmabit
1632 936 1679 962 pa-

899 972 969 995 ctum
989 969 1079 996 multis
1095 969 1257 997 hebdomada
1274 979 1344 1004 una,
1361 976 1386 998 et
1399 971 1449 998 erit
1467 972 1494 998 in
1510 972 1620 999 dimidio
1633 973 1679 1000 he-

899 1014 1046 1046 bdomadis,
1061 1016 1195 1050 auferetur
1204 1017 1365 1051 sacriﬁcium
1379 1026 1464 1044 meum
1480 1023 1505 1044 et
1518 1018 1641 1051 libamen,
1651 1024 1680 1046 ut

899 1060 1056 1088 ostendatur
1075 1069 1128 1088 una
1153 1061 1319 1089 hebdomada
1347 1063 1373 1089 in
1400 1063 1468 1090 duas
1485 1063 1582 1091 divisa.
1611 1063 1677 1091 Nam

898 1104 952 1131 duo
965 1105 1072 1139 quidem
1090 1110 1172 1134 testes
1189 1107 1275 1134 tribus
1289 1115 1350 1135 cum
1365 1108 1477 1135 dimidio
1491 1110 1570 1136 annis
1582 1110 1679 1144 prauli-

898 1152 1010 1184 cabunt,
1032 1152 1058 1179 in
1084 1153 1188 1187 reliquo
1213 1161 1276 1180 vero
1297 1155 1471 1182 bebdomada:
1495 1156 1678 1185 Antichristus

899 1203 1008 1226 sanctos
1029 1198 1099 1226 bello
1120 1204 1306 1234 persequetur,
1329 1201 1513 1236 mundumque
1532 1202 1676 1236 desolabit,

898 1249 928 1272 ut
939 1245 1126 1279 adimpleatur,
1144 1246 1214 1279 quod
1226 1245 1326 1273 dictum
1339 1252 1381 1273 est
1394 1257 1400 1273 :
1418 1246 1451 1273 Et
1465 1248 1563 1275 dabunt
1576 1249 1677 1276 abomi-

898 1291 1030 1318 nationem
1052 1291 1221 1318 desolationis
1248 1292 1338 1319 diebus
1360 1293 1431 1320 mille
1451 1294 1568 1322 ducentis
1592 1304 1676 1323 nona-

898 1337 984 1372 ginta.

931 1436 988 1463 XL.
1011 1436 1081 1464 Duas
1101 1436 1182 1472 igitur
1202 1437 1418 1466 abominationes
1433 1440 1559 1474 praedixit
1571 1440 1675 1474 Daniel,

897 1488 977 1509 unam
985 1482 1092 1517 quidem
1099 1482 1414 1516 destructionis,alteram
1421 1484 1675 1520 verodesolationis.

62 1527 79 1563 ἢ
95 1527 111 1553 ὃ
127 1527 240 1562 ἔστησεν
256 1528 314 1553 ἐκεῖ
332 1527 403 1554 κατὰ
417 1528 462 1554 τὸν
482 1528 575 1564 καιρὸν
593 1528 741 1563 Ἀντιοχοςς
761 1528 808 1555 καὶ
820 1528 846 1555 τί

934 1535 1026 1554 laenam
1033 1532 1073 1555 est
1080 1527 1124 1554 illa
1132 1527 1333 1562 destruetionis,
1341 1529 1393 1556 nisi
1401 1536 1481 1564 quam
1491 1529 1525 1556 ibi
1532 1530 1564 1557 ad
1572 1534 1677 1565 tempus

61 1573 155 1608 τὸτῆς
177 1572 352 1608 ἐρημώσεως,
375 1574 460 1610 ἀλλ’ἢ
489 1574 600 1601 καθόλου
623 1574 660 1606 ὡς
685 1574 817 1610 παρέσται
833 1575 847 1601 ὁ

69 1618 270 1654 Ἀντίχριστος;
299 1619 353 1646 Καὶ
376 1618 459 1647 οὗτοι
479 1619 667 1653 σωθήσονται
691 1620 724 1646 ὲκ
752 1619 847 1654 χειρὸς

62 1665 170 1695 αὐτοῦ,
189 1664 291 1698 Ἑδὼμ,
304 1664 353 1692 καὶ
365 1664 463 1696 Μωὰϐ,
475 1664 525 1691 καὶ
538 1664 615 1699 ἀρχὴ
629 1664 701 1692 υἱῶν
721 1663 845 1699 Ἀμμών.

63 1707 144 1736 Οὗτοι
159 1710 213 1745 γάρ
227 1711 295 1736 εἰσιν
317 1711 340 1737 οἱ
363 1711 551 1746 συνερχόμενοι
574 1710 647 1746 αὑτῷ
663 1711 706 1737 διὰ
721 1711 770 1746 τὴν
784 1718 848 1745 συγ-

63 1756 182 1789 γένειαν,
198 1756 244 1782 καὶ
259 1756 369 1791 βασιλέα
380 1757 461 1784 αὐτὸν
474 1757 577 1792 πρῶτοι
591 1757 810 1793 ἀναγορεύοντες·
822 1757 846 1783 οἱ

64 1801 115 1836 μὲν
141 1800 229 1836 Ἐδὼμ
251 1801 319 1828 εἰσὶν
335 1802 386 1828 υἱοὶ
406 1801 490 1828 Ἦσαῦ
503 1802 527 1828 ol
541 1802 727 1833 κατοικοῦντες
743 1802 772 1828 τὸ
787 1801 848 1837 ὅρος

62 1847 161 1883 Σηείρ·
177 1846 264 1874 Μωὰὸ
282 1847 310 1873 δὲ
328 1848 374 1874 καὶ
394 1847 515 1883 Ἀμμὼν,
530 1849 554 1874 οἱ
567 1849 599 1874 ὲκ
610 1847 664 1874 τῶν
675 1847 721 1874 δύο
737 1847 849 1882 θυγατέ-

63 1901 119 1928 ρων
136 1893 219 1920 αὺτοῦ
233 1894 435 1929 γεγεννημένοι,
448 1894 485 1926 ὼς
498 1895 544 1921 καὶ
570 1894 680 1925 Ἡσαΐας
692 1893 781 1928 λέγει·
793 1893 849 1920 Καὶ

61 1940 305 1974 πετασθήσονται
322 1939 357 1966 ἐν
368 1940 485 1973 πλοίοις
498 1940 680 1974 ἀλλοφύλων
692 1938 849 1966 θάλασσαν

61 1985 123 2019 ἅμα
138 1985 391 2020 προνομεύσουσι,
407 1986 455 2012 καὶ
467 1987 493 2012 οι
506 1985 564 2012 ἀπὸ
579 1984 733 2013 ἀνατολῶν
748 1985 847 2019 ἡλίου,

63 2030 111 2057 καὶ
125 2032 153 2057 ol
169 2031 228 2057 ἀπὸ
244 2031 378 2065 δυσμῶν,
400 2031 451 2058 καὶ
465 2031 572 2065 βορρᾶ,
591 2031 722 2059 δώσουσι
738 2031 847 2064 δόξαν·

62 2078 89 2102 ol
109 2076 144 2102 δὲ
160 2077 218 2103 vlol
246 2077 361 2112 Ἀμμὼν
384 2077 491 2111 πρῶτοι
511 2078 744 2105 ὑπακούσονται.
766 2074 849 2110 Οὗτος

61 2121 107 2148 ὑπ’
125 2121 215 2148 αὐτῶν
239 2121 365 2156 βασιλεὺς
385 2122 588 2157 ἀναγορευθεὶς,
612 2122 659 2150 καὶ
674 2122 726 2148 ὑπὸ
742 2123 849 2150 πάντων

62 2166 214 2200 δοξασθεὶς,
226 2167 273 2193 καὶ
288 2167 423 2202 βδέλυγμα
436 2167 600 2203 ἐρημώσεως
612 2167 651 2202 τῷ
666 2168 759 2203 κόσμῳ
774 2177 850 2204 γενη-

63 2212 120 2245 ea;
140 2213 274 2249 κρατήσει
293 2213 401 2249 ἡμέρας
421 2212 508 2249 χιλίας
523 2213 666 2247 ’διακοσίας
680 2214 847 2249 ἐνενήκοντα.

63 2258 217 2292 Μακάριος
233 2260 249 2285 ό
264 2259 438 2294 ὑπομείνας,
464 2259 514 2287 καὶ
537 2259 656 2294 φθάσας
674 2260 717 2292 εἰς
737 2259 849 2294 ἡμέρας

62 2305 164 2339 χιλίας
181 2304 353 2338 τριακοσίας
369 2304 528 2338 τριάκοντα
547 2304 650 2331 πέντε·
664 2304 711 2331 τοῦ
725 2303 779 2340 γὰρ
792 2304 849 2340 βδε-

62 2349 201 2385 λὺγματος
229 2349 466 2384 παραγενομένου,
502 2349 549 2376 καὶ
580 2349 758 2385 πολεμοῦντος
787 2349 850 2381 τοὺς

62 2395 169 2430 ἁγίους,
187 2394 217 2427 ὃς
232 2394 265 2421 ἂν
281 2395 386 2430 ὑπερϐῇ
402 2394 452 2427 τὰς
465 2395 569 2431 ἡμέρας
583 2394 675 2427 αὑτοῦ,
692 2395 737 2421 καὶ
753 2395 850 2431 ἐγγίσῃ

61 2442 100 2472 εἰς
118 2440 228 2476 ἡμέρας
245 2440 447 2475 τεσσαράκοντα
469 2440 558 2472 πέντε,
579 2440 673 2475 ἑτέρας
689 2440 848 2476 ὲγγιζοὺσης

61 2485 263 2522 πεντηκοστῆς,
283 2486 398 2521 ἔφθασεν
416 2487 433 2521 ὴ
455 2485 576 2521 βασιλεία
589 2487 642 2513 τῶν
654 2486 789 2522 οὐρανῶν·
804 2486 849 2522 ἐρ-

60 2541 139 2567 χεται
163 2533 213 2568 μὲν
228 2533 243 2559 ό
267 2532 457 2568 Ἀντίχριστος,
472 2532 518 2559 καὶ
534 2533 574 2563 εἰς
589 2531 670 2567 μέρος
684 2533 733 2568 τῆς
748 2541 847 2568 πεντη-

897 1573 992 1600 statuit
1004 1572 1171 1600 Antiochus?
1186 1580 1245 1607 qua:
1259 1581 1322 1600 vero
1341 1574 1525 1606 desolati0nis,
1546 1574 1598 1602 nisi
1617 1583 1678 1610 qua:

897 1618 949 1646 erit
957 1618 1056 1653 ubique
1068 1619 1200 1652 locorum,
1212 1619 1320 1654 quando
1328 1619 1415 1646 aderit
1427 1619 1631 1647 Anticliristus?
1642 1620 1677 1647 Et

897 1665 1206 1692 hisalvabunturemanu
1212 1665 1305 1698 ipsius,
1318 1665 1409 1698 Edam,
1419 1671 1443 1692 et
1454 1665 1541 1697 Moab,
1551 1670 1574 1693 et
1582 1666 1678 1701 princi-

896 1711 968 1746 pium
974 1711 1090 1744 ﬁliorum
1099 1712 1220 1741 Ammon;
1228 1711 1330 1738 hienim
1341 1716 1413 1744 sunt,
1423 1711 1467 1746 qui
1476 1719 1534 1739 sese
1543 1712 1593 1746 ipsi
1601 1721 1678 1747 prop-

897 1761 938 1783 ter
952 1755 1193 1790 consanguinitatis
1208 1757 1431 1784 necessitudinem
1441 1758 1609 1789 consociant.
1622 1759 1677 1793 pri-

897 1802 988 1836 mique
1001 1801 1088 1836 ipsum
1098 1809 1187 1836 regem
1198 1803 1371 1837 appellantes.
1380 1802 1489 1830 Idumzei
1497 1804 1605 1838 quidem
1614 1810 1677 1831 sunt

899 1846 944 1874 lilii
960 1846 1029 1874 Esau
1042 1847 1068 1873 in
1081 1851 1175 1874 monte
1191 1847 1250 1874 Seir
1264 1848 1430 1882 habitantes;
1443 1849 1564 1877 Moabita:
1575 1858 1637 1878 vero
1651 1856 1676 1878 et

897 1892 1070 1925 Ammonitaa,
1091 1893 1136 1927 qui
1152 1900 1185 1920 ex
1202 1893 1308 1921 duabus
1323 1895 1408 1929 ipsius
1423 1896 1484 1923 [iliis
1503 1901 1566 1924 sunt
1579 1905 1678 1932 propa-

898 1939 963 1973 gati,
978 1939 1049 1966 sicut
1062 1938 1141 1965 etiam
1160 1939 1245 1966 Isaias
1259 1939 1340 1967 dicit:
1356 1939 1390 1967 Et
1401 1942 1537 1969 extendant
1553 1951 1578 1969 se
1592 1943 1619 1970 in
1630 1951 1677 1970 na-

897 1984 972 2010 uibus
989 1983 1205 2018 alienigenarum,
1228 1984 1307 2010 simul
1320 1993 1391 2012 mare
1407 1986 1635 2020 deprwdabuntar,
1653 1992 1677 2014 et

898 2030 942 2065 qui
955 2032 987 2056 ab
999 2036 1058 2057 ortu
1070 2030 1143 2061 solis,
1157 2030 1200 2065 qui
1217 2030 1248 2056 ab
1260 2031 1391 2058 occidente
1403 2037 1427 2058 et
1442 2033 1562 2067 aquilone
1578 2034 1676 2060 dabunt

898 2075 1023 2110 gloriam,
1039 2075 1090 2109 ﬁlii
1108 2083 1166 2102 vero
1185 2076 1296 2102 Ammon
1316 2077 1394 2110 primi
1415 2077 1531 2104 obedient
1543 2080 1562 2105 ¹.
1580 2078 1629 2106 Hic
1643 2079 1678 2107 ab

899 2120 965 2156 ipsis
985 2129 1032 2148 rex
1050 2121 1195 2153 salutatus,
1219 2126 1246 2149 et
1269 2122 1302 2149 ab
1317 2123 1444 2150 omnibus
1463 2123 1638 2158 gloriﬁcatus,
1652 2131 1677 2152 et

900 2166 1001 2194 mundo
1011 2166 1176 2194 abominatio
1186 2166 1360 2195 desolationis
1369 2168 1489 2202 effectus,
1500 2169 1594 2197 diebus
1605 2171 1678 2197 mille

864 2205 888 2234 ι)
899 2211 1022 2239 ducentis
1039 2212 1184 2248 nonaginta
1199 2213 1392 2241 dominabitur.
1408 2214 1505 2241 Beatus
1528 2216 1572 2250 qui
1595 2217 1677 2243 susti-

900 2259 985 2285 nuerit
1003 2266 1082 2293 usque
1092 2259 1125 2285 ad
1137 2258 1192 2286 dies
1207 2259 1277 2287 mille
1291 2264 1416 2287 trecentos
1428 2261 1537 2296 triginta
1549 2263 1677 2297 quinque;

901 2311 961 2330 nam
980 2303 1180 2331 abominatione
1200 2304 1369 2337 adveniente,
1389 2309 1415 2332 et
1430 2310 1538 2333 sanctos
1553 2311 1677 2339 vexante,

900 2349 1056 2384 quicunque
1068 2349 1141 2377 illius
1149 2349 1206 2376 dies
1218 2351 1396 2384 superaverit.
1406 2355 1432 2378 et
1442 2352 1584 2379 accesserit
1594 2360 1678 2387 prope

900 2395 933 2422 ad
945 2395 1003 2422 dies
1013 2396 1189 2431 quadraginta
1207 2396 1338 2431 quinque,
1353 2396 1415 2424 aliis
1425 2397 1621 2433 quinquaginta
1632 2406 1677 2426 ac-

901 2441 1069 2474 cedentibus,
1089 2440 1214 2468 adveniet
1233 2449 1342 2477 regnum
1366 2442 1507 2471 cmlorum.
1524 2443 1603 2471 Venit
1617 2444 1677 2478 qui—

900 2487 961 2515 dem
975 2488 1158 2516 Antichristus
1174 2488 1254 2516 etiam
1272 2488 1298 2515 in
1311 2493 1413 2523 partem
1431 2489 1675 2524 quinquagesimae;

901 2542 1013 2569 regnum
1028 2542 1091 2562 vero
1105 2535 1191 2562 sancti
1205 2543 1266 2562 cum
1281 2534 1394 2571 Christo
1405 2535 1588 2563 haereditaturi
1601 2540 1675 2564 sunt.

60 2579 175 2614 κοπῆς,
190 2578 239 2614 τὴν
253 2578 282 2604 δὲ
295 2578 430 2614 βασιλείαν
444 2579 467 2605 οἱ
484 2578 555 2613 ἅγιοι
576 2579 633 2614 ἅμα
653 2577 763 2614 Χριστῷ
782 2578 957 2615 κληρονομεῖν
971 2580 1105 2615 μέλλουσι.

98 2625 169 2652 XLI.
191 2624 299 2652 Τούτων
321 2624 408 2657 οὕτως
431 2624 600 2661 εἰρημένων,
614 2625 687 2659 λέγει
701 2625 715 2650 ὁ
732 2624 846 2659 Δανιήλ’

61 2675 117 2701 Καὶ
138 2672 204 2700 loci)
227 2672 282 2700 δύο
303 2672 410 2706 ἄνδρες
431 2670 626 2705 είστήκασαν,
649 2668 693 2703 εἷς
711 2670 849 2698 ἐντεῦθεν

62 2719 116 2747 τοῦ
137 2719 262 2755 χείλους
278 2719 332 2746 τοῦ
348 2718 490 2753 ποταμοῦ,
514 2718 562 2745 καὶ
576 2715 620 2750 εἷς
635 2716 783 2749 ἐντεῦθεν,
799 2717 848 2745 καὶ

62 2764 274 2798 ἀπεκρίθησαν
289 2763 329 2796 τῷ
340 2762 426 2797 ἀνδρὶ
438 2762 478 2796 τῷ
490 2762 629 2797 ἑστηκότι
644 2761 691 2789 ἐπὶ
707 2761 738 2789 τὸ
749 2760 849 2796 χεῖλος

101 2857 108 2872 '
124 2857 207 2891 Apoc.
225 2863 263 2889 ιι,
277 2854 304 2882 5.
343 2855 353 2870 ³
368 2853 420 2882 Isa.
434 2862 472 2889 ιι,
493 2856 532 2883 Η.

934 2625 1002 2652 XLI.
1024 2625 1071 2653 llis
1094 2625 1129 2653 ita
1150 2628 1294 2661 enarratis,
1316 2628 1353 2655 ait
1376 2623 1467 2655 Daniel
1483 2637 1488 2655 :
1504 2627 1538 2654 Et
1554 2636 1611 2655 ecce
1625 2629 1679 2656 duo

898 2671 949 2698 viri
962 2676 1100 2704 steterunt,
1113 2679 1179 2698 unus
1188 2672 1247 2699 hinc
1257 2682 1334 2707 super
1344 2674 1428 2708 ripam
1439 2673 1565 2708 ﬂaminis,
1576 2679 1599 2700 et
1609 2673 1677 2700 alius

899 2715 969 2748 inde,
993 2721 1016 2743 ct
1039 2716 1224 2751 responderunt
1249 2718 1304 2744 viro
1339 2718 1385 2752 qui
1404 2719 1491 2745 stabat
1505 2726 1581 2753 super
1595 2726 1677 2753 aquas

899 2762 1026 2796 ﬂuminis,
1040 2767 1064 2790 et
1080 2762 1202 2790 dixerunt
1215 2763 1255 2790 illi
1270 2771 1279 2789 :
1297 2762 1433 2798 Usquequo
1451 2763 1511 2797 ﬁnis
1530 2771 1677 2791 sermonum
