1860 3051
193 105 245 135 (167

194 163 368 195 urirabilium,
392 171 456 198 quos
475 162 577 190 locutus
597 164 642 190 es?
661 163 694 190 Et
716 164 806 190 audivi
820 164 914 198 uirum,
927 165 972 200 qui
987 167 1008 194 Α

194 210 302 235 indutus
317 214 373 235 emt
383 208 489 241 boddin,
503 209 547 243 qui
564 209 651 235 stabat
663 218 740 243 super
752 218 832 244 aquas
846 211 974 244 ﬂuminis.

195 260 219 281 et
237 255 345 281 elevavit
360 255 491 280 dexteram
506 262 592 284 suam.
605 260 630 281 et
643 255 781 281 sinistrum
796 256 823 282 in
837 256 939 289 mlum,
950 261 974 283 et

192 299 294 333 jurarit
307 308 351 334 per
361 300 486 326 viventem
503 300 528 326 in
543 305 670 327 wternum
683 308 691 326 :
707 302 769 335 quia
783 302 809 328 in
825 306 933 336 (corpus,
950 307 974 329 ct

197 350 324 379 tempora,
336 349 359 371 et
373 345 513 371 dimidium
528 341 662 379 temporis,
677 354 736 372 cum
752 346 880 381 completa
895 347 974 382 fuerit

195 389 332 423 dispersio,
347 394 533 424 cognoscentur
549 390 667 417 universa
681 391 745 417 lmzc.

193 435 313 469 αίῶνας,
327 435 371 461 ὅτι
388 437 430 468 εὶς
451 436 566 470 καιρὸν,
583 436 713 470 καιροὺς,
726 437 774 464 καὶ
790 437 883 472 ἣμισυ
901 439 1014 473 καιροῦ,

194 483 289 510 ταῦτα,
306 483 413 510 πάντα.

231 530 310 558 XLII.
333 531 448 564 Quinam
467 536 557 559 autem
573 536 649 559 erant
661 532 715 559 duo
732 532 793 565 viri,
809 533 854 568 qui
866 534 975 562 stabant

195 577 266 611 apud
279 577 364 611 ripam
382 576 512 610 ﬂuminis,
531 577 582 604 nisi
598 577 640 604 lex
659 582 686 605 et
701 579 855 612 prophetae?
874 581 974 614 etquis

195 627 265 653 erat.
280 623 325 657 qui
340 623 428 650 stabat
443 631 525 658 super
540 631 650 658 aquam,
663 625 715 651 nisi
731 625 775 652 hic
790 625 856 660 ipse,
872 626 905 653 de
920 634 975 661 quo

197 668 246 703 ipsi
263 669 326 695 olim
345 669 556 703 prophetarum;
571 669 617 704 qui
639 670 793 698 novissimis
809 672 974 706 temporibus

196 714 223 741 in
239 713 356 742 Iordane
376 714 520 742 manifeste
541 715 724 742 testimonium
741 720 902 750 accepturus
917 721 974 744 erat

197 769 213 788 a
227 760 315 791 Patre.
330 765 356 787 et
372 768 386 787 a
401 760 505 788 Joanne
520 761 618 796 popqu
635 761 747 788 ﬁdenter
759 766 817 788 erat
830 762 973 789 ostenden-

197 806 258 837 dus,
274 807 318 841 qui
331 806 404 841 hasty
422 807 514 834 scriba:
531 808 601 833 circa
619 815 691 834 renes
711 807 818 841 ferebat,
834 813 857 835 et
876 808 973 834 baddin
992 821 1012 849 Β

199 853 289 880 tunica
304 854 384 880 variis
397 854 528 880 coloribus
542 854 668 881 distincta
684 860 740 881 erat
754 855 871 882 indutus.
884 854 915 882 Ili
927 856 977 890 igi-

196 902 242 926 tur
258 899 426 933 interrogant
440 907 513 932 eum,
530 899 646 927 scientes
656 900 728 934 quod
742 900 791 934 ipsi
805 900 896 926 datum
908 905 979 927 esset

197 951 276 971 omne
293 943 435 978 imperium
453 949 479 971 et
495 948 626 979 potestas,
644 949 673 971 ut
687 948 811 972 accurate
828 944 933 971 discant
945 944 979 971 ab

197 996 241 1020 eo,
266 990 376 1024 quando
395 989 528 1024 judicium
553 989 586 1016 dc
603 989 704 1016 mundo
719 995 790 1017 esset
806 989 938 1022 facturus,
952 993 979 1016 et

197 1042 254 1069 quo
267 1039 397 1069 tempore,
410 1043 470 1070 qua:
483 1036 516 1062 ab
528 1035 585 1070 ipso
595 1035 697 1063 elocuta
706 1040 792 1068 erant,
807 1035 976 1070 adimplenda

199 1080 297 1108 forent.
311 1081 356 1110 Ille
372 1090 436 1109 vero
450 1083 542 1110 volens
562 1090 609 1109 eos
627 1083 738 1109 omnino
752 1087 840 1110 certos
854 1083 975 1115 reddere,

198 1127 313 1155 elevavit
327 1127 463 1155 dexteram
480 1136 567 1161 suam,
581 1132 607 1155 et
621 1128 760 1155 sinistram
782 1128 810 1154 in
825 1129 935 1161 coelum,
949 1132 976 1155 et

196 1172 299 1206 juravit
315 1180 362 1207 per
379 1173 510 1200 viventem
536 1173 563 1200 in
579 1177 720 1200 aeternum.
740 1173 816 1206 Quis.
833 1181 880 1208 per
895 1181 974 1208 queri

196 1218 318 1252 juravit?
338 1218 423 1245 Filius
439 1219 560 1246 \idelicet
575 1227 622 1254 per
637 1219 755 1252 Patrem,
776 1220 887 1247 dicens:
905 1220 976 1247 Vivit

200 1262 280 1290 Pater
295 1263 321 1290 in
337 1268 477 1297 aeternum,
496 1264 548 1290 nisi
571 1264 597 1291 in
618 1269 734 1298 tempus,
751 1269 778 1291 et
800 1268 932 1300 tempora,
950 1269 977 1292 et

199 1308 340 1336 dimidium
357 1309 494 1343 temporis,
514 1317 574 1336 cum
589 1311 721 1345 completa
741 1310 822 1338 fuerit
833 1311 975 1346 dispersio,

199 1359 395 1389 cognoscentur
408 1355 464 1382 haec
478 1355 578 1382 omnia.

235 1445 326 1472 XLIII.
343 1445 420 1478 Quod
443 1453 506 1472 vero
525 1446 582 1480 ipse
597 1446 692 1473 ambas
707 1454 805 1474 manus
819 1444 978 1476 extenderit,
993 1445 1014 1473 C

199 1499 247 1526 per
261 1492 312 1518 hoc
322 1491 477 1526 passionem
490 1491 699 1523 demonstravit;
716 1492 786 1526 quod
799 1496 887 1518 autem
901 1491 978 1517 dixe-

199 1538 245 1569 rit.
263 1538 290 1564 in
307 1542 406 1572 tempus
419 1556 426 1568 ,
449 1541 473 1563 et
488 1542 614 1570 tempora,
633 1541 658 1563 et
684 1536 823 1563 dimidium
845 1537 978 1570 temporis,

200 1591 258 1610 cum
274 1583 402 1617 completa
412 1582 491 1616 fuerit
508 1582 645 1616 dispersio,
662 1585 715 1609 tres
725 1590 786 1610 cum
803 1581 914 1609 dimidio
931 1589 980 1609 an-

201 1637 250 1656 nos
269 1628 426 1656 Antichristi
445 1628 615 1663 signiﬁcavit.
636 1627 753 1662 Tempus
774 1628 845 1654 enim
866 1635 978 1661 annum,

200 1679 228 1701 ct
243 1679 364 1708 tempora
377 1674 446 1701 duos
461 1680 557 1705 annos,
568 1673 709 1700 dimidium
722 1680 787 1700 vero
801 1673 928 1708 temporis
939 1673 979 1700 di-

202 1720 312 1746 midium
327 1719 391 1746 anui
407 1719 541 1754 intelligit.
565 1718 597 1745 Ili
616 1724 678 1745 sunt
694 1718 764 1745 mille
780 1718 883 1744 ducenti
896 1727 979 1744 nona-

201 1765 276 1800 ςῐιεια
297 1765 362 1797 dies,
388 1772 457 1798 quos
480 1763 603 1798 praedixit
628 1762 738 1795 Daniel,
758 1770 820 1789 cum
835 1761 979 1797 adimpleta

203 1809 284 1838 fuerit
296 1810 397 1844 passio,
410 1816 436 1837 et
451 1810 521 1837 facta
537 1809 617 1837 fuerit
630 1809 773 1843 dispersio,
787 1813 918 1842 prasente
927 1808 980 1835 An-

203 1857 326 1885 tichristo
339 1865 345 1889 ;
360 1856 386 1882 in
403 1856 500 1883 diebus
511 1855 563 1883 illis
575 1859 770 1890 cognoscentur
779 1855 902 1882 universa
911 1855 977 1882 haec.

204 1903 236 1929 Et
250 1910 265 1928 a
277 1906 396 1936 tempore
406 1922 413 1935 ,
430 1910 484 1936 quo
498 1901 616 1928 ablatum
632 1901 712 1928 fuerit
723 1901 787 1936 juge
804 1901 978 1934 sacriﬁcium,

203 1948 286 1975 etiam
312 1948 378 1976 dies.
400 1948 473 1975 mille
503 1947 610 1974 ducenti
635 1947 779 1980 nonaginta
806 1946 979 1981 computandi

204 1999 283 2027 sunt;
310 1993 458 2021 abundabit
484 1993 622 2028 iniquitas,
650 1992 720 2020 sicut
741 1993 821 2019 etiam
846 1991 980 2026 Dominus

203 2040 288 2067 dicit:
302 2039 432 2072 Quoniam
446 2039 587 2066 abundavit
602 2037 738 2072 iniquitas,
759 2037 906 2072 relrigescet
916 2036 980 2064 cha-

204 2086 270 2112 ritas
285 2085 424 2111 multorum
436 2084 456 2110 ³.

239 2130 332 2157 XLIV.
353 2130 428 2164 Quod
447 2130 519 2157 enim
539 2128 762 2164 praevaricatione
776 2127 846 2155 facta
860 2128 979 2156 excitcn-
996 2119 1018 2146 D

205 2181 249 2202 tur
259 2176 382 2208 dissidia,
398 2176 501 2202 nullum
516 2175 627 2202 dubium
644 2178 696 2206 cst,
709 2173 755 2201 sed
771 2173 891 2200 dissidiis
905 2180 985 2200 exor-

205 2223 240 2249 tis
259 2223 409 2257 refrigescit
429 2221 557 2248 cliaritas.
581 2219 614 2246 Et
633 2219 697 2246 illud
714 2219 829 2246 :Beatus
841 2219 886 2254 qui
898 2227 986 2253 peru-

206 2268 342 2300 rerat'erit,
357 2272 381 2294 et
391 2267 534 2301 pervenerit
550 2267 584 2292 ad
592 2266 646 2292 dies
657 2265 728 2292 mille
740 2269 864 2292 trecentos
878 2265 986 2299 triginta

205 2314 327 2347 quinque,
352 2312 502 2340 notandum
525 2316 575 2344 est,
594 2311 666 2339 sicut
677 2311 746 2338 dixit
765 2310 916 2337 Dominus:
934 2310 988 2342 Qui

207 2363 294 2384 autem
305 2357 502 2392 perseveraverit
522 2365 602 2392 usque
611 2357 638 2384 in
654 2357 750 2391 ﬁnem,
769 2357 810 2383 hic
824 2356 910 2383 salvus
920 2356 982 2382 erit.
999 2375 1002 2377 η

208 2402 388 2435 Quamobrem
410 2402 588 2429 uuiversalem
608 2402 857 2437 prmvaricationem
873 2401 984 2428 minime

208 2453 405 2483 exspectemus,
423 2455 456 2474 ne
472 2448 601 2482 iniquitas
619 2448 746 2480 abundet,
762 2452 790 2474 et
808 2451 922 2481 occupet
934 2453 984 2474 nos

209 2495 377 2522 abominatio
398 2494 587 2526 desolationis,
614 2494 716 2522 scilicet
739 2494 921 2521 adversarius.
952 2492 984 2520 Et

208 2540 276 2566 dixit
300 2539 361 2574 ipsi,
385 2547 465 2574 usque
486 2540 520 2566 ad
541 2547 672 2574 imperas,
691 2540 763 2575 quod
787 2544 828 2567 est
851 2547 936 2573 usque
951 2539 984 2566 ad

209 2585 488 2618 consummationem;
509 2590 534 2612 et
560 2593 636 2612 mane
655 2593 665 2612 :
678 2585 742 2620 quid
757 2590 799 2613 est
816 2585 915 2612 mane?
928 2585 985 2612 dies

210 2631 428 2659 resurrectionis.
452 2632 560 2659 Initium
581 2632 654 2659 enim
682 2638 723 2660 est
752 2632 862 2660 alterius
883 2631 986 2664 saeculi,

211 2677 435 2713 quemadmodum
455 2678 559 2705 initium
581 2678 633 2706 diei
650 2682 691 2706 est
711 2685 798 2705 mane.
818 2677 878 2705 Dies
895 2681 985 2704 autem

213 2724 285 2751 mille
302 2724 489 2759 quadringenti
508 2729 571 2752 sunt
593 2725 683 2752 lumen
700 2724 811 2757 mundi;
837 2731 898 2751 cum
913 2723 985 2751 enim

250 2794 260 2809 ³
275 2793 365 2821 Matth.
382 2801 459 2827 xxiv,
474 2793 516 2821 12.

645 106 672 134 S.
693 107 871 144 IIIPPOLYTI
888 108 963 136 OPP.
981 107 1070 137 PARS
1087 109 1107 138 I.
1125 126 1159 131 ——
1177 110 1380 140 EXEGETICA.

1760 112 1813 139 668

1022 165 1074 192 τοῦ
1084 167 1228 202 ποταμοῦ,
1240 168 1286 196 καὶ
1299 166 1388 195 εἶπαν
1401 163 1488 200 αὐτῷ·
1500 168 1572 202 Ἕως
1581 168 1654 196 πότε
1666 169 1699 196 τὸ
1715 171 1813 205 πέρας

1027 210 1086 237 τῶν
1100 213 1197 247 λόγων
1217 212 1275 240 τῶν
1296 213 1473 248 θαυμαστῶν
1495 210 1538 240 ὧν
1560 215 1737 249 ἐλά-ιησας;
1762 218 1811 244 καὶ

1027 259 1145 293 ἤκουσα
1160 260 1212 287 τοῦ
1226 260 1335 294 ἀνδρὸς
1348 260 1400 287 τοῦ
1420 260 1616 295 ὲνδεδυμένου
1634 262 1667 288 τὸ
1684 262 1812 294 βαδδιν,

1028 304 1061 337 ὃς
1072 302 1111 339 ἥν
1123 304 1222 331 ἐπάνω
1234 305 1286 332 τοῦ
1298 305 1406 339 ὕδατος
1415 306 1468 333 τοῦ
1483 306 1626 341 ποταμοῦ,
1640 307 1691 334 καὶ
1702 308 1813 342 ὖψωσε

1026 349 1083 383 τὴν
1103 349 1205 382 δεξιὰν
1225 351 1328 383 αὐτοῦ,
1351 352 1400 378 καὶ
1416 352 1473 386 τὴν
1487 352 1646 387 ἀριστερὰν
1658 354 1756 381 αὑτοῦ
1767 356 1812 387 εις

1025 393 1079 420 τὸν
1097 395 1235 428 οὐρανὸν,
1257 396 1304 422 καὶ
1324 395 1441 430 ὤμοσεν
1461 397 1497 423 ἐν
1514 397 1553 430 τῷ
1572 396 1654 427 ζῶντι
1673 400 1718 431 είς
1738 399 1812 432 τοὺς

1028 439 1115 473 ἐντῷ
1127 441 1363 476 συντελεσθῆναι
1378 442 1623 477 διασκορπισμὸν,
1641 443 1813 478 γνώσονται

1061 533 1142 561 XLII.
1179 534 1256 565 Τίνες
1277 531 1324 561 οὖν
1345 531 1412 569 ἦσαν
1433 535 1456 560 οἱ
1476 533 1522 560 δύο
1539 534 1634 570 ἄνδρες
1653 535 1678 562 οἱ
1692 535 1812 568 ἐπῶν-τες

1028 579 1102 615 παρὰ
1115 579 1146 605 τδ
1161 579 1246 614 χεῖλος
1268 580 1313 606 τοῦ
1335 579 1465 615 ποταμοῦ,
1484 580 1568 615 ἀλλ’ἢ
1585 582 1599 607 6
1611 581 1692 616 νόμος
1715 581 1766 608 καὶ
1787 583 1811 609 οἱ

1027 625 1179 661 προφῆται,
1199 626 1245 652 καὶ
1265 625 1307 657 τίς
1323 623 1356 660 ἦν
1369 626 1382 651 6
1399 626 1484 658 ἑστὼς
1498 626 1589 653 ἐπάνω
1601 627 1648 654 τοῦ
1662 627 1771 660 ὓδατος,
1787 629 1811 654 εξ

1028 671 1065 707 μὴ
1078 671 1158 703 αὐτὸς
1173 668 1248 702 οὗτος
1260 671 1323 706 περὶ
1334 668 1364 698 οὗ
1377 671 1451 697 αὐτοὶ
1463 671 1544 698 πάλαι
1559 673 1660 708 προεκή
1665 673 1768 709 ρυξαν;
1783 674 1812 705 ὃς

1027 713 1137 749 ἔμελλεν
1156 714 1198 741 ἐπ’
1212 715 1331 750 ἐσχάτων
1348 715 1394 741 ἐπὶ
1407 715 1445 750 τῷ
1467 716 1584 752 Ἰορδάνῃ
1608 718 1736 753 φανερῶς
1761 719 1812 745 ὑπὸ

1026 759 1072 786 τοῦ
1085 760 1190 795 Πατρὸς
1211 760 1413 796 μαρτυρεῖσθαι,
1431 761 1476 787 καὶ
1492 761 1543 788 ὑπὸ
1561 762 1683 789 Ἰωάννου
1699 763 1741 799 τῷ
1756 763 1813 800 λαῷ

1027 804 1166 841 παρρησίᾳ
1187 805 1349 833 δείκνυσθαι·
1363 808 1379 833 ὀ
1391 806 1423 833 τὸ
1435 806 1532 833 κάστυ
1552 807 1604 834 τοῦ
1619 809 1810 844 ’γραμματέως

1026 851 1092 884 περὶ
1109 851 1166 884 τὴν
1180 851 1278 886 ὀσφὺν
1290 852 1395 886 φέρων,
1411 851 1460 879 καὶ
1476 852 1508 878 τὸ
1521 852 1632 885 ﬁat?le
1645 853 1701 880 τὸν
1717 856 1815 881 ποικί-

1026 897 1082 922 ¹ιῑον
1097 895 1206 929 χιτῶνα
1230 896 1434 930 ἐνδεδυμένος.
1459 893 1538 922 Οὗτοι
1560 895 1606 923 οὖν
1629 898 1815 924 πυνθάνονται

1027 941 1119 973 αὑτοῦ,
1135 941 1233 974 εἰδότες
1247 942 1287 968 ὅτι
1302 941 1376 977 αὐτῷ
1389 942 1466 977 ὲδόθη
1488 943 1563 969 πᾶσα
1583 943 1654 978 ἀρχὴ
1673 943 1723 969 καὶ
1738 943 1815 976 ὲξου-

1028 986 1087 1013 σία·
1109 987 1152 1013 ἵνα
1176 986 1280 1022 μάθωσι
1302 988 1365 1023 παρ’
1386 988 1466 1015 αὑτοῦ
1488 988 1608 1023 ἀκριϐῶς
1629 988 1695 1014 πότε
1723 988 1816 1024 μέλλει

1028 1033 1140 1067 ἐπάγειν
1153 1033 1191 1068 τῷ
1205 1033 1298 1069 κόσμῳ
1313 1034 1361 1069 τὴν
1373 1035 1471 1070 κρίσιν,
1490 1035 1536 1061 καὶ
1549 1034 1612 1060 ποτε
1625 1035 1659 1062 τὰ
1673 1035 1722 1061 ὑπ’
1733 1035 1816 1061 αὐτοῦ

1027 1079 1197 1115 λελαλημένα
1214 1079 1420 1115 πληρωθήσεται
1430 1089 1436 1095 ·
1455 1082 1469 1107 6
1479 1081 1507 1108 δὲ
1524 1081 1593 1108 κατὰ
1607 1081 1699 1107 πάντα
1713 1082 1817 1115 τρόπον

1027 1123 1129 1150 πείθειν
1143 1123 1252 1156 τούτους
1268 1124 1425 1160 βουλόμενος
1441 1126 1526 1160 ἐπῆρε
1547 1125 1595 1161 τὴν
1613 1125 1706 1158 δεξιὰν
1721 1126 1816 1156 αὑτοῦ.

1027 1170 1074 1196 καὶ
1088 1170 1135 1204 τὴν
1147 1170 1292 1205 ἀριστερὰν
1305 1172 1344 1202 είς
1358 1170 1403 1197 τὸν
1423 1172 1544 1206 οὐρανὸν,
1565 1172 1611 1198 καὶ
1631 1171 1727 1206 ὤμοσε
1746 1171 1817 1197 κατὰ

1027 1215 1072 1242 τοῦ
1087 1215 1185 1247 ζῶντος
1197 1216 1288 1247 εἰςτὸν
1296 1216 1391 1243 αἰῶνα·
1403 1217 1442 1249 τίς
1451 1217 1520 1243 κατὰ
1533 1218 1604 1249 τίνος
1613 1217 1724 1252 ὤμοσεν
1735 1225 1744 1249 ',
1755 1216 1816 1247 Υἱὸς

1028 1262 1145 1297 δηλονότι
1157 1262 1226 1289 κατὰ
1237 1262 1283 1289 τοῦ
1296 1263 1411 1298 Πατρδς,
1421 1263 1516 1297 λέγων’
1525 1263 1584 1289 Ὀτι
1594 1262 1625 1297 ζῇ
1639 1264 1653 1288 ὸ
1666 1263 1769 1298 Πατὴρ
1779 1263 1817 1293 είς

1027 1308 1073 1335 τὸν
1091 1309 1186 1340 αίῶνα,
1200 1310 1224 1335 εί
1240 1309 1275 1344 μὴ
1291 1309 1331 1340 είς
1346 1309 1450 1345 καιρὸν,
1465 1310 1510 1336 καὶ
1523 1310 1646 1344 γαιροὺς,
1663 1309 1713 1335 καὶ
1732 1309 1816 1344 ἦμισ)

1030 1354 1136 1389 καιροῦ,
1151 1355 1179 1381 ὲν
1193 1354 1231 1389 τῷ
1253 1354 1456 1390 συντελεσθῆναι
1470 1355 1685 1391 διασκορπισμδν
1699 1355 1817 1389 γνώσον-

1030 1408 1075 1427 ται
1086 1401 1172 1427 ταῦτα
1184 1401 1281 1427 πάντα.

1065 1444 1156 1473 XLIII.
1181 1446 1216 1472 Τὸ
1239 1444 1284 1473 οὖν
1306 1447 1422 1473 ἐκτεῖναι
1443 1447 1522 1474 αὐτὸν
1534 1447 1583 1478 τὰς
1596 1446 1642 1473 δύο
1658 1449 1768 1482 χεῖρας,
1785 1447 1815 1473 δι’

1031 1491 1112 1517 αὐτοῦ
1129 1492 1158 1518 τὺ
1174 1492 1258 1524 πάθος
1274 1491 1366 1524 ἔδειξε·
1382 1492 1412 1519 τὺ
1423 1493 1450 1519 δὲ
1469 1494 1554 1519 εἰπεῖν
1570 1494 1612 1525 είς
1629 1493 1754 1527 καιρὸν,
1768 1492 1814 1519 καὶ

1031 1537 1161 1570 καιροὺς,
1175 1538 1223 1564 καὶ
1240 1537 1332 1572 ἣμισυ
1351 1539 1454 1572 καιροῦ
1466 1539 1501 1565 ἐν
1517 1538 1556 1570 τῷ
1575 1537 1814 1571 συντελεσθῆναι

1031 1582 1276 1617 διασκορπισμὸν,
1299 1583 1333 1610 τὰ
1349 1584 1411 1619 τρία
1436 1585 1521 1619 ἥμισυ
1542 1583 1587 1619 ἐτη
1607 1583 1655 1609 τοῦ
1680 1583 1812 1618 ’Ᾱντιχρί-

1032 1637 1092 1654 στου
1109 1629 1227 1664 ὲσήμανε
1239 1638 1246 1644 '
1263 1629 1355 1665 καιρὸν
1372 1629 1424 1664 γὰρ
1443 1629 1515 1663 λέγει
1529 1629 1667 1660 ὲνιαυτῇν,
1691 1629 1740 1656 καὶ
1756 1637 1812 1655 και-

1032 1676 1094 1710 ροὺς
1104 1675 1131 1701 δὲ
1149 1675 1195 1702 δύο
1213 1675 1270 1710 ἔτη,
1293 1676 1376 1711 ἥμισυ
1398 1676 1425 1702 δὲ
1446 1676 1540 1711 καιροῦ
1562 1677 1647 1711 ἥμισυ
1670 1675 1811 1703 ἐνιαυτοῦ·

1031 1717 1110 1747 αὗταί
1117 1721 1185 1747 εἰσιν
1198 1723 1226 1747 al
1239 1722 1332 1755 χίλιαι
1344 1721 1492 1748 διακόσιαι
1504 1721 1688 1754 ἐνενήκοντα
1699 1720 1811 1755 ἡμέραι,

1030 1765 1063 1797 ἃς
1080 1768 1193 1802 προεῖπε
1213 1766 1309 1802 Δανιὴλ
1332 1768 1361 1793 ὲν
1379 1766 1416 1802 τῷ
1441 1766 1644 1801 συντελεσθῆναι
1663 1766 1695 1792 τὸ
1718 1766 1810 1798 πάθος,

1032 1812 1078 1838 καὶ
1092 1812 1216 1845 γενέσθαι
1235 1812 1447 1848 διασκορπισμὸν
1466 1812 1597 1847 παρόντος
1613 1811 1660 1838 τοῦ
1683 1811 1812 1846 ’Λντιχρίο

1032 1865 1108 1883 στου*
1132 1858 1160 1884 ὲν
1182 1859 1241 1889 ταῖς
1263 1858 1379 1893 ἡμέραις
1408 1858 1524 1889 ἐκείναις
1550 1857 1700 1891 γνώσονται
1729 1857 1811 1883 ταῦτα

1031 1903 1129 1929 πάντα·
1153 1903 1200 1930 καὶ
1217 1903 1270 1930 ἀπὸ
1289 1904 1383 1939 καιροῦ
1401 1902 1593 1939 παραλλάξεως
1616 1902 1662 1929 τοῦ
1683 1902 1810 1937 ἐνδελεχι-

1033 1948 1111 1983 σμοῦ,
1131 1949 1176 1975 καὶ
1193 1948 1224 1974 τὸ
1238 1949 1340 1983 ἡμέραι
1352 1949 1445 1983 χίλιαι
1464 1948 1612 1974 διακόσιαι
1631 1947 1811 1980 ἐνενήκοντα

1032 1994 1214 2030 ψηφιζόμενόν
1224 1995 1290 2020 ἐστι’
1301 1994 1515 2030 πληθυνθὴσεται
1524 1994 1540 2029 ὴ
1549 1994 1658 2028 ἀνομία,
1667 1992 1759 2024 καθὼς
1768 1996 1812 2022 καὶ

1033 2039 1047 2065 ὁ
1063 2039 1199 2074 Δεσπότης
1219 2039 1307 2074 λέγει·
1328 2039 1378 2066 Διὰ
1393 2039 1426 2066 τὸ
1447 2038 1655 2073 πληθυνθῆναι
1677 2038 1734 2072 τὴν
1750 2039 1813 2065 ἀνο-

1030 2087 1113 2120 μίαν,
1133 2085 1299 2120 ψυγήσεται
1314 2086 1331 2119 ἡ
1348 2084 1446 2119 ἀγάπη
1456 2083 1513 2110 τῶν
1525 2082 1656 2110 πολλῶν.

1065 2129 1158 2157 XLIV.
1178 2131 1237 2157 Ὅτι
1258 2130 1312 2166 γὰρ
1327 2129 1376 2164 τῆς
1397 2127 1589 2164 παραλλάξεως
1613 2126 1762 2162 γενομένης
1779 2126 1812 2152 τὰ

1034 2176 1169 2211 σχίσματα
1179 2175 1298 2210 γέγονεν,
1313 2175 1362 2202 οὒκ
1370 2174 1517 2210 ἀμφίϐολον
1527 2182 1534 2188 ·
1547 2173 1600 2199 τῶν
1617 2172 1772 2207 ηισμάτων
1785 2171 1811 2197 δὲ

1033 2221 1184 2255 γενομένων
1198 2220 1332 2254 πέψυκται
1347 2221 1364 2254 ἡ
1380 2219 1472 2254 ἀγάπη
1481 2227 1490 2234 ⁸
1505 2219 1552 2245 καὶ
1567 2218 1599 2244 τό
1611 2226 1618 2233 ’
1635 2216 1783 2250 Μακάριος
1797 2218 1811 2242 ὁ

1034 2266 1206 2299 ὑπομείνας,
1224 2265 1272 2290 καὶ
1283 2264 1401 2298 φθάσας
1411 2263 1520 2298 ἡμέρας
1535 2262 1635 2297 χιλίας
1645 2261 1812 2295 τριακοσίας

1034 2311 1190 2345 τριάκοντα
1202 2311 1300 2342 πέντε,
1315 2308 1545 2346 Emimus-tomb;
1556 2306 1630 2334 εἶπεν
1638 2308 1652 2333 6
1663 2307 1808 2341 Δεσπότης·

1041 2358 1072 2384 '0
1088 2357 1122 2383 δὲ
1133 2357 1294 2391 ὑπομείνας
1305 2357 1347 2389 εὶς
1354 2355 1439 2389 τέλος
1453 2353 1541 2387 οὗτος
1553 2353 1730 2386 σωθήσεται.
1746 2352 1811 2379 Καθ’

1035 2403 1094 2430 ὅλου
1113 2403 1200 2429 τοίνυν
1215 2402 1262 2437 τὴν
1282 2401 1447 2437 παράλλαξιν
1467 2401 1503 2436 μὴ
1525 2399 1758 2436 παριδεξώμεθα,
1772 2399 1810 2425 ἵνα

1038 2448 1074 2484 μὴ
1085 2450 1101 2484 ἡ
1112 2448 1210 2483 ἀνομία
1223 2447 1424 2482 ﬁlatim/Omittit
1434 2446 1571 2481 καταλάϐῃ
1582 2446 1612 2472 τὸ
1623 2445 1757 2480 βδέλυγμα
1766 2445 1811 2479 τῆς

1038 2493 1211 2529 ἐρημώσεως,
1219 2493 1355 2520 τουτέστιν
1369 2493 1382 2519 6
1391 2493 1583 2527 ἀντικείμενος·
1592 2491 1639 2517 καὶ⁵
1649 2488 1725 2517 εἶπεν
1733 2490 1808 2525 αὐτῷ·

1037 2540 1092 2572 ἕως
1116 2540 1256 2574 ἑσπέρας,
1278 2539 1399 2566 τουτέστι
1415 2538 1494 2574 μέχρι
1517 2539 1566 2573 τῆς
1580 2537 1749 2568 συντελείας-
1766 2537 1808 2562 καί

1038 2586 1126 2620 πρωΐ·
1150 2586 1217 2622 ὅπερ
1244 2586 1302 2612 ἐστὶ
1325 2586 1409 2621 πρωῖ;
1428 2586 1444 2620 ἡ
1460 2585 1550 2620 ἡμέρα
1563 2584 1612 2619 τῆς
1628 2584 1808 2614 ἀναστάσεως·

1038 2631 1109 2667 ἀρχὴ
1124 2632 1177 2667 γάρ
1191 2633 1263 2658 ἐστιν
1281 2632 1373 2667 ἑτέρου
1390 2630 1485 2662 αἰῶνος
1496 2650 1503 2662 ,
1524 2630 1562 2662 ὡς
1577 2630 1650 2666 ἀρχὴ
1664 2630 1776 2665 ἡμέρας,
1794 2630 1809 2664 ἡ

1039 2678 1154 2714 πρωῖνή·
1164 2677 1193 2704 τὸ
1205 2678 1234 2704 δὲ
1249 2677 1352 2712 ἡμέραι
1370 2677 1462 2712 χίλιαι
1477 2677 1673 2710 τετρακόσιαι,
1691 2676 1746 2702 ἐστι
1759 2675 1810 2709 φῶς

1040 2723 1139 2760 κόσμου
1150 2733 1157 2740 ·
1180 2724 1226 2751 τοῦ
1240 2723 1294 2759 γὰρ
1311 2723 1397 2758 φωτὸς
1410 2723 1538 2758 φανέντος
1553 2723 1582 2749 ὲν
1595 2722 1635 2758 τῷ
1653 2722 1756 2758 κόσμῳ,
1766 2720 1808 2747 τοῦ
