1860 3051
38 114 86 142 669

645 117 788 146 SCHOLIA
803 117 835 145 ΙΝ
855 118 1035 146 DANlELEM.

1593 122 1644 149 6'20

38 170 169 201 εἰπόντος·
195 170 269 206 Ἐγὼ
283 172 340 206 ειμι
354 172 386 199 τὸ
406 172 467 206 φῶς
487 172 540 200 τοῦ
555 174 679 208 κόσμου,
701 176 819 207 καθαρι-

893 175 1023 208 )parucrit
1034 175 1079 202 lux
1091 175 1117 202 in
1134 175 1245 210 mundo,
1253 176 1369 212 (dicente
1380 177 1425 204 illo
1440 186 1447 204 :
1467 177 1519 213 Ego
1531 185 1587 204 sum
1599 177 1644 204 lux

38 217 179 250 σθήσεται
199 217 235 244 τὸ
258 217 351 252 ἅγιον,
373 218 410 250 ὡς
430 219 549 255 εἴρηκεν,
564 221 578 246 ό
592 219 810 255 ἀντικείμενος⁶’

38 261 157 297 οὐδαμῶς
180 262 236 300 γὰρ
253 263 426 299 καθαρίζεται
441 264 472 292 τὸ
485 265 560 299 ἅγιον
572 285 579 297 ,
601 265 637 301 μὴ
651 265 754 292 ἐκείνου
770 274 818 292 κα-

41 307 224 343 τιργηθέντος.

75 377 82 385 “
97 375 212 405 Phrasis
230 382 356 413 corrupta
376 378 492 406 videtur.

866 219 968 255 mundi)
987 220 1158 248 mandabitur
1168 223 1360 256 sanctuarium,
1370 222 1449 250 sicuti
1463 222 1540 254 dixit,
1552 223 1586 249 ab
1597 222 1644 249 ad-

869 266 1006 300 versario;
1023 274 1192 302 nequaquam
1205 269 1277 296 enim
1291 269 1437 297 mundatur
1449 269 1643 302 sanctuarium,

869 313 921 340 nisi
936 313 982 340 illo
993 320 1097 341 everso.

57 443 1628 457 ...Ἦ

495 504 744 550 SCHOLIA
782 507 844 551 IN
883 506 1212 552 DANlELEM.

299 590 373 625 (ΜΑι,
390 590 553 625 Scriptorum
564 596 677 619 veterum
691 591 815 620 Collectio

893 602 910 626 ι,
927 597 947 620 t.
967 592 986 625 Ι,
999 601 1025 628 p.
1041 601 1084 625 ιιι,
1100 600 1126 628 p.
1141 593 1235 626 29-56,
1250 594 1370 628 passim.)

356 726 433 752 ΚΕΦ.
451 726 489 752 A'.

71 775 101 799 α’.
127 772 175 798 Ἐν
197 771 257 798 ἔτει
280 771 365 805 τρίτῳ
383 771 543 804 βασιλείας
567 771 704 806 Ἰωακείμ.
725 772 815 797 Ἱππο-

40 817 111 844 λύτου
126 817 192 853 (Ἡ).
211 816 305 843 Ταῦτα
324 816 371 852 μὲν
397 814 443 842 οὖν
458 818 476 852 ἡ
490 816 583 852 Γραφὴ
606 816 755 852 διηγεῖται,
772 817 815 843 ἴνα

41 865 83 899 τὴν
106 862 294 898 γεγενημένην
314 862 442 897 δευτέραν
467 861 654 897 αἰχμαλωσίαν
678 862 724 888 τοῦ
750 862 814 888 λαοῦ

42 909 155 945 σημάνῃ,
173 907 257 943 ἡνίκα
274 907 427 943 μετῳκίσθη
443 908 456 934 ὃ
471 916 500 934 τε
518 907 646 943 Ἰωακεὶμ
667 908 714 933 καὶ
730 908 753 934 οἱ
767 908 815 934 σὺν

43 955 106 990 αὐτῷ
121 956 194 990 τρεῖς
211 953 306 985 παῖδες
323 954 380 989 ἅμα
394 953 433 988 τῷ
448 953 546 989 Δανιὴλ
559 953 726 989 εἰλημμένοι.

72 1000 101 1034 β’.
119 1001 172 1028 Καὶ
194 1000 289 1027 ἔδωκε
308 1000 425 1034 Κύριος,
437 1009 464 1026 κ.
485 1008 510 1026 τ.
532 1000 558 1027 λ,
582 1000 640 1027 Ἵνα
660 1000 697 1035 μή
720 1008 761 1031 τις
783 1000 815 1025 ὲκ

43 1045 180 1080 προοιμίων
199 1046 371 1081 ἐντυγχάνων
389 1047 422 1081 τῇ
441 1045 536 1081 βίϐλῳ,
558 1046 630 1080 ἰσχύϊ
645 1045 698 1072 τῶν
719 1045 814 1071 λαϐόν-

43 1099 88 1116 Ιτων
103 1090 234 1126 ἐπιτρέψῃ
251 1091 301 1126 τὴν
317 1091 396 1126 λῆψιν
416 1092 462 1117 καὶ
479 1092 572 1127 ἀτονία
586 1091 632 1117 τοῦ
650 1091 815 1127 προϊσταμέ-

44 1144 98 1167 νου,
115 1137 144 1162 τὸ
157 1136 251 1163 ἔδωκε
266 1136 374 1171 τίθησι·
393 1135 482 1168 καλῶς
503 1136 531 1162 δὲ
551 1136 598 1162 καλ⁹
609 1136 667 1163 ἀπὸ
684 1136 794 1170 μέρους
805 1145 812 1151 ·

45 1182 264 1216 σωφρονιστήριον
279 1182 334 1217 γὰρ
347 1179 380 1216 ἦν
396 1183 412 1216 ἡ
428 1182 578 1217 ἀπαγωγὴ,
594 1182 643 1208 οὐκ
660 1182 814 1213 ἀπόπτωσις

45 1227 133 1259 παντὸς
153 1227 200 1254 τοῦ
222 1226 334 1258 ἔθνους,
356 1227 400 1254 ἵνα
422 1227 458 1263 μὴ
483 1227 626 1263 μετάθεσις
652 1227 701 1262 τῆς
727 1227 815 1259 αἰτίας

46 1280 152 1307 γενηται.

78 1321 109 1351 η’.
137 1317 190 1344 Kal
212 1317 298 1344 ἔθετο
328 1317 438 1352 Δανιὴλ
460 1318 495 1345 ἐν
515 1318 553 1352 τῇ
578 1318 683 1352 καρδίᾳ
711 1318 812 1345 αὐτοῦ.

51 1362 205 1389 Ἱππολύτου.
227 1361 265 1389 Ὦ
290 1363 431 1400 μακαρίων
447 1363 495 1399 τὴν
517 1363 647 1400 διαθήκην
663 1363 717 1391 τῶν
734 1364 815 1391 πατέ-

49 1415 94 1441 ρων
107 1393 296 1442 φυλαξάντωνξ
313 1393 419 1435 καὶιτὸν
439 1393 481 1436 διά
495 1393 634 1441 Μωῡσέως
647 1409 756 1436 δοθέντα
771 1410 815 1436 νό-
828 1393 850 1424 C

50 1461 91 1486 μον
104 1454 137 1488 μὴ
152 1455 350 1490 παραϐάντων,
365 1455 431 1482 ἀλλὰ
443 1456 487 1482 τὸν
502 1456 535 1482 δι’
551 1455 631 1482 αὐτοῦ
648 1456 814 1491 κυρυττόμε-

49 1506 85 1523 νον
91 1498 150 1524 Θεὸν
161 1499 323 1534 φοϐηθέντες
329 1500 398 1535 (sic)'
406 1497 477 1527 οὗτοι
484 1499 648 1535 αἰχμάλωτοι
659 1500 687 1525 ἐν
694 1501 728 1534 γῇ
738 1499 815 1526 ἀλλο-

49 1543 102 1578 τρίᾳ
109 1544 283 1580 ὑπάρχοντες,
301 1545 330 1571 οὔ
344 1545 469 1581 βρώμασι
482 1546 611 1578 ποικίλοις
624 1545 813 1581 ἠπατήθησαν,

50 1587 99 1613 οὐδὲ
114 1588 180 1615 οἴνου
194 1589 304 1624 ἡδοναῖς
320 1589 502 1625 ἐδουλώθησαν
512 1610 519 1621 ,
537 1591 597 1616 οὐδὲ
612 1590 674 1626 δόξῃ
690 1590 814 1625 βασιλικῇ

50 1631 227 1668 ἑδελεάσθηπαν
247 1634 434 1669 ἁρπαγέντες·
457 1635 590 1670 ἐτήρησαν
612 1634 639 1660 δὲ
660 1635 689 1660 τὸ
713 1633 814 1660 ἑαυτῶν

50 1677 118 1710 ἁγὼν
138 1680 182 1706 καὶ
203 1680 324 1716 καθαρὸν
341 1680 439 1716 στόμα,
463 1681 537 1711 ὅπως
557 1680 674 1716 καθαρὸς
689 1680 767 1714 λόγος
783 1681 815 1706 ἐκ

53 1723 174 1757 στομάτων
190 1725 319 1760 καθαρῶν
336 1725 452 1761 προέλθῃ
463 1746 470 1757 ,
493 1727 540 1752 καὶ
555 1727 658 1761 ἁνυμνῇ
676 1726 709 1752 δι’
726 1726 814 1753 αὐτῶν

52 1768 88 1794 τὸν
101 1771 253 1807 ἐπουράνιον
266 1772 385 1808 Πατέρα.

82 1815 120 1848 ιβ’.
137 1818 286 1852 Πείρασον
301 1818 334 1844 δὲ
349 1818 419 1851 τοὺς
436 1818 543 1852 παῖδάς
557 1828 625 1846 σου.
649 1819 813 1846 Ἱππολύτου.

53 1859 209 1889 Διδάσκουσιν
229 1863 272 1889 ὅτι
294 1863 331 1898 μὴ
352 1862 481 1898 βρώματα
500 1863 607 1897 ἐπίγεια
628 1863 669 1898 είη
691 1863 725 1889 τὰ
747 1872 816 1899 παρ-

52 1906 133 1939 έχοντα
156 1907 310 1944 ἀνθρώποις
334 1909 432 1940 κάλλος
458 1910 503 1936 καὶ
530 1910 621 1945 ἰσχὺν,
647 1909 714 1936 ἀλλὰ
738 1910 815 1946 χάρις

53 1951 109 1977 Θεοῦ
129 1953 169 1980 διὰ
181 1955 269 1988 Λόγου
289 1954 456 1991 δωρουμένη.
478 1955 532 1982 Kal
543 1957 605 1990 μετ’
623 1955 720 1989 ὀλίγα·
741 1953 815 1988 Εἶδες

54 1996 129 2024 πίστιν
144 1999 242 2026 παίδων
255 1999 429 2034 ἀπαράϐατον
451 2000 497 2026 καὶ
514 2000 594 2034 φόϐον
607 1999 672 2026 Θεοῦ
688 1999 816 2035 ἀμετάθε-

53 2050 101 2068 τον·
113 2043 174 2071 δέκα
187 2045 298 2080 ἡμερῶν
313 2045 408 2081 χρόνου
421 2046 555 2081 διάστημα
569 2045 715 2081 ᾐτήσαντο,
729 2046 772 2077 ἶνα
787 2046 815 2072 ὲν

54 2087 126 2124 τούτῳ
149 2090 299 2124 ὲπιδείξωσι
325 2091 362 2127 μὴ
384 2091 511 2118 δύνασθαι
541 2091 643 2126 ἑτέρως
674 2091 816 2126 ἄνθρωπον

55 2134 118 2169 παρὰ
131 2135 193 2163 Θεοῦ
211 2137 363 2172 κτήσασθαι
377 2139 465 2174 χάριν,
485 2139 509 2165 εἰ
528 2137 564 2174 μὴ
581 2138 618 2173 τῷ
634 2137 677 2164 διὰ
695 2137 743 2164 τοῦ
760 2138 817 2164 Κυ-

57 2178 103 2212 ρίου
114 2183 305 2218 κηρυσσομένῳ
317 2183 388 2219 λόγῳ
403 2183 592 2210 πιστεύσωσιν.

85 2224 121 2252 ιθ.
132 2228 183 2253 Καὶ
194 2229 250 2262 οὐχ
263 2228 429 2262 εὑρέθησαν
438 2229 472 2255 ἐκ
487 2228 606 2255 πάντων
617 2227 714 2255 αὐτῶν
726 2227 818 2262 ὅμοιοι

57 2270 159 2304 Δανιὴλ.
187 2274 355 2300 Ἱππολύτου.
380 2274 495 2306 Τούτους
518 2274 566 2309 μὲν
593 2274 622 2300 ὲν
645 2274 718 2309 πάσῃ
740 2273 819 2309 σοφίᾳ

57 2315 157 2350 ὁΛόγος
179 2319 298 2354 προῆγε,
327 2319 466 2355 μάρτυρας
491 2318 601 2350 πιστοὺς
628 2319 656 2344 ὲν
677 2317 814 2346 Βαϐυλῶνι

57 2358 225 2396 ἱεικννμένους
237 2373 244 2378 -
262 2363 305 2390 ἵνα
319 2364 351 2390 δι’
367 2363 454 2390 αὐτῶν
465 2363 518 2389 τῶν
533 2362 709 2389 Βαϐυλωνίων
722 2362 756 2389 τὰ
772 2371 815 2388 σε-

58 2405 166 2441 ϐάσματα
197 2410 395 2446 καταισχυνθῇ,
425 2409 472 2436 καὶ
502 2409 732 2445 Ναϐουχοδονόσορ
763 2409 815 2436 ὑπὸ

88 2475 136 2511 (7|)
149 2477 176 2514 ὃ.
192 2478 325 2514 Hippolyti
340 2480 366 2506 in
384 2479 520 2506 Danielem
537 2479 639 2506 scholia
653 2487 707 2506 non
725 2479 816 2506 omnia

60 2518 71 2534 ι
87 2518 121 2549 I_ne
134 2513 263 2544 eduntur.
279 2513 338 2549 qua
355 2514 381 2541 in
404 2514 532 2542 Vaticano
546 2515 638 2541 codice
651 2520 816 2547 occurrunt,

61 2544 99 2583 fed
120 2554 147 2573 ea
167 2548 268 2583 delecta
287 2544 480 2576 tantummodo
494 2557 556 2583 quae
575 2549 693 2575 nondum
709 2544 815 2583 vulgata

63 2579 164 2618 inerunt.
184 2582 285 2617 Quippe
309 2589 370 2611 ante
394 2592 436 2610 me
453 2579 557 2618 partem
579 2583 662 2610 edidit
682 2579 815 2618 insignem

61 2614 346 2656 Copibelisiiisfnempe
360 2618 393 2656 ad
408 2614 540 2656 Susanna:
561 2618 712 2656 historiam.
728 2614 817 2656 farti-

62 2648 111 2688 ulla
124 2650 182 2678 item
197 2648 322 2687 quaedam
335 2653 444 2680 recitata
459 2653 546 2679 fuerat
560 2653 594 2679 ah
610 2653 753 2679 Anastasio
772 2653 816 2679 Si—

63 2689 124 2710 Izaita
146 2692 236 2720 quaest.
262 2695 359 2720 xum;
385 2688 437 2715 alia
462 2695 559 2714 rursus
581 2695 596 2714 a
624 2688 747 2722 Syncello
770 2687 813 2714 ed.

63 2721 122 2755 l’ar.,
137 2732 162 2758 p.
173 2725 232 2752 2l8.
247 2726 316 2758 Quin
333 2726 399 2752 adeo
412 2725 524 2751 frustum
537 2721 669 2759 quoddam
684 2723 820 2757 profertur

65 2759 131 2784 etiam
143 2767 157 2785 a
173 2759 297 2799 Qorderio
312 2760 404 2787 Calen.
422 2760 453 2799 in
528 2764 580 2787 tom
671 2758 818 2799 νοεῖ-πμ

66 2799 114 2829 qum
126 2794 208 2830 omnia
230 2795 374 2830 fragmenta
388 2794 486 2828 colligit
501 2795 527 2820 in
549 2802 596 2830 sua
613 2793 745 2830 Hippolyti
758 2793 820 2830 edi—

68 2828 127 2854 tionc
139 2828 278 2856 Fabricius:
292 2830 389 2857 νηί-ιρι·
403 2837 481 2863 quam
500 2829 569 2863 quod
589 2829 715 2855 nonnulla
730 2828 819 2858 ctiam.

1191 724 1268 752 CAP.
1294 724 1314 751 1.

901 771 932 798 ν.
963 772 987 799 Ι.
1014 786 1047 791 -—
1073 772 1148 798 Anno
1172 771 1247 798 tertio
1268 771 1341 806 regni
1361 770 1474 798 Joacim.
1498 771 1642 807 Hippolyti.

865 816 928 844 Hac
941 816 1012 844 enim
1030 815 1168 851 Scriptura
1190 820 1296 849 narrat,
1318 821 1348 843 ut
1363 816 1507 844 secundam
1529 818 1643 852 captivi-

865 866 947 889 tatem
958 862 1049 896 populi
1062 862 1204 894 indicaret,
1213 870 1274 890 cum
1284 863 1311 889 in
1321 868 1418 890 terram
1427 863 1542 889 alienam
1554 867 1644 890 trans.

865 908 914 936 iret
937 907 1040 935 Joacim
1061 911 1088 935 et
1110 915 1172 935 cum
1192 915 1225 935 eo
1253 912 1307 936 tres
1326 908 1416 942 pueri,
1440 908 1573 942 simulque
1593 908 1629 934 Ila

865 954 928 987 niel,
947 954 980 980 ab
997 953 1121 981 hostibus
1136 953 1217 988 capti.

901 1000 933 1028 V.
952 1000 979 1028 2.
991 1015 1026 1020 —
1039 1000 1073 1027 Et
1089 1000 1199 1026 tradidit
1223 999 1361 1031 Dominus,
1383 1003 1434 1026 etc.
1459 999 1494 1026 Ut
1514 1007 1593 1027 nemo
1612 1006 1644 1026 ex

864 1046 976 1073 exordio
991 1045 1062 1080 quod
1086 1045 1150 1080 legit
1170 1046 1197 1072 in
1217 1046 1296 1077 libro,
1316 1045 1342 1072 vi
1365 1050 1596 1080 oppugnatorum,
1619 1050 1646 1072 ct

864 1092 949 1119 fracto
961 1091 1051 1118 animo
1063 1095 1291 1125 propugnalorum
1299 1091 1524 1125 expugnationem
1532 1091 1643 1124 tribuat,

865 1137 922 1164 hazc
944 1136 1025 1163 verba
1047 1140 1072 1162 et
1100 1135 1210 1162 tradidit
1234 1135 1373 1170 subiunxit
1390 1134 1551 1169 Scriptura:
1577 1135 1644 1162 bene

865 1187 953 1209 autem
964 1186 990 1209 ct
1002 1190 1034 1208 ea:
1048 1187 1123 1216 parte
1143 1189 1151 1207 :
1169 1181 1346 1208 correctionis
1358 1181 1429 1208 enim
1441 1189 1523 1208 causa
1538 1181 1645 1208 decreta

864 1226 917 1255 fuit
931 1227 1142 1263 transmigratio,
1160 1234 1213 1253 non
1234 1231 1324 1253 autem
1348 1227 1426 1253 ruina
1444 1227 1526 1254 totius
1546 1227 1643 1261 gentis,

867 1276 895 1298 ut
913 1280 964 1298 non
978 1279 1066 1299 causa:
1077 1271 1190 1298 mutatio
1204 1272 1286 1307 iteret.

900 1317 932 1344 V.
957 1318 1032 1344 8.—
1046 1317 1186 1351 Proposuit
1213 1322 1298 1343 autem
1324 1315 1417 1342 Daniel
1438 1317 1466 1342 in
1490 1316 1566 1342 corde
1585 1324 1642 1343 suo.

865 1362 1010 1398 Hippolyti.
1026 1363 1048 1390 0
1065 1363 1134 1390 beati
1152 1363 1197 1397 qui
1219 1367 1408 1389 testamentum
1427 1366 1530 1396 patrum
1552 1367 1644 1389 custo-

865 1409 992 1441 dierunt,
1016 1409 1100 1443 legem
1125 1416 1140 1436 a
1172 1408 1262 1443 Moyse
1284 1409 1374 1434 datam
1395 1415 1448 1434 non
1469 1409 1641 1441 transgressi.

865 1455 912 1482 sed
931 1455 965 1482 ab
983 1462 1016 1482 eo
1026 1455 1215 1482 annuntiatum
1233 1454 1317 1481 Deum
1338 1454 1482 1481 timentes:
1499 1454 1527 1480 hi
1545 1454 1643 1488 captivi

866 1502 893 1529 in
909 1506 978 1528 terra
992 1501 1078 1528 aliena
1094 1509 1147 1528 non
1164 1501 1232 1528 cibis
1247 1501 1329 1528 variis
1342 1500 1444 1528 seducti
1459 1499 1578 1532 fuerunt,
1595 1508 1643 1526 nc-

865 1555 917 1582 que
927 1547 981 1574 vini
994 1547 1176 1585 voluptatibus
1188 1546 1349 1579 servierunt,
1365 1553 1451 1581 neque
1465 1546 1547 1572 etiam
1560 1546 1644 1580 gloria

865 1594 938 1629 regia
952 1593 1050 1626 allecti,
1066 1594 1092 1619 in
1109 1593 1205 1627 laqueo
1223 1592 1374 1619 inciderunt
1387 1601 1393 1618 :
1406 1596 1580 1618 servaverunt
1595 1599 1643 1618 au-

866 1644 918 1667 tem
936 1647 966 1667 05
977 1647 1056 1667 suum
1076 1643 1179 1666 castum
1192 1643 1218 1665 Cl.
1233 1646 1342 1673 purum,
1361 1643 1390 1665 Ill.
1406 1645 1489 1672 purus
1506 1645 1595 1664 sermo
1610 1645 1643 1663 (EX

865 1694 912 1714 ore
928 1694 996 1721 puro
1013 1690 1104 1718 exeat,
1121 1689 1148 1712 et
1169 1684 1284 1712 celebret
1298 1692 1346 1719 per
1367 1684 1419 1711 hoc
1433 1683 1569 1711 (:(elestem
1591 1682 1643 1709 Pa-

866 1736 944 1759 trem.

904 1808 935 1835 V.
956 1808 998 1835 Ιὲ.
1012 1823 1047 1827 —
1059 1807 1141 1834 Tento
1158 1815 1214 1839 nos,
1229 1807 1342 1838 obsecro,
1358 1815 1443 1834 servos
1461 1811 1529 1832 tuos.
1545 1805 1645 1840 Hippo-

866 1855 923 1890 lyti.
938 1854 1039 1882 Docent
1059 1854 1130 1888 quod
1148 1861 1200 1880 non
1217 1853 1270 1880 cibi
1291 1857 1431 1880 terrestres
1444 1852 1507 1879 dant
1528 1851 1645 1878 homini-

866 1901 917 1928 bus
932 1898 1159 1935 pulchritudinem
1175 1906 1206 1925 ac
1230 1899 1324 1931 robur,
1345 1898 1392 1926 sed
1414 1897 1499 1932 gratia
1520 1895 1577 1928 Dei,
1597 1903 1645 1930 per

867 1946 984 1974 Verbum
1000 1946 1077 1973 nobis
1091 1953 1230 1973 concessa.
1253 1945 1288 1971 Et
1303 1944 1382 1979 paulo
1397 1947 1454 1978 post
1468 1950 1477 1969 :
1492 1941 1589 1969 Vidisti
1613 1942 1644 1968 li-

867 1993 927 2020 dem
942 2000 1087 2027 puerorum
1101 1993 1237 2024 invictam,
1252 1996 1279 2018 et
1291 1991 1414 2017 timorem
1430 1989 1477 2016 Dei
1491 1988 1645 2017 immutabi-

868 2039 930 2066 lem.
943 2038 1084 2073 Temporis
1098 2038 1311 2065 moram»decem
1330 2036 1434 2063 dierum
1453 2035 1601 2070 petierunt,
1615 2039 1644 2060 ut

868 2085 894 2111 in
915 2085 965 2111 hoc
986 2087 1171 2111 monstrarent
1190 2090 1244 2109 non
1268 2089 1347 2117 posse
1369 2081 1447 2108 aliter
1470 2080 1607 2107 hominem
1628 2087 1644 2106 a

869 2131 923 2158 Deo
937 2129 1059 2156 obtinere
1074 2129 1187 2164 gratiam
1198 2148 1205 2161 ,
1221 2128 1274 2155 nisi
1286 2128 1368 2154 verbo
1384 2135 1430 2161 per
1444 2125 1585 2152 Dominum
1599 2133 1645 2152 au-

868 2177 990 2204 nuntiato
1006 2176 1109 2203 credat.

905 2221 937 2248 V.
950 2222 993 2249 l9.
1006 2237 1040 2242 -—
1055 2220 1116 2248 Non
1137 2225 1197 2247 sunt
1218 2220 1312 2247 inventi
1331 2218 1395 2245 talcs
1413 2218 1445 2244 de
1461 2217 1598 2247 universis,
1614 2221 1643 2242 ut

868 2268 973 2296 Daniel.
987 2264 1133 2302 Hippolyti.
1149 2266 1236 2293 Hosce
1251 2265 1361 2300 quidem
1378 2265 1403 2290 in
1422 2263 1495 2290 omni
1513 2262 1644 2296 sapientia

869 2315 984 2343 Verbum
1000 2314 1119 2346 deduxit,
1137 2317 1219 2340 testes
1234 2312 1325 2339 tideles
1339 2311 1365 2337 in
1385 2309 1520 2345 Babylone
1538 2307 1644 2342 exposi-

866 2366 919 2394 tos,
934 2366 962 2388 ut
979 2368 1025 2395 per
1040 2367 1086 2387 eos
1100 2359 1307 2394 Babyloniorum
1317 2357 1385 2384 idola
1397 2357 1542 2383 induantur
1554 2356 1645 2384 coniu-

866 2409 957 2440 sione;
968 2412 997 2434 ut
1005 2405 1251 2433 Nabuchodonosor
1261 2412 1276 2431 a
1287 2403 1372 2431 tribus
1378 2403 1469 2438 pueris
1478 2404 1611 2435 vincatur,
1618 2409 1644 2429 ct

867 2485 928 2513 qua:
944 2476 970 2503 in
985 2475 1117 2511 llippolyti
1130 2481 1210 2513 opere
1225 2473 1262 2501 De
1275 2473 1437 2513 Antichristo
1452 2478 1476 2513 et
1486 2473 1537 2513 ﬁne
1551 2474 1643 2513 mundi

868 2507 1044 2544 scribuntur;
1063 2507 1125 2537 cum
1148 2507 1209 2544 ejus
1229 2509 1430 2536 commentariis
1453 2509 1481 2544 in
1505 2507 1641 2544 Danielein

868 2543 1037 2581 congruunt.
1069 2545 1128 2581 Alia
1162 2544 1226 2570 olim
1269 2543 1643 2581 fi'agmenta_divulgaverat

868 2576 1067 2616 Broiightonus.
1085 2576 1328 2616 Locunlpraaterea
1342 2578 1485 2616 quemdam
1501 2585 1532 2616 eri
1545 2576 1643 2612 Hippo.

867 2617 921 2648 lyto
935 2613 960 2643 in
978 2615 1046 2642 Dan.
1062 2615 1157 2642 recitat
1175 2613 1327 2641 Eustratius
1341 2614 1410 2648 apud
1428 2613 1509 2640 Allat.
1523 2613 1548 2638 in
1562 2619 1642 2646 opere

880 2648 905 2678 )e
919 2655 1023 2685 purgat.
1039 2658 1065 2684 p.
1082 2650 1144 2677 492.
1162 2649 1281 2684 Denique
1296 2653 1373 2685 relate
1395 2648 1598 2685 nostigr‘virct.»
1609 2649 1642 2674 de.

868 2682 1133 2720 Magistrisparlem
1159 2682 1256 2711 novam
1283 2684 1447 2720 scholio_rt_t_m_
1466 2682 1606 2720 Hippolyti»
1627 2692 1642 2710 ιι

867 2717 994 2747 Chi'siano
1008 2717 1164 2753 famigerato
1181 2720 1273 2746 codice
1298 2727 1359 2746 cum
1382 2718 1572 2746 LXXvirorum
1590 2717 1642 2745 Da-

868 2755 946 2782 nielis
977 2754 1198 2788 interpretatione
1225 2754 1362 2781 excitavit.
1393 2753 1561 2781 Novissimns
1592 2761 1641 2786 ego

868 2791 934 2817 tanti
965 2789 1082 2816 doctoris
1104 2793 1130 2815 et
1155 2789 1472 2824 martyrisrscriptotum
1497 2789 1640 2824 particulas

868 2826 1002 2852 vindicare
1018 2825 1043 2851 in
1061 2825 1146 2850 lucem
1163 2823 1274 2858 gaudeo.
1291 2823 1355 2849 Mar.
