1860 3051
220 111 271 139 671

659 108 686 136 S.
708 108 890 137 HIPPOLYTI
908 109 982 137 OPP.
1003 108 1091 137 PARS
1108 108 1128 136 Ι.
1148 124 1182 129 ——
1195 107 1397 136 EXEGETICA.

1785 107 1832 134 672

222 179 270 205 per
283 171 390 198 illorum
407 169 485 197 fidem
502 169 571 204 ignis
586 168 612 196 in
629 168 740 196 fornace
756 175 890 204 arceatur,
903 174 930 197 et
941 177 1000 197 cor-
1014 171 1028 200 Δ

1082 169 1136 196 ιιῶν
1152 168 1253 196 παίδων
1269 168 1388 203 ἡττηθῇ,
1411 167 1458 194 καὶ
1479 167 1523 194 διὰ
1544 167 1645 195 τούτων
1667 167 1787 199 πίστεως
1807 169 1832 194 τὸ

223 223 363 252 ruptorum
380 216 516 243 seniorum
533 215 602 242 victa
618 214 701 243 libido
715 220 854 250 arguatur.

550 301 625 329 CAP.
640 301 672 328 ll.

258 351 288 378 ἰζ
305 351 330 377 5.
343 365 378 370 -
395 349 454 376 Vidi
467 349 608 376 somnium.
621 348 767 384 Hippolyti.
784 348 926 376 Somnium
940 350 1001 384 qui-

220 397 280 424 dem
291 405 305 422 a
319 404 381 431 rege
394 396 493 427 visum,
509 403 562 422 non
578 400 635 422 erat
650 399 786 429 terrestre,
802 399 832 422 ut
847 403 896 430 per
908 396 1002 424 mundi

220 443 355 477 sapientes
369 442 607 476 interpretaretur;
631 441 676 468 sed
700 445 759 468 erat
783 441 906 474 cmleste,
923 441 1001 476 juxta

220 488 266 516 Dei
281 489 447 515 voluntatem
469 492 497 514 et
519 487 714 522 providentiam
739 494 860 521 congruo
881 491 1001 522 tempore

218 534 512 569 impletum.—-Itaque
530 533 580 561 hoc
594 533 708 560 celatum
724 538 765 560 est
775 533 913 561 terrestria
927 534 1001 568 cogi-

218 580 340 608 tantibus
348 580 513 612 hominibus,
521 579 737 614 utquacrentibus
743 579 873 611 caalestia,
880 579 999 607 coelestia

218 626 346 661 mysteria
362 625 556 653 revelarentur.
577 624 604 651 ln
619 624 735 660 Egypto
755 625 828 652 enim
848 624 999 653 Pharaonis

216 677 244 699 et
258 671 369 706 Josepbi
386 675 507 706 tempore
521 670 620 698 similia
632 670 702 698 facta
716 675 790 698 sunt.

254 760 287 787 V.
303 761 330 788 5.
341 774 378 780 -
389 759 481 787 Sermo
496 760 599 787 recessit
612 768 628 787 a
644 768 694 787 me.
710 760 855 797 Hippolyti.
865 761 940 789 Visio
953 770 998 790 ce-

215 806 269 834 lata
288 806 340 833 fuit
363 806 429 841 regi,
453 811 482 833 ut
503 813 519 834 a
540 805 596 834 Deo
615 807 716 835 electus
744 807 836 835 Daniel
864 808 991 843 propheta

215 861 276 880 eam
286 853 449 888 explicaret;
461 861 521 887 quas
534 854 606 881 enim
622 855 682 882 aliis
693 855 788 887 celata,
802 855 834 882 ab
845 855 898 882 alio
915 863 990 883 reve-

217 898 316 930 lantur,
328 900 482 927 necessario
494 899 652 934 prophetam
673 908 736 928 eum
749 901 925 928 manifestam
946 901 992 936 qui

217 943 328 971 revelat.

1006 841 1027 868 Β

250 1034 283 1062 ν.
302 1034 345 1062 10.
355 1050 391 1055 ———
401 1035 589 1071 Respondentes
605 1044 665 1071 ergo
681 1035 799 1064 Chaldwi
820 1044 908 1063 corum
925 1043 992 1070 rege,

214 1080 337 1107 dixerunt
348 1089 358 1108 :
371 1080 432 1108 Non
445 1086 484 1108 est
510 1082 585 1108 homo
602 1089 679 1116 super
695 1087 802 1113 terram,
820 1085 871 1108 etc.
895 1081 994 1115 Hippo-

214 1127 272 1161 lyti.
285 1125 353 1159 Quia
366 1127 439 1154 enim
455 1127 624 1161 impossibile
638 1127 764 1155 dixerunt
779 1127 813 1154 ab
825 1127 933 1154 homine
944 1127 994 1154 hoc

213 1173 337 1206 narrari,
361 1173 433 1208 quod
455 1181 503 1201 rex
529 1174 728 1204 sciscitabatur,
755 1174 913 1201 monstravit
941 1173 993 1200 illis

214 1219 296 1253 Deus,
309 1220 381 1254 quod
403 1227 446 1248 res
468 1220 539 1255 apud
558 1220 680 1248 homines
697 1219 884 1254 impossibilis,
906 1220 993 1254 possi-

213 1267 276 1295 bilis
291 1272 332 1295 est
343 1268 413 1303 apud
425 1267 520 1295 Deum.

250 1313 281 1339 V.
297 1313 340 1340 M.
351 1313 436 1339 -Αίι
453 1312 549 1340 Ariaclt
566 1312 741 1347 archimagiro
760 1310 896 1345 (Vulgata,
921 1311 994 1345 prin-

213 1359 269 1394 cipe
284 1358 410 1394 militiae).
424 1358 570 1394 Hippolyti.
587 1358 621 1385 Ut
633 1358 704 1385 enim
719 1365 826 1392 coquus
836 1357 927 1384 omnia
939 1357 996 1384 ani—

212 1405 294 1432 malia
309 1405 410 1432 occidit
423 1411 449 1432 et
463 1405 566 1440 coquit,
582 1405 620 1432 sic
632 1405 683 1431 iste
694 1403 890 1438 archimagirus
901 1403 993 1430 eodem

212 1450 294 1477 modo
307 1458 314 1477 :
331 1454 359 1477 et
376 1450 513 1485 principes
527 1450 619 1477 mundi
634 1449 762 1477 occidunt
778 1450 910 1482 homines,
925 1449 995 1477 sicut

213 1496 409 1523 irrationabilia
424 1496 552 1523 animalia
571 1495 749 1530 coquinantes
764 1502 822 1522 eos.

248 1540 279 1567 V.
296 1541 341 1568 '23.
353 1556 388 1560 —
402 1541 472 1573 Quia
487 1541 643 1575 sapientiam
663 1544 689 1566 et
704 1539 887 1574 fortitudinem
901 1538 996 1565 dedisti

213 1587 285 1614 mihi.
313 1586 461 1622 Hippolyti.
483 1585 594 1620 Oportet
618 1593 682 1620 ergo
704 1592 755 1611 nos
776 1584 933 1611 meminisse
951 1583 997 1611 Dei

211 1631 421 1664 misericordiae,
440 1631 578 1665 quomodo
602 1631 681 1657 hortis
703 1635 730 1657 et
751 1629 908 1656 timentibus
935 1637 997 1656 eum

212 1679 337 1713 protinus
351 1686 410 1705 sese
425 1678 526 1704 revelat
535 1681 561 1704 et
576 1680 720 1709 monstrat,
730 1676 844 1710 implens
859 1675 998 1703 orationes

211 1731 238 1751 et
253 1724 395 1758 petitiones
414 1730 522 1755 eorum,
539 1723 610 1750 sicut
630 1722 758 1757 propheta
769 1722 852 1749 dicit:
870 1721 935 1753 Quia
954 1730 998 1748 sa-

212 1767 295 1801 piens,
309 1770 333 1792 et
361 1766 488 1801 intelliget
512 1766 582 1793 ista?
604 1766 764 1801 intelligens,
777 1770 801 1792 et
835 1766 897 1792 sciet
925 1766 998 1793 lucc?

213 1811 285 1847 (Ose.
302 1819 359 1844 xlv,
377 1811 434 1846 l0.)

248 1855 281 1883 ν.
290 1856 336 1884 ‘27.
344 1871 380 1876 -—
387 1856 534 1892 Sapientes,
544 1857 624 1892 magi,
635 1858 766 1892 aruspices
775 1861 911 1893 nequeunt,
921 1863 995 1886 etc...

214 1901 358 1938 Hippolyti.
382 1903 465 1931 Docet
486 1911 576 1939 regem
599 1911 653 1930 non
679 1904 749 1939 apud
774 1904 895 1931 homines
911 1909 996 1932 terre-

213 1951 284 1974 stres
305 1947 425 1975 coalestia
452 1949 579 1984 mysteria
597 1948 763 1985 investigari,
789 1957 849 1984 qum
871 1950 997 1984 congruis

212 1993 383 2027 temporibus
399 2001 414 2020 a
428 1993 483 2021 Deo
496 1994 678 2029 perﬁcientur.

250 2039 282 2066 V.
299 2039 344 2066 29.
355 2054 390 2059 -—
403 2039 452 2071 Tu,
462 2048 517 2071 rex,
527 2041 642 2075 cogitare
657 2041 766 2076 coepisti.
781 2041 927 2078 Hippolyti.
942 2042 996 2070 Rex

213 2084 268 2117 ille,
285 2085 412 2113 dominus
424 2092 503 2113 terrae
522 2086 642 2121 Egypti,
660 2086 759 2114 Iudaea:
778 2088 895 2122 regionis
910 2087 997 2115 domi-

212 2136 265 2165 tor,
280 2136 307 2159 et
321 2133 414 2167 populi
428 2132 487 2167 ejus
503 2133 663 2167 captivator,
681 2134 825 2168 cogitabat,
841 2134 904 2161 dum
925 2139 997 2162 esset

213 2178 240 2204 in
258 2178 327 2205 lecto
340 2186 390 2205 suo
404 2178 469 2213 quid
485 2183 630 2205 venturum
646 2185 704 2206 erat
722 2185 781 2214 post
800 2180 856 2207 haec
869 2188 875 2206 :
889 2181 934 2214 qui
947 2188 996 2207 au-
1011 2194 1032 2221 Β

211 2227 265 2250 tem
285 2224 377 2251 omnia
400 2224 559 2252 absc0ndita
583 2225 740 2259 cognoscit,
767 2230 793 2252 ct
820 2226 995 2261 eugitationes

211 2269 336 2296 cordium
359 2274 508 2302 scrutatur,
527 2271 713 2299 manifestavit
735 2272 759 2299 ei
785 2280 832 2307 per
853 2273 995 2308 imaginem

212 2326 273 2351 qnze
287 2317 378 2345 futura
399 2323 480 2345 sunt:
500 2319 642 2346 abscondit
659 2325 748 2347 autem
763 2321 787 2347 ei
805 2320 946 2354 visionem,
962 2329 996 2348 ne

212 2370 228 2390 a
244 2363 414 2398 sapientibus
429 2364 574 2400 Babylonis
590 2365 636 2392 Dei
653 2366 768 2393 consilia
786 2366 917 2401 explicari
932 2374 996 2402 pos-

213 2414 284 2442 sent,
300 2410 347 2437 sed
368 2415 398 2438 ut
421 2418 436 2438 a
457 2410 536 2438 beato
561 2410 681 2443 Daniele,
701 2411 773 2439 velut
790 2412 920 2446 propheta
937 2411 994 2445 Dei,

212 2463 273 2490 qua:
287 2456 415 2484 omnibus
428 2457 585 2484 abscondita
600 2462 688 2491 erant,
705 2457 921 2486 maniicstentur.

248 2585 280 2613 ν.
300 2585 502 2613 5L—Ecce...
518 2590 607 2613 statua
628 2595 681 2614 una
705 2587 824 2623 grandia.
847 2587 993 2623 Hippolyti.

212 2631 355 2665 Quomodo
371 2638 425 2659 non
439 2633 681 2668 recordemurqu
697 2634 846 2669 antiquitus
859 2634 994 2670 Babylone

215 2678 309 2706 Daniel
324 2681 504 2714 prophetarit,
517 2684 544 2708 et
559 2680 669 2707 nuncin
679 2681 744 2708 orbe
754 2680 892 2715 perfecta?
903 2681 994 2716 Imago

211 2724 284 2751 enim
302 2725 329 2752 in
345 2725 396 2752 isto
411 2731 530 2761 tempore
544 2729 694 2753 monstrata
708 2726 764 2761 regi
780 2725 994 2754 Nabuchodono-

180 2765 182 2769 ’
214 2778 269 2802 sor,
289 2775 367 2806 typus
391 2776 448 2799 erat
471 2772 557 2799 totius
580 2772 683 2799 mundi.
708 2771 735 2798 In
754 2772 920 2806 temporibus
941 2772 993 2799 illis

213 2817 361 2852 regnabant
374 2825 454 2852 super
466 2825 561 2845 omnes
574 2816 723 2852 Babylonii,
732 2817 778 2851 qui
792 2821 872 2852 caput
881 2824 991 2845 aureum

1052 216 1080 241 ἐν
1098 215 1205 250 καμίνῳ
1218 214 1272 249 πῦρ
1285 213 1435 248 φυγαδευθῇ
1445 235 1452 246 ,
1467 214 1512 241 καὶ
1525 213 1578 240 τῶν
1595 214 1706 250 ἀνόμων
1717 214 1833 249 πρεσϐυ-

1052 259 1138 294 τέρων
1155 259 1276 294 ματαίως
1292 259 1308 294 ἡ
1325 258 1456 294 ἐπιθυμία
1469 258 1591 295 ἐλεγχθῇ.

1378 303 1446 329 ΚΕΦ
1465 303 1502 332 B’.

1086 352 1120 382 γ’.
1142 348 1367 383 Ὲνυπνιὰσθην.
1385 349 1550 377 Ἱππολύτου.
1575 351 1611 377 Τὺ
1635 351 1684 386 μὲν
1707 348 1756 377 οὖν
1773 351 1831 377 ἐνύ-

1051 402 1125 420 πνιον
1142 393 1171 420 τὸ
1191 393 1243 419 ὑπὸ
1258 393 1303 420 τοῦ
1321 393 1450 429 βασιλέως
1467 395 1630 431 ἑωραμένον,
1652 396 1703 422 οὐκ
1719 393 1754 431 ἦν
1774 396 1831 422 ἐπί-

1050 447 1139 473 γειον,
1157 439 1200 466 ἵνα
1217 440 1269 466 ὑπὸ
1283 440 1338 466 τῶν
1355 440 1401 467 τοῦ
1424 441 1525 476 κόσμου
1549 442 1637 476 σοφῶν
1660 443 1813 478 ὲρμηνευθῇ
1827 451 1832 457 ·

1049 485 1106 511 ἀλλ’
1120 483 1153 520 ἦν
1166 486 1324 521 ἐπουράνιον
1334 507 1341 518 ,
1355 486 1425 513 κατὰ
1441 486 1507 513 Θεοῦ
1523 487 1619 523 βουλὴν
1636 489 1684 515 καὶ
1705 489 1831 523 πρόνοιαν

1051 531 1123 563 ἰδίοις
1136 533 1239 566 καιροῖς
1256 532 1439 568 πληρούμενον
1449 541 1455 548 ·
1476 533 1523 560 καὶ
1538 533 1581 560 διὰ
1592 533 1671 561 τοῦτο
1688 535 1831 570 ἀπεκρύεη

1050 577 1099 612 μὲν
1113 578 1166 604 ἀπὸ
1179 577 1232 604 τῶν
1249 578 1282 605 τὰ
1300 579 1408 613 ἐπίγεια
1425 579 1592 614 φρονούντων
1607 579 1760 617 ἀνθρώπων
1770 600 1777 611 ,
1790 581 1833 606 ἵνα

1048 625 1104 656 τοῖς
1120 623 1153 650 τὰ
1170 625 1320 660 ἐπουράνια
1336 624 1463 660 ζητοῦσι,
1479 625 1515 652 τὰ
1531 625 1680 661 ἐπουράνια
1698 626 1832 661 μυστήρια

1048 670 1242 706 ἀποκαλυφθῇο
1257 671 1304 697 καὶ
1323 671 1377 706 γὰρ
1399 672 1427 698 ὲν
1445 671 1574 707 Αἰγύπτῳ
1592 672 1638 698 ἐπὶ
1661 672 1709 699 τοῦ
1734 671 1832 708 Φαραὼ

1047 716 1094 743 καὶ
1109 716 1155 743 τοῦ
1175 716 1273 752 Ἰωσὴφ
1289 718 1323 744 τὰ
1337 717 1417 752 ὅμοια
1433 718 1589 753 γεγένηται.

1081 764 1112 789 ε’.
1142 762 1168 788 '0
1185 763 1275 797 λόγος
1291 763 1341 790 ἀπ’
1359 763 1431 798 ἐμοῦ
1451 763 1578 799 ἀπέστη.
1598 765 1767 792 Ἱππολύτου.
1785 767 1831 792 Διὰ

1046 807 1125 834 τοῦτο
1142 808 1286 844 ἁπεκρύϐη
1308 809 1338 836 τὸ
1353 809 1444 845 ὅραμα
1459 809 1514 836 ἀπὸ
1527 810 1573 836 τοῦ
1589 810 1737 845 βασιλέως,
1753 812 1797 838 ἶνα
1817 813 1830 838 ὁ

1045 853 1097 880 ὑπὸ
1112 853 1180 881 Θεοῦ
1194 853 1314 888 ὲκλεγεὶς
1337 855 1437 891 Δανιὴλ
1453 856 1595 892 προφήτης
1609 856 1647 883 ὢν
1663 856 1828 892 ἀποδειχθῇ

1045 900 1095 926 ὅσα
1107 899 1161 936 γὰρ
1179 899 1233 927 ἀπὸ
1250 900 1299 936 μὲν
1313 900 1413 936 ἐτέρων
1429 901 1653 937 ἀποκέκρυπται,
1670 902 1724 928 ὑπὸ
1739 902 1831 938 ἑτερο-δ

1045 945 1074 971 δὲ
1091 945 1272 982 φανεροῦται,
1292 946 1322 980 ἐξ
1342 946 1464 983 ἀνάγκης
1479 949 1622 983 προφήτης
1641 948 1831 974 ἀποδείκνυται

1045 991 1060 1017 ὁ
1072 991 1168 1026 λέγων.

1084 1040 1108 1063 ι’.
1127 1037 1182 1063 Καὶ
1199 1037 1352 1072 λέγουσιν,
1377 1039 1437 1065 οὐκ
1455 1038 1540 1065 ἐστιν
1557 1038 1721 1073 ἅνθρωπος.
1743 1039 1831 1065 Ἱπποο

1046 1083 1135 1110 λύτου.
1161 1083 1237 1110 Ἐπεὶ
1259 1081 1304 1111 οὖν
1327 1084 1456 1111 ἀδύνατον
1482 1084 1586 1120 ἔφασαν
1608 1085 1661 1112 ὑπὸ
1686 1084 1828 1119 ἀνθρώπου

1046 1128 1125 1155 τοῦτο
1147 1127 1273 1163 λεχθῆναι
1297 1128 1327 1155 τὺ
1353 1129 1405 1156 ὑπὸ
1426 1128 1472 1155 τοῦ
1495 1129 1626 1164 βασιλέως
1648 1128 1829 1165 ζητούμενον,

1046 1174 1181 1207 ἐπέδειξεν
1202 1174 1293 1206 αὐτοῖς
1317 1175 1331 1200 ό
1355 1174 1436 1207 Θεὸς,
1459 1175 1500 1202 ὅτι
1522 1175 1556 1201 τὰ
1578 1175 1653 1210 παρὰ
1679 1175 1831 1211 ἀνθρώποις

1046 1220 1179 1253 ἀδύνατα,
1192 1220 1276 1247 ταῦτα
1290 1220 1389 1248 δυνατὰ
1403 1218 1473 1247 εἶναι
1489 1220 1564 1256 παρὰ
1577 1221 1645 1256 Θεῷ.

1082 1307 1121 1334 ιδ’.
1146 1307 1251 1342 Ἀριὼχ
1264 1306 1303 1340 τῷ
1317 1307 1524 1343 ὰρχιμαγειρῳ.
1545 1307 1714 1336 Ἱππολύτου,
1730 1307 1831 1345 Ὥσπερ

1046 1353 1099 1389 γὰρ
1115 1354 1129 1380 ὀ
1145 1353 1276 1389 μάγειρος
1293 1353 1381 1380 πάντα
1402 1353 1436 1380 τὰ
1459 1353 1515 1385 ζῶα
1538 1353 1644 1389 ἀναιρεῖ
1663 1354 1712 1380 καὶ
1740 1363 1832 1389 μαγει-

1047 1399 1129 1435 ρεύει,
1144 1397 1215 1425 οὕτω
1230 1399 1355 1431 κάκεῖνος
1371 1398 1409 1434 τῷ
1424 1398 1496 1434 αὐτῷ
1512 1399 1613 1434 τρόπῳ·
1631 1399 1679 1426 καὶ
1693 1400 1718 1426 οἱ
1738 1400 1834 1435 ἄρχον-

1045 1454 1090 1476 τες
1103 1444 1149 1471 τοῦ
1166 1444 1267 1480 κόσμου
1284 1444 1425 1480 ἀναιροῦσι
1438 1445 1501 1477 τοὺς
1512 1445 1682 1480 ἀνθρώπους,
1696 1446 1736 1477 ὠς
1753 1446 1833 1480 ἄλογα

1046 1489 1104 1522 ζῶα
1119 1490 1326 1526 μαγειρεύοντες
1340 1490 1447 1522 αὐτούς.

1084 1536 1143 1562 ’Ὁτι
1165 1535 1276 1569 σοφίαν
1295 1536 1346 1562 καὶ
1360 1535 1488 1570 δύναμιν
1499 1535 1612 1569 ἔδωκάς
1626 1545 1687 1571 μοι.
1706 1536 1833 1563 Ἱππολύ-

1046 1590 1104 1609 του.
1118 1582 1163 1608 Δεῖ
1178 1580 1225 1608 οὖν
1237 1583 1307 1608 νοεῖν
1323 1582 1396 1617 ἡμᾶς
1412 1582 1460 1617 τὴν
1475 1582 1522 1608 τοῦ
1538 1581 1604 1609 Θεοῦ
1622 1582 1832 1617 εὐσπλαγχνίαν,

1048 1627 1106 1659 πῶς
1122 1629 1177 1659 τοῖς
1192 1627 1277 1661 ἀξίοις
1291 1628 1338 1655 καὶ
1354 1627 1530 1663 φοϐουμένοις
1547 1628 1627 1655 αὐτὸν
1643 1628 1752 1663 ταχέως
1769 1630 1833 1654 ἀπο-

1047 1673 1178 1700 καλύπτει
1202 1674 1248 1700 καὶ
1270 1675 1395 1709 φανεροί,
1420 1673 1586 1709 ἀποπληρῶν
1607 1674 1655 1705 τάς
1676 1682 1706 1700 τε
1729 1674 1833 1709 δεήσεις

1047 1720 1093 1746 καὶ
1110 1720 1143 1746 τὰ
1158 1720 1296 1756 αἰτήματα
1310 1719 1398 1747 αὐτῶν
1410 1739 1418 1751 ,
1431 1719 1468 1751 ὡς
1487 1720 1501 1745 ὁ
1521 1721 1664 1756 προφήτης
1677 1720 1768 1754 λέγει·
1790 1721 1834 1751 Τίς

1047 1765 1159 1799 σοφὸς,
1181 1765 1232 1791 καὶ
1251 1763 1380 1798 συνήσει
1401 1764 1511 1796 mira;
1528 1765 1576 1791 καὶ
1591 1764 1748 1799 ἅνθρωπος
1763 1772 1832 1791 συν-

1047 1811 1112 1843 ετὸς
1122 1831 1129 1843 ,
1145 1811 1195 1837 καὶ
1212 1811 1356 1846 γνώσεται
1369 1810 1478 1844 ταῦτ-ιη

1083 1855 1133 1887 κζ’.
1159 1857 1219 1883 Οὐκ
1245 1856 1310 1883 ἐστι
1335 1855 1438 1890 σοφῶν
1454 1855 1567 1891 μάγων.
1593 1855 1766 1882 Ἱππολύτου.
1788 1858 1830 1881 Δι-

1046 1900 1139 1927 δάσκει
1155 1902 1199 1927 τὸν
1213 1900 1325 1936 βασιλέα
1343 1900 1379 1937 μὴ
1397 1901 1473 1936 παρά
1490 1900 1639 1937 ἀνθρώπων
1654 1902 1787 1936 ἐπιγείων
1803 1903 1832 1928 τὰ

1047 1945 1193 1980 ἐπουράνια
1211 1946 1347 1981 μυστήρια
1366 1945 1514 1981 ἐπιζητεῖν,
1542 1946 1614 1982 ἅπερ
1635 1946 1732 1982 ἔμελλε
1762 1947 1832 1979 ἰδίοις

1047 1991 1151 2025 καιροῖς
1164 1990 1216 2016 ὑπὸ
1228 1990 1295 2017 Θεοῦ
1306 1990 1496 2018 ἐπιτελεῖσθαι.

1081 2036 1132 2062 κοί.
1147 2036 1189 2062 Σὺ
1198 2036 1342 2068 βασιλεῦ·
1366 2037 1392 2063 οἱ
1412 2037 1550 2071 λογισμοί
1569 2044 1636 2063 σου.
1660 2036 1830 2063 Ἱππολύτου.

1048 2081 1100 2108 Τοῦ
1116 2081 1170 2118 γὰρ
1189 2082 1318 2117 βασιλέως
1336 2083 1522 2118 κρατήσαντος
1540 2082 1588 2118 μὲν
1604 2082 1654 2116 τῆς
1678 2082 1732 2116 γῆς
1753 2082 1832 2116 Αἰγῦ-

1047 2136 1125 2161 πτου,
1146 2128 1196 2164 τὴν
1220 2128 1249 2155 δὲ
1271 2128 1401 2155 Ἰουδαίαν
1423 2128 1514 2164 χώραν
1538 2127 1764 2163 παραλαϐόντος,
1788 2128 1833 2153 καὶ

1046 2174 1090 2201 τὸν
1109 2174 1172 2201 λαὸν
1194 2175 1413 2210 μετοικήσαντος,
1433 2173 1594 2208 διελογίζετο
1608 2174 1654 2200 ἐπὶ
1673 2173 1723 2209 τῆς
1741 2173 1832 2207 κοίτης

1045 2219 1093 2253 ὢν,
1106 2221 1132 2247 τί
1148 2220 1203 2256 ἄρα
1219 2221 1293 2248 ἐσται
1314 2220 1384 2256 μετὰ
1397 2220 1492 2247 ταῦτα·
1513 2221 1527 2246 ό
1545 2220 1573 2246 δὲ
1589 2220 1624 2246 τὰ
1640 2220 1751 2255 κρυπτὰ
1767 2219 1831 2245 πᾶν·

1045 2274 1097 2292 των
1111 2266 1292 2302 ἐπιστάμενος
1305 2268 1352 2294 καὶ
1367 2268 1429 2298 τοὺς
1440 2266 1630 2301 διαλογισμοὺς
1643 2265 1698 2292 τῶν
1712 2266 1829 2301 καρδιῶν

1045 2312 1173 2346 ἐρευνῶν,
1189 2313 1362 2348 ἀπεκάλυψεν
1382 2312 1455 2348 αὐτῷ
1471 2312 1516 2339 διὰ
1531 2312 1581 2347 τῆς
1598 2312 1700 2344 εἰκόνος
1715 2312 1751 2338 τὰ
1771 2312 1830 2338 ἐσό-

1047 2367 1124 2394 μενα·
1147 2358 1284 2394 ὲπέκρυψε
1303 2359 1331 2385 δὲ
1354 2360 1418 2394 παρ’
1442 2357 1524 2385 αὑτοῦ
1548 2358 1578 2385 τὸ
1595 2358 1702 2393 ὅραμα,
1725 2359 1769 2385 ἵνα
1793 2360 1828 2394 μὴ

1045 2403 1097 2430 ὑπὸ
1110 2404 1163 2430 τῶν
1176 2404 1265 2439 σοφῶν
1281 2404 1437 2436 Βαϐυλῶνος
1457 2405 1491 2430 τὰ
1510 2404 1556 2430 τοῦ
1571 2403 1638 2430 Θεοῦ
1657 2403 1827 2440 βουλεύματι

1044 2449 1244 2485 ὲρμηνευθῆναι
1253 2450 1364 2485 δυνηθῇ,
1375 2450 1431 2477 ἀλλ’
1446 2451 1497 2476 ὑπὸ
1510 2449 1554 2476 τοῦ
1570 2450 1706 2486 μακαρίου
1719 2452 1826 2487 Δανιὴλ,

1045 2495 1091 2522 ἅτε
1106 2497 1247 2532 προφήτης
1256 2496 1301 2523 τοῦ
1310 2495 1387 2530 Θεοῦ,
1398 2496 1432 2523 τὰ
1443 2497 1523 2523 πᾶσιν
1535 2497 1768 2533 ἀποκεκρυμμένα
1781 2507 1825 2532 φα-

1045 2541 1160 2577 νερωθῇ.

1077 2587 1127 2614 λα’.
1145 2587 1217 2614 Ἰδοὺ
1227 2587 1314 2615 εἰκὼν
1322 2589 1377 2623 pta
1384 2587 1510 2622 μεγάλη.
1525 2588 1696 2616 Ἱππολύτου.
1709 2589 1772 2621 Πῶς
1782 2587 1824 2616 οὖν

1043 2633 1073 2660 οὺ
1090 2633 1127 2669 μὴ
1140 2635 1280 2669 νοήσωμεν
1293 2633 1326 2660 τὰ
1339 2633 1421 2661 πάλαι
1434 2633 1570 2660 Βαϐυλῶνι
1586 2634 1639 2660 ὑπὸ
1652 2635 1753 2671 Δανιὴλ
1762 2643 1823 2669 προ-

1044 2679 1208 2714 φητευμένα,
1223 2679 1270 2706 καὶ
1279 2680 1325 2706 νῦν
1341 2679 1380 2706 ἔτι
1390 2680 1419 2706 ὲν
1435 2680 1528 2715 κόσμῳ
1543 2680 1732 2716 πληρούμενας
1746 2681 1821 2716 ἡγὰρ

1043 2725 1124 2752 εἰκὼν
1139 2726 1155 2760 ἡ
1171 2725 1230 2752 κατ’
1247 2726 1348 2752 ἐκεῖνον
1360 2725 1405 2752 τὸν
1420 2725 1512 2761 καιρὸν
1522 2725 1658 2760 δειχθεῖσα
1673 2726 1713 2761 τῷ
1723 2727 1822 2753 Ναϐου-

1044 2771 1197 2806 χοδονόσορ,
1220 2771 1304 2797 τύπον
1328 2772 1446 2806 περιεῖχε
1467 2771 1515 2797 τοῦ
1535 2771 1635 2803 παντὸς
1658 2772 1772 2807 κόσμου·
1795 2773 1823 2798 ὲν

1043 2814 1083 2852 οἶς
1106 2817 1208 2853 καιροῖς
1228 2816 1382 2845 ἐϐασίλευον
1408 2817 1468 2846 τότε
1485 2817 1590 2844 πάντων
1607 2818 1632 2843 οἱ
1647 2817 1819 2849 Βαϐυλώνιοι,
