1860 3051
39 102 77 130 673

40 162 66 192 ὡς
78 158 163 193 κεφαλὴ
174 157 255 193 χρυσῆ
272 157 321 193 τῆς
337 156 438 188 εἰκόνος
452 157 627 192 ὑπάρχοντες·
646 157 708 183 ἐπεὶ
726 157 784 191 μετ’
799 159 821 187 Α

40 207 116 237 αὐτοὺς
134 204 278 240 ἐκράτησαν
294 204 396 239 Πέρσαι
415 204 461 230 ἐπὶ
478 203 524 238 ἔτη
546 206 614 238 σμε’,
629 203 665 235 ὡς
682 202 788 229 δεικνύ-

41 262 71 279 vat
84 252 176 282 τούτους
189 251 232 277 τὸν
251 250 378 286 ἄργυρον·
392 250 545 286 ἐκράτησαν
558 249 585 275 δὲ
602 249 648 276 καὶ
659 248 788 283 Ἕλληνες

39 299 157 336 ἀρξάμενοι
179 296 229 324 ἀπὸ
254 296 425 331 Ἀλεξάνδρου
447 294 494 321 τοῦ
512 295 664 326 Μακεδόνος
680 295 726 320 ἐπὶ
740 294 786 329 ἐτη

39 344 160 381 τριακόσια·
178 343 213 375 ὡς
230 341 298 369 εἶναι
313 342 424 373 τούτους
448 341 492 368 τὸν
509 340 606 376 χαλκόν
617 349 623 355 ·
647 340 715 376 μετὰ
728 339 789 366 τού-

37 399 84 422 τους
100 389 223 424 Ῥωμαῖοι,
236 387 337 423 κνῆμαι
352 387 459 423 σιδηραῖ
472 387 522 422 τῆς
537 386 640 418 εἰκόνος
653 386 788 421 ὑράρχον-

37 444 79 467 τες,
93 435 183 469 ἰσχυροὶ
197 434 281 466 ὄντες,
295 433 332 465 ὡς
348 433 466 468 σίδηρος·
482 432 576 459 ἔπειτα
595 431 717 459 δάκτυλοι
737 440 786 458 πο-

37 479 75 506 δῶν
88 479 204 515 ὄστρακον
226 478 271 504 καὶ
299 477 415 513 σίδηρος,
433 477 476 504 ἵνα
496 476 637 511 δειχθῶσιν
660 476 688 502 αἱ
701 476 787 511 δημοη

37 524 123 560 κρατίαι
133 525 157 551 at
169 523 308 559 μέλλουσαι
323 522 463 556 γίγνεσθαι
477 521 662 557 διαιρούμεναι
675 522 715 553 εἰς
724 521 788 553 τοὺς

37 575 48 597 ιί
58 570 182 601 δακτύλους
195 569 244 604 τῆς
255 569 368 602 εἰκόνος,
383 569 412 596 ὲν
428 565 470 601 οἷς
480 567 553 594 ἔσται
566 567 623 604 σίδη
628 576 672 603 ρος
686 568 787 603 ἀναμε-

38 616 142 652 μιγμένος
155 615 190 650 τῷ
204 615 338 652 ὀστράκῳ.

60 662 244 696 λα’.Ἐθεώρεις,
257 672 283 689 κ.
296 671 322 689 τ.
334 662 358 689 λ.
366 661 724 697 ’Λπολλιναρίου.”Ε6λεπεν,
733 661 779 688 καὶ¹

35 707 84 734 ὡσεὶ
95 708 191 743 ἀνδριὰς
201 706 250 740 εἷς·
260 705 293 743 ἦν
310 707 364 743 γὰρ
381 708 466 743 τούτῳ
484 708 520 739 ὡς
540 707 607 742 πρὸς
620 707 664 733 τὸν
676 707 779 742 ὁρῶντα

36 754 70 787 οὐχ
77 752 232 788 ὑποκείμενόν
242 752 341 785 τι,ἀλλ’
351 752 478 787 ὁμοίωσις
485 752 641 787 φαινομένη·
653 752 676 777 εί
687 751 779 787 δὲ(ιιίο)

37 798 71 824 καὶ
86 798 174 824 πολλῶν
195 798 250 833 ἔχει
272 798 367 824 ἕνωσιν
390 798 419 824 ἐν
438 797 525 832 ἑαυτῷ
542 797 612 824 ὥστε
630 798 680 824 οὐκ
697 797 780 829 ὅντως

34 838 70 871 εἷς,
85 841 155 873 πολὺς
170 842 183 868 6
199 842 307 878 ἀνδριὰς
323 843 436 874 ἐκεῖνος’
453 841 506 868 τῶν
523 842 577 877 γὰρ
593 841 686 868 πασῶν
706 842 784 876 βασι-
800 838 821 865 Β

33 884 93 912 λειῶν
105 885 168 921 εἶχεν
183 886 429 922 ἀνακεφαλαίωσιν·
444 887 491 912 καὶ
506 886 620 912 εὐείδεια
638 885 719 912 αὐτοῦ
734 894 783 912 πε-

35 931 94 966 parsi)
103 931 140 958 διὰ
154 932 200 967 τὴν
214 932 292 965 δόξαν
308 931 361 959 τῶν
377 931 516 967 βασιλέων·
533 932 579 959 καὶ
594 933 610 967 ή
628 931 718 968 μορφὴ
735 932 784 958 αύ-

33 976 66 1002 τοῦ
82 977 170 1012 φοϐερὰ
182 977 224 1004 διὰ
247 978 295 1013 τὴν
313 977 443 1010 ἐξουσίαν.
461 977 588 1009 Εὐσέὸιος
607 979 621 1004 6
642 977 783 1013 Παμφίλου

34 1022 68 1048 καὶ
85 1023 222 1055 Ἱππόλυτος
233 1025 247 1050 ὁ
258 1023 407 1058 ἀγιώτατος
419 1023 566 1055 ἐπίσκοπος
586 1022 693 1059 Ῥώμης
708 1024 785 1050 ἀπει-

33 1067 122 1098 κάζουσι
142 1069 186 1104 τὴν
201 1069 383 1105 προκειμένην
403 1069 450 1095 τοῦ
467 1069 698 1104 Ναϐουχοδονόσορ
717 1070 782 1105 ὅρα-

35 1121 64 1138 σιν
82 1115 109 1149 τῇ
125 1114 166 1141 τοῦ
188 1115 327 1151 προφήτου
342 1115 441 1151 Δανιὴλ
462 1115 587 1150 ὀπτασίᾳ·
613 1115 705 1150 ἐπειδὴ
728 1115 785 1141 δια-

33 1159 102 1194 Qo'pto;
114 1161 157 1195 τὴν
173 1161 356 1197 προκειμένην
376 1161 491 1197 θεωρίαν
507 1161 631 1194 ἐξέλαϐον
645 1162 669 1188 οἱ
683 1162 784 1196 ταύτην

34 1205 227 1240 ἑρμηνεύσαντες.
251 1208 398 1241 ἀναγκαῖον
416 1208 580 1243 ἐλογισάμην
596 1208 724 1234 Εὐσεῆίου
737 1208 783 1235 τοῦ

33 1249 168 1285 Καισαρείας
182 1251 228 1278 τοῦ
251 1251 365 1288 ἐπίκλην
386 1252 527 1288 Παμφίλου
546 1252 713 1288 παραθέσθαι
729 1261 784 1287 φω-

33 1295 68 1326 νὰς
78 1296 207 1331 εἰρημένας
221 1297 251 1324 ἐν
265 1298 497 1334 πεντεκαιδεκάτῳ
519 1297 593 1333 τόμῳ
605 1298 653 1334 τῆς
666 1299 784 1333 εὐαγγε-

31 1340 99 1375 λικῆς
112 1342 289 1376 Ἀποδείξεως
300 1343 369 1379 (72),·
381 1341 456 1375 οὗτος
469 1343 522 1380 γὰρ
537 1345 627 1371 πᾶσαν
642 1344 784 1380 ἐκθέμενος

30 1385 68 1419 τὴν
75 1387 154 1423 ὅρασιν
164 1388 246 1421 οὕτως
262 1389 520 1425 φησί·--”Ηγοῦμαι
529 1391 614 1417 ταῦτα
632 1390 714 1426 μηδὲν
728 1390 784 1417 δια-

30 1431 103 1466 φέρειν
115 1433 159 1468 τῆς
173 1434 218 1461 τοῦ
232 1436 373 1471 προφήτου
389 1436 514 1471 θεωρίας·
527 1436 565 1468 ὡς
578 1436 631 1472 γὰρ
647 1438 660 1463 ό
680 1438 782 1473 προφή-

30 1484 68 1508 της
87 1477 208 1507 θάλασσαν
235 1480 310 1516 ἐώρα
338 1481 475 1517 μεγάλην,
507 1481 592 1513 οὕτως
616 1483 631 1508 ό
658 1482 782 1517 βασιλεὺς

29 1521 100 1548 εἰκόνα
120 1524 226 1561 πολλήν·
256 1526 302 1553 καὶ
321 1526 400 1553 πάλιν
415 1527 453 1559 ὼς
475 1528 490 1553 ὁ
510 1528 651 1564 προφήτης
673 1528 745 1563 ἐώρα
760 1529 781 1556 ὅ

29 1566 99 1602 θηρία,
113 1569 177 1606 ἅπερ
200 1571 359 1606 ἑρμηνεύων
376 1572 522 1607 μετέϐαλεν
537 1575 577 1605 είς
598 1574 618 1600 δ’
635 1574 782 1609 βασιλείας,

29 1611 96 1645 οὓτως
113 1615 126 1641 ό
147 1615 272 1650 βασιλεὺς
293 1617 342 1650 τὰς
357 1617 401 1644 διὰ
415 1618 461 1645 τοῦ
484 1619 583 1655 χρυσοῦ
597 1620 644 1646 καὶ
662 1620 782 1656 ἀργύρου

29 1659 64 1684 καὶ
81 1660 168 1694 χαλκοῦ
189 1664 236 1689 καὶ
259 1663 382 1699 σιδήρου,
399 1664 534 1701 τέσσαρας
558 1665 693 1700 βασιλείας
711 1667 785 1701 ᾐνίτ-

29 1711 82 1730 τετο·
99 1706 137 1733 καὶ
159 1706 235 1741 αὖθις
257 1709 296 1742 ὠς
318 1711 332 1736 ὁ
355 1711 495 1746 προφήτης
518 1710 572 1737 τῶν
596 1711 643 1737 τοῦ
669 1712 783 1739 ὑστάτου

29 1748 103 1785 θηρίου
116 1754 230 1788 κεράτων
247 1755 316 1783 δέκα
331 1755 462 1791 διαίρεσιν
482 1756 555 1792 ἐώρα
567 1776 574 1788 ,
597 1756 644 1783 καὶ
660 1758 722 1793 τρία
738 1758 784 1784 κέ-

29 1803 81 1829 ρατα
93 1797 131 1833 ὑφ’
141 1800 197 1832 ἑνὸς
213 1801 422 1837 συντριϐόμενα,
435 1802 481 1828 καὶ
495 1803 509 1828 6
521 1802 645 1837 βασιλεὺς
655 1803 785 1836 ὡσαύτως

27 1841 62 1868 ἐπὶ
80 1844 125 1871 τῶν
138 1845 298 1873 τελευταίων
313 1847 363 1883 τῆς
383 1847 484 1880 είκόνος
510 1848 592 1884 μέρος
611 1856 637 1875 τι
659 1849 784 1884 σιδηροῦν

27 1889 63 1915 καὶ
76 1890 148 1926 μέρος
161 1892 319 1929 όστράκινον
338 1893 457 1929 ἐθεώρει·
478 1895 525 1921 καὶ
542 1895 588 1921 ἐπὶ
604 1894 706 1927 τούτοις
720 1895 757 1927 ὡς
770 1895 785 1922 ὁ

26 1936 144 1972 προφήτης
159 1938 226 1973 μετὰ
241 1939 292 1975 τὴν
308 1939 361 1966 τῶν
375 1940 514 1975 τεσσάρων
530 1940 673 1975 βασιλειῶν
690 1941 784 1976 ὅρασιν

27 1978 83 2015 ἑώρα
96 1981 152 2009 Υἱὸν
176 1984 319 2020 ἀνθρώπου
343 1985 393 2022 τὴν
413 1985 483 2012 κατὰ
506 1986 614 2013 πάντων
636 1986 722 2022 ἀρχὴν
737 1986 784 2013 καὶ

26 2024 127 2056 ἐξουσίαν
149 2029 194 2056 καὶ
216 2029 353 2064 βασιλείαν
376 2030 576 2067 παρειληφότα,
598 2032 683 2064 οὕτως
708 2033 755 2060 καὶ
769 2034 785 2061 ό

27 2067 129 2104 βασιλεὺς
150 2073 220 2101 λίθον
243 2075 417 2109 συντρίϐοντα
439 2077 489 2112 τὴν
515 2077 606 2103 εἰκόνα
627 2078 715 2104 πᾶσαν
737 2078 785 2104 καὶ

26 2116 141 2151 γινόμενον
160 2121 199 2152 είς
212 2120 275 2156 ὁρος
295 2121 366 2156 μέγα
380 2121 427 2148 καὶ
445 2121 565 2157 πληροῦν
584 2121 718 2149 θάλασσαν
730 2123 786 2149 ἐδό-

27 2168 58 2213 ut
75 2163 142 2199 όρᾷν·
159 2165 206 2191 καὶ
230 2166 352 2198 εἰκότως·
369 2166 470 2202 ἔπρεπε
485 2166 539 2203 γὰρ
557 2167 596 2202 τῷ
613 2167 662 2203 μὲν
677 2169 783 2204 ἡπατη-
799 2189 821 2216 D

27 2206 83 2242 μένῳ
97 2211 155 2245 περὶ
170 2212 220 2246 τὴν
233 2212 281 2238 τοῦ
300 2212 357 2247 βίου
377 2213 524 2247 φαντασίαν
541 2213 654 2248 βασιλεῖ,
675 2215 722 2241 καὶ
735 2215 783 2250 τὴν

26 2253 66 2279 τῶν
84 2257 210 2293 αἰσθητῶν
226 2256 271 2285 οἷα
288 2259 439 2295 χρωμάτων
458 2260 610 2296 ὡραιότητα
632 2261 785 2296 ἐπιγραφῆς

26 2299 180 2339 ἀνακειμένης
194 2304 371 2340 θαυμάζοντι,
388 2306 471 2332 εἰκόνι
496 2306 600 2343 μεγάλῃ
620 2306 665 2333 τὸν
679 2307 786 2334 πάντων

26 2344 151 2381 ἀνθρώπων
162 2350 321 2382 ἀπεικάζειν
334 2351 399 2386 βίον·
413 2351 458 2378 τὸν
470 2351 651 2388 δὲλπροφήτην
665 2352 726 2388 (sta)
739 2353 785 2380 τὸν

26 2392 90 2419 πολὺν
109 2396 153 2423 καὶ
175 2397 264 2432 μέγαν
289 2397 366 2424 σάλον
389 2397 436 2424 τοῦ
461 2397 518 2432 βίου
543 2397 645 2433 μεγάλῃ
663 2397 785 2435 θαλάσσῃ

25 2439 193 2472 παραϐάλλειν
212 2442 261 2468 καὶ
277 2442 315 2477 τῷ
331 2442 381 2478 μὲν
399 2442 503 2477 βασιλεῖ
522 2442 571 2474 τὰς
591 2442 665 2478 παρὰ
681 2442 785 2479 ἀνθρώ-

25 2490 72 2515 ποις
85 2486 234 2520 πολυτελεῖς
245 2488 394 2524 γενομένας
408 2488 473 2520 ὕλας
488 2487 586 2524 χρυσοῦ
598 2488 643 2514 καὶ
653 2489 782 2526 ἀργύρου,

25 2529 107 2561 χαλ.κοῦ
128 2541 157 2559 τε
184 2534 231 2560 καὶ
254 2534 362 2570 σιδήρου
378 2532 550 2569 θαυμάζοντι,
567 2532 615 2564 τὰς
631 2534 700 2560 κατὰ
721 2535 785 2570 χρό-

25 2582 72 2607 νους
86 2578 112 2604 έν
125 2578 162 2614 τῷ
176 2579 227 2615 βίῳ
243 2578 299 2606 τῶν
315 2579 464 2615 ἀνθρώπων
478 2579 635 2615 ὲπικρατεῖς
649 2579 785 2614 βασιλείας

51 2642 98 2678 (ῖῖ)
109 2644 154 2682 Est
168 2647 194 2674 in
213 2646 361 2681 deperditis
377 2646 420 2674 hic
434 2646 542 2674 Eusebii
563 2646 638 2674 liber.
655 2646 676 2673 E
691 2647 786 2682 viginti

25 2680 89 2716 enirn,
105 2681 193 2708 decem
217 2680 408 2709 tantummodo
423 2682 527 2716 priores
542 2686 657 2709 exstant.
675 2680 734 2715 Quo
757 2683 786 2710 lit

25 2714 147 2758 Pretio-sitis
159 2717 211 2744 hoc
231 2714 433 2758 deciml'quinti
451 2716 646 2758 fragmentum;
662 2714 695 2744 ad
712 2718 785 2758 quod

25 2754 69 2775 sine
82 2750 160 2778 dubio
176 2751 298 2780 respexit
312 2750 503 2779 Theodoretus’
515 2752 541 2778 in
562 2759 611 2779 sua
633 2759 687 2779 non
703 2750 785 2780 dissi-

27 2783 69 2822 Ilfili
79 2783 200 2822 Danielici
219 2783 303 2820 hujus
316 2787 367 2814 loci
381 2787 611 2821 interpretatione.
623 2787 714 2822 Neque
731 2787 786 2815 fere

25 2816 109 2847 abludit
122 2816 314 2857 Hieronymus,
332 2829 411 2856 quem
427 2816 529 2859 alioqui
553 2829 606 2850 non
626 2816 784 2858 infrequen-

603 97 748 125 SCHOLIA
765 97 797 124 IN
814 95 998 124 DANIELEM.

1567 97 1618 124 6ῗὶ

836 160 932 183 statuae
948 159 1026 183 erant
1040 164 1046 181 :
1061 153 1158 181 deinde
1173 158 1233 189 post
1249 153 1309 181 illos
1329 153 1459 182 dominati
1475 159 1539 182 sunt
1554 154 1620 182 Per-

840 209 876 229 sa:
889 202 968 229 annis
983 201 1108 228 ducentis
1117 200 1294 235 quadraginta
1305 200 1442 235 quinque;
1457 201 1559 228 indicat
1574 209 1621 230 eos

839 252 979 283 argenturm
1001 257 1007 275 :
1028 251 1188 282 potestatem
1214 255 1278 274 vero
1304 247 1457 275 habuerunt
1479 248 1564 276 Graeci
1587 249 1622 276 ab

839 294 994 321 Alexandro
1010 293 1155 321 Macedone
1169 294 1248 321 annis
1261 293 1405 326 trecentis;
1420 293 1471 328 ipsi
1484 301 1522 321 res
1533 298 1620 322 erant.

839 339 904 367 Post
920 340 970 367 hos
983 339 1108 372 Romani,
1121 347 1200 367 cntra
1223 339 1308 367 ierrca
1324 344 1430 372 stature,
1445 340 1549 368 robusti
1570 341 1621 368 viri

839 390 868 412 nt
886 385 1007 413 ferrum:
1025 386 1121 414 deinde
1136 386 1211 421 digiti
1231 386 1344 421 pedum,
1367 391 1434 414 testa
1450 390 1476 414 et
1497 387 1598 414 ferrum
1613 397 1620 414 :

841 436 870 458 ut
885 436 1101 459 monstrarentur
1114 431 1284 459 democratire
1295 431 1393 460 futura;
1402 452 1409 465 ,
1428 432 1522 460 divisa:
1533 433 1559 460 in
1572 433 1620 460 de-

838 487 896 506 cem
913 479 1012 514 digitos
1033 482 1138 510 statuae,
1162 478 1189 505 in
1210 478 1311 512 quibus
1325 478 1378 505 erit
1392 478 1493 506 ferrum
1508 478 1619 507 mistum

837 529 923 552 testae.

874 661 904 689 V.
919 662 962 690 5i.
986 662 1113 694 Videbaa,
1133 669 1185 691 etc.
1202 662 1371 698 Apollinarii.
1390 662 1464 697 (Non
1481 672 1539 690 vero
1554 663 1619 700 [lip-

835 707 929 742 polyti.
950 707 1002 734 Hic
1020 707 1052 734 de
1069 707 1117 734 illo
1139 708 1235 734 mentio
1256 712 1358 734 tantum
1378 708 1434 743 ﬁt.)
1454 709 1619 743 Aspiciebat,

835 756 862 779 et
885 759 947 780 ecce
966 753 1043 787 quasi
1063 757 1151 780 statua
1174 761 1246 780 una:
1268 757 1325 780 erat
1350 754 1422 781 enim
1439 761 1530 782 coram
1553 755 1620 789 illo,

835 806 888 826 non
903 803 933 825 ut
947 798 1032 826 cuivis
1043 798 1186 833 spectatori
1203 798 1304 833 aliquid
1320 799 1483 833 expositum,
1502 800 1548 827 sed
1563 805 1622 828 erat

835 851 968 878 apparens
993 844 1095 879 imago:
1120 849 1147 871 et
1171 844 1317 871 multorum
1342 844 1422 871 habet
1441 845 1571 872 unitatem
1593 845 1620 872 in

833 889 933 924 seipsa.
947 889 983 916 ita
1002 894 1030 917 ut
1041 898 1094 916 non
1108 889 1215 916 realiter
1229 897 1293 922 una,
1309 889 1356 916 sed
1373 890 1513 925 multiplex
1531 894 1621 918 statua

833 933 895 961 ista.
919 933 1048 961 Omnium
1063 935 1135 962 enim
1157 942 1303 970 regnorum
1319 943 1455 962 summam
1474 936 1590 964 habebat
1612 945 1619 963 :

833 979 1005 1014 pulchritudo
1024 981 1084 1014 ejus
1097 981 1195 1007 decora
1212 980 1294 1007 nimis
1317 986 1427 1016 propter
1449 981 1561 1016 gloriam
1582 990 1622 1009 re-

833 1032 896 1059 gum
908 1033 915 1056 -,
933 1029 959 1051 et
974 1028 1100 1059 aspectus
1114 1024 1173 1059 ejus
1188 1024 1315 1051 terribilis
1325 1031 1451 1060 ,propter
1460 1026 1618 1060 potentiam.

833 1069 966 1097 Eusebius
979 1069 1122 1104 Pamphili,
1143 1073 1170 1097 et
1184 1069 1352 1097 HIPI‘OLYTUS
1363 1071 1552 1098 sanctissimus
1568 1072 1625 1106 epi-

833 1123 930 1149 scopus
940 1115 1032 1142 Roma:
1045 1120 1271 1150 comparaverunt
1285 1115 1533 1144 Nabuchodonosor
1550 1125 1625 1145 som-

833 1160 908 1187 nium
925 1161 1062 1195 prophetaa
1086 1160 1203 1188 Daniclis
1219 1161 1328 1189 visioni.
1351 1161 1486 1194 Quoniam
1511 1163 1620 1191 diverso

833 1206 904 1233 hanc
926 1206 1059 1234 visionem
1084 1207 1330 1242 interpretaverunt
1355 1207 1382 1234 in
1408 1208 1619 1237 Commentariis

832 1252 901 1285 suis,
917 1253 1100 1280 necessarium
1111 1253 1230 1287 judicavi
1243 1252 1351 1280 Eusebii
1364 1254 1503 1284 Cassareaz.
1518 1263 1620 1290 cogno-

833 1297 906 1325 mine
925 1297 1058 1332 Pamphili
1075 1298 1256 1325 transcribere
1276 1299 1357 1325 verha
1379 1307 1440 1334 qua:
1454 1304 1518 1326 strnt
1532 1300 1558 1327 in
1573 1301 1621 1326 de-

833 1343 904 1370 cimo
923 1343 1017 1378 quinto
1036 1343 1104 1370 libro
1121 1343 1285 1379 Euangelica:
1307 1345 1550 1373 dentonslratr'onia.
1573 1345 1620 1372 llic

833 1388 904 1416 enim
921 1393 1003 1416 totam
1015 1389 1152 1424 explicans
1166 1390 1297 1417 visionem
1311 1391 1350 1418 sic
1363 1391 1499 1425 loquitur:

871 1443 880 1460 t
906 1435 1035 1462 Existimo
1054 1436 1109 1463 haec
1125 1436 1194 1468 (scil.
1210 1436 1341 1464 visionem
1357 1435 1620 1473 Nabuchodonosor)

834 1488 889 1507 non
903 1481 1010 1508 diil'erre
1024 1489 1040 1508 a
1059 1481 1162 1509 visione
1187 1482 1323 1517 propheuc
1346 1482 1470 1518 (Daniel).
1495 1482 1529 1510 Ut
1547 1484 1620 1510 enim

835 1526 961 1561 propheta
973 1534 1048 1554 mare
1062 1527 1127 1554 vidit
1139 1535 1276 1563 magnum,
1290 1528 1330 1555 sic
1350 1535 1397 1555 rex
1415 1533 1532 1556 statuam
1553 1530 1621 1556 mul-

833 1572 970 1607 tiplicem:
997 1577 1024 1600 et
1043 1573 1139 1600 iterum
1165 1575 1235 1601 sicut
1257 1574 1388 1609 propheta
1410 1575 1476 1602 vidit
1503 1581 1620 1610 quatuor

833 1618 944 1651 bestias,
960 1627 1029 1653 quas
1050 1621 1230 1655 lnterpretans
1250 1620 1453 1648 trartsl'ormavit
1466 1620 1493 1647 in
1505 1626 1621 1655 quatuor

833 1670 933 1698 regna;
946 1665 985 1691 sic
998 1671 1043 1691 rex
1061 1673 1107 1699 per
1121 1673 1228 1698 aurum,
1243 1669 1268 1692 et
1282 1670 1463 1700 argentum,et
1477 1670 1554 1696 amet
1567 1666 1622 1694 fer-

832 1716 911 1742 rum,
927 1714 1042 1744 quatuor
1065 1717 1147 1745 regna
1170 1710 1314 1746 allegorice
1337 1711 1480 1745 signiﬁcat.
1502 1710 1535 1738 Et
1559 1719 1620 1738 rur-

834 1763 894 1782 sum
909 1759 938 1782 ut
950 1756 1079 1790 propheta
1095 1756 1194 1783 ultima:
1210 1756 1303 1784 bestiae
1321 1757 1413 1784 decem
1431 1763 1564 1783 cornuum
1580 1757 1621 1784 di—

833 1801 966 1829 visionem
985 1802 1060 1834 vidit,
1084 1806 1111 1829 et
1136 1802 1186 1829 tria
1214 1810 1316 1830 cornua
1344 1803 1379 1830 ab
1402 1810 1456 1830 uno
1486 1803 1619 1835 contrita;

834 1847 871 1874 ita
891 1855 938 1874 rex
960 1847 1054 1874 eodem
1077 1847 1157 1874 modo
1178 1848 1204 1874 in
1221 1848 1351 1875 membris
1371 1848 1547 1875 inferioribus
1565 1855 1620 1875 sta-

835 1898 887 1920 tuae
902 1896 1005 1927 partem
1025 1891 1150 1924 ferream,
1163 1898 1189 1920 et
1205 1897 1308 1928 partem
1328 1898 1472 1921 testaceam
1488 1894 1564 1921 vidit.
1588 1893 1621 1921 Et

834 1942 928 1973 postea
943 1944 972 1965 ut
988 1938 1117 1973 propheta
1139 1942 1201 1973 post
1223 1943 1341 1973 quatuor
1366 1946 1511 1974 regnorum
1536 1939 1620 1966 visio-

834 1991 905 2017 nem,
920 1984 986 2011 vidit
995 1981 1089 2010 Filium
1107 1983 1224 2011 hominis
1240 1991 1321 2018 super
1336 1985 1426 2011 omnia
1439 1984 1580 2019 imperium
1593 1988 1621 2012 et

837 2034 992 2067 potestatem
1008 2035 1036 2058 et
1051 2037 1163 2065 regnum
1179 2029 1379 2064 possidentem;
1392 2031 1431 2058 sic
1444 2035 1471 2057 et
1483 2031 1535 2066 regi
1551 2031 1620 2066 lapi-

833 2075 894 2101 dein
906 2075 1131 2102 comminuentem
1143 2079 1259 2102 statuam
1275 2080 1358 2103 totam
1371 2075 1526 2110 factumque
1540 2083 1619 2102 mon-

834 2123 887 2145 tem
915 2127 1054 2154 magnum,
1081 2120 1234 2154 implentem
1252 2128 1326 2147 mare
1349 2120 1439 2147 videre
1461 2120 1548 2147 visum
1565 2125 1618 2148 est.

835 2163 867 2190 Et
878 2163 940 2198 jure
956 2164 1062 2199 quidem
1081 2165 1212 2192 :decebat
1224 2165 1296 2192 enim
1312 2172 1400 2201 regem
1417 2164 1487 2191 male
1501 2165 1620 2192 seruien-

836 2215 888 2236 tem
902 2210 934 2237 de
947 2210 1005 2237 vitae
1018 2211 1183 2246 spectaculo,
1195 2215 1221 2238 et
1235 2211 1416 2242 sensibilium,
1430 2210 1544 2245 exempli
1557 2218 1619 2245 gra-

834 2256 881 2290 tia,
906 2257 1025 2284 colorum
1046 2257 1254 2292 pulchritudinis
1273 2258 1300 2284 in
1321 2257 1437 2292 pictura,
1459 2257 1509 2285 sub
1531 2258 1618 2285 oculis

834 2305 992 2339 spectatoris
1008 2304 1144 2339 exposita,
1165 2305 1372 2336 admiratorem,
1397 2309 1493 2331 statua:
1513 2312 1618 2340 magna:

834 2350 955 2377 omnium
981 2350 1120 2377 hominum
1148 2351 1298 2378 assimilare
1322 2350 1427 2384 vitam;
1455 2351 1615 2386 prophetam

834 2403 898 2422 vero
909 2396 1020 2423 decebat
1034 2396 1132 2423 multos
1147 2403 1314 2431 magnosque
1327 2396 1459 2424 tumultus
1472 2397 1534 2424 vitm
1547 2397 1616 2424 mari

834 2448 932 2476 magno
946 2441 1122 2476 aequiparare.
1143 2441 1200 2468 Rex
1213 2442 1332 2476 quidem,
1347 2443 1436 2477 magni
1450 2443 1527 2478 pretii
1544 2443 1615 2477 apud

834 2486 972 2514 hominem
1000 2487 1107 2514 metalla
1128 2495 1239 2521 aurum,
1257 2492 1397 2522 argentum
1410 2508 1417 2520 ,
1436 2496 1490 2522 ars,
1514 2488 1614 2516 ferrum

835 2533 982 2566 admirans,
1001 2541 1082 2568 regna
1107 2533 1243 2559 variorum
1263 2537 1415 2568 temporum
1441 2534 1468 2560 in
1491 2534 1546 2562 vita
1565 2534 1615 2561 ho-

835 2578 938 2606 minum
953 2578 1139 2614 potentissima
1158 2578 1200 2606 his
1218 2578 1332 2606 debebat
1346 2579 1498 2606 assimilare
1518 2579 1615 2606 metal-

836 2653 889 2675 tem
915 2647 1024 2675 Eusebii
1050 2647 1182 2674 asseclam
1209 2655 1268 2675 esse
1296 2647 1408 2675 scimus.
1434 2646 1554 2681 Denique
1582 2655 1617 2675 ne

835 2682 1042 2718 Chrysostomus
1063 2682 1171 2717 quidem
1195 2682 1302 2718 Eusebii
1322 2683 1393 2710 hunc
1414 2682 1504 2718 locum
1522 2683 1616 2718 nesci-

834 2717 907 2745 visse
927 2718 1041 2744 videtur.
1065 2718 1197 2745 Caeterum
1216 2726 1248 2745 ex
1267 2717 1375 2745 Eusebii
1392 2717 1504 2745 scholiis
1521 2717 1546 2743 in
1567 2718 1616 2745 hac

835 2757 929 2780 catena
954 2753 1175 2786 occurrentibus,
1200 2760 1231 2780 ea
1259 2752 1315 2780 fere
1337 2752 1486 2782 omittenda
1510 2753 1615 2786 curavi.

835 2795 895 2823 quae
909 2788 937 2815 in
952 2788 1031 2817 editis
1042 2788 1097 2824 jam
1111 2788 1263 2816 exstabant.
1282 2787 1344 2816 Mar.
