1860 3051
213 99 266 128 ὓἹῦ

669 99 698 126 S.
717 97 895 125 HIPPOLYTI
914 96 987 123 ()PP.
1004 93 1093 122 PARS
1112 93 1132 121 Ι.
1150 108 1185 114 -
1200 93 1404 122 EXEGETICA.

1780 94 1831 122 676

214 160 266 193 iis;
286 159 417 194 propheta
440 166 503 186 vero
524 159 551 186 in
569 158 662 186 formis
685 158 833 186 bestiarum
857 158 914 185 haec
936 158 995 192 ipsa
1010 159 1052 187 At

1084 154 1156 187 ὗταις
1178 155 1323 190 ἀφομοιοῦν
1344 156 1403 186 ταῖς
1423 154 1507 186 ὕλαις·
1536 154 1574 189 τῷ
1596 154 1626 181 δὲ
1650 156 1785 191 προφήτῃ
1806 156 1833 181 ὲν

215 217 298 245 regna
311 209 382 236 haud
401 208 479 235 aliter
499 215 531 235 ac
553 207 718 235 narrationis
743 207 883 234 exordium
902 205 997 238 depin-

216 263 278 290 gere
290 254 438 282 tenebatur.
456 253 488 280 Et
498 261 592 280 rursus
606 253 672 287 regi,
685 257 715 280 ut
730 253 846 284 videtur,
862 251 895 278 de
909 251 998 285 seipse

215 307 312 334 magna
336 299 476 333 cogitanti,
498 303 524 326 et
539 298 704 333 jactahundo
725 298 758 325 de
780 297 914 332 majorum
934 303 998 323 suo-

215 352 274 371 rum
290 344 413 378 imperio,
429 350 519 370 rerum
540 343 720 370 humanarum
745 343 859 369 mutatio
877 346 997 376 apparet,

213 397 240 418 et
260 390 428 418 terrestrium
451 397 595 424 regnorum
611 389 683 421 ﬁnis,
700 394 729 416 ut
750 396 827 416 suam
843 388 996 423 superbiam

213 438 329 471 deponat
349 440 376 463 et
393 435 460 463 nihil
473 436 584 462 humani
601 435 723 462 durabile
742 435 849 467 credat,
872 436 918 462 sed
937 439 998 461 tan-

215 488 270 510 tum
283 503 290 515 ,
315 483 387 517 quod
408 487 448 510 est
464 482 584 509 omnium
601 481 673 515 ﬁnis,
686 489 797 517 regnum
813 481 870 508 Dei.
889 496 924 501 —
941 480 998 508 Erit

215 529 287 556 cnim
304 533 364 564 post
378 528 521 563 imperium
536 529 710 563 Assyriorum
725 528 796 562 quod
813 528 928 562 primum
945 531 997 560 est,

216 582 337 609 auroque
354 574 532 610 signiﬁcatum
545 595 553 606 ,
571 573 714 601 Persarum
739 573 883 608 imperium
895 593 903 605 ,
925 572 997 607 quod

216 619 364 648 secundum
380 624 430 653 est,
445 624 472 647 et
485 625 597 655 argento
609 624 799 652 monstratum,
813 619 857 646 cui
875 619 902 646 in
918 619 997 646 tertio

214 667 275 694 loco
291 666 468 694 Macedonum
491 666 649 700 imperium,
672 673 724 693 tere
741 665 887 692 indicatum
903 672 996 692 succe-

214 712 269 740 det.
290 727 324 732 ~
341 712 406 739 Post
421 712 472 740 hoc
484 717 579 747 quarta
592 712 752 744 mutatione,
768 711 910 746 imperium
925 711 997 739 acci-

213 760 288 795 pient
299 758 423 792 Romani,
436 759 567 790 omnium,
583 758 629 793 qui
644 762 706 785 ante
721 765 768 785 eos
782 757 891 785 fuerunt
905 762 998 792 poten-

214 805 310 838 tiores;
328 804 505 839 quamobrem
524 803 597 830 i‘erro
611 803 808 838 intelliguntur.
830 802 935 830 Dictum
957 807 998 830 est

1049 202 1164 235 μορφαῖς
1179 200 1280 236 θηρίων
1293 201 1341 232 τὰς
1353 200 1435 232 αὑτὰς
1451 199 1588 235 βασιλείας
1603 200 1785 235 καταλλήλως
1797 201 1832 235 τῷ

1047 245 1096 280 τῆς
1113 246 1199 281 ἀρχῆς
1221 246 1313 282 τρόπῳ
1334 245 1540 282 διαγράφεσθαι·
1563 246 1610 272 καὶ
1631 246 1714 272 πάλιν
1729 245 1772 280 τῷ
1787 246 1832 280 μὲν

1048 289 1160 324 βασιλεῖ,
1175 290 1245 325 μέγα
1262 290 1298 322 ὠς
1312 290 1384 320 εἰκὸς
1395 291 1436 324 ἐφ’
1447 290 1534 325 ἑαυτῷ
1547 290 1689 326 φρονοῦντι
1705 291 1756 316 καὶ
1771 291 1834 317 ἀλα-

1048 333 1213 371 ζονευομένῳ
1232 335 1278 362 ἐπὶ
1298 334 1399 370 τῇατῶν
1423 335 1561 370 προγόνων
1581 335 1717 372 βασιλείᾳ,
1738 337 1757 372 ἡ
1783 336 1833 362 τῶι

1047 381 1215 416 πραγμάτων
1239 381 1371 417 μεταϐολὴ
1393 381 1542 413 δείκνυται,
1566 382 1612 408 καὶ
1635 382 1692 409 τῶν
1713 383 1762 408 ἐπὶ
1785 383 1834 417 τῆς

1049 427 1190 462 βασιλειῶν
1206 427 1236 454 τὸ
1256 427 1346 461 τέλος,
1362 429 1401 459 εἰς
1417 427 1572 463 καθαίρεσιν
1587 427 1632 454 τοῦ
1647 429 1678 455 ἐν
1694 429 1775 463 αὐτῷ
1791 429 1834 455 τύ-

1048 482 1107 508 φου,
1125 473 1171 499 καὶ
1193 474 1232 505 εἰς
1255 473 1285 500 τὸ
1308 474 1389 509 μηδὲν
1409 474 1533 509 ἡγεῖσθαι
1556 474 1663 509 βέϐαιον
1682 474 1716 500 τὸ
1738 475 1768 500 ἐν
1791 475 1835 500 ἀν-

1047 519 1175 554 θρώποις,
1189 519 1206 554 ἢ
1227 519 1305 554 μόνον
1327 519 1357 546 τὸ
1371 520 1416 546 ἐπὶ
1429 520 1536 546 πάντων
1549 520 1624 551 τέλος
1635 519 1687 555 τῆς
1703 520 1754 546 τοῦ
1769 520 1833 546 Θεοῦ

1048 564 1190 599 βασιλείας·
1209 565 1317 592 ἔσεσθαι
1333 565 1387 600 γὰρ
1404 564 1471 600 μετὰ
1483 565 1533 600 τὴν
1547 565 1658 601 πρώτην
1681 566 1835 601 ’Δσσυρὰυν

1047 608 1142 644 ἀρχὴν,
1159 609 1192 644 ἣν
1207 610 1221 635 ὁ
1235 609 1333 645 χρυσὸς
1351 609 1469 645 ᾐνίξατο,
1482 610 1609 646 δευτέραν
1625 610 1676 645 τὴν
1692 610 1752 636 τῶν
1768 611 1834 645 Περ-

1048 653 1118 686 σῶν,
1143 654 1192 689 τὴν
1216 654 1259 680 διὰ
1287 654 1334 681 τοῦ
1361 655 1480 690 ἀργύρου
1506 655 1711 691 δεδηλωμένην·
1740 657 1835 682 ἔπειτα

1046 699 1140 734 τρίτην
1153 699 1200 735 τὴν
1214 700 1384 732 Μακεδόνων,
1394 701 1425 736 ἣν
1440 702 1454 727 ὁ
1469 701 1566 736 χαλκὸς
1582 703 1716 737 ὲσήμανε·
1732 701 1794 737 μεθ’
1804 702 1834 737 ἦν

1047 744 1179 780 τετάρτην
1195 745 1364 777 διαδέξασθαι
1378 746 1431 773 τῶν
1452 747 1601 782 Ῥωμαίων,
1624 748 1834 782 κραταιωτέραν

1047 785 1130 815 οὖσαν
1144 789 1198 816 τῶν
1219 790 1271 826 πρὸ
1292 791 1385 826 αὐτῆς·
1403 791 1442 818 διὸ
1455 792 1501 818 καὶ
1518 793 1618 828 σιδήρῳ
1634 793 1832 828 παρεϐάλλετο·

213 850 286 877 enim
303 835 401 878 de‘isto
413 849 540 884 imperio:
557 848 591 875 Et
607 835 714 884 regnum
726 853 850 884 quartum
863 849 912 875 erit
927 847 993 875 velut
1012 839 1032 867 Β

1084 844 1138 870 ιητο
1154 836 1218 870 γοῦν
1231 837 1278 863 καί
1294 837 1358 873 περὶ
1374 838 1467 873 αὐτῆς,
1483 839 1531 866 καὶ
1545 840 1691 871 βασιλεία
1709 840 1834 873 τετάρτη

214 897 327 931 ferrum:
341 896 470 931 quomodo
480 896 578 930 ferrum
594 895 746 922 comminuit
761 899 785 922 et
797 895 885 922 domat
896 895 994 927 omnia,

213 944 251 970 sic
266 943 422 969 comminuet
437 947 461 969 et
476 947 590 969 conteret
612 942 700 968 omnia
724 943 778 969 lucc
790 942 872 977 (Dan.
894 951 925 975 ιι,
939 942 995 978 40).

213 989 247 1016 Et
261 993 321 1024 post
331 989 389 1016 haec
401 989 491 1016 omnia
502 989 626 1023 imperia,
640 996 753 1024 regnum
762 988 809 1016 Dei
821 997 870 1023 per
880 989 995 1024 lapidem

214 1035 259 1069 qui
283 1039 364 1061 totam
391 1038 508 1061 statuam
539 1033 701 1069 confringit,
724 1038 940 1069 reprzesenlatur.
964 1034 997 1061 Et

213 1079 343 1114 propheta
361 1079 469 1106 illarum
485 1087 588 1112 rerum,
608 1080 702 1107 eodem
721 1080 812 1113 modo,
828 1080 855 1107 in
869 1080 922 1107 ﬁne
938 1088 997 1108 om-

217 1125 303 1159 nium,
328 1125 374 1152 Dei
398 1133 510 1160 regnum
543 1133 598 1152 non
623 1125 698 1160 prius
727 1125 799 1152 videt
827 1133 907 1160 quam
931 1126 996 1153 istas

214 1175 331 1205 quatuor
348 1171 485 1211 dynastias
500 1171 683 1206 descripserit,
698 1172 776 1206 juxta
799 1172 932 1205 ordinem,
950 1180 997 1207 per

214 1221 331 1252 quatuor
345 1217 461 1251 bestias;
477 1222 594 1252 quatuor
609 1223 698 1245 autem
709 1218 806 1245 horum
820 1218 996 1253 imperiorum

214 1267 318 1290 tantum
344 1267 370 1290 et
395 1271 448 1290 non
471 1263 603 1296 aliorum,
625 1268 689 1298 puto
713 1263 830 1291 visiones
847 1268 874 1291 et
891 1264 946 1299 regi
970 1269 998 1291 et

213 1309 351 1344 propheta:
373 1309 560 1337 manifestatas
586 1309 689 1342 fuisse.
715 1310 778 1345 quia
810 1310 852 1337 his
881 1315 997 1345 quatuor

214 1354 335 1389 imperiis
349 1355 423 1382 natio
441 1354 607 1389 Iudaeorum,
624 1363 640 1382 a
657 1355 795 1391 prophetae
819 1356 994 1390 temporibus,

215 1404 275 1428 erat
290 1401 423 1428 servitura

250 1479 281 1506 V.
304 1480 347 1508 55,
362 1495 397 1500 -
410 1480 511 1507 Pedum
529 1481 661 1516 quendam.
677 1485 729 1508 etc.
753 1481 896 1517 Hippolyti.
915 1496 951 1501 —
967 1481 994 1509 In

214 1526 318 1554 visione
332 1527 469 1562 propheta:
483 1527 574 1554 decem
587 1534 689 1554 cornua
702 1527 856 1562 signiﬁcant
869 1527 941 1562 quod
955 1527 997 1554 fu-

214 1577 304 1599 turum
321 1577 372 1600 est.

251 1619 285 1646 ν,
302 1618 346 1645 51.
370 1633 405 1637 —
433 1617 544 1644 Videbo;
561 1617 600 1643 ita
619 1616 700 1643 donec
722 1615 851 1642 abscissus
866 1619 903 1641 est
920 1615 997 1649 lapis.

216 1663 361 1699 Hippolyti.
388 1663 504 1690 V'idebas
529 1662 607 1696 quasi
629 1661 745 1696 lapidem
769 1661 918 1688 abscissum
941 1661 999 1688 sine

216 1711 362 1743 manibus,
387 1713 414 1736 ct
445 1708 640 1743 percutientem
670 1711 786 1734 statuam
814 1714 894 1741 super
919 1707 999 1741 pedes

216 1757 295 1791 ejus;
319 1753 533 1788 inseparabiliter
555 1753 627 1779 enim
648 1752 794 1779 discretum
812 1756 854 1779 est
873 1759 888 1778 a
909 1752 999 1778 divino

216 1808 300 1835 regno
322 1807 434 1834 regnum
446 1799 605 1829 humanum,
620 1797 796 1832 quamobrem
812 1797 911 1825 dicitur
923 1797 999 1832 quasi

217 1847 361 1873 abscissum
374 1853 382 1872 :
397 1845 467 1872 icttts
487 1851 552 1871 vero
571 1844 598 1869 in
622 1842 794 1870 inferioribus
816 1843 845 1869 iit
867 1842 997 1877 partibus,

216 1897 243 1919 et
262 1892 288 1918 in
316 1891 369 1918 illis
390 1897 471 1918 omne
494 1897 606 1924 regnum
625 1888 740 1915 conterit
758 1888 829 1923 quod
856 1893 896 1915 est
917 1895 999 1922 super

217 1943 329 1964 terram.

255 1982 285 2010 V.
303 1982 346 2009 45.
362 1996 398 2001 ——
411 1980 446 2007 Et
464 1989 550 2008 verum
572 1985 610 2007 est
637 1981 775 2007 somniant.
803 1979 947 2015 Hippolyti.
966 1979 999 2006 Ut

217 2036 282 2064 ergo
298 2036 376 2055 nemo
390 2027 492 2054 dubitet
509 2034 542 2053 an
557 2027 616 2061 ejus
632 2027 702 2054 dicta
717 2035 779 2054 vera
794 2028 865 2060 sint,
882 2035 915 2054 an
933 2035 998 2060 non,

218 2075 363 2102 conlirmat
380 2081 411 2101 ea
428 2073 557 2108 propheta
578 2073 686 2100 dicens:
711 2073 744 2100 Et
768 2081 854 2100 verum
873 2078 910 2100 est
931 2081 999 2100 som-

218 2122 292 2148 nium
310 2125 335 2147 et
352 2119 438 2154 ﬁdelis
455 2118 635 2152 interpretatio
650 2118 706 2152 ejus
722 2118 802 2153 (Dan.
821 2119 905 2154 11,45)
922 2128 929 2146 :
946 2127 998 2146 non

219 2166 307 2194 erravi
319 2165 345 2192 in
361 2164 580 2199 interpretatione
593 2163 715 2191 visionis.

256 2211 287 2238 V.
303 2211 346 2238 46.
373 2210 445 2237 Tunc
464 2217 509 2236 rex
528 2207 769 2235 Nabuchodonosor
793 2209 883 2236 cecidit
904 2209 932 2236 in
957 2209 999 2244 [a-

219 2258 283 2284 ciem
297 2264 383 2283 suam.
400 2253 654 2290 llippolyti.—iluec
669 2253 781 2282 audiens
790 2253 1000 2282 Nabuchodono-

220 2309 277 2334 sor,
292 2309 353 2328 cum
367 2301 465 2328 somnii
478 2300 654 2332 meminisset,
665 2301 773 2334 agnOvit
784 2309 843 2336 qua:
857 2302 927 2329 dicta
942 2301 999 2328 fue-

220 2351 282 2373 rant
295 2354 310 2372 a
327 2345 445 2377 Daniele,
460 2345 598 2372 veritatem
615 2352 684 2373 esse.
704 2360 738 2365 -—
757 2345 891 2378 Quantum
913 2350 998 2381 potest

221 2391 307 2426 gratia
328 2391 375 2418 Dei
389 2411 397 2423 ,
417 2391 569 2418 charissimi
583 2411 591 2423 ,
607 2395 636 2418 ut
660 2391 749 2424 hunc,
770 2391 815 2426 qui
838 2392 917 2426 paulo
937 2396 998 2419 ante

222 2438 358 2473 periturus
375 2442 442 2470 erat,
458 2445 518 2465 cum
534 2437 638 2465 caeteris
667 2437 833 2472 sapientibus
856 2437 999 2472 Babylonis

223 2484 306 2516 hunc,
322 2484 442 2518 inquam,
459 2492 506 2510 rex
523 2491 575 2510 non
593 2487 623 2510 ut
634 2483 768 2510 hominem
782 2504 789 2517 ,
807 2484 853 2511 sed
870 2488 899 2510 ut
914 2483 998 2511 Deum

223 2530 332 2557 adoret!
350 2529 447 2556 Mauaa
465 2530 527 2565 (hoc
540 2534 580 2557 est
593 2530 619 2556 in
635 2529 729 2557 Chald.
747 2529 857 2564 hostias)
875 2533 899 2556 et
912 2530 999 2556 incen-

223 2584 282 2602 tum
298 2575 420 2610 praecepit
437 2579 466 2602 ut
486 2575 665 2610 sacriﬁcarent
683 2576 706 2602 ei
732 2576 781 2611 (ιι,
801 2576 857 2611 46).
882 2575 915 2602 Ει
935 2576 999 2603 olim

224 2620 308 2656 Moysi
323 2620 410 2647 simile
429 2621 635 2648 annuntiaverat
654 2621 783 2649 Dominus
805 2621 912 2648 dicens:
934 2620 1000 2647 Ecce

224 2667 346 2693 ronstitui
361 2671 385 2694 te
398 2666 473 2693 deum
488 2666 634 2693 Pharaonis
651 2666 748 2702 (Exod.
764 2675 801 2694 vtt
812 2688 820 2700 ,
842 2668 884 2702 1),
911 2672 939 2694 ut
955 2675 1001 2701 per

225 2712 301 2747 signa
312 2712 345 2739 ab
355 2720 387 2739 eo
402 2713 470 2740 facta
485 2713 510 2740 in
521 2717 592 2740 terra
604 2712 720 2748 Egypti,
735 2712 840 2748 Moyses
855 2720 908 2740 non
922 2712 1001 2740 homo

226 2764 372 2792 putaretur,
384 2763 430 2787 sed
445 2764 474 2787 ut
486 2760 553 2787 deus
567 2760 601 2787 ab
616 2759 747 2795 Egyptiis
759 2759 923 2787 adoraretur.

225 2813 275 2837 πος
298 2807 426 2844 νομισθῇ,
459 2807 514 2835 ἀλλ’
544 2807 581 2839 ὡς
602 2807 660 2839 θεὸς
692 2807 743 2834 ὑπὸ
765 2806 817 2834 τῶν
850 2806 1002 2841 Δίγδπτίων

1046 881 1130 908 ἔσται
1152 883 1261 917 ισχυρὰ
1283 884 1323 916 ὡς
1343 883 1476 917 σίδιιροςθ
1499 884 1535 911 ὃν
1548 887 1659 919 τρόπον
1672 887 1689 912 ό
1709 886 1836 919 σίδημς

1045 927 1185 954 λεπτύνει
1209 928 1258 955 καὶ
1283 928 1400 963 δαμάζει
1425 929 1531 962 πάντα,
1549 931 1643 964 οὕτως
1662 931 1769 958 πάντα
1789 934 1835 958 λε-

1046 972 1154 999 πτυνεῐ
1164 973 1213 1000 καὶ
1226 973 1360 1009 δαμάσει·
1375 975 1422 1002 καὶ
1444 975 1511 1011 μετὰ
1526 976 1575 1007 τὰς
1590 977 1745 1012 εἰρημένας
1762 977 1835 1004 ἁπα-

1048 1026 1096 1049 σας
1108 1019 1156 1054 τὴν
1166 1019 1213 1045 τοῦ
1224 1017 1292 1046 Θεοῦ
1307 1020 1441 1055 βασιλείαν
1457 1021 1500 1048 διὰ
1518 1022 1563 1048 τοῦ
1582 1022 1779 1058 συντρίϐοντος

1047 1064 1136 1090 πᾶσαν
1153 1065 1244 1091 εἰκόνα
1267 1064 1341 1091 λίθου
1361 1066 1576 1102 παρισταμένην·
1595 1068 1642 1094 καὶ
1659 1068 1674 1093 ὁ
1689 1069 1836 1103 προφήτης

1048 1108 1150 1135 τούτων
1173 1110 1325 1142 ἀκολούθως
1339 1111 1387 1146 τὴν
1409 1112 1454 1138 ἐπὶ
1466 1112 1537 1139 τέλει
1552 1112 1596 1139 τοῦ
1611 1113 1666 1139 τῶν
1680 1113 1754 1139 ὅλων
1770 1113 1836 1139 Θεοῦ

1048 1154 1184 1189 βασιλείαν
1198 1156 1227 1182 οὐ
1242 1157 1372 1192 πρότερον
1385 1157 1495 1192 θεωρεῖ,
1511 1158 1526 1193 ἦ
1542 1158 1590 1190 τὰς
1605 1159 1760 1194 εἰρημένας
1779 1159 1837 1185 τέτ-

1048 1207 1133 1235 σαρας
1158 1200 1314 1232 δυναστείας
1329 1201 1474 1237 διαγράψαι
1492 1203 1536 1229 τὸν
1552 1203 1630 1237 λόγον
1643 1203 1689 1230 διὰ
1705 1204 1764 1230 τῶν
1778 1212 1836 1229 τες-

1047 1245 1136 1280 σάρων
1153 1245 1254 1280 θηρίων
1265 1255 1271 1261 ·
1292 1246 1393 1273 τούτων
1409 1247 1437 1273 δὲ
1458 1248 1512 1274 τῶν
1531 1248 1672 1284 τεσσάρων
1690 1249 1836 1284 βασιλειῶν

1048 1291 1135 1324 μόνων
1157 1291 1204 1317 καὶ
1225 1291 1284 1318 οὐδὲ
1305 1292 1403 1328 ἐτέρων
1417 1294 1535 1329 ἡγοῦμαι
1547 1294 1596 1325 τὰς
1608 1296 1724 1329 ὁράσεις
1740 1296 1789 1322 καὶ
1802 1296 1837 1330 τῷ

1047 1337 1148 1373 βασιλεῖ
1171 1338 1217 1365 καὶ
1242 1338 1281 1373 τῷ
1302 1340 1428 1376 προφήτῃ
1451 1340 1593 1375 δεδεῖχθαι,
1609 1341 1654 1368 διὰ
1671 1341 1706 1368 τὸ
1725 1343 1838 1374 ταύταις

1045 1384 1280 1419 καταδουλωθῆναι
1295 1385 1325 1411 τὸ
1344 1385 1474 1412 Ἰουδαίων
1486 1386 1560 1418 ἔθνος
1570 1386 1623 1412 ἀπὸ
1635 1386 1694 1413 τῶν
1707 1388 1759 1414 τοῦ
1774 1397 1838 1424 προ-

1047 1430 1130 1465 φήτου
1145 1429 1257 1465 χρόνων.

1082 1475 1132 1509 λγ¹.
1151 1477 1181 1503 Ol
1202 1475 1303 1508 πόδες.
1324 1476 1492 1503 Ἱππολύτου.
1507 1477 1547 1503 Τὰ
1570 1478 1598 1504 ἐν
1621 1479 1655 1513 τῇ
1676 1479 1778 1513 ὁράσει
1795 1479 1838 1505 τοῦ

1049 1523 1185 1558 προφήτου
1200 1525 1214 1548 ι’
1227 1521 1330 1557 κέρατα
1346 1521 1379 1548 τὰ
1392 1522 1517 1557 μέλλοντα
1536 1523 1654 1550 ἔσεσθαι.

1084 1617 1128 1644 λδ’,
1148 1618 1292 1653 Ἐθεὼρεις
1303 1619 1358 1652 ἕως
1372 1617 1407 1647 οὗ
1421 1620 1530 1655 ἐτμήθη
1544 1621 1638 1654 λίθος.
1663 1622 1838 1649 Ἱππολύτου.

1055 1664 1197 1700 Ἐθεώρεις
1208 1665 1306 1691 ὡσανεὶ
1318 1665 1454 1701 τμηθέντα
1467 1666 1538 1692 λίθον
1553 1667 1583 1692 οὐ
1598 1666 1643 1693 διὰ
1661 1668 1781 1703 χειρῶν,
1797 1668 1839 1694 καὶ

1049 1709 1187 1746 πλήξαντα
1201 1711 1246 1737 τὸν
1259 1711 1401 1746 ἀνδριάντα
1414 1712 1460 1738 ἐπὶ
1479 1712 1541 1744 τοὺς
1555 1712 1637 1744 πόδας
1652 1713 1753 1740 αὑτοῦ·
1771 1715 1839 1751 ἀμε-

1051 1755 1147 1790 ρίστως
1163 1756 1215 1792 γὰρ
1227 1755 1357 1792 ἐμερίσθη
1373 1756 1424 1782 ἀπὸ
1438 1757 1486 1791 τῆς
1503 1757 1577 1789 θείας
1600 1758 1745 1792 βασιλείας
1763 1762 1782 1796 ἡ
1798 1762 1841 1787 ἁνη

1050 1799 1182 1836 θρωπίνη·
1199 1801 1266 1836 πρὸς
1278 1800 1355 1827 τοῦτο
1371 1799 1416 1827 οὖν
1433 1801 1462 1828 τὸ
1474 1802 1582 1829 ὡσανεὶ
1597 1804 1764 1837 τμηθέντα·
1783 1807 1801 1841 ἡ
1815 1806 1840 1832 δὲ

1050 1846 1139 1882 πληγὴ
1161 1846 1230 1873 κατὰ
1251 1846 1305 1873 τῶν
1327 1847 1483 1873 τελευταίων
1498 1848 1546 1882 μὲν
1563 1848 1683 1882 γίνεται,
1701 1851 1736 1876 ὲν
1749 1852 1842 1882 aia-.05;

1049 1892 1076 1917 δὲ
1093 1892 1140 1928 τὴν
1153 1893 1215 1927 ὅλην
1227 1892 1363 1927 βασιλείαν
1379 1893 1517 1929 συνέτριῧε
1529 1894 1577 1930 τὴν
1593 1894 1638 1920 ἐπὶ
1651 1895 1715 1930 γῆς.

1086 1983 1136 2015 με’.
1151 1980 1205 2006 Καὶ
1221 1980 1365 2013 ἀληθινὸν
1376 1981 1408 2007 τὸ
1422 1981 1572 2009 ἐνύπνιον.
1591 1982 1768 2011 Ἱππολύτου.
1786 1986 1842 2012 ’1·.ι

1050 2023 1096 2052 οὖν
1118 2026 1154 2061 μή
1171 2034 1213 2057 τις
1236 2025 1402 2062 δυσπιστήσῃ
1424 2027 1469 2053 ἐπὶ
1493 2029 1548 2059 τοῖς
1570 2029 1771 2064 εἰρημένοιςεί
1790 2032 1842 2065 ἄρα

1050 2072 1125 2099 ἔσται
1142 2072 1158 2108 ἢ
1182 2071 1224 2104 οῦ,
1245 2072 1443 2108 ὲπεσφράγισεν
1463 2073 1477 2099 ὁ
1493 2075 1634 2109 προφήτης
1656 2074 1767 2109 λέγων·
1788 2077 1842 2103 Κιιέ

1049 2118 1192 2151 ἀληθινδν
1216 2117 1250 2144 τὸ
1270 2117 1422 2149 ἐνύπνιον,
1446 2119 1494 2145 καὶ
1520 2119 1612 2153 πιστὴ
1631 2120 1650 2154 ή
1674 2122 1842 2156 σύγκρισις

1012 2175 1036 2203 D
1049 2163 1149 2190 αὐτοῦ·
1164 2163 1193 2189 οὺ
1208 2164 1355 2199 διήμαρτον
1368 2164 1396 2190 ὲν
1406 2165 1437 2199 τῇ
1452 2164 1498 2190 τοῦ
1515 2164 1640 2198 ὀφθέντος
1653 2166 1806 2203 ἑρμηνείᾳ.

1084 2212 1141 2244 με’.
1161 2209 1228 2236 Τότε
1243 2211 1259 2235 ι)
1275 2209 1425 2242 ,βασιλεὺς
1441 2210 1708 2245 Ναϐουχοδονόσορ
1725 2212 1843 2239 ἔπεσεν

1046 2255 1094 2281 ἐπὶ
1116 2255 1285 2289 πρόσωπον.
1316 2255 1482 2282 Ἱππολύτου.
1505 2255 1611 2282 Τούτων
1631 2256 1756 2289 ἀκούσας
1782 2259 1843 2284 Na-

1047 2301 1250 2336 ϐουχοδονόσορ,
1270 2301 1452 2336 ὑπομνησθεὶς
1477 2301 1521 2328 τοῦ
1552 2302 1696 2334 ἐνυπνίου,
1728 2303 1842 2338 ἐπέγνω

1047 2348 1086 2374 ὅτι
1106 2348 1153 2374 καὶ
1171 2347 1204 2374 τὰ
1221 2347 1386 2382 λελαλημένα
1399 2347 1450 2373 ὑπὸ
1463 2346 1510 2373 τοῦ
1528 2347 1625 2382 Δανιὴλ
1642 2348 1719 2374 ἐστὶν
1736 2349 1840 2384 ἀληθῆ.

1046 2393 1176 2420 -Πόσον
1200 2392 1285 2428 ἰσχύει
1297 2393 1376 2428 χάρις
1397 2392 1474 2424 Θεοῦ,
1494 2393 1639 2428 ἀγαπητοὶ,
1657 2394 1702 2420 ἵνα
1724 2395 1772 2421 τὸν
1788 2397 1842 2431 πρ)

1049 2438 1146 2475 μικροῦ
1169 2438 1297 2474 μέλλοντα
1319 2438 1486 2473 ἀναιρεῖσθαι
1516 2438 1584 2473 μετὰ
1604 2438 1659 2465 τῶν
1684 2440 1842 2467 ἐπιλοίπων

1049 2484 1139 2519 σοφῶν
1151 2484 1320 2516 Βαϐυλῶνος,
1333 2483 1426 2510 τοῦτον
1442 2485 1456 2510 ὁ
1474 2483 1598 2519 βασιλεὺς
1620 2484 1719 2519 μηκέτι
1737 2486 1778 2517 ὡς
1798 2487 1843 2513 ἄν·-

1048 2530 1165 2565 θρωπον,
1178 2529 1234 2556 ἀλλ’
1249 2529 1287 2561 ὡς
1298 2529 1363 2555 Θεὸν
1375 2529 1558 2566 προσκυνήσῃ.
1574 2545 1604 2549 -
1621 2531 1731 2556 Μαναὰ
1747 2531 1841 2564 (Chal—

1048 2576 1136 2606 daice,
1159 2575 1186 2601 h.
1206 2583 1231 2602 e.
1251 2574 1400 2609 θυσίασμα)
1418 2574 1467 2600 καὶ
1488 2574 1612 2607 εὐωδίας
1627 2573 1693 2602 εἶπε
1712 2576 1841 2603 σπεῖσαι

1052 2621 1140 2653 αὐτῷ·
1156 2621 1202 2648 καὶ
1216 2621 1269 2655 γὰρ
1286 2620 1368 2647 πάλαι
1385 2620 1423 2655 τῷ
1435 2621 1536 2655 Μωῡσῇ
1555 2621 1584 2646 τὸ
1604 2620 1697 2655 ὅμοιον
1711 2622 1843 2656 ἐπηγγεί-

1052 2667 1115 2693 λατο
1132 2668 1146 2693 ὁ
1166 2667 1266 2703 Κύριος
1276 2667 1371 2701 λέγων·
1391 2666 1463 2693 Ἰδοὺ
1480 2666 1593 2693 δέδωκὰ
1605 2674 1642 2693 σε
1655 2668 1698 2700 εις
1715 2668 1786 2694 θεὼ·
1800 2668 1843 2700 τῷ

1052 2712 1163 2747 Φαραὼ·
1178 2713 1220 2739 ἴνα
1238 2712 1282 2739 διὰ
1303 2713 1356 2739 τῶν
1377 2712 1497 2747 σημείων
1519 2712 1573 2739 τῶν
1595 2713 1641 2739 ὑπ’
1659 2713 1743 2740 αὐτοῦ
1762 2723 1835 2748 τινοΔ

1054 2759 1141 2794 μένων
1167 2760 1195 2785 ἐν
1230 2760 1265 2794 γῇ
1300 2759 1436 2792 Αἰγύπτου
1459 2758 1556 2793 μηκέτι
1584 2758 1715 2798 Μωίσῆς
1733 2759 1829 2795 ᾰνῦρω

1031 2806 1213 2842 προσκυνηθῇ.
