1860 3051
20 75 23 90 ¹
44 86 95 113 οττ

636 89 785 118 ΞΕΗΟΗΑ
805 91 839 119 ΙΝ
859 92 1041 121 DANIELEM.

1602 100 1653 127 673

80 147 134 180 μην.
156 145 211 171 Km
231 143 413 180 ἐμεγάλυνεν
435 147 452 172 ὀ
471 146 618 180 ,Βασιλεὺς
630 147 683 174 τὸν
700 149 811 182 Δανιὴλ

912 149 942 176 ν.
961 151 1005 177 48.
1023 165 1057 170 ——
1076 150 1146 177 Tunc
1165 159 1210 178 rea:
1227 150 1361 178 Danielem
1378 152 1406 179 in
1426 152 1535 180 sublime
1548 156 1652 182 extulit.

49 189 216 218 Ἱππολύτου.
238 190 344 226 Ἐπειδὴ
365 192 419 227 γὰρ
446 192 525 224 αὐτὸς
552 192 645 220 ἑαυτὸν
663 194 819 230 ἐσμίκρυνε,

43 236 90 263 καὶ
110 236 248 271 ἐλάχιστον
270 238 343 271 παρὰ
371 238 472 269 πάντας
490 238 647 274 ἀνθρώπους
666 237 734 266 εἶναι
754 240 820 267 ἀπε-

42 281 154 316 φήνατο,
167 281 284 318 ηὔξησεν
294 283 373 309 αὐτὸν
387 283 401 308 ὁ
415 283 489 316 Θεὸς,
505 284 554 310 καὶ
567 285 752 320 κατέστησεν
766 287 819 313 αὺ-

39 326 94 353 τὸν
110 329 125 354 ὁ
139 327 264 362 βασιλεὺς
282 327 411 362 ἄρχοντα
431 328 531 363 πάσης
549 328 602 363 τῆς
614 329 711 364 χώρας
726 331 819 357 Βαϐυ-

39 371 145 405 λῶνος’
161 372 189 399 ὃν
201 373 299 408 τρόπον
314 373 422 408 ἐποίησε
439 374 485 400 καὶ
505 376 518 401 ὁ
533 375 631 410 Φαραὼ
645 375 689 402 τὸν
711 375 818 412 Ἰωσὴφ,

40 418 100 445 τότε
119 420 291 455 καταστήσας
315 419 395 446 αὑτὸν
416 420 532 455 ἄρχοντα
554 422 642 458 πάσης
664 422 711 458 τῆς
737 423 818 457 Αἰγύ-

41 472 120 491 πτου.

76 509 129 544 μθ’.
144 510 198 537 Kal
221 509 332 544 Δανιὴλ
355 511 496 544 ᾐτήσατο.
520 512 688 540 Ἱππολύτου.
711 514 819 550 Ἐπειδὴ

39 555 93 590 γὰρ
120 556 197 582 αὐτοὶ
217 557 245 582 ἐν
269 558 302 592 τῇ
322 559 454 592 προσευχῇ
475 559 702 594 συνηγορεύσαντο
713 560 750 595 τῷ
768 561 819 587 Δοι-

37 601 98 635 νιὴλ
117 601 186 636 πρὸς
204 602 249 628 τὸν
265 602 330 628 Θεὸν
342 603 383 629 ἵνα
396 603 425 629 τὸ
441 605 530 639 ὅραμα
543 605 615 640 αὐτῷ
631 606 816 642 ἀποκαλυφθῇ,

37 646 86 672 καὶ
98 647 179 677 αὐτὸς
192 647 289 682 Δανιὴλ
300 647 376 679 ἀξίαν
389 648 470 683 τιμὴν
486 648 573 675 λαϐὼν
590 650 663 685 παρὰ
679 651 725 676 τοῦ
740 651 816 686 βασις

36 691 106 722 λέως
122 692 245 728 ἐμνήσθη
258 693 369 724 τούτων,
383 694 545 729 ἀναθέμενος
560 695 598 731 τῷ
613 696 713 730 βασιλεί
728 697 756 723 τὸ
773 697 818 733 ἔρ-

37 746 86 772 γον
100 738 130 764 τὸ
145 739 190 764 ὑπ’
214 739 301 765 αὐτῶν
317 741 506 775 γεγενημένον,
524 741 566 767 ἵνα
582 742 629 769 καὶ
648 742 724 768 αὐτοὶ
736 744 817 778 τιμῆς

36 783 108 814 τινὸς
122 783 271 816 ἀξιωθῶσιν
283 785 319 816 ὼς
337 785 492 821 συμμύσται
507 787 552 813 καὶ
568 787 700 819 θεοσεϐεῖς
711 789 815 824 ἄνδρες·

871 194 1017 231 Hippolyti.
1042 195 1175 229 Quoniam
1193 204 1252 224 sese
1271 197 1456 230 humiliasset,
1479 203 1506 225 et
1526 200 1654 228 minimus

871 242 939 276 apud
955 249 1048 269 omnes
1066 242 1188 269 homines
1201 242 1380 277 apparuisset,
1397 244 1578 278 magniﬁcavil
1591 254 1652 272 eum

872 285 958 318 Deus,
973 291 996 312 et
1009 287 1143 313 constituit
1158 295 1215 313 eum
1235 295 1282 314 rex
1305 288 1447 322 principem
1467 297 1544 323 super
1567 298 1654 317 anznex
1679 319 1681 323 Α

868 332 1014 366 provincias
1032 332 1173 367 Babylonis
1185 332 1264 368 (Dan.
1287 341 1324 365 ιι,
1345 333 1401 367 48).
1419 333 1651 366 Quemadmodum

869 376 975 403 Pharao
1012 378 1188 422 constituerat
1229 377 1328 412 Joscph
1370 380 1519 414 principem
1562 381 1652 408 omnis

870 421 988 458 [EgyptL

915 518 940 542 1,
963 511 1008 537 49.
1032 525 1066 530 —
1087 510 1180 537 Daniel
1209 515 1296 537 autem
1324 512 1477 545 postulauit.
1504 512 1649 548 Hippolyti.

869 556 1001 589 Quoniam
1015 556 1121 591 quidem
1137 557 1187 591 ipsi
1202 557 1240 590 (h.
1258 564 1283 584 e.
1300 556 1423 590 Sidi-ach,
1435 557 1546 589 Misaeh,
1562 559 1650 585 Abde-

868 602 953 637 nago)
971 601 996 628 in
1011 601 1178 628 orationibus
1192 602 1461 635 postularerantcum
1472 602 1564 630 Daniel
1580 604 1649 637 apud

868 647 967 679 Deum,
984 652 1013 674 ut
1026 647 1155 673 visionem
1177 647 1214 673 illi
1232 647 1465 680 manifestaretur,
1488 653 1513 674 et
1527 648 1583 682 ipse
1598 648 1650 674 Da-

867 693 920 719 niel
939 692 1042 727 justum
1059 692 1186 719 honorem
1204 693 1338 727 accipiens
1354 703 1367 719 a
1383 701 1443 727 rege
1455 714 1462 726 ,
1484 700 1576 720 eorum
1591 701 1649 720 me-

868 738 955 771 minit,
977 744 1091 764 narrans
1108 737 1163 771 regi
1184 745 1252 771 opus
1266 738 1299 765 ab
1316 738 1355 765 eis
1375 739 1486 770 factum,
1508 743 1536 765 ut
1553 744 1579 765 et
1597 740 1648 774 ipsi

868 783 970 810 honore
980 783 1052 817 digni
1066 783 1238 816 haberentur,
1261 783 1333 810 velut
1346 789 1499 819 symmysta:
1514 789 1539 810 et
1563 784 1646 811 Deum

35 830 212 864 αἰτησάμενοι
233 830 287 866 γὰρ
302 830 336 857 τὰ
352 831 498 866 ἐπουράνια
512 832 586 871 παρὰ
599 833 711 868 Κυρίου,
722 834 814 870 ἔτυχον

901 829 985 855 lentes
1002 828 1061 854 viri.
1085 827 1136 860 Qui
1152 836 1213 855 cum
1229 829 1411 863 postulassent
1429 838 1444 856 a
1462 829 1576 856 Domino
1594 838 1649 857 cce-

35 876 83 902 καὶ
97 876 152 902 τῶν
164 876 291 910 ἐπιγείων
304 877 378 912 παρὰ
391 877 436 904 τοῦ
453 878 593 913 βασιλέως.

360 924 436 950 ΚΕΦ.
457 925 492 950 Γ¹.

72 966 104 993 α’.
125 967 234 1001 Ἔτους
253 968 510 996 ὀκτωκαιδεκάτου.
534 970 698 998 Ἱππολύτου.
711 972 813 1008 Χρόνου

36 1013 85 1047 μὲν
101 1011 148 1040 οῦν
165 1013 256 1040 ἱκανοῦ
267 1015 456 1051 διαδραμόντος
470 1017 515 1043 καὶ
528 1018 717 1053 ἐπιγενομένου
730 1019 814 1046 ὀκτω-

35 1059 196 1085 καιδεκάτου
213 1060 298 1092 ἔτους,
323 1060 504 1096 ὑπομνησθεὶς
519 1063 532 1089 ὁ
550 1063 673 1098 βασιλεὺς
688 1064 733 1090 τοῦ
754 1066 814 1091 ἐνυ-

35 1105 111 1131 πνίου
138 1105 237 1137 αὐτοῦ,
260 1106 402 1140 ἐποίησεν
426 1109 525 1134 εἰκόνα
549 1109 677 1144 χρυσῆν,
699 1110 732 1136 τὸ
756 1111 814 1145 μὲν

34 1150 114 1184 oga-oc
138 1152 258 1186 πήχεων
277 1151 311 1184 ξ’,
327 1153 359 1179 τὸ
378 1153 412 1179 δὲ
428 1152 514 1188 εὖρος
529 1155 648 1189 πήχεων
662 1155 705 1187 ἕξ·
721 1157 812 1193 ἐπειδὴ

34 1196 89 1231 γὰρ
100 1197 115 1222 ὁ
132 1197 266 1232 μακάριος
284 1197 381 1232 Δανιὴλ
401 1199 429 1225 ἐν
447 1198 485 1234 τῷ
500 1201 596 1226 συνιεῖν
613 1201 691 1227 αὐτὸν
706 1201 736 1228 τὸ
752 1201 812 1228 ἐνύ-

33 1249 110 1268 πιιον
122 1241 259 1276 ἀπεκρίθη
275 1241 313 1277 τῷ
331 1242 433 1276 βασιλεῖ
449 1243 545 1277 λέγων,
563 1244 603 1270 Σὺ
618 1243 647 1271 εἷ
663 1246 682 1279 ἡ
697 1246 812 1280 κεφαλὴ

32 1287 52 1320 ’ἡ
68 1285 170 1320 χρυσῆ
187 1286 236 1321 τῆς
248 1287 358 1319 εἰκόνος,
373 1288 400 1313 ὲν
417 1287 501 1322 τούτῳ
522 1288 560 1323 τῷ
577 1288 647 1324 λόγῳ
670 1290 812 1324 φυσιωθεὶς

32 1332 47 1357 ὁ
60 1330 187 1366 βασιλεὺς
201 1331 247 1357 καὶ
269 1332 301 1366 τῇ
319 1331 415 1367 καρδίᾳ
431 1331 568 1367 ἐπαρθεὶς,
585 1332 728 1359 ἀντίτυπον
749 1333 813 1360 ταύ-

32 1386 84 1413 της
99 1377 193 1404 εἰκόνα
206 1377 340 1413 εποίησεν,
357 1378 400 1405 ἵνα
412 1378 449 1410 ὠς
463 1378 522 1409 θεὸς
541 1379 592 1405 ὑπὸ
606 1379 712 1406 πάντων
731 1388 813 1415 προσ-

34 1423 160 1458 κυνῆται.
167 1452 170 1456 ,

68 1469 101 1501 ζ’.
118 1469 278 1501 Πίπτοντες
295 1470 321 1495 οι
331 1469 410 1496 λαοί,
429 1469 594 1497 Ἱππολύτου.
612 1471 688 1503 Τινὲς
703 1471 750 1506 μὲν
763 1472 812 1498 αύ-

30 1515 78 1542 τὶν
94 1515 141 1542 τὸν
163 1515 272 1549 βασιλέα
293 1515 468 1550 φοϐούμενοι·
486 1516 510 1542 οἱ
529 1516 557 1542 δὲ
578 1517 676 1548 πάντες
690 1517 813 1545 ίδωλολάο

30 1569 94 1598 spat
121 1560 270 1595 γενόμενοι,
287 1560 421 1596 ὑπήκουον
442 1560 481 1596 τῷ
503 1562 604 1596 ῥήματι
620 1561 658 1596 τῷ
671 1561 723 1588 ὑπὸ
739 1562 814 1596 βασι-

30 1606 98 1638 λέως
108 1606 344 1642 προστεταγμένῳ.

67 1655 115 1684 ις’.
132 1652 187 1678 Kal,
208 1652 412 1686 ἀπεκρίθησαν
435 1651 559 1687 Σεδρὰχ,
581 1653 693 1687 Μισὰχ,
721 1653 814 1680 Ἀϐδε-

30 1698 122 1733 farti).
154 1697 322 1724 Ἱππολύτου.
349 1698 380 1724 Ui.
400 1698 428 1724 δὲ
452 1700 526 1733 τρεῖς
547 1699 639 1730 παῖδες
663 1700 813 1735 ὑπόδειγμα

31 1745 116 1770 πᾶσιν
143 1743 296 1779 ἀνθρώποις
327 1745 431 1775 πιστοῖς
461 1744 605 1779 γινόμενοι,
637 1745 733 1777 οἵτινες
763 1746 813 1772 ούκ

29 1790 108 1825 ὄχλον
130 1789 276 1825 σατραπῶν
299 1789 480 1825 εφοϐήθησαν,
494 1790 553 1817 οὐδὲ
568 1790 602 1817 τὰ
614 1789 660 1817 τοῦ
678 1791 811 1825 βασιλέως

29 1837 62 1871 ρή
68 1831 144 1870 ματα
157 1835 321 1867 ἀκούσαντες
336 1835 495 1868 ἐδειλίασαν,
509 1836 567 1862 οὐδὲ
586 1836 614 1863 τὺ
632 1837 686 1872 πῦρ
700 1837 748 1872 τῆς
761 1846 811 1863 κα-

29 1882 110 1917 μίνου
135 1881 281 1917 καιομένης
303 1882 401 1913 ειδότες
422 1881 550 1917 ἔπτηξαν,
567 1883 634 1909 ἀλλά
648 1883 755 1910 πάντων
767 1884 813 1910 ἁν-

27 1926 149 1963 θρώπων
173 1927 219 1953 καὶ
242 1927 301 1953 ὅλου
326 1927 372 1954 τοῦ
396 1927 497 1962 κόσμου
524 1928 744 1964 κατεφρόνησαν,
767 1928 811 1955 τὸν

28 1973 113 2007 φόϐον
141 1973 187 1999 τοῦ
214 1973 280 1999 Θεοῦ
306 1973 385 2008 μόνον
409 1973 461 2009 πρὸ
485 1973 628 2009 ὀφθαλμῶν
655 1974 808 2009 ἐσχηκότες·

27 2019 142 2050 τούτους
166 2018 264 2053 Δανιὴλ
290 2018 424 2054 μακρόθεν
449 2018 534 2050 ἑστὼς
554 2020 601 2046 καὶ
620 2019 727 2046 σιωπῶν
744 2019 810 2055 Θαρ-

28 2066 86 2099 ρεῑν
100 2064 223 2090 ἐδίδασκε
242 2064 350 2099 μειδιῶν
367 2065 434 2100 πρὸς
455 2065 570 2096 αὐτούς’
591 2065 692 2101 χαίρων
713 2066 741 2092 δὲ
765 2067 810 2092 καὶ

26 2110 109 2141 αὐτὸς
125 2110 173 2136 ἐπὶ
192 2111 224 2145 τῇ
239 2110 339 2136 τούτων
353 2111 500 2146 μαρτυρίᾳ,
511 2111 609 2147 ἐνορῶν
625 2112 697 2147 τρεῖς
714 2111 810 2143 παῖδας

28 2155 178 2190 μέλλοντας
189 2154 258 2181 κατά
275 2155 397 2181 διαϐόλου
413 2155 616 2190 στεφανοῦσθαι.

63 2200 106 2228 te’.
125 2200 182 2227 Καὶ
196 2198 280 2226 εἶπεν
293 2200 438 2227 ἐκκαῦσαι
452 2200 508 2234 τὴν
522 2200 646 2235 κάμινον
659 2201 810 2228 ἑπταπλα-

27 2247 113 2280 σὶως.
139 2246 306 2272 Ἱππολύτου.
323 2247 445 2282 Κάμινόν
459 2254 490 2280 γε
505 2246 568 2272 εῖδει
584 2247 754 2282 παμμεγέθει
768 2247 811 2273 λέ-

27 2301 71 2325 γει
93 2291 232 2319 ἐκκαῦσαι
266 2292 474 2323 ἑπταπλασίως,
497 2292 604 2323 πάντως
631 2292 669 2324 ὡς
692 2292 741 2328 ἤδη
765 2292 810 2319 ὑπ’

27 2338 120 2365 αὐτῶν
144 2337 307 2374 ἡττώμενος·
330 2339 358 2364 ὲν
377 2338 427 2373 μὲν
442 2335 488 2364 οὖν
504 2339 559 2369 τοῖς
582 2337 710 2372 ἐπιγείοις
726 2338 810 2373 ὑπερ-

29 2385 139 2419 ίσχυσεν
161 2385 175 2410 ό
196 2383 338 2418 βασιλεύς·
361 2384 389 2409 ὲν
405 2382 432 2409 δὲ
453 2384 486 2418 τῇ
501 2383 590 2409 πίστει
605 2384 637 2418 τῇ
655 2383 722 2418 πρὸς
746 2383 811 2410 Θεὸν

27 2430 216 2465 ὑπερίσχυσαν
231 2429 255 2455 οί
269 2429 342 2463 τρεῖς
358 2429 461 2460 παῖδες.
471 2429 581 2455 -ιΕῑπέ
600 2437 655 2464 μοι,
671 2429 810 2464 Ναϐουχο-

25 2475 150 2511 δονόσορ,
160 2475 214 2501 τίνι
231 2475 302 2510 λόγῳ
322 2475 478 2511 δεδεμένους
491 2474 611 2506 κελεύεις
625 2475 754 2511 βληθῆναι
771 2477 811 2508 εἰς

26 2521 56 2547 τὸ
74 2521 148 2557 πῦρ;
165 2521 263 2556 μήπως
279 2520 412 2555 φύγωσιν,
427 2522 452 2547 ει
464 2521 602 2556 λελυμένοι
619 2522 673 2553 τοῖς
687 2522 764 2548 ποσὶν
779 2521 811 2547 τὸ

27 2566 84 2602 πῦρ
100 2566 328 2599 κατασϐέσουσιν;
345 2567 401 2594 ἀλλ’
425 2567 454 2594 οὐ
477 2567 508 2593 σὺ
530 2564 569 2599 εἷς
594 2567 607 2593 ό
626 2567 713 2594 ταῦτα
729 2569 811 2603 ἐργα-

28 2611 154 2646 ζόμενος,
175 2611 231 2638 ἀλλ’
248 2612 340 2646 ἕτερος
351 2613 379 2639 ὲν
393 2613 433 2639 σοὶ
443 2612 529 2640 ταῦτα
543 2613 671 2648 ἐνεργῶν.

63 2657 118 2693 μζ.
138 2657 192 2684 Kal
210 2657 335 2692 διεχεῖτο
349 2659 367 2692 ἡ
382 2659 470 2692 φλόξ.
495 2659 661 2686 Ἱππολύτου.
685 2658 811 2685 Ἐλασθὲν

25 2704 90 2738 γὰρ,
109 2704 190 2739 φησὶ,
204 2704 233 2730 τὸ
256 2704 311 2739 πῦρ
333 2704 434 2732 ἔσωθεν
457 2705 509 2731 ὑπὸ
531 2705 577 2732 τοῦ
600 2705 734 2739 ἀγγέλου,
759 2705 811 2737 ἔξω

27 2749 172 2782 ἐξέϐλυσεν
183 2757 190 2764 ·
206 2750 287 2785 ὁρᾶτε
310 2749 368 2782 πῶς
382 2750 446 2777 αὐτὸ
459 2751 488 2776 τὺ
505 2750 560 2786 πῦρ
576 2751 705 2786 φρόνιμον
725 2751 811 2786 ὑπάρ-

26 2802 78 2827 χει,
96 2793 281 2828 ἑπιγινῶσκον
296 2795 343 2822 καὶ
356 2795 469 2827 κολάζον
485 2796 547 2827 τοὺς
561 2796 662 2827 αἰτίους
672 2805 678 2811 ·
693 2795 746 2822 τῶν
761 2796 809 2831 μὲν

866 874 953 906 lestia,
967 874 1128 902 invenerunt
1141 883 1156 902 ιι
1172 883 1233 910 rege
1246 878 1394 902 terrestria.

1196 921 1261 948 CAP
1282 921 1324 948 Ill.

898 965 932 993 ν.
946 967 1093 994 1.-Αηηο
1108 968 1207 994 decimo
1221 973 1322 994 octavo.
1334 967 1489 1004 {llaecverba
1500 968 1525 994 in
1535 967 1649 1002 Vulgata

863 1012 982 1048 desunt.)
1005 1006 1148 1049 Hippolyti.
1165 1028 1201 1045 ——,
1219 1012 1350 1048 Tempore
1372 1014 1478 1048 quidem
1503 1013 1649 1040 suﬂiciente

864 1058 965 1093 elapso,
979 1063 1005 1086 et
1018 1066 1089 1085 anno
1103 1059 1208 1086 decimo
1223 1063 1317 1085 octavo
1328 1064 1462 1090 currente,
1482 1066 1586 1085 memor
1602 1067 1648 1085 rex

864 1105 963 1130 somnii
991 1105 1050 1136 sui,
1079 1105 1140 1139 fecit
1165 1109 1282 1131 statuam
1308 1112 1415 1131 auream
1441 1103 1580 1130 altitudine
1603 1112 1648 1130 cu-

864 1149 976 1176 bitorum
1000 1150 1154 1184 sexaginta,
1180 1150 1319 1176 latitudine
1342 1150 1488 1176 cubitorum
1504 1158 1549 1176 sea:
1566 1149 1647 1181 (Dan.

864 1202 906 1226 Ill,
927 1196 938 1221 1
962 1195 982 1230 ).
1012 1194 1146 1228 Quoniam
1169 1196 1264 1224 beatus
1286 1196 1379 1223 Daniel
1416 1203 1477 1223 cum
1503 1196 1649 1230 explicaret

863 1238 1016 1269 somnium,
1042 1240 1215 1273 responderat
1241 1241 1296 1275 regi
1309 1241 1417 1268 dicens:
1437 1241 1475 1266 Tu
1493 1249 1518 1267 es
1535 1246 1645 1275 caput...

863 1292 968 1311 aureum
987 1284 1066 1320 (Dan.
1084 1294 1120 1316 ιι,
1138 1286 1183 1320 58)
1197 1290 1310 1319 statuae;
1329 1287 1401 1313 hunc
1414 1294 1567 1314 sermonem
1585 1295 1646 1314 eum

863 1331 991 1362 audisset,
1008 1332 1134 1365 superbia
1151 1337 1258 1359 tumens
1274 1340 1321 1359 rex
1333 1353 1340 1365 ,
1361 1338 1387 1359 et
1411 1333 1436 1359 in
1453 1333 1532 1359 corde
1548 1334 1645 1365 elatus,

864 1376 925 1403 huic
940 1377 1053 1404 similem
1070 1382 1186 1404 statuant
1207 1378 1270 1404 fecit
1283 1397 1290 1410 ,
1311 1384 1340 1404 ut
1360 1379 1437 1412 quasi
1456 1378 1523 1405 deus
1538 1378 1571 1405 ab
1586 1386 1646 1405 om-

863 1421 943 1448 nibus
958 1422 1125 1449 adoraretur.

901 1468 932 1494 V.
947 1467 971 1493 7.
986 1482 1022 1488 -
1037 1468 1164 1495 Cadentes
1191 1477 1279 1495 omnes
1294 1468 1394 1503 populi.
1411 1467 1555 1504 Hippolyti.
1580 1468 1646 1502 Qui-

864 1513 924 1540 dam
941 1521 995 1548 ιπιὲ
1009 1514 1104 1541 timore
1125 1515 1205 1549 regis,
1228 1514 1350 1548 plerique
1367 1519 1457 1541 autem
1486 1515 1645 1542 idololatriae

865 1558 971 1592 aﬂ‘ectu,
986 1559 1146 1586 obedierunt
1161 1560 1234 1594 regio
1248 1560 1368 1587 decreto.

899 1657 931 1685 V.
950 1658 993 1685 16.
1005 1673 1040 1677 -
1051 1657 1239 1692 Respondentes
1261 1657 1384 1690 Sitlrach,
1401 1657 1513 1692 Misach,
1528 1663 1553 1686 et
1563 1659 1646 1686 Abde-

863 1712 939 1739 nago.
957 1703 1101 1739 Hippolyti.
1120 1703 1186 1731 Tres
1200 1704 1277 1739 pueri
1289 1705 1441 1738 cxcxnplum
1456 1705 1582 1731 omnibus
1596 1706 1646 1732 ho-

862 1749 980 1776 minibus
997 1750 1119 1776 ﬁdelibus
1133 1754 1206 1782 sunt,
1222 1750 1268 1784 qui
1287 1758 1341 1776 non
1354 1750 1459 1776 turbam
1475 1754 1644 1786 satraparum

864 1795 1030 1828 timuerunt,
1049 1802 1136 1829 neque
1155 1795 1225 1830 regis
1246 1795 1334 1822 edicta
1361 1795 1502 1822 audientes
1525 1802 1644 1823 tremue-

862 1844 943 1872 runt,
977 1848 1064 1875 neque
1096 1841 1184 1875 ignem
1215 1840 1334 1867 fornacis
1370 1841 1490 1868 ardentis
1521 1841 1645 1869 videntes

860 1886 1004 1913 formidine
1014 1886 1091 1920 _capli
1111 1890 1193 1917 sunt,
1218 1886 1263 1913 sed
1276 1894 1370 1913 omnes
1387 1887 1509 1914 homines
1530 1891 1558 1914 ct
1584 1887 1645 1914 uni-

859 1939 967 1959 versum
986 1932 1115 1958 mundum
1130 1936 1368 1966 contempserunt,
1385 1932 1507 1959 timorem
1528 1932 1575 1959 Dei
1594 1939 1643 1962 so-

861 1978 1000 2006 lummodo
1013 1986 1070 2014 prie
1083 1978 1168 2005 oculis
1181 1979 1311 2005 habentes
1326 1987 1331 2005 :
1348 1980 1398 2006 hos
1413 1979 1526 2013 juvenes
1551 1978 1644 2005 Daniel

861 2033 875 2053 a
891 2025 968 2060 longe
980 2030 1054 2053 stans
1068 2030 1095 2052 et
1112 2024 1248 2052 silentium
1264 2032 1387 2056 servans,
1404 2025 1504 2051 bonum
1522 2025 1643 2052 animum

861 2071 960 2098 habere
985 2070 1105 2103 monuit,
1124 2070 1265 2096 subridens
1283 2070 1346 2097 illis.
1361 2069 1478 2096 Laetatus
1496 2075 1536 2096 est
1551 2074 1642 2096 autem

860 2121 888 2143 et
902 2117 958 2151 ipse
973 2124 1053 2151 super
1071 2116 1178 2143 illorum
1192 2116 1323 2150 martyrio
1333 2136 1340 2148 ,
1362 2115 1454 2142 videns
1467 2119 1519 2142 tres
1532 2122 1641 2149 pueros,

825 2162 847 2189 D
862 2162 990 2188 adversus
1004 2161 1140 2188 diabolum
1154 2168 1282 2187 coronam
1298 2167 1465 2194 accepturos.

898 2207 930 2234 V.
946 2207 987 2234 l9.
1002 2221 1035 2226 —
1053 2206 1087 2233 Et
1103 2207 1225 2242 praecepit
1241 2211 1268 2232 at
1285 2207 1484 2233 atrocem/eretur
1496 2205 1592 2240 fornaa:
1607 2214 1643 2232 w-

861 2253 991 2288 ptuplum.
1010 2252 1156 2288 Hippolyti.
1175 2253 1324 2280 Fornacem
1340 2252 1448 2287 quidem
1471 2252 1528 2278 visu
1547 2251 1643 2278 imma-

861 2306 923 2325 nem
944 2299 1025 2333 jussit
1043 2298 1152 2326 accendi
1173 2298 1335 2333 septuplum,
1354 2302 1383 2324 ut
1397 2297 1452 2331 jam
1472 2297 1583 2324 omnino
1607 2297 1642 2324 ab

861 2343 914 2370 illis
939 2344 1076 2377 devictus;
1107 2345 1134 2371 in
1169 2344 1341 2372 terrestribus
1368 2343 1476 2378 quidem
1506 2343 1642 2378 potentior

860 2395 929 2422 erat,
940 2390 965 2417 in
981 2390 1032 2417 ﬁde
1047 2398 1109 2418 vero
1124 2390 1212 2418 divina
1225 2390 1354 2425 majorem
1370 2389 1423 2416 vim
1439 2389 1573 2416 habebant
1586 2393 1641 2416 tres

861 2434 947 2468 pueri.
966 2434 1014 2462 Dic
1032 2435 1110 2465 mihi.
1124 2433 1385 2466 Nabuchodonosor,
1397 2441 1450 2468 quo
1467 2433 1581 2460 consilio
1608 2433 1641 2459 li-

861 2485 938 2514 gatos
951 2480 1030 2515 jubes
1044 2480 1139 2516 projici
1161 2481 1188 2507 in
1213 2481 1321 2515 ignem?
1337 2479 1375 2507 Ne
1393 2479 1513 2514 fugiant,
1541 2479 1564 2506 si
1593 2486 1640 2506 so-

861 2527 910 2554 luti
930 2527 1043 2562 pedibus
1062 2527 1150 2561 ignem
1169 2526 1364 2553 exstinxerint?
1388 2526 1440 2553 Sed
1458 2534 1512 2554 non
1536 2531 1564 2553 tu
1584 2526 1641 2553 haec

860 2572 938 2606 iacis,
954 2573 1000 2601 sed
1014 2573 1083 2600 alius
1095 2573 1121 2599 in
1136 2577 1172 2605 te,
1190 2572 1247 2599 haec
1261 2576 1348 2599 tecum
1363 2571 1475 2599 iaciens.

897 2658 929 2685 V.
943 2658 987 2685 47.
1000 2673 1035 2678 —
1050 2657 1084 2684 Et
1098 2657 1279 2692 effundebatur
1294 2657 1412 2692 ﬂamma.
1428 2656 1574 2692 Hippolyti.
1589 2657 1642 2684 Ex-

861 2705 968 2739 pulsum
994 2704 1065 2730 enim
1091 2708 1185 2731 narrat
1205 2704 1293 2739 ignem
1314 2711 1348 2731 ex
1370 2703 1498 2729 interiore
1513 2707 1588 2737 parte
1607 2704 1642 2731 ab

862 2750 967 2784 angelo,
981 2749 1008 2775 in
1019 2749 1133 2777 circuitu
1149 2754 1300 2777 cructasse:
1316 2749 1403 2776 videte
1418 2749 1555 2783 quomodo
1571 2749 1640 2783 ignis

862 2796 920 2831 ipse
936 2795 1087 2830 intelligens
1107 2800 1163 2828 est;
1189 2795 1327 2831 cognoscit
1347 2798 1373 2822 et
1395 2793 1472 2829 punit
1493 2798 1638 2821 nocentes:
