  <div class='ocr_page' id='page_1' title='image "/cluster/home/n/w/nwhite01/storage/ocr_20150623/10/njp.32101077772406/383.png"; bbox 0 0 1860 3051; ppageno 0'>
   <div class='ocr_carea' id='block_1_1' title="bbox 216 89 267 119">
    <p class='ocr_par' dir='ltr' id='par_1_1' title="bbox 216 89 267 119">
     <span class='ocr_line' id='line_1_1' title="bbox 216 89 267 119; baseline -0.039 0"><span class='ocrx_word' id='word_1_1' title='bbox 216 89 267 119; x_wconf 81' lang='lat'><strong>679</strong></span> 
     </span>
    </p>
   </div>
   <div class='ocr_carea' id='block_1_2' title="bbox 685 82 1414 115">
    <p class='ocr_par' dir='ltr' id='par_1_2' title="bbox 685 82 1414 115">
     <span class='ocr_line' id='line_1_2' title="bbox 685 82 1414 115; baseline -0.005 -1"><span class='ocrx_word' id='word_1_2' title='bbox 685 88 713 115; x_wconf 88' lang='lat' dir='ltr'><strong>S.</strong></span> <span class='ocrx_word' id='word_1_3' title='bbox 738 85 914 114; x_wconf 81' lang='lat' dir='ltr'><strong>HIPPOLYTI</strong></span> <span class='ocrx_word' id='word_1_4' title='bbox 932 85 1006 113; x_wconf 83' lang='lat' dir='ltr'><strong>OPP.</strong></span> <span class='ocrx_word' id='word_1_5' title='bbox 1026 84 1115 112; x_wconf 79' lang='lat' dir='ltr'><strong>PARS</strong></span> <span class='ocrx_word' id='word_1_6' title='bbox 1130 83 1148 111; x_wconf 93' lang='grc'><strong>1.</strong></span> <span class='ocrx_word' id='word_1_7' title='bbox 1166 100 1197 104; x_wconf 87' lang='lat'><strong>—</strong></span> <span class='ocrx_word' id='word_1_8' title='bbox 1212 82 1414 111; x_wconf 75' lang='lat' dir='ltr'><strong>EXEGETICA.</strong></span> 
     </span>
    </p>
   </div>
   <div class='ocr_carea' id='block_1_3' title="bbox 1781 85 1830 111">
    <p class='ocr_par' dir='ltr' id='par_1_3' title="bbox 1781 85 1830 111">
     <span class='ocr_line' id='line_1_3' title="bbox 1781 85 1830 111; baseline 0 0"><span class='ocrx_word' id='word_1_9' title='bbox 1781 85 1830 111; x_wconf 63' lang='grc' dir='ltr'><strong>ὃςἳο</strong></span> 
     </span>
    </p>
   </div>
   <div class='ocr_carea' id='block_1_4' title="bbox 215 140 1060 184">
    <p class='ocr_par' dir='ltr' id='par_1_4' title="bbox 215 145 1060 184">
     <span class='ocr_line' id='line_1_4' title="bbox 215 145 1060 184; baseline -0.007 -7"><span class='ocrx_word' id='word_1_10' title='bbox 215 158 310 177; x_wconf 88' lang='lat' dir='ltr'><strong>servos</strong></span> <span class='ocrx_word' id='word_1_11' title='bbox 324 149 430 184; x_wconf 81' lang='lat' dir='ltr'><strong>quidem</strong></span> <span class='ocrx_word' id='word_1_12' title='bbox 446 148 489 176; x_wconf 92' lang='lat' dir='ltr'><strong>Dei</strong></span> <span class='ocrx_word' id='word_1_13' title='bbox 506 155 558 174; x_wconf 90' lang='lat' dir='ltr'><strong>non</strong></span> <span class='ocrx_word' id='word_1_14' title='bbox 578 146 673 182; x_wconf 83' lang='lat' dir='ltr'><strong>tangit,</strong></span> <span class='ocrx_word' id='word_1_15' title='bbox 691 146 810 173; x_wconf 86' lang='lat' dir='ltr'><strong>inﬁdeles</strong></span> <span class='ocrx_word' id='word_1_16' title='bbox 824 153 888 174; x_wconf 86' lang='lat' dir='ltr'><strong>vero</strong></span> <span class='ocrx_word' id='word_1_17' title='bbox 901 151 928 173; x_wconf 82' lang='lat' dir='ltr'><strong>et</strong></span> <span class='ocrx_word' id='word_1_18' title='bbox 942 145 994 172; x_wconf 89' lang='lat' dir='ltr'><strong>im-</strong></span> <span class='ocrx_word' id='word_1_19' title='bbox 1010 149 1032 174; x_wconf 81' lang='grc' dir='ltr'><strong>Α</strong></span> <span class='ocrx_word' id='word_1_20' title='bbox 1046 153 1060 178; x_wconf 88' lang='grc' dir='ltr'><strong>γ</strong></span> 
     </span>
    </p>
   </div>
   <div class='ocr_carea' id='block_1_5' title="bbox 1069 140 1827 184">
    <p class='ocr_par' dir='ltr' id='par_1_5' title="bbox 1069 140 1827 179">
     <span class='ocr_line' id='line_1_5' title="bbox 1069 140 1827 179; baseline -0.005 -9"><span class='ocrx_word' id='word_1_21' title='bbox 1069 143 1099 179; x_wconf 58' lang='lat' dir='ltr'><strong>ip</strong></span> <span class='ocrx_word' id='word_1_22' title='bbox 1113 143 1212 170; x_wconf 82' lang='grc' dir='ltr'>δούλων</span> <span class='ocrx_word' id='word_1_23' title='bbox 1226 142 1272 169; x_wconf 88' lang='grc' dir='ltr'>τοῦ</span> <span class='ocrx_word' id='word_1_24' title='bbox 1283 142 1358 168; x_wconf 75' lang='grc' dir='ltr'>Θεοῦ</span> <span class='ocrx_word' id='word_1_25' title='bbox 1381 142 1439 177; x_wconf 74' lang='grc' dir='ltr'><strong>οὐχ’</strong></span> <span class='ocrx_word' id='word_1_26' title='bbox 1460 141 1556 177; x_wconf 72' lang='grc' dir='ltr'>ἥψατο,</span> <span class='ocrx_word' id='word_1_27' title='bbox 1574 142 1636 172; x_wconf 75' lang='grc' dir='ltr'>τοὺς</span> <span class='ocrx_word' id='word_1_28' title='bbox 1649 141 1678 167; x_wconf 85' lang='grc' dir='ltr'>δὲ</span> <span class='ocrx_word' id='word_1_29' title='bbox 1699 140 1827 172; x_wconf 64' lang='grc' dir='ltr'>ἀπίστοις</span> 
     </span>
    </p>
   </div>
   <div class='ocr_carea' id='block_1_6' title="bbox 216 190 996 230">
    <p class='ocr_par' dir='ltr' id='par_1_6' title="bbox 216 190 996 230">
     <span class='ocr_line' id='line_1_6' title="bbox 216 190 996 230; baseline -0.006 -9"><span class='ocrx_word' id='word_1_30' title='bbox 216 197 276 230; x_wconf 82' lang='lat' dir='ltr'><strong>pios</strong></span> <span class='ocrx_word' id='word_1_31' title='bbox 283 204 315 223; x_wconf 78' lang='lat' dir='ltr'><strong>ex</strong></span> <span class='ocrx_word' id='word_1_32' title='bbox 326 195 457 222; x_wconf 61' lang='lat' dir='ltr'><strong>Chaldaeis</strong></span> <span class='ocrx_word' id='word_1_33' title='bbox 472 193 628 221; x_wconf 88' lang='lat' dir='ltr'><strong>combussit.</strong></span> <span class='ocrx_word' id='word_1_34' title='bbox 644 192 694 225; x_wconf 86' lang='lat' dir='ltr'><strong>Qui</strong></span> <span class='ocrx_word' id='word_1_35' title='bbox 710 195 788 218; x_wconf 86' lang='lat' dir='ltr'><strong>erant</strong></span> <span class='ocrx_word' id='word_1_36' title='bbox 801 191 884 222; x_wconf 83' lang='lat' dir='ltr'><strong>intus,</strong></span> <span class='ocrx_word' id='word_1_37' title='bbox 900 191 927 217; x_wconf 94' lang='lat' dir='ltr'><strong>in</strong></span> <span class='ocrx_word' id='word_1_38' title='bbox 942 190 996 216; x_wconf 83' lang='lat' dir='ltr'><strong>for-</strong></span> 
     </span>
    </p>
   </div>
   <div class='ocr_carea' id='block_1_7' title="bbox 217 237 994 276">
    <p class='ocr_par' dir='ltr' id='par_1_7' title="bbox 217 237 994 276">
     <span class='ocr_line' id='line_1_7' title="bbox 217 237 994 276; baseline -0.006 -8"><span class='ocrx_word' id='word_1_39' title='bbox 217 250 292 274; x_wconf 82' lang='lat' dir='ltr'><strong>nace,</strong></span> <span class='ocrx_word' id='word_1_40' title='bbox 309 242 343 268; x_wconf 90' lang='lat' dir='ltr'><strong>ah</strong></span> <span class='ocrx_word' id='word_1_41' title='bbox 360 240 454 276; x_wconf 84' lang='lat' dir='ltr'><strong>angelo</strong></span> <span class='ocrx_word' id='word_1_42' title='bbox 464 240 535 267; x_wconf 91' lang='lat' dir='ltr'><strong>dulci</strong></span> <span class='ocrx_word' id='word_1_43' title='bbox 550 247 610 267; x_wconf 87' lang='lat' dir='ltr'><strong>rore</strong></span> <span class='ocrx_word' id='word_1_44' title='bbox 623 238 772 272; x_wconf 81' lang='lat' dir='ltr'><strong>refrigerati</strong></span> <span class='ocrx_word' id='word_1_45' title='bbox 785 242 858 265; x_wconf 89' lang='lat' dir='ltr'><strong>sunt.</strong></span> <span class='ocrx_word' id='word_1_46' title='bbox 875 237 927 270; x_wconf 90' lang='lat' dir='ltr'><strong>Qui</strong></span> <span class='ocrx_word' id='word_1_47' title='bbox 942 245 994 264; x_wconf 85' lang='lat' dir='ltr'><strong>au-</strong></span> 
     </span>
    </p>
   </div>
   <div class='ocr_carea' id='block_1_8' title="bbox 216 283 995 317">
    <p class='ocr_par' dir='ltr' id='par_1_8' title="bbox 216 283 995 317">
     <span class='ocr_line' id='line_1_8' title="bbox 216 283 995 317; baseline -0.006 -2"><span class='ocrx_word' id='word_1_48' title='bbox 216 293 269 315; x_wconf 90' lang='lat' dir='ltr'><strong>tem</strong></span> <span class='ocrx_word' id='word_1_49' title='bbox 299 287 457 314; x_wconf 70' lang='lat' dir='ltr'><strong>videbantur</strong></span> <span class='ocrx_word' id='word_1_50' title='bbox 480 290 556 314; x_wconf 76' lang='lat' dir='ltr'><strong>extra</strong></span> <span class='ocrx_word' id='word_1_51' title='bbox 582 286 719 314; x_wconf 83' lang='lat' dir='ltr'><strong>caminum</strong></span> <span class='ocrx_word' id='word_1_52' title='bbox 742 286 831 313; x_wconf 86' lang='lat' dir='ltr'><strong>securi</strong></span> <span class='ocrx_word' id='word_1_53' title='bbox 853 289 944 317; x_wconf 86' lang='lat' dir='ltr'><strong>stare,</strong></span> <span class='ocrx_word' id='word_1_54' title='bbox 967 283 995 310; x_wconf 86' lang='lat' dir='ltr'><strong>hi</strong></span> 
     </span>
    </p>
   </div>
   <div class='ocr_carea' id='block_1_9' title="bbox 215 331 995 367">
    <p class='ocr_par' dir='ltr' id='par_1_9' title="bbox 215 331 995 367">
     <span class='ocr_line' id='line_1_9' title="bbox 215 331 995 367; baseline -0.004 -6"><span class='ocrx_word' id='word_1_55' title='bbox 215 335 322 362; x_wconf 82' lang='lat' dir='ltr'><strong>ﬂamma</strong></span> <span class='ocrx_word' id='word_1_56' title='bbox 337 333 457 361; x_wconf 85' lang='lat' dir='ltr'><strong>devorati</strong></span> <span class='ocrx_word' id='word_1_57' title='bbox 470 338 534 360; x_wconf 89' lang='lat' dir='ltr'><strong>sunt</strong></span> <span class='ocrx_word' id='word_1_58' title='bbox 546 342 552 360; x_wconf 89' lang='lat'>:</span> <span class='ocrx_word' id='word_1_59' title='bbox 565 333 638 360; x_wconf 91' lang='lat' dir='ltr'><strong>viros</strong></span> <span class='ocrx_word' id='word_1_60' title='bbox 653 332 699 367; x_wconf 90' lang='lat' dir='ltr'><strong>qui</strong></span> <span class='ocrx_word' id='word_1_61' title='bbox 713 331 884 366; x_wconf 73' lang='lat' dir='ltr'><strong>proiecerant</strong></span> <span class='ocrx_word' id='word_1_62' title='bbox 898 339 995 366; x_wconf 89' lang='lat' dir='ltr'><strong>pueros</strong></span> 
     </span>
    </p>
   </div>
   <div class='ocr_carea' id='block_1_10' title="bbox 214 377 994 413">
    <p class='ocr_par' dir='ltr' id='par_1_10' title="bbox 214 377 994 413">
     <span class='ocr_line' id='line_1_10' title="bbox 214 377 994 413; baseline -0.004 -6"><span class='ocrx_word' id='word_1_63' title='bbox 214 380 396 408; x_wconf 83' lang='lat' dir='ltr'><strong>concremavit</strong></span> <span class='ocrx_word' id='word_1_64' title='bbox 411 379 481 413; x_wconf 81' lang='lat' dir='ltr'><strong>ignis</strong></span> <span class='ocrx_word' id='word_1_65' title='bbox 491 398 498 410; x_wconf 88' lang='lat'><strong>,</strong></span> <span class='ocrx_word' id='word_1_66' title='bbox 517 379 587 411; x_wconf 88' lang='lat' dir='ltr'><strong>illos,</strong></span> <span class='ocrx_word' id='word_1_67' title='bbox 606 379 698 410; x_wconf 84' lang='lat' dir='ltr'><strong>credo.</strong></span> <span class='ocrx_word' id='word_1_68' title='bbox 712 378 916 413; x_wconf 83' lang='lat' dir='ltr'><strong>apprehendens</strong></span> <span class='ocrx_word' id='word_1_69' title='bbox 930 377 994 405; x_wconf 90' lang='lat' dir='ltr'><strong>dum</strong></span> 
     </span>
    </p>
   </div>
   <div class='ocr_carea' id='block_1_11' title="bbox 214 424 995 460">
    <p class='ocr_par' dir='ltr' id='par_1_11' title="bbox 214 424 995 460">
     <span class='ocr_line' id='line_1_11' title="bbox 214 424 995 460; baseline 0 -8"><span class='ocrx_word' id='word_1_70' title='bbox 214 425 351 453; x_wconf 82' lang='lat' dir='ltr'><strong>caminum</strong></span> <span class='ocrx_word' id='word_1_71' title='bbox 374 424 593 457; x_wconf 88' lang='lat' dir='ltr'><strong>circumdarent,</strong></span> <span class='ocrx_word' id='word_1_72' title='bbox 616 432 671 459; x_wconf 90' lang='lat' dir='ltr'><strong>quo</strong></span> <span class='ocrx_word' id='word_1_73' title='bbox 693 431 876 453; x_wconf 68' lang='lat' dir='ltr'><strong>conveneram.</strong></span> <span class='ocrx_word' id='word_1_74' title='bbox 895 432 995 460; x_wconf 88' lang='lat' dir='ltr'><strong>pueros</strong></span> 
     </span>
    </p>
   </div>
   <div class='ocr_carea' id='block_1_12' title="bbox 213 471 340 498">
    <p class='ocr_par' dir='ltr' id='par_1_12' title="bbox 213 471 340 498">
     <span class='ocr_line' id='line_1_12' title="bbox 213 471 340 498; baseline 0 -1"><span class='ocrx_word' id='word_1_75' title='bbox 213 471 340 498; x_wconf 88' lang='lat' dir='ltr'><strong>vincturi.</strong></span> 
     </span>
    </p>
   </div>
   <div class='ocr_carea' id='block_1_13' title="bbox 247 514 994 551">
    <p class='ocr_par' dir='ltr' id='par_1_13' title="bbox 247 514 994 551">
     <span class='ocr_line' id='line_1_13' title="bbox 247 514 994 551; baseline -0.001 -8"><span class='ocrx_word' id='word_1_76' title='bbox 247 515 280 544; x_wconf 78' lang='grc' dir='ltr'><strong>γ.</strong></span> <span class='ocrx_word' id='word_1_77' title='bbox 296 516 340 543; x_wconf 74' lang='grc'><strong>92.</strong></span> <span class='ocrx_word' id='word_1_78' title='bbox 352 530 386 536; x_wconf 87' lang='lat'><strong>—-</strong></span> <span class='ocrx_word' id='word_1_79' title='bbox 396 515 430 542; x_wconf 82' lang='lat' dir='ltr'><strong>Et</strong></span> <span class='ocrx_word' id='word_1_80' title='bbox 442 517 537 551; x_wconf 78' lang='lat' dir='ltr'><strong>species</strong></span> <span class='ocrx_word' id='word_1_81' title='bbox 550 516 639 551; x_wconf 77' lang='lat' dir='ltr'><strong>quarti</strong></span> <span class='ocrx_word' id='word_1_82' title='bbox 657 515 751 542; x_wconf 79' lang='lat' dir='ltr'><strong>similis</strong></span> <span class='ocrx_word' id='word_1_83' title='bbox 765 515 837 542; x_wconf 80' lang='lat' dir='ltr'><strong>Filia</strong></span> <span class='ocrx_word' id='word_1_84' title='bbox 851 515 909 542; x_wconf 80' lang='lat' dir='ltr'><strong>Dei.</strong></span> <span class='ocrx_word' id='word_1_85' title='bbox 927 514 994 550; x_wconf 87' lang='lat' dir='ltr'><strong>Hip-</strong></span> 
     </span>
    </p>
   </div>
   <div class='ocr_carea' id='block_1_14' title="bbox 213 560 995 597">
    <p class='ocr_par' dir='ltr' id='par_1_14' title="bbox 213 560 995 597">
     <span class='ocr_line' id='line_1_14' title="bbox 213 560 995 597; baseline 0 -9"><span class='ocrx_word' id='word_1_86' title='bbox 213 561 308 597; x_wconf 88' lang='lat' dir='ltr'><strong>polyti.</strong></span> <span class='ocrx_word' id='word_1_87' title='bbox 333 560 381 588; x_wconf 90' lang='lat' dir='ltr'><strong>Dic</strong></span> <span class='ocrx_word' id='word_1_88' title='bbox 399 561 476 593; x_wconf 88' lang='lat' dir='ltr'><strong>mihi,</strong></span> <span class='ocrx_word' id='word_1_89' title='bbox 508 560 767 594; x_wconf 83' lang='lat' dir='ltr'><strong>Nabuchodonosor,</strong></span> <span class='ocrx_word' id='word_1_90' title='bbox 789 568 943 596; x_wconf 87' lang='lat' dir='ltr'><strong>unquamne</strong></span> <span class='ocrx_word' id='word_1_91' title='bbox 956 561 995 588; x_wconf 86' lang='lat' dir='ltr'><strong>vi-</strong></span> 
     </span>
    </p>
   </div>
   <div class='ocr_carea' id='block_1_15' title="bbox 215 606 996 640">
    <p class='ocr_par' dir='ltr' id='par_1_15' title="bbox 215 606 996 640">
     <span class='ocr_line' id='line_1_15' title="bbox 215 606 996 640; baseline -0.003 -4"><span class='ocrx_word' id='word_1_92' title='bbox 215 608 280 636; x_wconf 92' lang='lat' dir='ltr'><strong>disti</strong></span> <span class='ocrx_word' id='word_1_93' title='bbox 306 607 403 634; x_wconf 86' lang='lat' dir='ltr'><strong>Filium</strong></span> <span class='ocrx_word' id='word_1_94' title='bbox 433 607 492 640; x_wconf 88' lang='lat' dir='ltr'><strong>Dei,</strong></span> <span class='ocrx_word' id='word_1_95' title='bbox 507 611 538 634; x_wconf 90' lang='lat' dir='ltr'><strong>ut</strong></span> <span class='ocrx_word' id='word_1_96' title='bbox 553 606 649 634; x_wconf 89' lang='lat' dir='ltr'><strong>Filium</strong></span> <span class='ocrx_word' id='word_1_97' title='bbox 668 606 714 634; x_wconf 83' lang='lat' dir='ltr'><strong>Dei</strong></span> <span class='ocrx_word' id='word_1_98' title='bbox 735 607 808 634; x_wconf 90' lang='lat' dir='ltr'><strong>hunc</strong></span> <span class='ocrx_word' id='word_1_99' title='bbox 826 607 996 634; x_wconf 78' lang='lat' dir='ltr'><strong>conﬁtearis?</strong></span> 
     </span>
    </p>
   </div>
   <div class='ocr_carea' id='block_1_16' title="bbox 213 652 993 687">
    <p class='ocr_par' dir='ltr' id='par_1_16' title="bbox 213 652 993 687">
     <span class='ocr_line' id='line_1_16' title="bbox 213 652 993 687; baseline -0.001 -7"><span class='ocrx_word' id='word_1_100' title='bbox 213 653 280 687; x_wconf 86' lang='lat' dir='ltr'><strong>Quis</strong></span> <span class='ocrx_word' id='word_1_101' title='bbox 301 658 389 680; x_wconf 86' lang='lat' dir='ltr'><strong>autem</strong></span> <span class='ocrx_word' id='word_1_102' title='bbox 414 660 461 680; x_wconf 85' lang='lat' dir='ltr'><strong>cor</strong></span> <span class='ocrx_word' id='word_1_103' title='bbox 482 657 559 679; x_wconf 89' lang='lat' dir='ltr'><strong>tuum</strong></span> <span class='ocrx_word' id='word_1_104' title='bbox 583 652 755 686; x_wconf 80' lang='lat' dir='ltr'><strong>compunxit,</strong></span> <span class='ocrx_word' id='word_1_105' title='bbox 770 656 800 678; x_wconf 94' lang='lat' dir='ltr'><strong>ut</strong></span> <span class='ocrx_word' id='word_1_106' title='bbox 817 652 869 679; x_wconf 86' lang='lat' dir='ltr'><strong>tale</strong></span> <span class='ocrx_word' id='word_1_107' title='bbox 882 652 993 679; x_wconf 87' lang='lat' dir='ltr'><strong>verbum</strong></span> 
     </span>
    </p>
   </div>
   <div class='ocr_carea' id='block_1_17' title="bbox 216 697 994 733">
    <p class='ocr_par' dir='ltr' id='par_1_17' title="bbox 216 697 994 733">
     <span class='ocr_line' id='line_1_17' title="bbox 216 697 994 733; baseline 0 -8"><span class='ocrx_word' id='word_1_108' title='bbox 216 698 403 733; x_wconf 74' lang='lat' dir='ltr'><strong>exprimeres?</strong></span> <span class='ocrx_word' id='word_1_109' title='bbox 434 697 540 730; x_wconf 84' lang='lat' dir='ltr'><strong>Quibus</strong></span> <span class='ocrx_word' id='word_1_110' title='bbox 574 697 660 724; x_wconf 87' lang='lat' dir='ltr'><strong>oculis</strong></span> <span class='ocrx_word' id='word_1_111' title='bbox 692 697 802 732; x_wconf 90' lang='lat' dir='ltr'><strong>potuisti</strong></span> <span class='ocrx_word' id='word_1_112' title='bbox 826 697 877 724; x_wconf 92' lang='lat' dir='ltr'><strong>hoc</strong></span> <span class='ocrx_word' id='word_1_113' title='bbox 903 698 994 725; x_wconf 88' lang='lat' dir='ltr'><strong>lumen</strong></span> 
     </span>
    </p>
   </div>
   <div class='ocr_carea' id='block_1_18' title="bbox 214 742 995 779">
    <p class='ocr_par' dir='ltr' id='par_1_18' title="bbox 214 742 995 779">
     <span class='ocr_line' id='line_1_18' title="bbox 214 742 995 779; baseline -0.001 -8"><span class='ocrx_word' id='word_1_114' title='bbox 214 744 352 779; x_wconf 81' lang='lat' dir='ltr'><strong>aspicere?</strong></span> <span class='ocrx_word' id='word_1_115' title='bbox 368 751 418 770; x_wconf 90' lang='lat' dir='ltr'><strong>cur</strong></span> <span class='ocrx_word' id='word_1_116' title='bbox 434 743 481 770; x_wconf 85' lang='lat' dir='ltr'><strong>tibi</strong></span> <span class='ocrx_word' id='word_1_117' title='bbox 502 742 563 775; x_wconf 87' lang='lat' dir='ltr'><strong>soli,</strong></span> <span class='ocrx_word' id='word_1_118' title='bbox 575 747 601 769; x_wconf 86' lang='lat' dir='ltr'><strong>et</strong></span> <span class='ocrx_word' id='word_1_119' title='bbox 616 743 682 770; x_wconf 90' lang='lat' dir='ltr'><strong>nulli</strong></span> <span class='ocrx_word' id='word_1_120' title='bbox 697 747 854 770; x_wconf 71' lang='lat' dir='ltr'><strong>caeterorum</strong></span> <span class='ocrx_word' id='word_1_121' title='bbox 874 747 995 778; x_wconf 90' lang='lat' dir='ltr'><strong>satrapa-</strong></span> 
     </span>
    </p>
   </div>
   <div class='ocr_carea' id='block_1_19' title="bbox 214 787 990 824">
    <p class='ocr_par' dir='ltr' id='par_1_19' title="bbox 214 787 990 824">
     <span class='ocr_line' id='line_1_19' title="bbox 214 787 990 824; baseline -0.001 -7"><span class='ocrx_word' id='word_1_122' title='bbox 214 798 273 817; x_wconf 90' lang='lat' dir='ltr'><strong>rum</strong></span> <span class='ocrx_word' id='word_1_123' title='bbox 291 789 492 817; x_wconf 82' lang='lat' dir='ltr'><strong>manifestatum</strong></span> <span class='ocrx_word' id='word_1_124' title='bbox 504 790 564 816; x_wconf 88' lang='lat' dir='ltr'><strong>est?</strong></span> <span class='ocrx_word' id='word_1_125' title='bbox 577 787 628 816; x_wconf 87' lang='lat' dir='ltr'><strong>Sed</strong></span> <span class='ocrx_word' id='word_1_126' title='bbox 644 789 771 824; x_wconf 88' lang='lat' dir='ltr'><strong>quoniam</strong></span> <span class='ocrx_word' id='word_1_127' title='bbox 787 789 917 824; x_wconf 89' lang='lat' dir='ltr'><strong>scriptum</strong></span> <span class='ocrx_word' id='word_1_128' title='bbox 935 794 990 817; x_wconf 89' lang='lat' dir='ltr'><strong>est:</strong></span> 
     </span>
    </p>
   </div>
   <div class='ocr_carea' id='block_1_20' title="bbox 214 834 991 871">
    <p class='ocr_par' dir='ltr' id='par_1_20' title="bbox 214 834 991 871">
     <span class='ocr_line' id='line_1_20' title="bbox 214 834 991 871; baseline -0.001 -8"><span class='ocrx_word' id='word_1_129' title='bbox 214 836 267 863; x_wconf 88' lang='lat' dir='ltr'><strong>Cor</strong></span> <span class='ocrx_word' id='word_1_130' title='bbox 279 836 344 870; x_wconf 82' lang='lat' dir='ltr'><strong>regis</strong></span> <span class='ocrx_word' id='word_1_131' title='bbox 359 836 386 862; x_wconf 83' lang='lat' dir='ltr'><strong>in</strong></span> <span class='ocrx_word' id='word_1_132' title='bbox 400 843 479 861; x_wconf 88' lang='lat' dir='ltr'><strong>manu</strong></span> <span class='ocrx_word' id='word_1_133' title='bbox 488 835 616 870; x_wconf 82' lang='lat' dir='ltr'><strong>Dei:ipsa</strong></span> <span class='ocrx_word' id='word_1_134' title='bbox 629 839 670 862; x_wconf 87' lang='lat' dir='ltr'><strong>est</strong></span> <span class='ocrx_word' id='word_1_135' title='bbox 684 834 844 866; x_wconf 85' lang='lat' dir='ltr'><strong>Dcimanus,</strong></span> <span class='ocrx_word' id='word_1_136' title='bbox 854 843 900 870; x_wconf 88' lang='lat' dir='ltr'><strong>per</strong></span> <span class='ocrx_word' id='word_1_137' title='bbox 911 843 991 871; x_wconf 85' lang='lat' dir='ltr'><strong>quam</strong></span> 
     </span>
    </p>
   </div>
   <div class='ocr_carea' id='block_1_21' title="bbox 218 881 992 916">
    <p class='ocr_par' dir='ltr' id='par_1_21' title="bbox 218 881 992 916">
     <span class='ocr_line' id='line_1_21' title="bbox 218 881 992 916; baseline 0 -7"><span class='ocrx_word' id='word_1_138' title='bbox 218 881 334 909; x_wconf 86' lang='lat' dir='ltr'><strong>Verbum</strong></span> <span class='ocrx_word' id='word_1_139' title='bbox 359 889 407 910; x_wconf 92' lang='lat' dir='ltr'><strong>cor</strong></span> <span class='ocrx_word' id='word_1_140' title='bbox 421 881 501 916; x_wconf 73' lang='lat' dir='ltr'><strong>huius</strong></span> <span class='ocrx_word' id='word_1_141' title='bbox 519 882 694 916; x_wconf 84' lang='lat' dir='ltr'><strong>compunxit;</strong></span> <span class='ocrx_word' id='word_1_142' title='bbox 719 886 748 908; x_wconf 90' lang='lat' dir='ltr'><strong>ut</strong></span> <span class='ocrx_word' id='word_1_143' title='bbox 761 889 911 915; x_wconf 77' lang='lat' dir='ltr'><strong>agnoscens</strong></span> <span class='ocrx_word' id='word_1_144' title='bbox 930 890 992 909; x_wconf 92' lang='lat' dir='ltr'><strong>eum</strong></span> 
     </span>
    </p>
   </div>
   <div class='ocr_carea' id='block_1_22' title="bbox 213 927 993 963">
    <p class='ocr_par' dir='ltr' id='par_1_22' title="bbox 213 927 993 963">
     <span class='ocr_line' id='line_1_22' title="bbox 213 927 993 963; baseline -0.001 -8"><span class='ocrx_word' id='word_1_145' title='bbox 213 929 241 955; x_wconf 90' lang='lat' dir='ltr'><strong>in</strong></span> <span class='ocrx_word' id='word_1_146' title='bbox 264 927 373 955; x_wconf 76' lang='lat' dir='ltr'><strong>fornace</strong></span> <span class='ocrx_word' id='word_1_147' title='bbox 395 927 558 963; x_wconf 81' lang='lat' dir='ltr'><strong>gloriﬁcaret</strong></span> <span class='ocrx_word' id='word_1_148' title='bbox 579 935 659 959; x_wconf 89' lang='lat' dir='ltr'><strong>eum;</strong></span> <span class='ocrx_word' id='word_1_149' title='bbox 688 934 738 954; x_wconf 91' lang='lat' dir='ltr'><strong>nec</strong></span> <span class='ocrx_word' id='word_1_150' title='bbox 750 928 854 954; x_wconf 86' lang='lat' dir='ltr'><strong>ratione</strong></span> <span class='ocrx_word' id='word_1_151' title='bbox 865 932 939 955; x_wconf 84' lang='lat' dir='ltr'><strong>caret</strong></span> <span class='ocrx_word' id='word_1_152' title='bbox 953 928 993 954; x_wconf 91' lang='lat' dir='ltr'><strong>in—</strong></span> 
     </span>
    </p>
   </div>
   <div class='ocr_carea' id='block_1_23' title="bbox 213 973 993 1008">
    <p class='ocr_par' dir='ltr' id='par_1_23' title="bbox 213 973 993 1008">
     <span class='ocr_line' id='line_1_23' title="bbox 213 973 993 1008; baseline 0 -8"><span class='ocrx_word' id='word_1_153' title='bbox 213 974 368 1008; x_wconf 85' lang='lat' dir='ltr'><strong>terpretatio</strong></span> <span class='ocrx_word' id='word_1_154' title='bbox 388 978 496 1006; x_wconf 85' lang='lat' dir='ltr'><strong>nostra;</strong></span> <span class='ocrx_word' id='word_1_155' title='bbox 517 981 578 1000; x_wconf 90' lang='lat' dir='ltr'><strong>nam</strong></span> <span class='ocrx_word' id='word_1_156' title='bbox 595 974 724 1008; x_wconf 84' lang='lat' dir='ltr'><strong>quoniam</strong></span> <span class='ocrx_word' id='word_1_157' title='bbox 748 973 868 1000; x_wconf 84' lang='lat' dir='ltr'><strong>futurum</strong></span> <span class='ocrx_word' id='word_1_158' title='bbox 891 977 949 1000; x_wconf 87' lang='lat' dir='ltr'><strong>erat</strong></span> <span class='ocrx_word' id='word_1_159' title='bbox 963 977 993 1000; x_wconf 93' lang='lat' dir='ltr'><strong>ut</strong></span> 
     </span>
    </p>
   </div>
   <div class='ocr_carea' id='block_1_24' title="bbox 212 1019 993 1052">
    <p class='ocr_par' dir='ltr' id='par_1_24' title="bbox 212 1019 993 1052">
     <span class='ocr_line' id='line_1_24' title="bbox 212 1019 993 1052; baseline 0 -6"><span class='ocrx_word' id='word_1_160' title='bbox 212 1019 260 1046; x_wconf 88' lang='lat' dir='ltr'><strong>ﬁlii</strong></span> <span class='ocrx_word' id='word_1_161' title='bbox 281 1019 361 1047; x_wconf 86' lang='lat' dir='ltr'><strong>lsrael</strong></span> <span class='ocrx_word' id='word_1_162' title='bbox 376 1019 474 1047; x_wconf 85' lang='lat' dir='ltr'><strong>Filium</strong></span> <span class='ocrx_word' id='word_1_163' title='bbox 489 1019 534 1046; x_wconf 88' lang='lat' dir='ltr'><strong>Dei</strong></span> <span class='ocrx_word' id='word_1_164' title='bbox 548 1019 668 1047; x_wconf 85' lang='lat' dir='ltr'><strong>videntes</strong></span> <span class='ocrx_word' id='word_1_165' title='bbox 682 1019 709 1046; x_wconf 95' lang='lat' dir='ltr'><strong>in</strong></span> <span class='ocrx_word' id='word_1_166' title='bbox 727 1019 837 1052; x_wconf 91' lang='lat' dir='ltr'><strong>mundo,</strong></span> <span class='ocrx_word' id='word_1_167' title='bbox 858 1027 911 1046; x_wconf 93' lang='lat' dir='ltr'><strong>non</strong></span> <span class='ocrx_word' id='word_1_168' title='bbox 934 1027 993 1047; x_wconf 90' lang='lat' dir='ltr'><strong>cre-</strong></span> 
     </span>
    </p>
   </div>
   <div class='ocr_carea' id='block_1_25' title="bbox 211 1064 992 1100">
    <p class='ocr_par' dir='ltr' id='par_1_25' title="bbox 211 1064 992 1100">
     <span class='ocr_line' id='line_1_25' title="bbox 211 1064 992 1100; baseline 0.001 -9"><span class='ocrx_word' id='word_1_169' title='bbox 211 1065 324 1096; x_wconf 87' lang='lat' dir='ltr'><strong>derent,</strong></span> <span class='ocrx_word' id='word_1_170' title='bbox 351 1065 478 1092; x_wconf 82' lang='lat' dir='ltr'><strong>revelavit</strong></span> <span class='ocrx_word' id='word_1_171' title='bbox 501 1064 640 1099; x_wconf 82' lang='lat' dir='ltr'><strong>Scriptura</strong></span> <span class='ocrx_word' id='word_1_172' title='bbox 663 1066 734 1100; x_wconf 89' lang='lat' dir='ltr'><strong>quod</strong></span> <span class='ocrx_word' id='word_1_173' title='bbox 757 1073 866 1100; x_wconf 84' lang='lat' dir='ltr'><strong>operam</strong></span> <span class='ocrx_word' id='word_1_174' title='bbox 889 1066 992 1092; x_wconf 91' lang='lat' dir='ltr'><strong>dabunt</strong></span> 
     </span>
    </p>
   </div>
   <div class='ocr_carea' id='block_1_26' title="bbox 211 1110 991 1145">
    <p class='ocr_par' dir='ltr' id='par_1_26' title="bbox 211 1110 991 1145">
     <span class='ocr_line' id='line_1_26' title="bbox 211 1110 991 1145; baseline 0 -8"><span class='ocrx_word' id='word_1_175' title='bbox 211 1114 304 1144; x_wconf 83' lang='lat' dir='ltr'><strong>gentes</strong></span> <span class='ocrx_word' id='word_1_176' title='bbox 317 1113 346 1137; x_wconf 94' lang='lat' dir='ltr'><strong>ut</strong></span> <span class='ocrx_word' id='word_1_177' title='bbox 364 1110 437 1138; x_wconf 87' lang='lat' dir='ltr'><strong>hunc</strong></span> <span class='ocrx_word' id='word_1_178' title='bbox 451 1111 621 1138; x_wconf 85' lang='lat' dir='ltr'><strong>incarnatum</strong></span> <span class='ocrx_word' id='word_1_179' title='bbox 641 1115 814 1145; x_wconf 78' lang='lat' dir='ltr'><strong>cognoscant,</strong></span> <span class='ocrx_word' id='word_1_180' title='bbox 828 1119 908 1145; x_wconf 84' lang='lat' dir='ltr'><strong>quem</strong></span> <span class='ocrx_word' id='word_1_181' title='bbox 925 1111 991 1137; x_wconf 92' lang='lat' dir='ltr'><strong>olim</strong></span> 
     </span>
    </p>
   </div>
   <div class='ocr_carea' id='block_1_27' title="bbox 211 1156 991 1191">
    <p class='ocr_par' dir='ltr' id='par_1_27' title="bbox 211 1156 991 1191">
     <span class='ocr_line' id='line_1_27' title="bbox 211 1156 991 1191; baseline 0.001 -8"><span class='ocrx_word' id='word_1_182' title='bbox 211 1156 400 1191; x_wconf 84' lang='lat' dir='ltr'><strong>incorporeum</strong></span> <span class='ocrx_word' id='word_1_183' title='bbox 413 1156 518 1188; x_wconf 87' lang='lat' dir='ltr'><strong>videns,</strong></span> <span class='ocrx_word' id='word_1_184' title='bbox 533 1158 641 1191; x_wconf 77' lang='lat' dir='ltr'><strong>agnovit</strong></span> <span class='ocrx_word' id='word_1_185' title='bbox 657 1157 683 1183; x_wconf 92' lang='lat' dir='ltr'><strong>in</strong></span> <span class='ocrx_word' id='word_1_186' title='bbox 698 1156 806 1184; x_wconf 81' lang='lat' dir='ltr'><strong>fornace</strong></span> <span class='ocrx_word' id='word_1_187' title='bbox 813 1156 991 1184; x_wconf 84' lang='lat' dir='ltr'><strong>Nabuchodo—</strong></span> 
     </span>
    </p>
   </div>
   <div class='ocr_carea' id='block_1_28' title="bbox 211 1201 902 1234">
    <p class='ocr_par' dir='ltr' id='par_1_28' title="bbox 211 1201 902 1234">
     <span class='ocr_line' id='line_1_28' title="bbox 211 1201 902 1234; baseline 0.001 -6"><span class='ocrx_word' id='word_1_188' title='bbox 211 1209 303 1234; x_wconf 89' lang='lat' dir='ltr'><strong>nosor,</strong></span> <span class='ocrx_word' id='word_1_189' title='bbox 317 1206 344 1228; x_wconf 87' lang='lat' dir='ltr'><strong>et</strong></span> <span class='ocrx_word' id='word_1_190' title='bbox 355 1201 453 1228; x_wconf 82' lang='lat' dir='ltr'><strong>Filium</strong></span> <span class='ocrx_word' id='word_1_191' title='bbox 467 1201 514 1229; x_wconf 87' lang='lat' dir='ltr'><strong>Dei</strong></span> <span class='ocrx_word' id='word_1_192' title='bbox 537 1210 597 1230; x_wconf 88' lang='lat' dir='ltr'><strong>esse</strong></span> <span class='ocrx_word' id='word_1_193' title='bbox 611 1202 682 1229; x_wconf 90' lang='lat' dir='ltr'><strong>hunc</strong></span> <span class='ocrx_word' id='word_1_194' title='bbox 698 1202 840 1230; x_wconf 85' lang='lat' dir='ltr'><strong>confessus</strong></span> <span class='ocrx_word' id='word_1_195' title='bbox 851 1207 902 1230; x_wconf 89' lang='lat' dir='ltr'><strong>est.</strong></span> 
     </span>
    </p>
   </div>
   <div class='ocr_carea' id='block_1_29' title="bbox 245 1290 989 1327">
    <p class='ocr_par' dir='ltr' id='par_1_29' title="bbox 245 1290 989 1327">
     <span class='ocr_line' id='line_1_29' title="bbox 245 1290 989 1327; baseline 0.004 -10"><span class='ocrx_word' id='word_1_196' title='bbox 245 1290 278 1317; x_wconf 77' lang='grc' dir='ltr'>ν.</span> <span class='ocrx_word' id='word_1_197' title='bbox 295 1291 340 1318; x_wconf 78' lang='grc'><strong>95.</strong></span> <span class='ocrx_word' id='word_1_198' title='bbox 351 1305 386 1310; x_wconf 96' lang='grc'><strong><em>-</em></strong></span> <span class='ocrx_word' id='word_1_199' title='bbox 397 1290 432 1317; x_wconf 81' lang='lat' dir='ltr'><strong>Et</strong></span> <span class='ocrx_word' id='word_1_200' title='bbox 455 1292 492 1319; x_wconf 83' lang='lat' dir='ltr'><strong>ait</strong></span> <span class='ocrx_word' id='word_1_201' title='bbox 506 1300 515 1319; x_wconf 95' lang='lat'><em>:</em></span> <span class='ocrx_word' id='word_1_202' title='bbox 537 1291 650 1319; x_wconf 84' lang='lat' dir='ltr'><strong>Sidrach</strong></span> <span class='ocrx_word' id='word_1_203' title='bbox 663 1311 671 1325; x_wconf 86' lang='lat'><strong>,</strong></span> <span class='ocrx_word' id='word_1_204' title='bbox 696 1292 797 1320; x_wconf 82' lang='lat' dir='ltr'><strong>Misach</strong></span> <span class='ocrx_word' id='word_1_205' title='bbox 809 1312 816 1325; x_wconf 89' lang='lat'><strong>,</strong></span> <span class='ocrx_word' id='word_1_206' title='bbox 840 1292 989 1327; x_wconf 80' lang='lat' dir='ltr'><strong>Abdenago.</strong></span> 
     </span>
    </p>
   </div>
   <div class='ocr_carea' id='block_1_30' title="bbox 210 1336 989 1373">
    <p class='ocr_par' dir='ltr' id='par_1_30' title="bbox 210 1336 989 1373">
     <span class='ocr_line' id='line_1_30' title="bbox 210 1336 989 1373; baseline 0.004 -10"><span class='ocrx_word' id='word_1_207' title='bbox 210 1336 356 1373; x_wconf 88' lang='lat' dir='ltr'><strong>Hippolyti.</strong></span> <span class='ocrx_word' id='word_1_208' title='bbox 392 1337 425 1364; x_wconf 89' lang='lat' dir='ltr'><strong>Et</strong></span> <span class='ocrx_word' id='word_1_209' title='bbox 455 1338 538 1365; x_wconf 89' lang='lat' dir='ltr'><strong>trium</strong></span> <span class='ocrx_word' id='word_1_210' title='bbox 563 1346 709 1373; x_wconf 88' lang='lat' dir='ltr'><strong>puerorum</strong></span> <span class='ocrx_word' id='word_1_211' title='bbox 738 1339 847 1366; x_wconf 86' lang='lat' dir='ltr'><strong>nomina</strong></span> <span class='ocrx_word' id='word_1_212' title='bbox 874 1339 989 1372; x_wconf 80' lang='lat' dir='ltr'><strong>vocavit.</strong></span> 
     </span>
    </p>
   </div>
   <div class='ocr_carea' id='block_1_31' title="bbox 209 1381 990 1418">
    <p class='ocr_par' dir='ltr' id='par_1_31' title="bbox 209 1381 990 1418">
     <span class='ocr_line' id='line_1_31' title="bbox 209 1381 990 1418; baseline 0.005 -9"><span class='ocrx_word' id='word_1_213' title='bbox 209 1383 298 1417; x_wconf 83' lang='lat' dir='ltr'><strong>quarti</strong></span> <span class='ocrx_word' id='word_1_214' title='bbox 310 1391 373 1410; x_wconf 90' lang='lat' dir='ltr'><strong>vero</strong></span> <span class='ocrx_word' id='word_1_215' title='bbox 389 1391 487 1411; x_wconf 91' lang='lat' dir='ltr'><strong>nomen</strong></span> <span class='ocrx_word' id='word_1_216' title='bbox 512 1381 685 1412; x_wconf 83' lang='lat' dir='ltr'><strong>noninvenit</strong></span> <span class='ocrx_word' id='word_1_217' title='bbox 699 1385 769 1412; x_wconf 91' lang='lat' dir='ltr'><strong>unde</strong></span> <span class='ocrx_word' id='word_1_218' title='bbox 784 1385 900 1418; x_wconf 84' lang='lat' dir='ltr'><strong>diceret;</strong></span> <span class='ocrx_word' id='word_1_219' title='bbox 921 1393 990 1413; x_wconf 89' lang='lat' dir='ltr'><strong>non-</strong></span> 
     </span>
    </p>
   </div>
   <div class='ocr_carea' id='block_1_32' title="bbox 208 1429 796 1465">
    <p class='ocr_par' dir='ltr' id='par_1_32' title="bbox 208 1429 796 1465">
     <span class='ocr_line' id='line_1_32' title="bbox 208 1429 796 1465; baseline 0.007 -10"><span class='ocrx_word' id='word_1_220' title='bbox 208 1429 273 1456; x_wconf 88' lang='lat' dir='ltr'><strong>dum</strong></span> <span class='ocrx_word' id='word_1_221' title='bbox 288 1430 360 1457; x_wconf 91' lang='lat' dir='ltr'><strong>enim</strong></span> <span class='ocrx_word' id='word_1_222' title='bbox 372 1435 430 1457; x_wconf 87' lang='lat' dir='ltr'><strong>erat</strong></span> <span class='ocrx_word' id='word_1_223' title='bbox 443 1438 476 1457; x_wconf 73' lang='lat' dir='ltr'><strong>ex</strong></span> <span class='ocrx_word' id='word_1_224' title='bbox 484 1430 593 1465; x_wconf 80' lang='lat' dir='ltr'><strong>Virgine</strong></span> <span class='ocrx_word' id='word_1_225' title='bbox 612 1435 692 1458; x_wconf 89' lang='lat' dir='ltr'><strong>natus</strong></span> <span class='ocrx_word' id='word_1_226' title='bbox 707 1431 796 1459; x_wconf 84' lang='lat' dir='ltr'><strong>Jesus.</strong></span> 
     </span>
    </p>
   </div>
   <div class='ocr_carea' id='block_1_33' title="bbox 1047 186 1829 222">
    <p class='ocr_par' dir='ltr' id='par_1_33' title="bbox 1047 186 1829 222">
     <span class='ocr_line' id='line_1_33' title="bbox 1047 186 1829 222; baseline -0.004 -7"><span class='ocrx_word' id='word_1_227' title='bbox 1047 189 1093 215; x_wconf 81' lang='grc' dir='ltr'>καὶ</span> <span class='ocrx_word' id='word_1_228' title='bbox 1107 189 1203 219; x_wconf 81' lang='grc' dir='ltr'><strong>ἀθέους</strong></span> <span class='ocrx_word' id='word_1_229' title='bbox 1222 188 1276 215; x_wconf 88' lang='grc' dir='ltr'>τῶν</span> <span class='ocrx_word' id='word_1_230' title='bbox 1290 188 1431 215; x_wconf 82' lang='grc' dir='ltr'>Χαλδαίων</span> <span class='ocrx_word' id='word_1_231' title='bbox 1445 187 1644 222; x_wconf 81' lang='grc' dir='ltr'>κατεφλόγησεν</span> <span class='ocrx_word' id='word_1_232' title='bbox 1653 195 1659 201; x_wconf 92' lang='grc'><strong>·</strong></span> <span class='ocrx_word' id='word_1_233' title='bbox 1674 186 1724 213; x_wconf 72' lang='grc' dir='ltr'>καὶ</span> <span class='ocrx_word' id='word_1_234' title='bbox 1739 187 1765 213; x_wconf 81' lang='grc' dir='ltr'>οι</span> <span class='ocrx_word' id='word_1_235' title='bbox 1783 187 1829 221; x_wconf 79' lang='grc' dir='ltr'>μὲν</span> 
     </span>
    </p>
   </div>
   <div class='ocr_carea' id='block_1_34' title="bbox 1046 231 1828 269">
    <p class='ocr_par' dir='ltr' id='par_1_34' title="bbox 1046 231 1828 269">
     <span class='ocr_line' id='line_1_34' title="bbox 1046 231 1828 269; baseline -0.006 -8"><span class='ocrx_word' id='word_1_236' title='bbox 1046 235 1099 262; x_wconf 75' lang='grc' dir='ltr'>ἔσω</span> <span class='ocrx_word' id='word_1_237' title='bbox 1117 235 1192 266; x_wconf 80' lang='grc' dir='ltr'>δντες</span> <span class='ocrx_word' id='word_1_238' title='bbox 1212 234 1241 260; x_wconf 77' lang='grc' dir='ltr'>ἐν</span> <span class='ocrx_word' id='word_1_239' title='bbox 1256 235 1290 269; x_wconf 84' lang='grc' dir='ltr'>τῇ</span> <span class='ocrx_word' id='word_1_240' title='bbox 1313 233 1421 268; x_wconf 83' lang='grc' dir='ltr'><strong>καμίνῳ</strong></span> <span class='ocrx_word' id='word_1_241' title='bbox 1443 233 1495 259; x_wconf 83' lang='grc' dir='ltr'><strong>ὑπὸ</strong></span> <span class='ocrx_word' id='word_1_242' title='bbox 1516 232 1564 258; x_wconf 82' lang='grc' dir='ltr'><strong>τοῦ</strong></span> <span class='ocrx_word' id='word_1_243' title='bbox 1583 232 1703 266; x_wconf 80' lang='grc' dir='ltr'><strong>ἀγγέλου</strong></span> <span class='ocrx_word' id='word_1_244' title='bbox 1726 231 1828 266; x_wconf 63' lang='lat' dir='ltr'><strong>eam-1-</strong></span> 
     </span>
    </p>
   </div>
   <div class='ocr_carea' id='block_1_35' title="bbox 1045 277 1827 313">
    <p class='ocr_par' dir='ltr' id='par_1_35' title="bbox 1045 277 1827 313">
     <span class='ocr_line' id='line_1_35' title="bbox 1045 277 1827 313; baseline -0.005 -6"><span class='ocrx_word' id='word_1_245' title='bbox 1045 281 1136 312; x_wconf 69' lang='grc' dir='ltr'>ζοντοι</span> <span class='ocrx_word' id='word_1_246' title='bbox 1157 280 1180 306; x_wconf 83' lang='grc' dir='ltr'>οι</span> <span class='ocrx_word' id='word_1_247' title='bbox 1200 280 1229 306; x_wconf 80' lang='grc' dir='ltr'>δὲ</span> <span class='ocrx_word' id='word_1_248' title='bbox 1251 279 1391 311; x_wconf 81' lang='grc' dir='ltr'>δοκοῦντες</span> <span class='ocrx_word' id='word_1_249' title='bbox 1409 278 1461 312; x_wconf 73' lang='grc' dir='ltr'><strong>ἔξω</strong></span> <span class='ocrx_word' id='word_1_250' title='bbox 1481 279 1530 313; x_wconf 80' lang='grc' dir='ltr'>τῆς</span> <span class='ocrx_word' id='word_1_251' title='bbox 1545 278 1660 313; x_wconf 82' lang='grc' dir='ltr'><strong>καμίνου</strong></span> <span class='ocrx_word' id='word_1_252' title='bbox 1682 277 1827 313; x_wconf 77' lang='grc' dir='ltr'>ἀμέριμνοι</span> 
     </span>
    </p>
   </div>
   <div class='ocr_carea' id='block_1_36' title="bbox 1047 323 1825 360">
    <p class='ocr_par' dir='ltr' id='par_1_36' title="bbox 1047 323 1825 360">
     <span class='ocr_line' id='line_1_36' title="bbox 1047 323 1825 360; baseline -0.005 -7"><span class='ocrx_word' id='word_1_253' title='bbox 1047 327 1162 359; x_wconf 86' lang='grc' dir='ltr'>ἱστάναι,</span> <span class='ocrx_word' id='word_1_254' title='bbox 1179 326 1232 353; x_wconf 79' lang='grc' dir='ltr'><strong>ὑπὸ</strong></span> <span class='ocrx_word' id='word_1_255' title='bbox 1245 325 1291 352; x_wconf 85' lang='grc' dir='ltr'>τοῦ</span> <span class='ocrx_word' id='word_1_256' title='bbox 1308 325 1393 360; x_wconf 82' lang='grc' dir='ltr'>πυρὸς</span> <span class='ocrx_word' id='word_1_257' title='bbox 1406 323 1478 352; x_wconf 74' lang='grc' dir='ltr'>οὗτοι</span> <span class='ocrx_word' id='word_1_258' title='bbox 1489 323 1673 360; x_wconf 79' lang='grc' dir='ltr'><strong>διεφθάρησαν</strong></span> <span class='ocrx_word' id='word_1_259' title='bbox 1683 332 1690 338; x_wconf 93' lang='grc'><strong>·</strong></span> <span class='ocrx_word' id='word_1_260' title='bbox 1706 324 1772 354; x_wconf 75' lang='grc' dir='ltr'>τοὺς</span> <span class='ocrx_word' id='word_1_261' title='bbox 1785 324 1825 350; x_wconf 73' lang='grc' dir='ltr'>ἄν</span> 
     </span>
    </p>
   </div>
   <div class='ocr_carea' id='block_1_37' title="bbox 1044 368 1826 406">
    <p class='ocr_par' dir='ltr' id='par_1_37' title="bbox 1044 368 1826 406">
     <span class='ocr_line' id='line_1_37' title="bbox 1044 368 1826 406; baseline -0.005 -9"><span class='ocrx_word' id='word_1_262' title='bbox 1044 371 1110 406; x_wconf 85' lang='grc' dir='ltr'>δρας</span> <span class='ocrx_word' id='word_1_263' title='bbox 1123 371 1185 402; x_wconf 82' lang='grc' dir='ltr'>τοὺς</span> <span class='ocrx_word' id='word_1_264' title='bbox 1196 369 1414 401; x_wconf 80' lang='grc' dir='ltr'>ὲνδιαΰάλλσντας</span> <span class='ocrx_word' id='word_1_265' title='bbox 1429 369 1492 400; x_wconf 86' lang='grc' dir='ltr'>τοὺς</span> <span class='ocrx_word' id='word_1_266' title='bbox 1509 368 1605 400; x_wconf 81' lang='grc' dir='ltr'>παῖδας</span> <span class='ocrx_word' id='word_1_267' title='bbox 1625 368 1795 403; x_wconf 80' lang='grc' dir='ltr'>ὲνεπύρησεν</span> <span class='ocrx_word' id='word_1_268' title='bbox 1811 369 1826 402; x_wconf 81' lang='grc' dir='ltr'><strong>ἡ</strong></span> 
     </span>
    </p>
   </div>
   <div class='ocr_carea' id='block_1_38' title="bbox 1044 413 1826 452">
    <p class='ocr_par' dir='ltr' id='par_1_38' title="bbox 1044 413 1826 452">
     <span class='ocr_line' id='line_1_38' title="bbox 1044 413 1826 452; baseline -0.004 -10"><span class='ocrx_word' id='word_1_269' title='bbox 1044 416 1119 452; x_wconf 76' lang='grc' dir='ltr'>φλὸξ,</span> <span class='ocrx_word' id='word_1_270' title='bbox 1136 416 1273 442; x_wconf 85' lang='grc' dir='ltr'>κύκλωθεν</span> <span class='ocrx_word' id='word_1_271' title='bbox 1287 413 1362 450; x_wconf 79' lang='grc' dir='ltr'>οἶμαι</span> <span class='ocrx_word' id='word_1_272' title='bbox 1377 414 1494 450; x_wconf 81' lang='grc' dir='ltr'><strong>εὑροῦσα</strong></span> <span class='ocrx_word' id='word_1_273' title='bbox 1508 413 1577 448; x_wconf 84' lang='grc' dir='ltr'>πρὸς</span> <span class='ocrx_word' id='word_1_274' title='bbox 1599 413 1646 440; x_wconf 74' lang='grc' dir='ltr'><strong>τὸν</strong></span> <span class='ocrx_word' id='word_1_275' title='bbox 1663 413 1765 448; x_wconf 81' lang='grc' dir='ltr'>δεσμὸν</span> <span class='ocrx_word' id='word_1_276' title='bbox 1779 413 1826 440; x_wconf 81' lang='grc' dir='ltr'><strong>αὑ-</strong></span> 
     </span>
    </p>
   </div>
   <div class='ocr_carea' id='block_1_39' title="bbox 1044 461 1484 496">
    <p class='ocr_par' dir='ltr' id='par_1_39' title="bbox 1044 461 1484 496">
     <span class='ocr_line' id='line_1_39' title="bbox 1044 461 1484 496; baseline -0.009 -7"><span class='ocrx_word' id='word_1_277' title='bbox 1044 462 1097 489; x_wconf 84' lang='grc' dir='ltr'>τῶν</span> <span class='ocrx_word' id='word_1_278' title='bbox 1111 462 1164 488; x_wconf 86' lang='grc' dir='ltr'>τῶν</span> <span class='ocrx_word' id='word_1_279' title='bbox 1181 461 1281 488; x_wconf 82' lang='grc' dir='ltr'><strong>παίδων</strong></span> <span class='ocrx_word' id='word_1_280' title='bbox 1297 461 1484 496; x_wconf 84' lang='grc' dir='ltr'>χωρήσαντας.</span> 
     </span>
    </p>
   </div>
   <div class='ocr_carea' id='block_1_40' title="bbox 1079 503 1823 545">
    <p class='ocr_par' dir='ltr' id='par_1_40' title="bbox 1079 503 1823 545">
     <span class='ocr_line' id='line_1_40' title="bbox 1079 503 1823 545; baseline -0.005 -11"><span class='ocrx_word' id='word_1_281' title='bbox 1079 509 1131 545; x_wconf 63' lang='grc' dir='ltr'>ιιβι.</span> <span class='ocrx_word' id='word_1_282' title='bbox 1143 507 1197 534; x_wconf 78' lang='grc' dir='ltr'><strong>Καὶ</strong></span> <span class='ocrx_word' id='word_1_283' title='bbox 1210 508 1229 541; x_wconf 78' lang='grc' dir='ltr'>ἡ</span> <span class='ocrx_word' id='word_1_284' title='bbox 1240 506 1343 540; x_wconf 84' lang='grc' dir='ltr'>ὅρασις</span> <span class='ocrx_word' id='word_1_285' title='bbox 1354 505 1406 532; x_wconf 85' lang='grc' dir='ltr'>τοῦ</span> <span class='ocrx_word' id='word_1_286' title='bbox 1418 504 1557 539; x_wconf 81' lang='grc' dir='ltr'><strong>τετάρτου</strong></span> <span class='ocrx_word' id='word_1_287' title='bbox 1569 504 1654 539; x_wconf 77' lang='grc' dir='ltr'>ὁμοία</span> <span class='ocrx_word' id='word_1_288' title='bbox 1671 503 1728 537; x_wconf 82' lang='grc' dir='ltr'><strong>Υιῷ</strong></span> <span class='ocrx_word' id='word_1_289' title='bbox 1740 504 1823 530; x_wconf 80' lang='grc' dir='ltr'>Θεοῦ.</span> 
     </span>
    </p>
   </div>
   <div class='ocr_carea' id='block_1_41' title="bbox 1049 549 1825 586">
    <p class='ocr_par' dir='ltr' id='par_1_41' title="bbox 1049 549 1825 586">
     <span class='ocr_line' id='line_1_41' title="bbox 1049 549 1825 586; baseline -0.005 -7"><span class='ocrx_word' id='word_1_290' title='bbox 1049 553 1216 580; x_wconf 85' lang='grc' dir='ltr'>Ἱππολύτου.</span> <span class='ocrx_word' id='word_1_291' title='bbox 1235 551 1303 578; x_wconf 81' lang='grc' dir='ltr'>Είπέ</span> <span class='ocrx_word' id='word_1_292' title='bbox 1328 560 1382 586; x_wconf 88' lang='grc' dir='ltr'>μοι,</span> <span class='ocrx_word' id='word_1_293' title='bbox 1397 550 1645 586; x_wconf 77' lang='grc' dir='ltr'>Ναϐουχοδονόσορ,</span> <span class='ocrx_word' id='word_1_294' title='bbox 1670 549 1737 576; x_wconf 79' lang='grc' dir='ltr'>πότε</span> <span class='ocrx_word' id='word_1_295' title='bbox 1758 549 1825 581; x_wconf 71' lang='grc' dir='ltr'>εἶδες</span> 
     </span>
    </p>
   </div>
   <div class='ocr_carea' id='block_1_42' title="bbox 1045 593 1824 630">
    <p class='ocr_par' dir='ltr' id='par_1_42' title="bbox 1045 593 1824 630">
     <span class='ocr_line' id='line_1_42' title="bbox 1045 593 1824 630; baseline -0.006 -6"><span class='ocrx_word' id='word_1_296' title='bbox 1045 597 1106 624; x_wconf 79' lang='grc' dir='ltr'>Υίδν</span> <span class='ocrx_word' id='word_1_297' title='bbox 1119 596 1197 629; x_wconf 83' lang='grc' dir='ltr'><strong>Θεοῦ,</strong></span> <span class='ocrx_word' id='word_1_298' title='bbox 1213 597 1255 623; x_wconf 80' lang='grc' dir='ltr'>ἶνα</span> <span class='ocrx_word' id='word_1_299' title='bbox 1267 596 1330 622; x_wconf 78' lang='grc' dir='ltr'>Υίδν</span> <span class='ocrx_word' id='word_1_300' title='bbox 1346 595 1413 622; x_wconf 85' lang='grc' dir='ltr'><strong>Θεοῦ</strong></span> <span class='ocrx_word' id='word_1_301' title='bbox 1426 595 1519 621; x_wconf 80' lang='grc' dir='ltr'>τοῦτον</span> <span class='ocrx_word' id='word_1_302' title='bbox 1531 595 1720 630; x_wconf 56' lang='grc' dir='ltr'>ὁμολογήσῃς</span> <span class='ocrx_word' id='word_1_303' title='bbox 1738 593 1780 624; x_wconf 82' lang='grc' dir='ltr'><strong>τίς</strong></span> <span class='ocrx_word' id='word_1_304' title='bbox 1796 594 1824 620; x_wconf 78' lang='grc' dir='ltr'>δὲ</span> 
     </span>
    </p>
   </div>
   <div class='ocr_carea' id='block_1_43' title="bbox 1043 639 1825 678">
    <p class='ocr_par' dir='ltr' id='par_1_43' title="bbox 1043 639 1825 678">
     <span class='ocr_line' id='line_1_43' title="bbox 1043 639 1825 678; baseline -0.008 -8"><span class='ocrx_word' id='word_1_305' title='bbox 1043 644 1057 670; x_wconf 83' lang='grc' dir='ltr'><strong>ό</strong></span> <span class='ocrx_word' id='word_1_306' title='bbox 1079 644 1128 678; x_wconf 84' lang='grc' dir='ltr'>τὴν</span> <span class='ocrx_word' id='word_1_307' title='bbox 1148 642 1258 678; x_wconf 79' lang='grc' dir='ltr'>καρδίαν</span> <span class='ocrx_word' id='word_1_308' title='bbox 1283 650 1328 669; x_wconf 91' lang='grc' dir='ltr'><strong>σου</strong></span> <span class='ocrx_word' id='word_1_309' title='bbox 1352 641 1514 674; x_wconf 82' lang='grc' dir='ltr'>κατανύξας,</span> <span class='ocrx_word' id='word_1_310' title='bbox 1534 641 1577 667; x_wconf 82' lang='grc' dir='ltr'>ἵνα</span> <span class='ocrx_word' id='word_1_311' title='bbox 1600 639 1723 666; x_wconf 75' lang='grc' dir='ltr'>τοιοῦτον</span> <span class='ocrx_word' id='word_1_312' title='bbox 1751 640 1825 674; x_wconf 71' lang='grc' dir='ltr'>ῥῆμα</span> 
     </span>
    </p>
   </div>
   <div class='ocr_carea' id='block_1_44' title="bbox 1043 685 1825 724">
    <p class='ocr_par' dir='ltr' id='par_1_44' title="bbox 1043 685 1825 724">
     <span class='ocr_line' id='line_1_44' title="bbox 1043 685 1825 724; baseline -0.006 -8"><span class='ocrx_word' id='word_1_313' title='bbox 1043 688 1215 724; x_wconf 65' lang='grc' dir='ltr'>ἀποφθέγξῃ;</span> <span class='ocrx_word' id='word_1_314' title='bbox 1238 688 1323 720; x_wconf 83' lang='grc' dir='ltr'>ποίοις</span> <span class='ocrx_word' id='word_1_315' title='bbox 1346 688 1374 713; x_wconf 84' lang='grc' dir='ltr'>δὲ</span> <span class='ocrx_word' id='word_1_316' title='bbox 1388 687 1535 722; x_wconf 75' lang='grc' dir='ltr'><strong>ὀφθαλμοῖς</strong></span> <span class='ocrx_word' id='word_1_317' title='bbox 1553 685 1682 721; x_wconf 78' lang='grc' dir='ltr'><strong>ἐδυνήθης</strong></span> <span class='ocrx_word' id='word_1_318' title='bbox 1699 685 1779 712; x_wconf 79' lang='grc' dir='ltr'>τοῦτο</span> <span class='ocrx_word' id='word_1_319' title='bbox 1796 686 1825 710; x_wconf 78' lang='grc' dir='ltr'>τὸ</span> 
     </span>
    </p>
   </div>
   <div class='ocr_carea' id='block_1_45' title="bbox 1044 730 1825 770">
    <p class='ocr_par' dir='ltr' id='par_1_45' title="bbox 1044 730 1825 770">
     <span class='ocr_line' id='line_1_45' title="bbox 1044 730 1825 770; baseline -0.006 -9"><span class='ocrx_word' id='word_1_320' title='bbox 1044 734 1101 769; x_wconf 85' lang='grc' dir='ltr'>φῶς</span> <span class='ocrx_word' id='word_1_321' title='bbox 1115 733 1340 770; x_wconf 84' lang='grc' dir='ltr'>ὲνοπτρίσασθαι;</span> <span class='ocrx_word' id='word_1_322' title='bbox 1357 732 1400 759; x_wconf 83' lang='grc' dir='ltr'><strong>διὰ</strong></span> <span class='ocrx_word' id='word_1_323' title='bbox 1421 733 1447 759; x_wconf 86' lang='grc' dir='ltr'><strong>τί</strong></span> <span class='ocrx_word' id='word_1_324' title='bbox 1468 732 1496 758; x_wconf 86' lang='grc' dir='ltr'>δὲ</span> <span class='ocrx_word' id='word_1_325' title='bbox 1511 731 1552 758; x_wconf 70' lang='grc' dir='ltr'>σοὶ</span> <span class='ocrx_word' id='word_1_326' title='bbox 1577 731 1649 767; x_wconf 84' lang='grc' dir='ltr'>μόνῳ</span> <span class='ocrx_word' id='word_1_327' title='bbox 1670 732 1719 757; x_wconf 76' lang='grc' dir='ltr'>καὶ</span> <span class='ocrx_word' id='word_1_328' title='bbox 1740 730 1825 757; x_wconf 70' lang='grc' dir='ltr'>οὐδενὶ</span> 
     </span>
    </p>
   </div>
   <div class='ocr_carea' id='block_1_46' title="bbox 1043 776 1825 815">
    <p class='ocr_par' dir='ltr' id='par_1_46' title="bbox 1043 776 1825 815">
     <span class='ocr_line' id='line_1_46' title="bbox 1043 776 1825 815; baseline -0.006 -8"><span class='ocrx_word' id='word_1_329' title='bbox 1043 780 1096 807; x_wconf 88' lang='grc' dir='ltr'>τῶν</span> <span class='ocrx_word' id='word_1_330' title='bbox 1106 779 1191 807; x_wconf 76' lang='grc' dir='ltr'>ἄλλων</span> <span class='ocrx_word' id='word_1_331' title='bbox 1204 779 1350 815; x_wconf 74' lang='grc' dir='ltr'><strong>σατραπῶν</strong></span> <span class='ocrx_word' id='word_1_332' title='bbox 1361 778 1502 813; x_wconf 74' lang='grc' dir='ltr'><strong>ἐπεδείχθη</strong></span> <span class='ocrx_word' id='word_1_333' title='bbox 1513 786 1520 810; x_wconf 88' lang='lat'><strong>;</strong></span> <span class='ocrx_word' id='word_1_334' title='bbox 1531 777 1587 804; x_wconf 84' lang='grc' dir='ltr'>ἀλλ’</span> <span class='ocrx_word' id='word_1_335' title='bbox 1599 776 1694 811; x_wconf 76' lang='grc' dir='ltr'>ἐπειδὴ</span> <span class='ocrx_word' id='word_1_336' title='bbox 1705 785 1825 811; x_wconf 83' lang='grc' dir='ltr'>γεγραμ-</span> 
     </span>
    </p>
   </div>
   <div class='ocr_carea' id='block_1_47' title="bbox 1007 821 1824 861">
    <p class='ocr_par' dir='ltr' id='par_1_47' title="bbox 1007 821 1824 861">
     <span class='ocr_line' id='line_1_47' title="bbox 1007 821 1824 861; baseline -0.006 -9"><span class='ocrx_word' id='word_1_337' title='bbox 1007 821 1028 848; x_wconf 81' lang='grc' dir='ltr'><strong>Β</strong></span> <span class='ocrx_word' id='word_1_338' title='bbox 1044 826 1121 861; x_wconf 79' lang='grc' dir='ltr'>μένον</span> <span class='ocrx_word' id='word_1_339' title='bbox 1135 825 1203 858; x_wconf 73' lang='grc' dir='ltr'>ἐστὶ,</span> <span class='ocrx_word' id='word_1_340' title='bbox 1218 825 1329 859; x_wconf 80' lang='grc' dir='ltr'>Καρδία</span> <span class='ocrx_word' id='word_1_341' title='bbox 1339 823 1491 857; x_wconf 77' lang='grc' dir='ltr'>,ϐασιλέως</span> <span class='ocrx_word' id='word_1_342' title='bbox 1508 823 1542 850; x_wconf 85' lang='grc' dir='ltr'><strong>ὲν</strong></span> <span class='ocrx_word' id='word_1_343' title='bbox 1561 822 1635 857; x_wconf 71' lang='grc' dir='ltr'>χειρὶ</span> <span class='ocrx_word' id='word_1_344' title='bbox 1653 822 1740 853; x_wconf 83' lang='grc' dir='ltr'><strong>Θεοῦ,</strong></span> <span class='ocrx_word' id='word_1_345' title='bbox 1757 822 1824 856; x_wconf 65' lang='grc' dir='ltr'>αὕτη</span> 
     </span>
    </p>
   </div>
   <div class='ocr_carea' id='block_1_48' title="bbox 1042 867 1825 909">
    <p class='ocr_par' dir='ltr' id='par_1_48' title="bbox 1042 867 1825 909">
     <span class='ocr_line' id='line_1_48' title="bbox 1042 867 1825 909; baseline -0.008 -10"><span class='ocrx_word' id='word_1_346' title='bbox 1042 874 1059 909; x_wconf 83' lang='grc' dir='ltr'>ὴ</span> <span class='ocrx_word' id='word_1_347' title='bbox 1076 872 1121 900; x_wconf 82' lang='grc' dir='ltr'>τοῦ</span> <span class='ocrx_word' id='word_1_348' title='bbox 1134 871 1200 899; x_wconf 78' lang='grc' dir='ltr'>Θεοῦ</span> <span class='ocrx_word' id='word_1_349' title='bbox 1212 872 1281 907; x_wconf 81' lang='grc' dir='ltr'>χεὶρ,</span> <span class='ocrx_word' id='word_1_350' title='bbox 1295 872 1359 907; x_wconf 82' lang='grc' dir='ltr'>περὶ</span> <span class='ocrx_word' id='word_1_351' title='bbox 1371 868 1404 906; x_wconf 81' lang='grc' dir='ltr'>ἦς</span> <span class='ocrx_word' id='word_1_352' title='bbox 1419 872 1433 897; x_wconf 85' lang='grc' dir='ltr'><strong>ό</strong></span> <span class='ocrx_word' id='word_1_353' title='bbox 1444 869 1529 904; x_wconf 86' lang='grc' dir='ltr'><strong>Λόγος</strong></span> <span class='ocrx_word' id='word_1_354' title='bbox 1539 870 1590 905; x_wconf 86' lang='grc' dir='ltr'>τὴν</span> <span class='ocrx_word' id='word_1_355' title='bbox 1601 869 1717 905; x_wconf 80' lang='grc' dir='ltr'>καρδίαν</span> <span class='ocrx_word' id='word_1_356' title='bbox 1731 867 1825 894; x_wconf 74' lang='grc' dir='ltr'>τούτου</span> 
     </span>
    </p>
   </div>
   <div class='ocr_carea' id='block_1_49' title="bbox 1042 913 1824 954">
    <p class='ocr_par' dir='ltr' id='par_1_49' title="bbox 1042 913 1824 954">
     <span class='ocr_line' id='line_1_49' title="bbox 1042 913 1824 954; baseline -0.009 -9"><span class='ocrx_word' id='word_1_357' title='bbox 1042 918 1198 954; x_wconf 79' lang='grc' dir='ltr'>κατήνυξεν,</span> <span class='ocrx_word' id='word_1_358' title='bbox 1224 917 1266 944; x_wconf 77' lang='grc' dir='ltr'>ἵνα</span> <span class='ocrx_word' id='word_1_359' title='bbox 1286 917 1411 951; x_wconf 78' lang='grc' dir='ltr'>ἐπιγνοὺς</span> <span class='ocrx_word' id='word_1_360' title='bbox 1431 915 1524 943; x_wconf 84' lang='grc' dir='ltr'>τοῦτον</span> <span class='ocrx_word' id='word_1_361' title='bbox 1546 916 1574 941; x_wconf 81' lang='grc' dir='ltr'>ἐν</span> <span class='ocrx_word' id='word_1_362' title='bbox 1598 916 1632 950; x_wconf 83' lang='grc' dir='ltr'>τῇ</span> <span class='ocrx_word' id='word_1_363' title='bbox 1656 914 1767 948; x_wconf 83' lang='grc' dir='ltr'>καμίνῳ</span> <span class='ocrx_word' id='word_1_364' title='bbox 1783 913 1824 939; x_wconf 82' lang='grc' dir='ltr'>δο-</span> 
     </span>
    </p>
   </div>
   <div class='ocr_carea' id='block_1_50' title="bbox 1042 959 1824 1000">
    <p class='ocr_par' dir='ltr' id='par_1_50' title="bbox 1042 959 1824 1000">
     <span class='ocr_line' id='line_1_50' title="bbox 1042 959 1824 1000; baseline -0.009 -9"><span class='ocrx_word' id='word_1_365' title='bbox 1042 964 1126 1000; x_wconf 81' lang='grc' dir='ltr'>ξάσῃ·</span> <span class='ocrx_word' id='word_1_366' title='bbox 1150 964 1197 990; x_wconf 81' lang='grc' dir='ltr'>καὶ</span> <span class='ocrx_word' id='word_1_367' title='bbox 1216 962 1293 989; x_wconf 81' lang='grc' dir='ltr'>τοῦτο</span> <span class='ocrx_word' id='word_1_368' title='bbox 1313 963 1342 989; x_wconf 84' lang='grc' dir='ltr'>δὲ</span> <span class='ocrx_word' id='word_1_369' title='bbox 1359 962 1410 989; x_wconf 81' lang='grc' dir='ltr'>οὐκ</span> <span class='ocrx_word' id='word_1_370' title='bbox 1425 961 1509 997; x_wconf 80' lang='grc' dir='ltr'>ἀργὸν</span> <span class='ocrx_word' id='word_1_371' title='bbox 1525 961 1556 987; x_wconf 79' lang='grc' dir='ltr'>τὸ</span> <span class='ocrx_word' id='word_1_372' title='bbox 1577 960 1621 994; x_wconf 81' lang='grc' dir='ltr'><strong>ὑφ’</strong></span> <span class='ocrx_word' id='word_1_373' title='bbox 1637 959 1716 995; x_wconf 80' lang='grc' dir='ltr'>ἡμῶν</span> <span class='ocrx_word' id='word_1_374' title='bbox 1734 968 1824 994; x_wconf 80' lang='grc' dir='ltr'>νενοη-</span> 
     </span>
    </p>
   </div>
   <div class='ocr_carea' id='block_1_51' title="bbox 1043 1005 1826 1046">
    <p class='ocr_par' dir='ltr' id='par_1_51' title="bbox 1043 1005 1826 1046">
     <span class='ocr_line' id='line_1_51' title="bbox 1043 1005 1826 1046; baseline -0.008 -10"><span class='ocrx_word' id='word_1_375' title='bbox 1043 1011 1123 1046; x_wconf 74' lang='grc' dir='ltr'>μένον</span> <span class='ocrx_word' id='word_1_376' title='bbox 1133 1018 1140 1025; x_wconf 89' lang='grc'><strong>·</strong></span> <span class='ocrx_word' id='word_1_377' title='bbox 1157 1009 1249 1045; x_wconf 78' lang='grc' dir='ltr'>ἐπειδὴ</span> <span class='ocrx_word' id='word_1_378' title='bbox 1271 1007 1325 1044; x_wconf 83' lang='grc' dir='ltr'><strong>γὰρ</strong></span> <span class='ocrx_word' id='word_1_379' title='bbox 1341 1007 1451 1043; x_wconf 79' lang='grc' dir='ltr'>ἔμελλον</span> <span class='ocrx_word' id='word_1_380' title='bbox 1468 1007 1492 1033; x_wconf 82' lang='lat' dir='ltr'><strong>oi</strong></span> <span class='ocrx_word' id='word_1_381' title='bbox 1510 1006 1562 1032; x_wconf 78' lang='grc' dir='ltr'>υἱοὶ</span> <span class='ocrx_word' id='word_1_382' title='bbox 1583 1005 1692 1041; x_wconf 81' lang='grc' dir='ltr'>Ἰσραὴλ</span> <span class='ocrx_word' id='word_1_383' title='bbox 1706 1005 1754 1031; x_wconf 73' lang='grc' dir='ltr'>τὸν</span> <span class='ocrx_word' id='word_1_384' title='bbox 1765 1005 1826 1031; x_wconf 76' lang='grc' dir='ltr'>Υἱὺν</span> 
     </span>
    </p>
   </div>
   <div class='ocr_carea' id='block_1_52' title="bbox 1041 1049 1826 1087">
    <p class='ocr_par' dir='ltr' id='par_1_52' title="bbox 1041 1049 1826 1087">
     <span class='ocr_line' id='line_1_52' title="bbox 1041 1049 1826 1087; baseline -0.01 -5"><span class='ocrx_word' id='word_1_385' title='bbox 1041 1054 1088 1082; x_wconf 85' lang='grc' dir='ltr'>τοῦ</span> <span class='ocrx_word' id='word_1_386' title='bbox 1104 1054 1171 1081; x_wconf 84' lang='grc' dir='ltr'>Θεοῦ</span> <span class='ocrx_word' id='word_1_387' title='bbox 1191 1054 1289 1085; x_wconf 81' lang='grc' dir='ltr'><strong>ἰδόντες</strong></span> <span class='ocrx_word' id='word_1_388' title='bbox 1306 1054 1334 1080; x_wconf 78' lang='grc' dir='ltr'>ἐν</span> <span class='ocrx_word' id='word_1_389' title='bbox 1356 1053 1460 1087; x_wconf 82' lang='grc' dir='ltr'>κόσμῳ,</span> <span class='ocrx_word' id='word_1_390' title='bbox 1482 1051 1518 1087; x_wconf 78' lang='grc' dir='ltr'>μὴ</span> <span class='ocrx_word' id='word_1_391' title='bbox 1538 1049 1686 1081; x_wconf 78' lang='grc' dir='ltr'><strong>πιστεύειν,</strong></span> <span class='ocrx_word' id='word_1_392' title='bbox 1704 1049 1826 1085; x_wconf 79' lang='grc' dir='ltr'>προαπέ-</span> 
     </span>
    </p>
   </div>
   <div class='ocr_carea' id='block_1_53' title="bbox 1041 1095 1826 1136">
    <p class='ocr_par' dir='ltr' id='par_1_53' title="bbox 1041 1095 1826 1136">
     <span class='ocr_line' id='line_1_53' title="bbox 1041 1095 1826 1136; baseline -0.008 -9"><span class='ocrx_word' id='word_1_393' title='bbox 1041 1100 1125 1133; x_wconf 83' lang='grc' dir='ltr'>δειξεν</span> <span class='ocrx_word' id='word_1_394' title='bbox 1136 1101 1152 1136; x_wconf 90' lang='grc' dir='ltr'><strong>ή</strong></span> <span class='ocrx_word' id='word_1_395' title='bbox 1168 1100 1262 1136; x_wconf 83' lang='grc' dir='ltr'>Γραφὴ</span> <span class='ocrx_word' id='word_1_396' title='bbox 1276 1099 1317 1125; x_wconf 81' lang='grc' dir='ltr'>ὅτι</span> <span class='ocrx_word' id='word_1_397' title='bbox 1329 1097 1492 1134; x_wconf 79' lang='grc' dir='ltr'><strong>μελλήσουσι</strong></span> <span class='ocrx_word' id='word_1_398' title='bbox 1503 1096 1537 1123; x_wconf 71' lang='grc' dir='ltr'>τὰ</span> <span class='ocrx_word' id='word_1_399' title='bbox 1549 1096 1610 1132; x_wconf 75' lang='grc' dir='ltr'>ἔθνη</span> <span class='ocrx_word' id='word_1_400' title='bbox 1623 1095 1721 1122; x_wconf 82' lang='grc' dir='ltr'>τοῦτον</span> <span class='ocrx_word' id='word_1_401' title='bbox 1732 1096 1826 1131; x_wconf 81' lang='grc' dir='ltr'>ἓνσαρ-</span> 
     </span>
    </p>
   </div>
   <div class='ocr_carea' id='block_1_54' title="bbox 1041 1141 1825 1180">
    <p class='ocr_par' dir='ltr' id='par_1_54' title="bbox 1041 1141 1825 1180">
     <span class='ocr_line' id='line_1_54' title="bbox 1041 1141 1825 1180; baseline -0.009 -7"><span class='ocrx_word' id='word_1_402' title='bbox 1041 1155 1089 1173; x_wconf 90' lang='grc' dir='ltr'><strong>κον</strong></span> <span class='ocrx_word' id='word_1_403' title='bbox 1104 1145 1304 1180; x_wconf 78' lang='grc' dir='ltr'>ἐπιγινώσκειν,</span> <span class='ocrx_word' id='word_1_404' title='bbox 1321 1144 1350 1171; x_wconf 81' lang='grc' dir='ltr'>ὃν</span> <span class='ocrx_word' id='word_1_405' title='bbox 1370 1144 1454 1171; x_wconf 84' lang='grc' dir='ltr'>πάλαι</span> <span class='ocrx_word' id='word_1_406' title='bbox 1468 1143 1586 1178; x_wconf 76' lang='grc' dir='ltr'>ἄσαρκον</span> <span class='ocrx_word' id='word_1_407' title='bbox 1604 1141 1665 1168; x_wconf 75' lang='grc' dir='ltr'>ἰδὼν</span> <span class='ocrx_word' id='word_1_408' title='bbox 1677 1141 1786 1175; x_wconf 76' lang='grc' dir='ltr'>ἐπέγνω</span> <span class='ocrx_word' id='word_1_409' title='bbox 1798 1142 1825 1166; x_wconf 84' lang='grc' dir='ltr'>ὲν</span> 
     </span>
    </p>
   </div>
   <div class='ocr_carea' id='block_1_55' title="bbox 1042 1185 1825 1228">
    <p class='ocr_par' dir='ltr' id='par_1_55' title="bbox 1042 1185 1825 1228">
     <span class='ocr_line' id='line_1_55' title="bbox 1042 1185 1825 1228; baseline -0.006 -10"><span class='ocrx_word' id='word_1_410' title='bbox 1042 1192 1148 1228; x_wconf 83' lang='grc' dir='ltr'>καμίνῳ</span> <span class='ocrx_word' id='word_1_411' title='bbox 1161 1192 1175 1217; x_wconf 84' lang='grc' dir='ltr'>ὁ</span> <span class='ocrx_word' id='word_1_412' title='bbox 1190 1190 1432 1226; x_wconf 75' lang='grc' dir='ltr'>Ναεουχοδονόσορ,</span> <span class='ocrx_word' id='word_1_413' title='bbox 1449 1190 1496 1217; x_wconf 71' lang='grc' dir='ltr'>καὶ</span> <span class='ocrx_word' id='word_1_414' title='bbox 1512 1189 1574 1216; x_wconf 81' lang='grc' dir='ltr'>Υἱὸν</span> <span class='ocrx_word' id='word_1_415' title='bbox 1595 1187 1663 1215; x_wconf 82' lang='grc' dir='ltr'>Θεοῦ</span> <span class='ocrx_word' id='word_1_416' title='bbox 1681 1185 1754 1214; x_wconf 77' lang='grc' dir='ltr'>εἶναι</span> <span class='ocrx_word' id='word_1_417' title='bbox 1766 1187 1825 1214; x_wconf 84' lang='grc' dir='ltr'><strong>τοῦ-</strong></span> 
     </span>
    </p>
   </div>
   <div class='ocr_carea' id='block_1_56' title="bbox 1042 1237 1290 1273">
    <p class='ocr_par' dir='ltr' id='par_1_56' title="bbox 1042 1237 1290 1273">
     <span class='ocr_line' id='line_1_56' title="bbox 1042 1237 1290 1273; baseline 0 -9"><span class='ocrx_word' id='word_1_418' title='bbox 1042 1246 1088 1264; x_wconf 89' lang='grc' dir='ltr'><strong>τον</strong></span> <span class='ocrx_word' id='word_1_419' title='bbox 1105 1237 1290 1273; x_wconf 80' lang='grc' dir='ltr'>ὡμολόγησεν.</span> 
     </span>
    </p>
   </div>
   <div class='ocr_carea' id='block_1_57' title="bbox 1076 1274 1823 1319">
    <p class='ocr_par' dir='ltr' id='par_1_57' title="bbox 1076 1274 1823 1319">
     <span class='ocr_line' id='line_1_57' title="bbox 1076 1274 1823 1319; baseline -0.007 -8"><span class='ocrx_word' id='word_1_420' title='bbox 1076 1286 1129 1319; x_wconf 53' lang='lat' dir='ltr'><strong>tr.</strong></span> <span class='ocrx_word' id='word_1_421' title='bbox 1155 1283 1209 1311; x_wconf 77' lang='grc' dir='ltr'><strong>Καὶ</strong></span> <span class='ocrx_word' id='word_1_422' title='bbox 1236 1280 1330 1314; x_wconf 80' lang='grc' dir='ltr'>εἷπεν,</span> <span class='ocrx_word' id='word_1_423' title='bbox 1357 1281 1481 1316; x_wconf 83' lang='grc' dir='ltr'>Σεδρὰχ,</span> <span class='ocrx_word' id='word_1_424' title='bbox 1510 1274 1631 1315; x_wconf 56' lang='lat' dir='ltr'><strong>nugax,</strong></span> <span class='ocrx_word' id='word_1_425' title='bbox 1653 1280 1823 1315; x_wconf 70' lang='grc' dir='ltr'>Ἀϐδεναγώ.</span> 
     </span>
    </p>
   </div>
   <div class='ocr_carea' id='block_1_58' title="bbox 1047 1326 1824 1364">
    <p class='ocr_par' dir='ltr' id='par_1_58' title="bbox 1047 1326 1824 1364">
     <span class='ocr_line' id='line_1_58' title="bbox 1047 1326 1824 1364; baseline -0.005 -7"><span class='ocrx_word' id='word_1_426' title='bbox 1047 1329 1213 1358; x_wconf 83' lang='grc' dir='ltr'><strong>Ἱππολύτου.</strong></span> <span class='ocrx_word' id='word_1_427' title='bbox 1222 1330 1278 1356; x_wconf 81' lang='grc' dir='ltr'><strong>Καὶ</strong></span> <span class='ocrx_word' id='word_1_428' title='bbox 1287 1330 1341 1356; x_wconf 85' lang='grc' dir='ltr'>τῶν</span> <span class='ocrx_word' id='word_1_429' title='bbox 1355 1329 1403 1364; x_wconf 79' lang='grc' dir='ltr'>μὲν</span> <span class='ocrx_word' id='word_1_430' title='bbox 1413 1328 1496 1364; x_wconf 84' lang='grc' dir='ltr'>τριῶν</span> <span class='ocrx_word' id='word_1_431' title='bbox 1506 1328 1541 1355; x_wconf 78' lang='grc' dir='ltr'>τὰ</span> <span class='ocrx_word' id='word_1_432' title='bbox 1548 1328 1668 1362; x_wconf 85' lang='grc' dir='ltr'>ὀνόματα</span> <span class='ocrx_word' id='word_1_433' title='bbox 1678 1326 1810 1354; x_wconf 72' lang='grc' dir='ltr'>ἐκάλεσεν</span> <span class='ocrx_word' id='word_1_434' title='bbox 1817 1335 1824 1341; x_wconf 90' lang='grc'>·</span> 
     </span>
    </p>
   </div>
   <div class='ocr_carea' id='block_1_59' title="bbox 1040 1369 1825 1410">
    <p class='ocr_par' dir='ltr' id='par_1_59' title="bbox 1040 1369 1825 1410">
     <span class='ocr_line' id='line_1_59' title="bbox 1040 1369 1825 1410; baseline -0.006 -8"><span class='ocrx_word' id='word_1_435' title='bbox 1040 1374 1088 1402; x_wconf 80' lang='grc' dir='ltr'>τοῦ</span> <span class='ocrx_word' id='word_1_436' title='bbox 1105 1375 1134 1402; x_wconf 78' lang='grc' dir='ltr'>δὲ</span> <span class='ocrx_word' id='word_1_437' title='bbox 1147 1375 1275 1410; x_wconf 79' lang='grc' dir='ltr'><strong>τετάρτου</strong></span> <span class='ocrx_word' id='word_1_438' title='bbox 1286 1375 1334 1409; x_wconf 75' lang='grc' dir='ltr'><strong>οὐχ</strong></span> <span class='ocrx_word' id='word_1_439' title='bbox 1353 1370 1432 1409; x_wconf 78' lang='grc' dir='ltr'>εὗρεν</span> <span class='ocrx_word' id='word_1_440' title='bbox 1445 1373 1561 1406; x_wconf 74' lang='grc' dir='ltr'>ἐξειπεῖν</span> <span class='ocrx_word' id='word_1_441' title='bbox 1573 1381 1580 1387; x_wconf 91' lang='grc'><strong>·</strong></span> <span class='ocrx_word' id='word_1_442' title='bbox 1596 1372 1705 1399; x_wconf 73' lang='grc' dir='ltr'>οὐδέπω</span> <span class='ocrx_word' id='word_1_443' title='bbox 1727 1372 1783 1408; x_wconf 77' lang='grc' dir='ltr'><strong>γὰρ</strong></span> <span class='ocrx_word' id='word_1_444' title='bbox 1793 1369 1825 1407; x_wconf 70' lang='grc' dir='ltr'>ἦν</span> 
     </span>
    </p>
   </div>
   <div class='ocr_carea' id='block_1_60' title="bbox 1042 1418 1644 1457">
    <p class='ocr_par' dir='ltr' id='par_1_60' title="bbox 1042 1418 1644 1457">
     <span class='ocr_line' id='line_1_60' title="bbox 1042 1418 1644 1457; baseline -0.008 -8"><span class='ocrx_word' id='word_1_445' title='bbox 1042 1422 1074 1448; x_wconf 81' lang='grc' dir='ltr'>ὲκ</span> <span class='ocrx_word' id='word_1_446' title='bbox 1087 1421 1136 1456; x_wconf 81' lang='grc' dir='ltr'>τῆς</span> <span class='ocrx_word' id='word_1_447' title='bbox 1147 1421 1280 1457; x_wconf 80' lang='grc' dir='ltr'>Παρθένου</span> <span class='ocrx_word' id='word_1_448' title='bbox 1299 1420 1479 1455; x_wconf 82' lang='grc' dir='ltr'>γεγενημένος</span> <span class='ocrx_word' id='word_1_449' title='bbox 1496 1420 1511 1445; x_wconf 83' lang='grc' dir='ltr'>ὁ</span> <span class='ocrx_word' id='word_1_450' title='bbox 1531 1418 1644 1454; x_wconf 80' lang='grc' dir='ltr'>Ἰησοῦς.</span> 
     </span>
    </p>
   </div>
   <div class='ocr_carea' id='block_1_61' title="bbox 244 1465 1060 1513">
    <p class='ocr_par' dir='ltr' id='par_1_61' title="bbox 244 1475 1024 1513">
     <span class='ocr_line' id='line_1_61' title="bbox 244 1475 1024 1513; baseline 0.001 -11"><span class='ocrx_word' id='word_1_451' title='bbox 244 1475 275 1502; x_wconf 79' lang='grc' dir='ltr'>ν.</span> <span class='ocrx_word' id='word_1_452' title='bbox 293 1476 381 1503; x_wconf 87' lang='grc'><strong>97.-</strong></span> <span class='ocrx_word' id='word_1_453' title='bbox 393 1476 464 1503; x_wconf 82' lang='lat' dir='ltr'><strong>Tum:</strong></span> <span class='ocrx_word' id='word_1_454' title='bbox 485 1485 530 1504; x_wconf 69' lang='lat' dir='ltr'><strong>rex.</strong></span> <span class='ocrx_word' id='word_1_455' title='bbox 549 1478 688 1512; x_wconf 84' lang='lat' dir='ltr'><strong>promovit.</strong></span> <span class='ocrx_word' id='word_1_456' title='bbox 707 1477 851 1513; x_wconf 87' lang='lat' dir='ltr'><strong>Hippolyti.</strong></span> <span class='ocrx_word' id='word_1_457' title='bbox 869 1477 903 1505; x_wconf 91' lang='lat' dir='ltr'><strong>Ut</strong></span> <span class='ocrx_word' id='word_1_458' title='bbox 917 1477 988 1505; x_wconf 87' lang='lat' dir='ltr'><strong>enim</strong></span> <span class='ocrx_word' id='word_1_459' title='bbox 1003 1484 1024 1513; x_wconf 72' lang='grc' dir='ltr'>ο</span> 
     </span>
    </p>
   </div>
   <div class='ocr_carea' id='block_1_62' title="bbox 1069 1465 1823 1513">
    <p class='ocr_par' dir='ltr' id='par_1_62' title="bbox 1076 1465 1823 1501">
     <span class='ocr_line' id='line_1_62' title="bbox 1076 1465 1823 1501; baseline -0.005 -7"><span class='ocrx_word' id='word_1_460' title='bbox 1076 1468 1127 1501; x_wconf 71' lang='grc' dir='ltr'><strong>1.,ζ¹.</strong></span> <span class='ocrx_word' id='word_1_461' title='bbox 1150 1467 1218 1494; x_wconf 77' lang='grc' dir='ltr'>Τότε</span> <span class='ocrx_word' id='word_1_462' title='bbox 1231 1468 1247 1494; x_wconf 82' lang='grc' dir='ltr'><em>ὁ</em></span> <span class='ocrx_word' id='word_1_463' title='bbox 1267 1466 1416 1500; x_wconf 78' lang='grc' dir='ltr'>,βασιλεὺς</span> <span class='ocrx_word' id='word_1_464' title='bbox 1439 1466 1635 1499; x_wconf 79' lang='grc' dir='ltr'>κατηύθυνεγ.</span> <span class='ocrx_word' id='word_1_465' title='bbox 1653 1465 1823 1491; x_wconf 72' lang='grc' dir='ltr'>Ἱππολύτου.</span> 
     </span>
    </p>
   </div>
   <div class='ocr_carea' id='block_1_63' title="bbox 208 1519 988 1557">
    <p class='ocr_par' dir='ltr' id='par_1_63' title="bbox 208 1519 988 1557">
     <span class='ocr_line' id='line_1_63' title="bbox 208 1519 988 1557; baseline 0.004 -10"><span class='ocrx_word' id='word_1_466' title='bbox 208 1519 293 1548; x_wconf 86' lang='lat' dir='ltr'><strong>Deum</strong></span> <span class='ocrx_word' id='word_1_467' title='bbox 308 1521 395 1556; x_wconf 90' lang='lat' dir='ltr'><strong>ipsum</strong></span> <span class='ocrx_word' id='word_1_468' title='bbox 413 1522 633 1557; x_wconf 85' lang='lat' dir='ltr'><strong>gloriﬁcaverunt</strong></span> <span class='ocrx_word' id='word_1_469' title='bbox 644 1522 709 1549; x_wconf 90' lang='lat' dir='ltr'><strong>dum</strong></span> <span class='ocrx_word' id='word_1_470' title='bbox 731 1530 791 1550; x_wconf 88' lang='lat' dir='ltr'><strong>sese</strong></span> <span class='ocrx_word' id='word_1_471' title='bbox 805 1524 884 1550; x_wconf 88' lang='lat' dir='ltr'><strong>morti</strong></span> <span class='ocrx_word' id='word_1_472' title='bbox 900 1522 988 1550; x_wconf 86' lang='lat' dir='ltr'><strong>trade-</strong></span> 
     </span>
    </p>
   </div>
   <div class='ocr_carea' id='block_1_64' title="bbox 207 1566 988 1602">
    <p class='ocr_par' dir='ltr' id='par_1_64' title="bbox 207 1566 988 1602">
     <span class='ocr_line' id='line_1_64' title="bbox 207 1566 988 1602; baseline 0.003 -9"><span class='ocrx_word' id='word_1_473' title='bbox 207 1571 278 1598; x_wconf 82' lang='lat' dir='ltr'><strong>rent,</strong></span> <span class='ocrx_word' id='word_1_474' title='bbox 298 1567 337 1594; x_wconf 90' lang='lat' dir='ltr'><strong>sic</strong></span> <span class='ocrx_word' id='word_1_475' title='bbox 355 1566 476 1594; x_wconf 89' lang='lat' dir='ltr'><strong>vicissim</strong></span> <span class='ocrx_word' id='word_1_476' title='bbox 503 1567 612 1602; x_wconf 88' lang='lat' dir='ltr'><strong>ipsimet</strong></span> <span class='ocrx_word' id='word_1_477' title='bbox 636 1576 689 1595; x_wconf 91' lang='lat' dir='ltr'><strong>non</strong></span> <span class='ocrx_word' id='word_1_478' title='bbox 710 1573 815 1595; x_wconf 86' lang='lat' dir='ltr'><strong>tantum</strong></span> <span class='ocrx_word' id='word_1_479' title='bbox 837 1576 851 1595; x_wconf 89' lang='lat' dir='ltr'><strong>a</strong></span> <span class='ocrx_word' id='word_1_480' title='bbox 867 1568 930 1601; x_wconf 91' lang='lat' dir='ltr'><strong>Deo,</strong></span> <span class='ocrx_word' id='word_1_481' title='bbox 941 1568 988 1595; x_wconf 90' lang='lat' dir='ltr'><strong>sed</strong></span> 
     </span>
    </p>
   </div>
   <div class='ocr_carea' id='block_1_65' title="bbox 207 1612 989 1649">
    <p class='ocr_par' dir='ltr' id='par_1_65' title="bbox 207 1612 989 1649">
     <span class='ocr_line' id='line_1_65' title="bbox 207 1612 989 1649; baseline 0.001 -10"><span class='ocrx_word' id='word_1_482' title='bbox 207 1613 288 1640; x_wconf 89' lang='lat' dir='ltr'><strong>etiam</strong></span> <span class='ocrx_word' id='word_1_483' title='bbox 305 1620 320 1639; x_wconf 89' lang='lat' dir='ltr'><strong>a</strong></span> <span class='ocrx_word' id='word_1_484' title='bbox 334 1619 396 1647; x_wconf 81' lang='lat' dir='ltr'><strong>rege</strong></span> <span class='ocrx_word' id='word_1_485' title='bbox 412 1612 553 1647; x_wconf 80' lang='lat' dir='ltr'><strong>gloriﬁcati</strong></span> <span class='ocrx_word' id='word_1_486' title='bbox 568 1616 644 1645; x_wconf 88' lang='lat' dir='ltr'><strong>sunt,</strong></span> <span class='ocrx_word' id='word_1_487' title='bbox 656 1616 684 1639; x_wconf 91' lang='lat' dir='ltr'><strong>et</strong></span> <span class='ocrx_word' id='word_1_488' title='bbox 697 1613 791 1640; x_wconf 67' lang='lat' dir='ltr'><strong>aliena:</strong></span> <span class='ocrx_word' id='word_1_489' title='bbox 815 1613 989 1649; x_wconf 73' lang='lat' dir='ltr'><strong>barbamque</strong></span> 
     </span>
    </p>
   </div>
   <div class='ocr_carea' id='block_1_66' title="bbox 208 1658 682 1694">
    <p class='ocr_par' dir='ltr' id='par_1_66' title="bbox 208 1658 682 1694">
     <span class='ocr_line' id='line_1_66' title="bbox 208 1658 682 1694; baseline -0.002 -8"><span class='ocrx_word' id='word_1_490' title='bbox 208 1663 301 1694; x_wconf 75' lang='lat' dir='ltr'><strong>gentes</strong></span> <span class='ocrx_word' id='word_1_491' title='bbox 318 1658 402 1685; x_wconf 87' lang='lat' dir='ltr'><strong>Deum</strong></span> <span class='ocrx_word' id='word_1_492' title='bbox 418 1659 507 1686; x_wconf 88' lang='lat' dir='ltr'><strong>colere</strong></span> <span class='ocrx_word' id='word_1_493' title='bbox 519 1658 682 1685; x_wconf 85' lang='lat' dir='ltr'><strong>didicerunt.</strong></span> 
     </span>
    </p>
   </div>
   <div class='ocr_carea' id='block_1_67' title="bbox 522 1743 675 1772">
    <p class='ocr_par' dir='ltr' id='par_1_67' title="bbox 522 1743 675 1772">
     <span class='ocr_line' id='line_1_67' title="bbox 522 1743 675 1772; baseline 0.007 -1"><span class='ocrx_word' id='word_1_494' title='bbox 522 1743 598 1771; x_wconf 62' lang='lat' dir='ltr'><strong>CAP.</strong></span> <span class='ocrx_word' id='word_1_495' title='bbox 621 1743 675 1772; x_wconf 86' lang='lat' dir='ltr'><strong>VII.</strong></span> 
     </span>
    </p>
   </div>
   <div class='ocr_carea' id='block_1_68' title="bbox 244 1788 988 1827">
    <p class='ocr_par' dir='ltr' id='par_1_68' title="bbox 244 1788 988 1827">
     <span class='ocr_line' id='line_1_68' title="bbox 244 1788 988 1827; baseline 0.007 -12"><span class='ocrx_word' id='word_1_496' title='bbox 244 1788 277 1816; x_wconf 82' lang='lat' dir='ltr'><strong>V.</strong></span> <span class='ocrx_word' id='word_1_497' title='bbox 295 1789 359 1816; x_wconf 78' lang='grc'><strong>1.-</strong></span> <span class='ocrx_word' id='word_1_498' title='bbox 380 1788 411 1816; x_wconf 83' lang='grc' dir='ltr'>Ει</span> <span class='ocrx_word' id='word_1_499' title='bbox 435 1789 565 1816; x_wconf 78' lang='lat' dir='ltr'><strong>somnium</strong></span> <span class='ocrx_word' id='word_1_500' title='bbox 587 1790 712 1817; x_wconf 76' lang='lat' dir='ltr'><strong>scribens.</strong></span> <span class='ocrx_word' id='word_1_501' title='bbox 735 1789 882 1827; x_wconf 80' lang='lat' dir='ltr'><strong>Hippolyti.</strong></span> <span class='ocrx_word' id='word_1_502' title='bbox 907 1791 988 1826; x_wconf 67' lang='lat' dir='ltr'><strong>Qua:-</strong></span> 
     </span>
    </p>
   </div>
   <div class='ocr_carea' id='block_1_69' title="bbox 210 1835 990 1871">
    <p class='ocr_par' dir='ltr' id='par_1_69' title="bbox 210 1835 990 1871">
     <span class='ocr_line' id='line_1_69' title="bbox 210 1835 990 1871; baseline 0.003 -8"><span class='ocrx_word' id='word_1_503' title='bbox 210 1843 316 1871; x_wconf 89' lang='lat' dir='ltr'><strong>cunque</strong></span> <span class='ocrx_word' id='word_1_504' title='bbox 343 1842 407 1870; x_wconf 77' lang='lat' dir='ltr'><strong>ergo</strong></span> <span class='ocrx_word' id='word_1_505' title='bbox 430 1836 522 1862; x_wconf 89' lang='lat' dir='ltr'><strong>omnia</strong></span> <span class='ocrx_word' id='word_1_506' title='bbox 545 1843 593 1870; x_wconf 88' lang='lat' dir='ltr'><strong>per</strong></span> <span class='ocrx_word' id='word_1_507' title='bbox 608 1835 736 1870; x_wconf 89' lang='lat' dir='ltr'><strong>Spiritum</strong></span> <span class='ocrx_word' id='word_1_508' title='bbox 761 1836 788 1863; x_wconf 90' lang='lat' dir='ltr'><strong>in</strong></span> <span class='ocrx_word' id='word_1_509' title='bbox 810 1837 922 1865; x_wconf 87' lang='lat' dir='ltr'><strong>somniis</strong></span> <span class='ocrx_word' id='word_1_510' title='bbox 947 1845 990 1866; x_wconf 89' lang='lat' dir='ltr'><strong>re-</strong></span> 
     </span>
    </p>
   </div>
   <div class='ocr_carea' id='block_1_70' title="bbox 210 1881 990 1916">
    <p class='ocr_par' dir='ltr' id='par_1_70' title="bbox 210 1881 990 1916">
     <span class='ocr_line' id='line_1_70' title="bbox 210 1881 990 1916; baseline 0.005 -8"><span class='ocrx_word' id='word_1_511' title='bbox 210 1881 297 1908; x_wconf 81' lang='lat' dir='ltr'><strong>velata</strong></span> <span class='ocrx_word' id='word_1_512' title='bbox 314 1885 377 1908; x_wconf 88' lang='lat' dir='ltr'><strong>sunt</strong></span> <span class='ocrx_word' id='word_1_513' title='bbox 392 1881 471 1908; x_wconf 89' lang='lat' dir='ltr'><strong>beato</strong></span> <span class='ocrx_word' id='word_1_514' title='bbox 494 1881 640 1916; x_wconf 75' lang='lat' dir='ltr'><strong>prophetae,</strong></span> <span class='ocrx_word' id='word_1_515' title='bbox 665 1882 723 1910; x_wconf 71' lang='lat' dir='ltr'><strong>hazc</strong></span> <span class='ocrx_word' id='word_1_516' title='bbox 741 1886 768 1909; x_wconf 85' lang='lat' dir='ltr'><strong>et</strong></span> <span class='ocrx_word' id='word_1_517' title='bbox 789 1882 849 1910; x_wconf 88' lang='lat' dir='ltr'><strong>aliis</strong></span> <span class='ocrx_word' id='word_1_518' title='bbox 863 1883 990 1913; x_wconf 87' lang='lat' dir='ltr'><strong>muniﬁce</strong></span> 
     </span>
    </p>
   </div>
   <div class='ocr_carea' id='block_1_71' title="bbox 209 1927 990 1966">
    <p class='ocr_par' dir='ltr' id='par_1_71' title="bbox 209 1927 990 1966">
     <span class='ocr_line' id='line_1_71' title="bbox 209 1927 990 1966; baseline 0.005 -12"><span class='ocrx_word' id='word_1_519' title='bbox 209 1927 374 1962; x_wconf 78' lang='lat' dir='ltr'><strong>explicabat,</strong></span> <span class='ocrx_word' id='word_1_520' title='bbox 396 1931 427 1955; x_wconf 90' lang='lat' dir='ltr'><strong>ut</strong></span> <span class='ocrx_word' id='word_1_521' title='bbox 447 1935 500 1955; x_wconf 86' lang='lat' dir='ltr'><strong>non</strong></span> <span class='ocrx_word' id='word_1_522' title='bbox 520 1932 624 1955; x_wconf 79' lang='lat' dir='ltr'><strong>tantum</strong></span> <span class='ocrx_word' id='word_1_523' title='bbox 646 1929 704 1963; x_wconf 88' lang='lat' dir='ltr'><strong>ipse</strong></span> <span class='ocrx_word' id='word_1_524' title='bbox 725 1929 833 1957; x_wconf 86' lang='lat' dir='ltr'><strong>sibimet</strong></span> <span class='ocrx_word' id='word_1_525' title='bbox 854 1931 990 1966; x_wconf 87' lang='lat' dir='ltr'><strong>propheti-</strong></span> 
     </span>
    </p>
   </div>
   <div class='ocr_carea' id='block_1_72' title="bbox 212 1973 989 2007">
    <p class='ocr_par' dir='ltr' id='par_1_72' title="bbox 212 1973 989 2007">
     <span class='ocr_line' id='line_1_72' title="bbox 212 1973 989 2007; baseline 0.005 -7"><span class='ocrx_word' id='word_1_526' title='bbox 212 1980 274 2001; x_wconf 80' lang='lat' dir='ltr'><strong>zare</strong></span> <span class='ocrx_word' id='word_1_527' title='bbox 294 1973 385 2000; x_wconf 78' lang='lat' dir='ltr'><strong>futura</strong></span> <span class='ocrx_word' id='word_1_528' title='bbox 401 1973 547 2007; x_wconf 88' lang='lat' dir='ltr'><strong>videretur,</strong></span> <span class='ocrx_word' id='word_1_529' title='bbox 563 1974 610 2002; x_wconf 86' lang='lat' dir='ltr'><strong>sed</strong></span> <span class='ocrx_word' id='word_1_530' title='bbox 629 1978 656 2001; x_wconf 91' lang='lat' dir='ltr'><strong>et</strong></span> <span class='ocrx_word' id='word_1_531' title='bbox 672 1974 733 2003; x_wconf 90' lang='lat' dir='ltr'><strong>aliis</strong></span> <span class='ocrx_word' id='word_1_532' title='bbox 746 1975 898 2004; x_wconf 86' lang='lat' dir='ltr'><strong>volentibus</strong></span> <span class='ocrx_word' id='word_1_533' title='bbox 913 1984 989 2005; x_wconf 90' lang='lat' dir='ltr'><strong>scru-</strong></span> 
     </span>
    </p>
   </div>
   <div class='ocr_carea' id='block_1_73' title="bbox 209 2018 884 2056">
    <p class='ocr_par' dir='ltr' id='par_1_73' title="bbox 209 2018 884 2056">
     <span class='ocr_line' id='line_1_73' title="bbox 209 2018 884 2056; baseline 0.006 -10"><span class='ocrx_word' id='word_1_534' title='bbox 209 2018 262 2046; x_wconf 86' lang='lat' dir='ltr'><strong>tari</strong></span> <span class='ocrx_word' id='word_1_535' title='bbox 273 2019 380 2047; x_wconf 88' lang='lat' dir='ltr'><strong>divinas</strong></span> <span class='ocrx_word' id='word_1_536' title='bbox 390 2019 545 2054; x_wconf 88' lang='lat' dir='ltr'><strong>Scripturas</strong></span> <span class='ocrx_word' id='word_1_537' title='bbox 560 2021 688 2056; x_wconf 85' lang='lat' dir='ltr'><strong>propheta</strong></span> <span class='ocrx_word' id='word_1_538' title='bbox 703 2021 884 2050; x_wconf 76' lang='lat' dir='ltr'><strong>exhiberetur.</strong></span> 
     </span>
    </p>
   </div>
   <div class='ocr_carea' id='block_1_74' title="bbox 243 2063 989 2102">
    <p class='ocr_par' dir='ltr' id='par_1_74' title="bbox 243 2063 989 2102">
     <span class='ocr_line' id='line_1_74' title="bbox 243 2063 989 2102; baseline 0.007 -11"><span class='ocrx_word' id='word_1_539' title='bbox 243 2063 276 2092; x_wconf 83' lang='lat' dir='ltr'><strong>V.</strong></span> <span class='ocrx_word' id='word_1_540' title='bbox 285 2064 385 2091; x_wconf 74' lang='lat' dir='ltr'><strong>2.-—Et</strong></span> <span class='ocrx_word' id='word_1_541' title='bbox 395 2073 452 2091; x_wconf 82' lang='lat' dir='ltr'><strong>ecce</strong></span> <span class='ocrx_word' id='word_1_542' title='bbox 458 2071 572 2100; x_wconf 85' lang='lat' dir='ltr'><strong>quatuor</strong></span> <span class='ocrx_word' id='word_1_543' title='bbox 579 2067 655 2092; x_wconf 81' lang='lat' dir='ltr'><strong>venti.</strong></span> <span class='ocrx_word' id='word_1_544' title='bbox 665 2066 808 2102; x_wconf 89' lang='lat' dir='ltr'><strong>Hippolyti.</strong></span> <span class='ocrx_word' id='word_1_545' title='bbox 819 2068 989 2097; x_wconf 86' lang='lat' dir='ltr'><strong>Creationem</strong></span> 
     </span>
    </p>
   </div>
   <div class='ocr_carea' id='block_1_75' title="bbox 209 2111 987 2148">
    <p class='ocr_par' dir='ltr' id='par_1_75' title="bbox 209 2111 987 2148">
     <span class='ocr_line' id='line_1_75' title="bbox 209 2111 987 2148; baseline 0.006 -10"><span class='ocrx_word' id='word_1_546' title='bbox 209 2111 260 2138; x_wconf 88' lang='lat' dir='ltr'><strong>sub</strong></span> <span class='ocrx_word' id='word_1_547' title='bbox 278 2116 393 2146; x_wconf 88' lang='lat' dir='ltr'><strong>quatuor</strong></span> <span class='ocrx_word' id='word_1_548' title='bbox 405 2112 466 2139; x_wconf 73' lang='lat' dir='ltr'><strong>coeli</strong></span> <span class='ocrx_word' id='word_1_549' title='bbox 478 2112 633 2140; x_wconf 84' lang='lat' dir='ltr'><strong>climatibus</strong></span> <span class='ocrx_word' id='word_1_550' title='bbox 644 2114 864 2148; x_wconf 85' lang='lat' dir='ltr'><strong>comprehensam</strong></span> <span class='ocrx_word' id='word_1_551' title='bbox 877 2115 987 2143; x_wconf 83' lang='lat' dir='ltr'><strong>indicat.</strong></span> 
     </span>
    </p>
   </div>
   <div class='ocr_carea' id='block_1_76' title="bbox 1041 1510 1826 1549">
    <p class='ocr_par' dir='ltr' id='par_1_76' title="bbox 1041 1510 1826 1549">
     <span class='ocr_line' id='line_1_76' title="bbox 1041 1510 1826 1549; baseline -0.004 -9"><span class='ocrx_word' id='word_1_552' title='bbox 1041 1513 1145 1548; x_wconf 83' lang='grc' dir='ltr'>Ὥσπερ</span> <span class='ocrx_word' id='word_1_553' title='bbox 1159 1513 1212 1549; x_wconf 89' lang='grc' dir='ltr'><strong>γὰρ</strong></span> <span class='ocrx_word' id='word_1_554' title='bbox 1224 1512 1303 1539; x_wconf 80' lang='grc' dir='ltr'>αὑτὸν</span> <span class='ocrx_word' id='word_1_555' title='bbox 1313 1512 1359 1539; x_wconf 77' lang='grc' dir='ltr'>τὸν</span> <span class='ocrx_word' id='word_1_556' title='bbox 1375 1512 1440 1538; x_wconf 81' lang='grc' dir='ltr'>Θεὸν</span> <span class='ocrx_word' id='word_1_557' title='bbox 1456 1512 1591 1545; x_wconf 75' lang='grc' dir='ltr'>ἐδόξασαν,</span> <span class='ocrx_word' id='word_1_558' title='bbox 1601 1512 1716 1543; x_wconf 78' lang='grc' dir='ltr'>ἑαυτοὺς</span> <span class='ocrx_word' id='word_1_559' title='bbox 1730 1511 1769 1546; x_wconf 82' lang='grc' dir='ltr'>τῷ</span> <span class='ocrx_word' id='word_1_560' title='bbox 1781 1510 1826 1537; x_wconf 81' lang='grc' dir='ltr'>θα-</span> 
     </span>
    </p>
   </div>
   <div class='ocr_carea' id='block_1_77' title="bbox 1041 1557 1826 1595">
    <p class='ocr_par' dir='ltr' id='par_1_77' title="bbox 1041 1557 1826 1595">
     <span class='ocr_line' id='line_1_77' title="bbox 1041 1557 1826 1595; baseline -0.006 -8"><span class='ocrx_word' id='word_1_561' title='bbox 1041 1560 1113 1595; x_wconf 85' lang='grc' dir='ltr'>νάτῳ</span> <span class='ocrx_word' id='word_1_562' title='bbox 1129 1559 1304 1595; x_wconf 85' lang='grc' dir='ltr'>παραδόντες,</span> <span class='ocrx_word' id='word_1_563' title='bbox 1323 1558 1394 1585; x_wconf 84' lang='grc' dir='ltr'>οὕτω</span> <span class='ocrx_word' id='word_1_564' title='bbox 1415 1558 1495 1586; x_wconf 71' lang='grc' dir='ltr'>πάλιν</span> <span class='ocrx_word' id='word_1_565' title='bbox 1519 1558 1566 1585; x_wconf 75' lang='grc' dir='ltr'>καὶ</span> <span class='ocrx_word' id='word_1_566' title='bbox 1590 1557 1668 1584; x_wconf 68' lang='grc' dir='ltr'>αὐτοὶ</span> <span class='ocrx_word' id='word_1_567' title='bbox 1689 1558 1722 1584; x_wconf 70' lang='grc' dir='ltr'>οὗ</span> <span class='ocrx_word' id='word_1_568' title='bbox 1748 1557 1826 1592; x_wconf 69' lang='grc' dir='ltr'>μόνον</span> 
     </span>
    </p>
   </div>
   <div class='ocr_carea' id='block_1_78' title="bbox 1041 1603 1824 1640">
    <p class='ocr_par' dir='ltr' id='par_1_78' title="bbox 1041 1603 1824 1640">
     <span class='ocr_line' id='line_1_78' title="bbox 1041 1603 1824 1640; baseline -0.005 -7"><span class='ocrx_word' id='word_1_569' title='bbox 1041 1606 1093 1633; x_wconf 81' lang='grc' dir='ltr'>ὑπὸ</span> <span class='ocrx_word' id='word_1_570' title='bbox 1108 1606 1186 1639; x_wconf 85' lang='grc' dir='ltr'>Θεοῦ,</span> <span class='ocrx_word' id='word_1_571' title='bbox 1200 1605 1267 1632; x_wconf 81' lang='grc' dir='ltr'>ἀλλὰ</span> <span class='ocrx_word' id='word_1_572' title='bbox 1281 1605 1327 1632; x_wconf 69' lang='grc' dir='ltr'>καὶ</span> <span class='ocrx_word' id='word_1_573' title='bbox 1343 1604 1394 1631; x_wconf 79' lang='grc' dir='ltr'><strong>ὑπὸ</strong></span> <span class='ocrx_word' id='word_1_574' title='bbox 1409 1605 1456 1631; x_wconf 83' lang='grc' dir='ltr'>τοῦ</span> <span class='ocrx_word' id='word_1_575' title='bbox 1478 1604 1607 1640; x_wconf 82' lang='grc' dir='ltr'>βασιλέως</span> <span class='ocrx_word' id='word_1_576' title='bbox 1622 1603 1824 1638; x_wconf 68' lang='grc' dir='ltr'>ἐδοξάσῡησαν·</span> 
     </span>
    </p>
   </div>
   <div class='ocr_carea' id='block_1_79' title="bbox 999 1650 1825 1687">
    <p class='ocr_par' dir='ltr' id='par_1_79' title="bbox 999 1650 1825 1687">
     <span class='ocr_line' id='line_1_79' title="bbox 999 1650 1825 1687; baseline -0.004 -8"><span class='ocrx_word' id='word_1_577' title='bbox 999 1661 1005 1668; x_wconf 85' lang='lat'>&#39;</span> <span class='ocrx_word' id='word_1_578' title='bbox 1039 1651 1133 1679; x_wconf 75' lang='grc' dir='ltr'>καὶτὰ</span> <span class='ocrx_word' id='word_1_579' title='bbox 1146 1651 1280 1686; x_wconf 78' lang='grc' dir='ltr'>ἀλλόφυλα</span> <span class='ocrx_word' id='word_1_580' title='bbox 1297 1651 1343 1679; x_wconf 78' lang='grc' dir='ltr'><strong>καὶ</strong></span> <span class='ocrx_word' id='word_1_581' title='bbox 1364 1651 1488 1687; x_wconf 78' lang='grc' dir='ltr'>βάρϐαρα</span> <span class='ocrx_word' id='word_1_582' title='bbox 1510 1650 1573 1686; x_wconf 75' lang='grc' dir='ltr'>ἑθνη</span> <span class='ocrx_word' id='word_1_583' title='bbox 1588 1650 1636 1677; x_wconf 80' lang='grc' dir='ltr'><strong>τὸν</strong></span> <span class='ocrx_word' id='word_1_584' title='bbox 1648 1650 1718 1677; x_wconf 82' lang='grc' dir='ltr'>Θεὸν</span> <span class='ocrx_word' id='word_1_585' title='bbox 1738 1650 1825 1676; x_wconf 74' lang='grc' dir='ltr'>σέϐειν</span> 
     </span>
    </p>
   </div>
   <div class='ocr_carea' id='block_1_80' title="bbox 1039 1698 1171 1731">
    <p class='ocr_par' dir='ltr' id='par_1_80' title="bbox 1039 1698 1171 1731">
     <span class='ocr_line' id='line_1_80' title="bbox 1039 1698 1171 1731; baseline -0.008 -6"><span class='ocrx_word' id='word_1_586' title='bbox 1039 1698 1171 1731; x_wconf 72' lang='grc' dir='ltr'>ἐδίδαξαν.</span> 
     </span>
    </p>
   </div>
   <div class='ocr_carea' id='block_1_81' title="bbox 1371 1743 1507 1770">
    <p class='ocr_par' dir='ltr' id='par_1_81' title="bbox 1371 1743 1507 1770">
     <span class='ocr_line' id='line_1_81' title="bbox 1371 1743 1507 1770; baseline 0.007 -1"><span class='ocrx_word' id='word_1_587' title='bbox 1371 1743 1449 1770; x_wconf 78' lang='grc' dir='ltr'><strong>ΚΕΦ.</strong></span> <span class='ocrx_word' id='word_1_588' title='bbox 1471 1743 1507 1770; x_wconf 92' lang='grc' dir='ltr'><strong>Ζ’.</strong></span> 
     </span>
    </p>
   </div>
   <div class='ocr_carea' id='block_1_82' title="bbox 1075 1788 1825 1824">
    <p class='ocr_par' dir='ltr' id='par_1_82' title="bbox 1075 1788 1825 1824">
     <span class='ocr_line' id='line_1_82' title="bbox 1075 1788 1825 1824; baseline -0.003 -8"><span class='ocrx_word' id='word_1_589' title='bbox 1075 1789 1103 1819; x_wconf 82' lang='lat' dir='ltr'><strong>a&#39;.</strong></span> <span class='ocrx_word' id='word_1_590' title='bbox 1109 1789 1202 1818; x_wconf 79' lang='grc' dir='ltr'>Καὶτὸ</span> <span class='ocrx_word' id='word_1_591' title='bbox 1213 1789 1355 1816; x_wconf 80' lang='grc' dir='ltr'><strong>ἐνύπνιον</strong></span> <span class='ocrx_word' id='word_1_592' title='bbox 1367 1789 1507 1824; x_wconf 70' lang='grc' dir='ltr'>ἔγραψεν.</span> <span class='ocrx_word' id='word_1_593' title='bbox 1516 1788 1685 1815; x_wconf 80' lang='grc' dir='ltr'>Ἱππολύτου.</span> <span class='ocrx_word' id='word_1_594' title='bbox 1696 1788 1768 1815; x_wconf 80' lang='grc' dir='ltr'><strong>Ὅσα</strong></span> <span class='ocrx_word' id='word_1_595' title='bbox 1779 1788 1825 1824; x_wconf 69' lang='grc' dir='ltr'>μὲν</span> 
     </span>
    </p>
   </div>
   <div class='ocr_carea' id='block_1_83' title="bbox 1040 1834 1824 1871">
    <p class='ocr_par' dir='ltr' id='par_1_83' title="bbox 1040 1834 1824 1871">
     <span class='ocr_line' id='line_1_83' title="bbox 1040 1834 1824 1871; baseline -0.003 -9"><span class='ocrx_word' id='word_1_596' title='bbox 1040 1834 1086 1862; x_wconf 85' lang='grc' dir='ltr'>οὖν</span> <span class='ocrx_word' id='word_1_597' title='bbox 1107 1835 1159 1862; x_wconf 77' lang='grc' dir='ltr'><strong>ὑπὸ</strong></span> <span class='ocrx_word' id='word_1_598' title='bbox 1174 1835 1221 1862; x_wconf 86' lang='grc' dir='ltr'>τοῦ</span> <span class='ocrx_word' id='word_1_599' title='bbox 1244 1835 1401 1871; x_wconf 84' lang='grc' dir='ltr'>Πνεύματος</span> <span class='ocrx_word' id='word_1_600' title='bbox 1421 1835 1454 1862; x_wconf 86' lang='grc' dir='ltr'><strong>δι’</strong></span> <span class='ocrx_word' id='word_1_601' title='bbox 1480 1835 1626 1871; x_wconf 83' lang='grc' dir='ltr'>ὁραμάτων</span> <span class='ocrx_word' id='word_1_602' title='bbox 1642 1834 1824 1869; x_wconf 69' lang='grc' dir='ltr'>ἀπεκαλύφθη</span> 
     </span>
    </p>
   </div>
   <div class='ocr_carea' id='block_1_84' title="bbox 1039 1881 1825 1919">
    <p class='ocr_par' dir='ltr' id='par_1_84' title="bbox 1039 1881 1825 1919">
     <span class='ocr_line' id='line_1_84' title="bbox 1039 1881 1825 1919; baseline 0 -11"><span class='ocrx_word' id='word_1_603' title='bbox 1039 1883 1078 1919; x_wconf 85' lang='grc' dir='ltr'>τῷ</span> <span class='ocrx_word' id='word_1_604' title='bbox 1099 1882 1225 1918; x_wconf 81' lang='grc' dir='ltr'>μακαρίῳ</span> <span class='ocrx_word' id='word_1_605' title='bbox 1247 1882 1384 1918; x_wconf 81' lang='grc' dir='ltr'>προφήτῃ,</span> <span class='ocrx_word' id='word_1_606' title='bbox 1405 1881 1491 1908; x_wconf 80' lang='grc' dir='ltr'>ταῦτα</span> <span class='ocrx_word' id='word_1_607' title='bbox 1510 1881 1558 1908; x_wconf 79' lang='grc' dir='ltr'>καὶ</span> <span class='ocrx_word' id='word_1_608' title='bbox 1581 1881 1687 1916; x_wconf 77' lang='grc' dir='ltr'>ἑτέροις</span> <span class='ocrx_word' id='word_1_609' title='bbox 1700 1881 1825 1916; x_wconf 69' lang='grc' dir='ltr'>ἀφθόνως</span> 
     </span>
    </p>
   </div>
   <div class='ocr_carea' id='block_1_85' title="bbox 1039 1928 1826 1966">
    <p class='ocr_par' dir='ltr' id='par_1_85' title="bbox 1039 1928 1826 1966">
     <span class='ocr_line' id='line_1_85' title="bbox 1039 1928 1826 1966; baseline -0.003 -10"><span class='ocrx_word' id='word_1_610' title='bbox 1039 1929 1195 1966; x_wconf 83' lang='grc' dir='ltr'>διηγήσατο,</span> <span class='ocrx_word' id='word_1_611' title='bbox 1215 1929 1258 1955; x_wconf 86' lang='grc' dir='ltr'><strong>ἴνα</strong></span> <span class='ocrx_word' id='word_1_612' title='bbox 1278 1928 1314 1964; x_wconf 86' lang='grc' dir='ltr'>μὴ</span> <span class='ocrx_word' id='word_1_613' title='bbox 1330 1928 1408 1963; x_wconf 87' lang='grc' dir='ltr'>μόνον</span> <span class='ocrx_word' id='word_1_614' title='bbox 1429 1928 1510 1960; x_wconf 76' lang='grc' dir='ltr'>αὐτὸς</span> <span class='ocrx_word' id='word_1_615' title='bbox 1532 1928 1621 1963; x_wconf 71' lang='grc' dir='ltr'>ἐαυτῷ</span> <span class='ocrx_word' id='word_1_616' title='bbox 1642 1928 1826 1963; x_wconf 76' lang='grc' dir='ltr'>προφητεύων</span> 
     </span>
    </p>
   </div>
   <div class='ocr_carea' id='block_1_86' title="bbox 1039 1973 1825 2010">
    <p class='ocr_par' dir='ltr' id='par_1_86' title="bbox 1039 1973 1825 2010">
     <span class='ocr_line' id='line_1_86' title="bbox 1039 1973 1825 2010; baseline -0.003 -9"><span class='ocrx_word' id='word_1_617' title='bbox 1039 1975 1073 2001; x_wconf 86' lang='grc' dir='ltr'><strong>τὰ</strong></span> <span class='ocrx_word' id='word_1_618' title='bbox 1087 1974 1216 2010; x_wconf 85' lang='grc' dir='ltr'>μέλλοντα</span> <span class='ocrx_word' id='word_1_619' title='bbox 1228 1975 1308 2009; x_wconf 83' lang='grc' dir='ltr'>φανῇ,</span> <span class='ocrx_word' id='word_1_620' title='bbox 1323 1973 1390 2001; x_wconf 76' lang='grc' dir='ltr'>ἀλλὰ</span> <span class='ocrx_word' id='word_1_621' title='bbox 1405 1975 1451 2001; x_wconf 75' lang='grc' dir='ltr'>καὶ</span> <span class='ocrx_word' id='word_1_622' title='bbox 1467 1973 1568 2010; x_wconf 76' lang='grc' dir='ltr'>ἑτέροις</span> <span class='ocrx_word' id='word_1_623' title='bbox 1578 1976 1635 2005; x_wconf 85' lang='grc' dir='ltr'>τοῖς</span> <span class='ocrx_word' id='word_1_624' title='bbox 1649 1973 1825 2009; x_wconf 78' lang='grc' dir='ltr'>βουλομένοις</span> 
     </span>
    </p>
   </div>
   <div class='ocr_carea' id='block_1_87' title="bbox 1040 2020 1772 2057">
    <p class='ocr_par' dir='ltr' id='par_1_87' title="bbox 1040 2020 1772 2057">
     <span class='ocr_line' id='line_1_87' title="bbox 1040 2020 1772 2057; baseline -0.003 -10"><span class='ocrx_word' id='word_1_625' title='bbox 1040 2022 1151 2057; x_wconf 82' lang='grc' dir='ltr'>ὲρευνᾷν</span> <span class='ocrx_word' id='word_1_626' title='bbox 1166 2021 1215 2052; x_wconf 87' lang='grc' dir='ltr'><strong>τὰς</strong></span> <span class='ocrx_word' id='word_1_627' title='bbox 1231 2020 1305 2052; x_wconf 84' lang='grc' dir='ltr'>θείας</span> <span class='ocrx_word' id='word_1_628' title='bbox 1317 2020 1437 2056; x_wconf 82' lang='grc' dir='ltr'>Γραφὰς,</span> <span class='ocrx_word' id='word_1_629' title='bbox 1454 2020 1594 2056; x_wconf 70' lang='grc' dir='ltr'>προφήτης</span> <span class='ocrx_word' id='word_1_630' title='bbox 1609 2020 1772 2055; x_wconf 78' lang='grc' dir='ltr'>ἀποδειχθῇ.</span> 
     </span>
    </p>
   </div>
   <div class='ocr_carea' id='block_1_88' title="bbox 1075 2064 1824 2102">
    <p class='ocr_par' dir='ltr' id='par_1_88' title="bbox 1075 2064 1824 2102">
     <span class='ocr_line' id='line_1_88' title="bbox 1075 2064 1824 2102; baseline -0.005 -8"><span class='ocrx_word' id='word_1_631' title='bbox 1075 2066 1108 2102; x_wconf 85' lang='grc' dir='ltr'><strong>β’.</strong></span> <span class='ocrx_word' id='word_1_632' title='bbox 1130 2066 1185 2094; x_wconf 74' lang='grc' dir='ltr'><strong>Καὶ</strong></span> <span class='ocrx_word' id='word_1_633' title='bbox 1207 2066 1270 2093; x_wconf 79' lang='grc' dir='ltr'><strong>ιΰοὺ</strong></span> <span class='ocrx_word' id='word_1_634' title='bbox 1291 2067 1318 2092; x_wconf 80' lang='grc' dir='ltr'>οὶ</span> <span class='ocrx_word' id='word_1_635' title='bbox 1340 2065 1486 2099; x_wconf 78' lang='grc' dir='ltr'>τέσσαρες</span> <span class='ocrx_word' id='word_1_636' title='bbox 1506 2065 1618 2099; x_wconf 80' lang='grc' dir='ltr'>ἄνεμοι.</span> <span class='ocrx_word' id='word_1_637' title='bbox 1652 2064 1824 2091; x_wconf 79' lang='grc' dir='ltr'>Ἱππολύτου.</span> 
     </span>
    </p>
   </div>
   <div class='ocr_carea' id='block_1_89' title="bbox 1040 2110 1555 2148">
    <p class='ocr_par' dir='ltr' id='par_1_89' title="bbox 1040 2110 1555 2148">
     <span class='ocr_line' id='line_1_89' title="bbox 1040 2110 1555 2148; baseline -0.004 -10"><span class='ocrx_word' id='word_1_638' title='bbox 1040 2112 1095 2147; x_wconf 87' lang='grc' dir='ltr'><strong>Τὴν</strong></span> <span class='ocrx_word' id='word_1_639' title='bbox 1105 2112 1305 2148; x_wconf 81' lang='grc' dir='ltr'>τετραπέρατον</span> <span class='ocrx_word' id='word_1_640' title='bbox 1319 2111 1406 2137; x_wconf 83' lang='grc' dir='ltr'>κτίσιν</span> <span class='ocrx_word' id='word_1_641' title='bbox 1420 2110 1555 2146; x_wconf 87' lang='grc' dir='ltr'>σημαίνει.</span> 
     </span>
    </p>
   </div>
   <div class='ocr_carea' id='block_1_90' title="bbox 245 2147 1060 2198">
    <p class='ocr_par' dir='ltr' id='par_1_90' title="bbox 245 2147 1026 2198">
     <span class='ocr_line' id='line_1_90' title="bbox 245 2147 1026 2198; baseline 0.009 -15"><span class='ocrx_word' id='word_1_642' title='bbox 245 2156 277 2184; x_wconf 89' lang='grc' dir='ltr'>ν.</span> <span class='ocrx_word' id='word_1_643' title='bbox 300 2158 327 2184; x_wconf 77' lang='lat'><strong>5.</strong></span> <span class='ocrx_word' id='word_1_644' title='bbox 343 2172 379 2177; x_wconf 94' lang='lat'><strong>——</strong></span> <span class='ocrx_word' id='word_1_645' title='bbox 399 2157 433 2184; x_wconf 85' lang='lat' dir='ltr'><strong>Et</strong></span> <span class='ocrx_word' id='word_1_646' title='bbox 455 2163 570 2192; x_wconf 83' lang='lat' dir='ltr'><strong>quatuor</strong></span> <span class='ocrx_word' id='word_1_647' title='bbox 594 2159 680 2186; x_wconf 69' lang='lat' dir='ltr'><strong>bestia</strong></span> <span class='ocrx_word' id='word_1_648' title='bbox 702 2147 823 2194; x_wconf 53' lang='lat' dir='ltr'><strong>grandes.</strong></span> <span class='ocrx_word' id='word_1_649' title='bbox 841 2161 986 2198; x_wconf 87' lang='lat' dir='ltr'><strong>Hippolyti.</strong></span> <span class='ocrx_word' id='word_1_650' title='bbox 1004 2147 1026 2174; x_wconf 65' lang='grc' dir='ltr'><strong>Β</strong></span> 
     </span>
    </p>
   </div>
   <div class='ocr_carea' id='block_1_91' title="bbox 1069 2147 1827 2198">
    <p class='ocr_par' dir='ltr' id='par_1_91' title="bbox 1074 2156 1827 2192">
     <span class='ocr_line' id='line_1_91' title="bbox 1074 2156 1827 2192; baseline -0.004 -7"><span class='ocrx_word' id='word_1_651' title='bbox 1074 2161 1108 2192; x_wconf 91' lang='grc' dir='ltr'><strong>γ’.</strong></span> <span class='ocrx_word' id='word_1_652' title='bbox 1117 2158 1171 2185; x_wconf 77' lang='grc' dir='ltr'><strong>Καὶ</strong></span> <span class='ocrx_word' id='word_1_653' title='bbox 1181 2158 1313 2191; x_wconf 77' lang='grc' dir='ltr'>τέσσαρα</span> <span class='ocrx_word' id='word_1_654' title='bbox 1326 2158 1411 2191; x_wconf 86' lang='grc' dir='ltr'>θηρία</span> <span class='ocrx_word' id='word_1_655' title='bbox 1419 2156 1544 2191; x_wconf 73' lang='grc' dir='ltr'>μεγάλα.</span> <span class='ocrx_word' id='word_1_656' title='bbox 1561 2156 1733 2183; x_wconf 76' lang='grc' dir='ltr'>Ἱππολύτου.</span> <span class='ocrx_word' id='word_1_657' title='bbox 1751 2157 1827 2183; x_wconf 78' lang='grc' dir='ltr'>Ἐπεὶ</span> 
     </span>
    </p>
   </div>
   <div class='ocr_carea' id='block_1_92' title="bbox 209 2203 987 2237">
    <p class='ocr_par' dir='ltr' id='par_1_92' title="bbox 209 2203 987 2237">
     <span class='ocr_line' id='line_1_92' title="bbox 209 2203 987 2237; baseline 0.01 -8"><span class='ocrx_word' id='word_1_658' title='bbox 209 2203 343 2236; x_wconf 90' lang='lat' dir='ltr'><strong>Quoniam</strong></span> <span class='ocrx_word' id='word_1_659' title='bbox 362 2211 426 2237; x_wconf 84' lang='lat' dir='ltr'><strong>ergo</strong></span> <span class='ocrx_word' id='word_1_660' title='bbox 439 2204 520 2230; x_wconf 70' lang='lat' dir='ltr'><strong>varia:</strong></span> <span class='ocrx_word' id='word_1_661' title='bbox 535 2204 627 2231; x_wconf 81' lang='lat' dir='ltr'><strong>bestiae</strong></span> <span class='ocrx_word' id='word_1_662' title='bbox 653 2210 808 2234; x_wconf 61' lang='lat' dir='ltr'><strong>monstratae</strong></span> <span class='ocrx_word' id='word_1_663' title='bbox 827 2214 890 2235; x_wconf 87' lang='lat' dir='ltr'><strong>sunt</strong></span> <span class='ocrx_word' id='word_1_664' title='bbox 909 2209 987 2237; x_wconf 88' lang='lat' dir='ltr'><strong>beato</strong></span> 
     </span>
    </p>
   </div>
   <div class='ocr_carea' id='block_1_93' title="bbox 211 2248 988 2285">
    <p class='ocr_par' dir='ltr' id='par_1_93' title="bbox 211 2248 988 2285">
     <span class='ocr_line' id='line_1_93' title="bbox 211 2248 988 2285; baseline 0.01 -12"><span class='ocrx_word' id='word_1_665' title='bbox 211 2249 317 2280; x_wconf 85' lang='lat' dir='ltr'><strong>Daniel,</strong></span> <span class='ocrx_word' id='word_1_666' title='bbox 334 2253 361 2276; x_wconf 88' lang='lat' dir='ltr'><strong>et</strong></span> <span class='ocrx_word' id='word_1_667' title='bbox 373 2248 414 2275; x_wconf 64' lang='lat' dir='ltr'><strong>ha‘.</strong></span> <span class='ocrx_word' id='word_1_668' title='bbox 431 2248 502 2275; x_wconf 87' lang='lat' dir='ltr'><strong>inter</strong></span> <span class='ocrx_word' id='word_1_669' title='bbox 516 2256 545 2275; x_wconf 85' lang='lat' dir='ltr'><strong>se</strong></span> <span class='ocrx_word' id='word_1_670' title='bbox 561 2248 683 2282; x_wconf 64' lang='lat' dir='ltr'><strong>diversae,</strong></span> <span class='ocrx_word' id='word_1_671' title='bbox 698 2256 803 2285; x_wconf 86' lang='lat' dir='ltr'><strong>oportet</strong></span> <span class='ocrx_word' id='word_1_672' title='bbox 820 2261 870 2280; x_wconf 89' lang='lat' dir='ltr'><strong>nos</strong></span> <span class='ocrx_word' id='word_1_673' title='bbox 888 2254 988 2281; x_wconf 87' lang='lat' dir='ltr'><strong>intelli-</strong></span> 
     </span>
    </p>
   </div>
   <div class='ocr_carea' id='block_1_94' title="bbox 210 2294 988 2332">
    <p class='ocr_par' dir='ltr' id='par_1_94' title="bbox 210 2294 988 2332">
     <span class='ocr_line' id='line_1_94' title="bbox 210 2294 988 2332; baseline 0.009 -11"><span class='ocrx_word' id='word_1_674' title='bbox 210 2302 272 2329; x_wconf 78' lang='lat' dir='ltr'><strong>gere</strong></span> <span class='ocrx_word' id='word_1_675' title='bbox 293 2302 348 2322; x_wconf 89' lang='lat' dir='ltr'><strong>non</strong></span> <span class='ocrx_word' id='word_1_676' title='bbox 367 2295 440 2321; x_wconf 88' lang='lat' dir='ltr'><strong>circa</strong></span> <span class='ocrx_word' id='word_1_677' title='bbox 456 2294 556 2322; x_wconf 86' lang='lat' dir='ltr'><strong>bestias</strong></span> <span class='ocrx_word' id='word_1_678' title='bbox 575 2296 706 2329; x_wconf 86' lang='lat' dir='ltr'><strong>quasdam</strong></span> <span class='ocrx_word' id='word_1_679' title='bbox 725 2298 813 2332; x_wconf 84' lang='lat' dir='ltr'><strong>reipsa</strong></span> <span class='ocrx_word' id='word_1_680' title='bbox 823 2301 925 2327; x_wconf 87' lang='lat' dir='ltr'><strong>versari</strong></span> <span class='ocrx_word' id='word_1_681' title='bbox 941 2309 988 2328; x_wconf 88' lang='lat' dir='ltr'><strong>ve-</strong></span> 
     </span>
    </p>
   </div>
   <div class='ocr_carea' id='block_1_95' title="bbox 211 2339 988 2380">
    <p class='ocr_par' dir='ltr' id='par_1_95' title="bbox 211 2339 988 2380">
     <span class='ocr_line' id='line_1_95' title="bbox 211 2339 988 2380; baseline 0.012 -15"><span class='ocrx_word' id='word_1_682' title='bbox 211 2340 318 2367; x_wconf 86' lang='lat' dir='ltr'><strong>ritatem</strong></span> <span class='ocrx_word' id='word_1_683' title='bbox 336 2339 479 2373; x_wconf 82' lang='lat' dir='ltr'><strong>sermonis,</strong></span> <span class='ocrx_word' id='word_1_684' title='bbox 496 2340 543 2367; x_wconf 85' lang='lat' dir='ltr'><strong>sed</strong></span> <span class='ocrx_word' id='word_1_685' title='bbox 561 2341 611 2368; x_wconf 87' lang='lat' dir='ltr'><strong>sub</strong></span> <span class='ocrx_word' id='word_1_686' title='bbox 628 2346 690 2376; x_wconf 86' lang='lat' dir='ltr'><strong>typo</strong></span> <span class='ocrx_word' id='word_1_687' title='bbox 714 2347 740 2369; x_wconf 85' lang='lat' dir='ltr'><strong>et</strong></span> <span class='ocrx_word' id='word_1_688' title='bbox 758 2345 873 2380; x_wconf 81' lang='lat' dir='ltr'><strong>imagine</strong></span> <span class='ocrx_word' id='word_1_689' title='bbox 897 2346 988 2374; x_wconf 87' lang='lat' dir='ltr'><strong>diver-</strong></span> 
     </span>
    </p>
   </div>
   <div class='ocr_carea' id='block_1_96' title="bbox 211 2385 988 2427">
    <p class='ocr_par' dir='ltr' id='par_1_96' title="bbox 211 2385 988 2427">
     <span class='ocr_line' id='line_1_96' title="bbox 211 2385 988 2427; baseline 0.013 -16"><span class='ocrx_word' id='word_1_690' title='bbox 211 2393 301 2412; x_wconf 85' lang='lat' dir='ltr'><strong>sarum</strong></span> <span class='ocrx_word' id='word_1_691' title='bbox 330 2385 475 2412; x_wconf 85' lang='lat' dir='ltr'><strong>bestiarum</strong></span> <span class='ocrx_word' id='word_1_692' title='bbox 500 2386 606 2413; x_wconf 88' lang='lat' dir='ltr'><strong>diversa</strong></span> <span class='ocrx_word' id='word_1_693' title='bbox 630 2387 798 2416; x_wconf 81' lang='lat' dir='ltr'><strong>manifestari</strong></span> <span class='ocrx_word' id='word_1_694' title='bbox 825 2399 906 2426; x_wconf 84' lang='lat' dir='ltr'><strong>regna</strong></span> <span class='ocrx_word' id='word_1_695' title='bbox 927 2401 988 2427; x_wconf 74' lang='lat' dir='ltr'><strong>qua:</strong></span> 
     </span>
    </p>
   </div>
   <div class='ocr_carea' id='block_1_97' title="bbox 211 2428 989 2469">
    <p class='ocr_par' dir='ltr' id='par_1_97' title="bbox 211 2428 989 2469">
     <span class='ocr_line' id='line_1_97' title="bbox 211 2428 989 2469; baseline 0.009 -15"><span class='ocrx_word' id='word_1_696' title='bbox 211 2428 328 2455; x_wconf 87' lang='lat' dir='ltr'><strong>humano</strong></span> <span class='ocrx_word' id='word_1_697' title='bbox 344 2429 434 2463; x_wconf 80' lang='lat' dir='ltr'><strong>generi</strong></span> <span class='ocrx_word' id='word_1_698' title='bbox 449 2429 584 2456; x_wconf 77' lang='lat' dir='ltr'><strong>dominata</strong></span> <span class='ocrx_word' id='word_1_699' title='bbox 601 2436 672 2457; x_wconf 87' lang='lat' dir='ltr'><strong>sunt.</strong></span> <span class='ocrx_word' id='word_1_700' title='bbox 688 2431 759 2458; x_wconf 83' lang='lat' dir='ltr'><strong>Mare</strong></span> <span class='ocrx_word' id='word_1_701' title='bbox 776 2432 848 2459; x_wconf 91' lang='lat' dir='ltr'><strong>enim</strong></span> <span class='ocrx_word' id='word_1_702' title='bbox 862 2441 989 2469; x_wconf 85' lang='lat' dir='ltr'><strong>magnum</strong></span> 
     </span>
    </p>
   </div>
   <div class='ocr_carea' id='block_1_98' title="bbox 210 2473 579 2503">
    <p class='ocr_par' dir='ltr' id='par_1_98' title="bbox 210 2473 579 2503">
     <span class='ocr_line' id='line_1_98' title="bbox 210 2473 579 2503; baseline 0.008 -3"><span class='ocrx_word' id='word_1_703' title='bbox 210 2473 368 2500; x_wconf 90' lang='lat' dir='ltr'><strong>universum</strong></span> <span class='ocrx_word' id='word_1_704' title='bbox 382 2474 475 2502; x_wconf 88' lang='lat' dir='ltr'><strong>orbem</strong></span> <span class='ocrx_word' id='word_1_705' title='bbox 493 2480 579 2503; x_wconf 90' lang='lat' dir='ltr'><strong>vocat.</strong></span> 
     </span>
    </p>
   </div>
   <div class='ocr_carea' id='block_1_99' title="bbox 246 2519 988 2559">
    <p class='ocr_par' dir='ltr' id='par_1_99' title="bbox 246 2519 988 2559">
     <span class='ocr_line' id='line_1_99' title="bbox 246 2519 988 2559; baseline 0.007 -14"><span class='ocrx_word' id='word_1_706' title='bbox 246 2519 278 2546; x_wconf 83' lang='lat' dir='ltr'><strong>V.</strong></span> <span class='ocrx_word' id='word_1_707' title='bbox 299 2519 325 2545; x_wconf 70' lang='grc'><strong>4.</strong></span> <span class='ocrx_word' id='word_1_708' title='bbox 340 2535 376 2539; x_wconf 85' lang='grc'><strong>-</strong></span> <span class='ocrx_word' id='word_1_709' title='bbox 392 2519 478 2546; x_wconf 83' lang='lat' dir='ltr'><strong>Donec</strong></span> <span class='ocrx_word' id='word_1_710' title='bbox 497 2521 589 2548; x_wconf 70' lang='lat' dir='ltr'><strong>euulsa!</strong></span> <span class='ocrx_word' id='word_1_711' title='bbox 607 2526 666 2548; x_wconf 78' lang='lat' dir='ltr'><strong>sunt</strong></span> <span class='ocrx_word' id='word_1_712' title='bbox 685 2522 736 2549; x_wconf 76' lang='lat' dir='ltr'><strong>alte</strong></span> <span class='ocrx_word' id='word_1_713' title='bbox 757 2523 824 2557; x_wconf 78' lang='lat' dir='ltr'><strong>ejus.</strong></span> <span class='ocrx_word' id='word_1_714' title='bbox 843 2523 988 2559; x_wconf 85' lang='lat' dir='ltr'><strong>Hippolyti.</strong></span> 
     </span>
    </p>
   </div>
   <div class='ocr_carea' id='block_1_100' title="bbox 211 2564 990 2602">
    <p class='ocr_par' dir='ltr' id='par_1_100' title="bbox 211 2564 990 2602">
     <span class='ocr_line' id='line_1_100' title="bbox 211 2564 990 2602; baseline 0.006 -11"><span class='ocrx_word' id='word_1_715' title='bbox 211 2564 268 2592; x_wconf 93' lang='lat' dir='ltr'><strong>Hoc</strong></span> <span class='ocrx_word' id='word_1_716' title='bbox 278 2565 349 2591; x_wconf 91' lang='lat' dir='ltr'><strong>enim</strong></span> <span class='ocrx_word' id='word_1_717' title='bbox 357 2565 463 2593; x_wconf 90' lang='lat' dir='ltr'><strong>realiter</strong></span> <span class='ocrx_word' id='word_1_718' title='bbox 472 2566 716 2595; x_wconf 84' lang='lat' dir='ltr'><strong>Nabuchodonosor</strong></span> <span class='ocrx_word' id='word_1_719' title='bbox 725 2568 824 2599; x_wconf 87' lang='lat' dir='ltr'><strong>evenit,</strong></span> <span class='ocrx_word' id='word_1_720' title='bbox 832 2568 907 2602; x_wconf 81' lang='lat' dir='ltr'><strong>juxta</strong></span> <span class='ocrx_word' id='word_1_721' title='bbox 918 2568 990 2602; x_wconf 84' lang='lat' dir='ltr'><strong>quod</strong></span> 
     </span>
    </p>
   </div>
   <div class='ocr_carea' id='block_1_101' title="bbox 211 2609 990 2645">
    <p class='ocr_par' dir='ltr' id='par_1_101' title="bbox 211 2609 990 2645">
     <span class='ocr_line' id='line_1_101' title="bbox 211 2609 990 2645; baseline 0.006 -9"><span class='ocrx_word' id='word_1_722' title='bbox 211 2609 239 2636; x_wconf 90' lang='lat' dir='ltr'><strong>in</strong></span> <span class='ocrx_word' id='word_1_723' title='bbox 252 2611 413 2644; x_wconf 70' lang='lat' dir='ltr'><strong>pmcedenti</strong></span> <span class='ocrx_word' id='word_1_724' title='bbox 425 2611 492 2639; x_wconf 91' lang='lat' dir='ltr'><strong>libro</strong></span> <span class='ocrx_word' id='word_1_725' title='bbox 506 2613 657 2639; x_wconf 85' lang='lat' dir='ltr'><strong>nuntiatum</strong></span> <span class='ocrx_word' id='word_1_726' title='bbox 673 2618 727 2645; x_wconf 88' lang='lat' dir='ltr'><strong>est;</strong></span> <span class='ocrx_word' id='word_1_727' title='bbox 742 2617 769 2640; x_wconf 89' lang='lat' dir='ltr'><strong>et</strong></span> <span class='ocrx_word' id='word_1_728' title='bbox 783 2613 834 2640; x_wconf 89' lang='lat' dir='ltr'><strong>hoc</strong></span> <span class='ocrx_word' id='word_1_729' title='bbox 848 2614 937 2641; x_wconf 86' lang='lat' dir='ltr'><strong>statim</strong></span> <span class='ocrx_word' id='word_1_730' title='bbox 952 2615 990 2641; x_wconf 88' lang='lat' dir='ltr'><strong>sic</strong></span> 
     </span>
    </p>
   </div>
   <div class='ocr_carea' id='block_1_102' title="bbox 212 2655 989 2695">
    <p class='ocr_par' dir='ltr' id='par_1_102' title="bbox 212 2655 989 2695">
     <span class='ocr_line' id='line_1_102' title="bbox 212 2655 989 2695; baseline 0.005 -13"><span class='ocrx_word' id='word_1_731' title='bbox 212 2655 239 2682; x_wconf 91' lang='lat' dir='ltr'><strong>in</strong></span> <span class='ocrx_word' id='word_1_732' title='bbox 259 2657 402 2692; x_wconf 87' lang='lat' dir='ltr'><strong>semetipso</strong></span> <span class='ocrx_word' id='word_1_733' title='bbox 416 2659 558 2694; x_wconf 82' lang='lat' dir='ltr'><strong>contigisse</strong></span> <span class='ocrx_word' id='word_1_734' title='bbox 579 2663 701 2691; x_wconf 86' lang='lat' dir='ltr'><strong>testatur.</strong></span> <span class='ocrx_word' id='word_1_735' title='bbox 718 2659 819 2687; x_wconf 84' lang='lat' dir='ltr'><strong>scilicet</strong></span> <span class='ocrx_word' id='word_1_736' title='bbox 833 2668 914 2695; x_wconf 85' lang='lat' dir='ltr'><strong>regno</strong></span> <span class='ocrx_word' id='word_1_737' title='bbox 929 2661 989 2694; x_wconf 86' lang='lat' dir='ltr'><strong>pul-</strong></span> 
     </span>
    </p>
   </div>
   <div class='ocr_carea' id='block_1_103' title="bbox 213 2701 997 2740">
    <p class='ocr_par' dir='ltr' id='par_1_103' title="bbox 213 2701 997 2740">
     <span class='ocr_line' id='line_1_103' title="bbox 213 2701 997 2740; baseline 0.008 -13"><span class='ocrx_word' id='word_1_738' title='bbox 213 2709 273 2728; x_wconf 88' lang='lat' dir='ltr'><strong>sum</strong></span> <span class='ocrx_word' id='word_1_739' title='bbox 292 2701 374 2730; x_wconf 82' lang='lat' dir='ltr'><strong>fuisse</strong></span> <span class='ocrx_word' id='word_1_740' title='bbox 396 2708 424 2731; x_wconf 89' lang='lat' dir='ltr'><strong>et</strong></span> <span class='ocrx_word' id='word_1_741' title='bbox 447 2704 556 2740; x_wconf 83' lang='lat' dir='ltr'><strong>gloriam</strong></span> <span class='ocrx_word' id='word_1_742' title='bbox 577 2712 652 2731; x_wconf 88' lang='lat' dir='ltr'><strong>suam</strong></span> <span class='ocrx_word' id='word_1_743' title='bbox 673 2705 723 2732; x_wconf 88' lang='lat' dir='ltr'><strong>sibi</strong></span> <span class='ocrx_word' id='word_1_744' title='bbox 743 2706 873 2732; x_wconf 89' lang='lat' dir='ltr'><strong>sublatam</strong></span> <span class='ocrx_word' id='word_1_745' title='bbox 889 2706 997 2739; x_wconf 55' lang='lat' dir='ltr'><strong>fuisse,»</strong></span> 
     </span>
    </p>
   </div>
   <div class='ocr_carea' id='block_1_104' title="bbox 212 2750 986 2785">
    <p class='ocr_par' dir='ltr' id='par_1_104' title="bbox 212 2750 986 2785">
     <span class='ocr_line' id='line_1_104' title="bbox 212 2750 986 2785; baseline 0.008 -13"><span class='ocrx_word' id='word_1_746' title='bbox 212 2753 264 2773; x_wconf 87' lang='lat' dir='ltr'><strong>nec</strong></span> <span class='ocrx_word' id='word_1_747' title='bbox 279 2755 331 2774; x_wconf 93' lang='lat' dir='ltr'><strong>non</strong></span> <span class='ocrx_word' id='word_1_748' title='bbox 345 2753 373 2776; x_wconf 90' lang='lat' dir='ltr'><strong>et</strong></span> <span class='ocrx_word' id='word_1_749' title='bbox 384 2750 511 2783; x_wconf 61' lang='lat' dir='ltr'><strong>potentiae</strong></span> <span class='ocrx_word' id='word_1_750' title='bbox 526 2750 661 2785; x_wconf 82' lang='lat' dir='ltr'><strong>fastigium</strong></span> <span class='ocrx_word' id='word_1_751' title='bbox 671 2770 678 2781; x_wconf 89' lang='lat'><strong>,</strong></span> <span class='ocrx_word' id='word_1_752' title='bbox 691 2752 762 2785; x_wconf 84' lang='lat' dir='ltr'><strong>quod</strong></span> <span class='ocrx_word' id='word_1_753' title='bbox 777 2755 854 2778; x_wconf 84' lang='lat' dir='ltr'><strong>antea</strong></span> <span class='ocrx_word' id='word_1_754' title='bbox 868 2752 986 2778; x_wconf 85' lang='lat' dir='ltr'><strong>tenebat.</strong></span> 
     </span>
    </p>
   </div>
   <div class='ocr_carea' id='block_1_105' title="bbox 213 2790 988 2831">
    <p class='ocr_par' dir='ltr' id='par_1_105' title="bbox 213 2790 988 2831">
     <span class='ocr_line' id='line_1_105' title="bbox 213 2790 988 2831; baseline 0.009 -14"><span class='ocrx_word' id='word_1_755' title='bbox 213 2790 246 2817; x_wconf 80' lang='lat' dir='ltr'><strong>Et</strong></span> <span class='ocrx_word' id='word_1_756' title='bbox 255 2793 342 2828; x_wconf 55' lang='lat' dir='ltr'><strong>paulo</strong></span> <span class='ocrx_word' id='word_1_757' title='bbox 355 2800 411 2828; x_wconf 78' lang='lat' dir='ltr'><strong>pou</strong></span> <span class='ocrx_word' id='word_1_758' title='bbox 425 2803 434 2821; x_wconf 89' lang='lat'><em>:</em></span> <span class='ocrx_word' id='word_1_759' title='bbox 451 2795 513 2823; x_wconf 58' lang='lat' dir='ltr'><strong>Hac</strong></span> <span class='ocrx_word' id='word_1_760' title='bbox 529 2797 619 2830; x_wconf 87' lang='lat' dir='ltr'><strong>verba,</strong></span> <span class='ocrx_word' id='word_1_761' title='bbox 640 2805 716 2831; x_wconf 74' lang='lat' dir='ltr'><strong>super</strong></span> <span class='ocrx_word' id='word_1_762' title='bbox 736 2798 810 2831; x_wconf 73' lang='lat' dir='ltr'><strong>pedes</strong></span> <span class='ocrx_word' id='word_1_763' title='bbox 825 2798 900 2831; x_wconf 80' lang='lat' dir='ltr'><strong>quasi</strong></span> <span class='ocrx_word' id='word_1_764' title='bbox 914 2798 988 2825; x_wconf 86' lang='lat' dir='ltr'><strong>homo</strong></span> 
     </span>
    </p>
   </div>
   <div class='ocr_carea' id='block_1_106' title="bbox 1040 2202 1824 2239">
    <p class='ocr_par' dir='ltr' id='par_1_106' title="bbox 1040 2202 1824 2239">
     <span class='ocr_line' id='line_1_106' title="bbox 1040 2202 1824 2239; baseline -0.003 -8"><span class='ocrx_word' id='word_1_765' title='bbox 1040 2202 1085 2231; x_wconf 82' lang='grc' dir='ltr'>οὖν</span> <span class='ocrx_word' id='word_1_766' title='bbox 1102 2204 1218 2239; x_wconf 80' lang='grc' dir='ltr'>διάφορα</span> <span class='ocrx_word' id='word_1_767' title='bbox 1234 2203 1315 2239; x_wconf 85' lang='grc' dir='ltr'>θηρία</span> <span class='ocrx_word' id='word_1_768' title='bbox 1336 2203 1477 2238; x_wconf 72' lang='grc' dir='ltr'>ἐπεδείχθη</span> <span class='ocrx_word' id='word_1_769' title='bbox 1498 2202 1537 2238; x_wconf 79' lang='grc' dir='ltr'>τῷ</span> <span class='ocrx_word' id='word_1_770' title='bbox 1561 2204 1689 2239; x_wconf 83' lang='grc' dir='ltr'>μακαρίῳ</span> <span class='ocrx_word' id='word_1_771' title='bbox 1711 2202 1824 2237; x_wconf 75' lang='grc' dir='ltr'>Δανιὴλ,</span> 
     </span>
    </p>
   </div>
   <div class='ocr_carea' id='block_1_107' title="bbox 1039 2247 1826 2285">
    <p class='ocr_par' dir='ltr' id='par_1_107' title="bbox 1039 2247 1826 2285">
     <span class='ocr_line' id='line_1_107' title="bbox 1039 2247 1826 2285; baseline -0.004 -9"><span class='ocrx_word' id='word_1_772' title='bbox 1039 2250 1086 2276; x_wconf 78' lang='grc' dir='ltr'>καὶ</span> <span class='ocrx_word' id='word_1_773' title='bbox 1102 2249 1187 2276; x_wconf 83' lang='grc' dir='ltr'>ταῦτα</span> <span class='ocrx_word' id='word_1_774' title='bbox 1200 2249 1321 2284; x_wconf 81' lang='grc' dir='ltr'>ἀλλήλων</span> <span class='ocrx_word' id='word_1_775' title='bbox 1335 2248 1507 2285; x_wconf 78' lang='grc' dir='ltr'>διαφέροντα,</span> <span class='ocrx_word' id='word_1_776' title='bbox 1521 2247 1562 2274; x_wconf 87' lang='grc' dir='ltr'><strong>δεῖ</strong></span> <span class='ocrx_word' id='word_1_777' title='bbox 1575 2248 1669 2283; x_wconf 78' lang='grc' dir='ltr'>νοῆσαι</span> <span class='ocrx_word' id='word_1_778' title='bbox 1683 2249 1770 2283; x_wconf 71' lang='grc' dir='ltr'>ἡμᾶς.</span> <span class='ocrx_word' id='word_1_779' title='bbox 1785 2249 1826 2274; x_wconf 73' lang='grc' dir='ltr'>ὅτι</span> 
     </span>
    </p>
   </div>
   <div class='ocr_carea' id='block_1_108' title="bbox 1038 2294 1826 2331">
    <p class='ocr_par' dir='ltr' id='par_1_108' title="bbox 1038 2294 1826 2331">
     <span class='ocr_line' id='line_1_108' title="bbox 1038 2294 1826 2331; baseline -0.003 -10"><span class='ocrx_word' id='word_1_780' title='bbox 1038 2296 1069 2321; x_wconf 85' lang='grc' dir='ltr'>οὐ</span> <span class='ocrx_word' id='word_1_781' title='bbox 1091 2295 1154 2331; x_wconf 77' lang='grc' dir='ltr'>περὶ</span> <span class='ocrx_word' id='word_1_782' title='bbox 1175 2294 1275 2330; x_wconf 89' lang='grc' dir='ltr'>θηρίων</span> <span class='ocrx_word' id='word_1_783' title='bbox 1290 2295 1398 2330; x_wconf 85' lang='grc' dir='ltr'>τινῶνὴ</span> <span class='ocrx_word' id='word_1_784' title='bbox 1414 2294 1526 2330; x_wconf 83' lang='grc' dir='ltr'>ἀλήθεια</span> <span class='ocrx_word' id='word_1_785' title='bbox 1544 2294 1708 2328; x_wconf 80' lang='grc' dir='ltr'>διαλέγεται,</span> <span class='ocrx_word' id='word_1_786' title='bbox 1723 2294 1782 2320; x_wconf 79' lang='grc' dir='ltr'>ἀλλ’</span> <span class='ocrx_word' id='word_1_787' title='bbox 1799 2295 1826 2319; x_wconf 75' lang='grc' dir='ltr'>ἐν</span> 
     </span>
    </p>
   </div>
   <div class='ocr_carea' id='block_1_109' title="bbox 1038 2339 1825 2376">
    <p class='ocr_par' dir='ltr' id='par_1_109' title="bbox 1038 2339 1825 2376">
     <span class='ocr_line' id='line_1_109' title="bbox 1038 2339 1825 2376; baseline -0.004 -8"><span class='ocrx_word' id='word_1_788' title='bbox 1038 2341 1115 2376; x_wconf 84' lang='grc' dir='ltr'>τύπῳ</span> <span class='ocrx_word' id='word_1_789' title='bbox 1132 2341 1178 2368; x_wconf 77' lang='grc' dir='ltr'>καὶ</span> <span class='ocrx_word' id='word_1_790' title='bbox 1193 2341 1222 2367; x_wconf 81' lang='grc' dir='ltr'>ἐν</span> <span class='ocrx_word' id='word_1_791' title='bbox 1238 2341 1320 2367; x_wconf 84' lang='grc' dir='ltr'>εἰκόνι</span> <span class='ocrx_word' id='word_1_792' title='bbox 1336 2341 1456 2367; x_wconf 84' lang='grc' dir='ltr'>δείκνυσι</span> <span class='ocrx_word' id='word_1_793' title='bbox 1470 2339 1519 2371; x_wconf 77' lang='grc' dir='ltr'><strong>τὰς</strong></span> <span class='ocrx_word' id='word_1_794' title='bbox 1532 2341 1561 2366; x_wconf 80' lang='grc' dir='ltr'>ὲν</span> <span class='ocrx_word' id='word_1_795' title='bbox 1575 2339 1614 2374; x_wconf 82' lang='grc' dir='ltr'>τῷ</span> <span class='ocrx_word' id='word_1_796' title='bbox 1625 2340 1721 2374; x_wconf 82' lang='grc' dir='ltr'>κόσμῳ</span> <span class='ocrx_word' id='word_1_797' title='bbox 1736 2340 1825 2373; x_wconf 61' lang='grc' dir='ltr'>τούτῳ</span> 
     </span>
    </p>
   </div>
   <div class='ocr_carea' id='block_1_110' title="bbox 1038 2385 1825 2422">
    <p class='ocr_par' dir='ltr' id='par_1_110' title="bbox 1038 2385 1825 2422">
     <span class='ocr_line' id='line_1_110' title="bbox 1038 2385 1825 2422; baseline -0.004 -9"><span class='ocrx_word' id='word_1_798' title='bbox 1038 2387 1226 2418; x_wconf 80' lang='grc' dir='ltr'>ὲπαναστὰσας</span> <span class='ocrx_word' id='word_1_799' title='bbox 1244 2387 1380 2421; x_wconf 82' lang='grc' dir='ltr'>βασιλείας</span> <span class='ocrx_word' id='word_1_800' title='bbox 1393 2386 1487 2422; x_wconf 86' lang='grc' dir='ltr'>ὥσπερ</span> <span class='ocrx_word' id='word_1_801' title='bbox 1500 2386 1581 2421; x_wconf 75' lang='grc' dir='ltr'>θηρία</span> <span class='ocrx_word' id='word_1_802' title='bbox 1594 2385 1758 2420; x_wconf 60' lang='grc' dir='ltr'>διαφέροντα</span> <span class='ocrx_word' id='word_1_803' title='bbox 1775 2386 1825 2420; x_wconf 72' lang='grc' dir='ltr'>τὴν</span> 
     </span>
    </p>
   </div>
   <div class='ocr_carea' id='block_1_111' title="bbox 1037 2431 1825 2468">
    <p class='ocr_par' dir='ltr' id='par_1_111' title="bbox 1037 2431 1825 2468">
     <span class='ocr_line' id='line_1_111' title="bbox 1037 2431 1825 2468; baseline -0.004 -9"><span class='ocrx_word' id='word_1_804' title='bbox 1037 2433 1247 2468; x_wconf 85' lang='grc' dir='ltr'>ἀνθρωπότητα·</span> <span class='ocrx_word' id='word_1_805' title='bbox 1270 2433 1319 2467; x_wconf 79' lang='grc' dir='ltr'>τὴν</span> <span class='ocrx_word' id='word_1_806' title='bbox 1339 2432 1393 2467; x_wconf 79' lang='grc' dir='ltr'><strong>γὰρ</strong></span> <span class='ocrx_word' id='word_1_807' title='bbox 1412 2432 1546 2459; x_wconf 75' lang='grc' dir='ltr'>θάλασσαν</span> <span class='ocrx_word' id='word_1_808' title='bbox 1566 2431 1616 2466; x_wconf 81' lang='grc' dir='ltr'>τὴν</span> <span class='ocrx_word' id='word_1_809' title='bbox 1639 2432 1762 2467; x_wconf 63' lang='grc' dir='ltr'>μεγάλην</span> <span class='ocrx_word' id='word_1_810' title='bbox 1781 2431 1825 2457; x_wconf 72' lang='grc' dir='ltr'>τὸν</span> 
     </span>
    </p>
   </div>
   <div class='ocr_carea' id='block_1_112' title="bbox 1038 2478 1395 2514">
    <p class='ocr_par' dir='ltr' id='par_1_112' title="bbox 1038 2478 1395 2514">
     <span class='ocr_line' id='line_1_112' title="bbox 1038 2478 1395 2514; baseline -0.003 -9"><span class='ocrx_word' id='word_1_811' title='bbox 1038 2479 1182 2514; x_wconf 86' lang='grc' dir='ltr'>σύμπαντα</span> <span class='ocrx_word' id='word_1_812' title='bbox 1195 2479 1295 2514; x_wconf 85' lang='grc' dir='ltr'>κόσμον</span> <span class='ocrx_word' id='word_1_813' title='bbox 1311 2478 1395 2512; x_wconf 64' lang='grc' dir='ltr'>λέγεις</span> 
     </span>
    </p>
   </div>
   <div class='ocr_carea' id='block_1_113' title="bbox 1071 2523 1822 2559">
    <p class='ocr_par' dir='ltr' id='par_1_113' title="bbox 1071 2523 1822 2559">
     <span class='ocr_line' id='line_1_113' title="bbox 1071 2523 1822 2559; baseline -0.003 -8"><span class='ocrx_word' id='word_1_814' title='bbox 1071 2524 1178 2557; x_wconf 85' lang='grc' dir='ltr'><strong>δ’.”Ἐως</strong></span> <span class='ocrx_word' id='word_1_815' title='bbox 1201 2523 1236 2552; x_wconf 86' lang='grc' dir='ltr'>οὗ</span> <span class='ocrx_word' id='word_1_816' title='bbox 1251 2525 1368 2559; x_wconf 74' lang='grc' dir='ltr'><strong>ἑξεῖ-[λῃ</strong></span> <span class='ocrx_word' id='word_1_817' title='bbox 1383 2524 1419 2551; x_wconf 82' lang='grc' dir='ltr'>τὰ</span> <span class='ocrx_word' id='word_1_818' title='bbox 1432 2524 1524 2558; x_wconf 80' lang='grc' dir='ltr'>πτερὰ</span> <span class='ocrx_word' id='word_1_819' title='bbox 1538 2524 1822 2558; x_wconf 55' lang='grc' dir='ltr'>αὑτῆς-,Ἱππολύτοψ</span> 
     </span>
    </p>
   </div>
   <div class='ocr_carea' id='block_1_114' title="bbox 1037 2569 1823 2605">
    <p class='ocr_par' dir='ltr' id='par_1_114' title="bbox 1037 2569 1823 2605">
     <span class='ocr_line' id='line_1_114' title="bbox 1037 2569 1823 2605; baseline -0.003 -9"><span class='ocrx_word' id='word_1_820' title='bbox 1037 2570 1122 2597; x_wconf 84' lang='grc' dir='ltr'>Τοῦτο</span> <span class='ocrx_word' id='word_1_821' title='bbox 1144 2570 1198 2605; x_wconf 77' lang='grc' dir='ltr'>γὰρ</span> <span class='ocrx_word' id='word_1_822' title='bbox 1223 2570 1306 2601; x_wconf 72' lang='grc' dir='ltr'>ὅντως</span> <span class='ocrx_word' id='word_1_823' title='bbox 1327 2570 1373 2596; x_wconf 78' lang='grc' dir='ltr'><strong>ἐπὶ</strong></span> <span class='ocrx_word' id='word_1_824' title='bbox 1391 2569 1438 2596; x_wconf 78' lang='grc' dir='ltr'>τοῦ</span> <span class='ocrx_word' id='word_1_825' title='bbox 1459 2569 1691 2604; x_wconf 76' lang='grc' dir='ltr'>Ναϐουχοδονόσορ</span> <span class='ocrx_word' id='word_1_826' title='bbox 1710 2569 1823 2602; x_wconf 81' lang='grc' dir='ltr'>συνέεη,</span> 
     </span>
    </p>
   </div>
   <div class='ocr_carea' id='block_1_115' title="bbox 1037 2615 1823 2651">
    <p class='ocr_par' dir='ltr' id='par_1_115' title="bbox 1037 2615 1823 2651">
     <span class='ocr_line' id='line_1_115' title="bbox 1037 2615 1823 2651; baseline -0.004 -9"><span class='ocrx_word' id='word_1_827' title='bbox 1037 2615 1127 2647; x_wconf 85' lang='grc' dir='ltr'>καθὼς</span> <span class='ocrx_word' id='word_1_828' title='bbox 1150 2617 1179 2642; x_wconf 87' lang='grc' dir='ltr'>ὲν</span> <span class='ocrx_word' id='word_1_829' title='bbox 1203 2617 1236 2651; x_wconf 79' lang='grc' dir='ltr'>τῇ</span> <span class='ocrx_word' id='word_1_830' title='bbox 1262 2616 1315 2651; x_wconf 77' lang='grc' dir='ltr'><strong>πρὸ</strong></span> <span class='ocrx_word' id='word_1_831' title='bbox 1338 2615 1440 2650; x_wconf 77' lang='grc' dir='ltr'>ταύτης</span> <span class='ocrx_word' id='word_1_832' title='bbox 1463 2615 1544 2650; x_wconf 80' lang='grc' dir='ltr'>βίϐλῳ</span> <span class='ocrx_word' id='word_1_833' title='bbox 1563 2616 1752 2651; x_wconf 68' lang='grc' dir='ltr'>σεσήμανταιι</span> <span class='ocrx_word' id='word_1_834' title='bbox 1777 2615 1823 2640; x_wconf 73' lang='lat' dir='ltr'><strong>xz‘.</strong></span> 
     </span>
    </p>
   </div>
   <div class='ocr_carea' id='block_1_116' title="bbox 1036 2660 1823 2697">
    <p class='ocr_par' dir='ltr' id='par_1_116' title="bbox 1036 2660 1823 2697">
     <span class='ocr_line' id='line_1_116' title="bbox 1036 2660 1823 2697; baseline -0.001 -10"><span class='ocrx_word' id='word_1_835' title='bbox 1036 2661 1102 2687; x_wconf 79' lang='grc' dir='ltr'>αὐτὸ</span> <span class='ocrx_word' id='word_1_836' title='bbox 1125 2661 1205 2693; x_wconf 83' lang='grc' dir='ltr'>εὐθὺς</span> <span class='ocrx_word' id='word_1_837' title='bbox 1223 2661 1300 2688; x_wconf 83' lang='grc' dir='ltr'>τοῦτο</span> <span class='ocrx_word' id='word_1_838' title='bbox 1316 2661 1403 2693; x_wconf 79' lang='grc' dir='ltr'>οὕτως</span> <span class='ocrx_word' id='word_1_839' title='bbox 1418 2662 1461 2688; x_wconf 80' lang='grc' dir='ltr'><strong>ἐπ’</strong></span> <span class='ocrx_word' id='word_1_840' title='bbox 1474 2661 1547 2697; x_wconf 84' lang='grc' dir='ltr'><strong>αὑτῷ</strong></span> <span class='ocrx_word' id='word_1_841' title='bbox 1561 2660 1723 2696; x_wconf 83' lang='grc' dir='ltr'>γεγενῆσθαι</span> <span class='ocrx_word' id='word_1_842' title='bbox 1748 2669 1823 2695; x_wconf 75' lang='grc' dir='ltr'>μαρ-</span> 
     </span>
    </p>
   </div>
   <div class='ocr_carea' id='block_1_117' title="bbox 1036 2705 1823 2742">
    <p class='ocr_par' dir='ltr' id='par_1_117' title="bbox 1036 2705 1823 2742">
     <span class='ocr_line' id='line_1_117' title="bbox 1036 2705 1823 2742; baseline -0.001 -11"><span class='ocrx_word' id='word_1_843' title='bbox 1036 2707 1122 2741; x_wconf 79' lang='grc' dir='ltr'>τυρεῖ,</span> <span class='ocrx_word' id='word_1_844' title='bbox 1137 2706 1173 2738; x_wconf 84' lang='grc' dir='ltr'><strong>ὡς</strong></span> <span class='ocrx_word' id='word_1_845' title='bbox 1189 2706 1333 2742; x_wconf 79' lang='grc' dir='ltr'>ὲξεδιώχθη</span> <span class='ocrx_word' id='word_1_846' title='bbox 1354 2707 1386 2733; x_wconf 86' lang='grc' dir='ltr'>ὲκ</span> <span class='ocrx_word' id='word_1_847' title='bbox 1399 2707 1449 2741; x_wconf 76' lang='grc' dir='ltr'>τῆς</span> <span class='ocrx_word' id='word_1_848' title='bbox 1466 2706 1612 2742; x_wconf 78' lang='grc' dir='ltr'>βασιλείας,</span> <span class='ocrx_word' id='word_1_849' title='bbox 1629 2707 1674 2732; x_wconf 86' lang='grc' dir='ltr'><strong>καὶ</strong></span> <span class='ocrx_word' id='word_1_850' title='bbox 1693 2705 1823 2740; x_wconf 65' lang='grc' dir='ltr'>ἀφῃρέθη</span> 
     </span>
    </p>
   </div>
   <div class='ocr_carea' id='block_1_118' title="bbox 1037 2751 1826 2787">
    <p class='ocr_par' dir='ltr' id='par_1_118' title="bbox 1037 2751 1826 2787">
     <span class='ocr_line' id='line_1_118' title="bbox 1037 2751 1826 2787; baseline -0.003 -9"><span class='ocrx_word' id='word_1_851' title='bbox 1037 2751 1082 2778; x_wconf 81' lang='grc' dir='ltr'><strong>ἀπ’</strong></span> <span class='ocrx_word' id='word_1_852' title='bbox 1096 2751 1176 2778; x_wconf 82' lang='grc' dir='ltr'>αὑτοῦ</span> <span class='ocrx_word' id='word_1_853' title='bbox 1190 2753 1206 2787; x_wconf 81' lang='grc' dir='ltr'>ἡ</span> <span class='ocrx_word' id='word_1_854' title='bbox 1220 2752 1283 2785; x_wconf 74' lang='grc' dir='ltr'>δόξα</span> <span class='ocrx_word' id='word_1_855' title='bbox 1296 2752 1387 2783; x_wconf 75' lang='grc' dir='ltr'>αὐτοῦ,</span> <span class='ocrx_word' id='word_1_856' title='bbox 1404 2753 1476 2785; x_wconf 81' lang='grc' dir='ltr'>καὶὴ</span> <span class='ocrx_word' id='word_1_857' title='bbox 1496 2752 1673 2787; x_wconf 79' lang='grc' dir='ltr'>μεγαλωσύνη</span> <span class='ocrx_word' id='word_1_858' title='bbox 1690 2752 1725 2786; x_wconf 70' lang='grc' dir='ltr'>ἢν</span> <span class='ocrx_word' id='word_1_859' title='bbox 1742 2751 1826 2777; x_wconf 71' lang='grc' dir='ltr'>ἐκελ-</span> 
     </span>
    </p>
   </div>
   <div class='ocr_carea' id='block_1_119' title="bbox 1036 2795 1825 2833">
    <p class='ocr_par' dir='ltr' id='par_1_119' title="bbox 1036 2795 1825 2833">
     <span class='ocr_line' id='line_1_119' title="bbox 1036 2795 1825 2833; baseline -0.001 -10"><span class='ocrx_word' id='word_1_860' title='bbox 1036 2805 1099 2832; x_wconf 82' lang='grc' dir='ltr'>τητο</span> <span class='ocrx_word' id='word_1_861' title='bbox 1110 2797 1140 2823; x_wconf 81' lang='grc' dir='ltr'>τὸ</span> <span class='ocrx_word' id='word_1_862' title='bbox 1154 2797 1294 2833; x_wconf 74' lang='grc' dir='ltr'>πρότερον.</span> <span class='ocrx_word' id='word_1_863' title='bbox 1311 2798 1363 2825; x_wconf 81' lang='lat' dir='ltr'><strong>Kal</strong></span> <span class='ocrx_word' id='word_1_864' title='bbox 1375 2799 1438 2833; x_wconf 82' lang='grc' dir='ltr'>μετ’</span> <span class='ocrx_word' id='word_1_865' title='bbox 1452 2799 1547 2833; x_wconf 69' lang='grc' dir='ltr'>ὀλίγα·</span> <span class='ocrx_word' id='word_1_866' title='bbox 1560 2798 1596 2824; x_wconf 85' lang='grc' dir='ltr'><strong>Τὸ</strong></span> <span class='ocrx_word' id='word_1_867' title='bbox 1609 2795 1760 2829; x_wconf 55' lang='grc' dir='ltr'>οὖνεὶπίν,</span> <span class='ocrx_word' id='word_1_868' title='bbox 1773 2798 1825 2823; x_wconf 64' lang='grc' dir='ltr'><strong>ἐπὶ</strong></span> 
     </span>
    </p>
   </div>
  </div>
