1860 3051
19 104 55 131 581
565 100 778 129 FRAGMENTA
793 100 827 128 IN
842 101 1023 129 DANIELEM.

1574 103 1627 132 682

20 161 104 189 ποδῶν
117 160 276 194 ἀνθρώπου
293 160 418 194 ἐστάθη,
438 160 487 188 καὶ
508 160 616 194 καρδία
636 160 785 194 ἀνθρώπω

880 162 915 188 tit
934 166 958 188 et
977 169 1021 188 cor
1039 161 1151 188 hominis
1171 161 1263 188 datum
1289 167 1328 189 est
1346 162 1381 195 ei,
1407 161 1560 197 signiﬁcant
1577 169 1628 190 nu-

19 209 90 241 ἐόόθη
112 207 202 240 αὐτῷ,
217 207 297 233 τοῦτο
315 207 390 243 δηλοῖ
413 207 454 233 ὃτι
469 207 718 243 ταπεινοφρονήσας
734 207 789 233 Να-

19 252 194 290 ϐουχοδονόσορ
205 253 252 279 καὶ
262 253 389 287 ἐπιγνοὺς
399 252 493 280 ἑαυτὸν
505 252 546 279 ὅτι
559 252 606 279 ἄνθ
612 253 702 288 ρωπός
717 253 789 279 ἐστιν

18 298 59 325 ὑπὸ
68 297 115 333 τὴν
124 297 170 324 τοῦ
186 296 254 323 Θεοῦ
269 296 393 330 ἐξουσίαν
409 296 544 333 κείμενος,
557 297 662 332 δεηθεὶς
674 296 720 323 τοῦ
732 298 789 324 Κυ-

19 344 74 379 ρὺπν,
92 342 168 378 ἔτυχε
183 342 234 377 τῆς
245 343 309 378 παρ’
320 341 402 368 αὐτοῦ
423 341 632 377 εὐσπλαγχνίας,
648 342 693 368 καὶ
708 342 790 369 πάλιν

17 390 47 420 εἰς
56 388 103 424 τὴν
117 388 214 414 ἑαυτοῦ
231 388 368 423 βασιλείαν
381 388 428 415 καὶ
440 388 518 420 δόξαν
535 387 782 419 ἀποκατασταοείς.

44 437 69 460 ε’.
95 434 206 467 Θηρίον
219 433 358 467 δεύτερον
384 433 485 467 ὅμοιον
510 432 600 466 ἄρκῳ.
621 432 788 459 Ἱππολύτου.

18 480 64 506 Ἵνα
79 481 109 506 ἐν
121 479 209 515 τούτῳ
220 479 294 513 δείξῃ
308 479 357 514 τὴν
369 478 424 505 τῶν
438 478 551 514 Περσῶν
571 478 719 514 βασιλείαν.

44 527 93 554 Καὶ
115 527 181 561 τρία
205 525 330 560 πλευρά.
352 525 519 552 Ἱππολύτου.
541 525 612 561 Τρία
634 525 663 551 δὲ
687 525 791 560 πλευρὰ

16 574 80 600 καλεῖ
93 573 128 599 τὰ
143 572 205 608 τρία
215 572 277 608 ἑονη
288 581 293 587 ·
309 572 382 606 λέγει
395 569 441 598 οὖν
451 565 564 608 ’τΗρχεν
572 571 636 599 αὐτὸ
646 571 676 598 τὸ
687 571 790 607 θηρίον,

16 620 35 646 οῖ
48 618 114 655 ἦσαν
125 618 222 653 Μῆδοι,
241 617 386 653 Ἀσσύριοι,
401 617 447 644 καὶ
458 617 632 644 Βαϐυλώνιοι.

43 665 91 692 Καὶ
105 665 182 692 οὕτω
192 665 299 699 ἔλεγον
313 663 390 698 αὺτῇ
400 672 407 678 ’
425 663 589 697 Ἀνάστηθι,
599 663 682 699 φάγε.
701 665 791 691 Ἰππο-

16 712 94 738 λὺτου.
113 711 144 738 Οἱ
168 710 222 746 γὰρ
245 710 348 746 Πέρσαι
373 710 574 742 ἐπαναστάντες
597 711 625 737 ὲν
650 712 706 742 τοῖς
731 711 792 737 τότε

16 758 110 793 καιροῖς
131 756 179 792 τὴν
204 758 294 783 πᾶσαν
316 756 407 792 χώραν
430 757 593 792 ὴρήμωσαν,
616 757 661 783 καὶ
680 757 792 788 πολλοὺς

15 803 59 829 τῶν
79 802 233 837 ἀνθρώπων
257 802 419 834 ὑποδούλους
439 803 544 834 ἑαυτοῖς
561 803 721 838 ποιήσαντες
736 803 791 829 διέ-

841 209 940 235 militer
957 209 1076 236 sensisse
1088 207 1352 242 Nabuchodonosor,
1367 210 1510 244 agnovisse
1532 218 1560 237 se
1575 211 1626 236 lm-

840 253 940 280 mincm
965 261 1042 285 esse,
1075 261 1107 281 ac
1127 253 1174 281 Dei
1203 254 1330 288 potentiae
1360 253 1533 287 subjectum;
1563 262 1626 282 cum

840 298 912 324 enim
928 298 1108 332 supplicasset
1120 297 1277 331 Dominum,
1289 299 1390 326 invenit
1401 299 1627 332 misericordiam,

840 347 867 370 et
883 344 979 371 iterum
1004 344 1032 371 in
1054 351 1167 379 regnum
1194 352 1273 372 suum
1298 349 1325 372 et
1346 345 1460 380 gloriam
1486 345 1628 373 restitutus

840 392 891 416 est.

878 433 909 460 ν.
926 433 952 460 5.
966 447 1002 453 -
1012 433 1103 460 Bestia
1119 433 1174 460 alia
1188 434 1283 461 similis
1297 443 1369 462 ursa.
1384 434 1530 470 Hippolyti.
1548 434 1583 462 Ut
1600 435 1626 462 in

842 480 893 506 hoc
910 479 1076 514 signiﬁcaret
1090 479 1233 507 Persarum
1254 480 1408 515 imperium.

877 525 1039 552 ΙὺὶιΙ.-Ει
1060 531 1110 553 tres
1124 526 1238 553 ordines.
1259 526 1405 562 Hippolyti.
1429 527 1495 555 Tres
1519 529 1627 556 ordines

841 576 921 599 vocat
932 577 987 599 tres
998 577 1104 607 gentes;
1122 571 1188 599 dicit
1202 580 1278 607 ergo:
1298 573 1443 607 Imperavit
1459 573 1516 601 haec
1529 574 1626 601 bestia.

843 616 927 644 Erant
941 617 1048 651 quidem
1064 616 1145 649 Medi,
1161 617 1276 653 Assyrii,
1292 624 1318 645 et
1330 618 1478 653 Babylonii.

880 663 951 690 Ibid.
962 679 995 683 —
1006 663 1040 689 Et
1054 664 1091 689 sic
1102 663 1223 690 dicebant
1247 664 1288 690 ei:
1302 663 1397 699 Surge,
1406 663 1628 699 comedeJlippo-

843 710 900 745 lyti.
923 709 1011 736 Persa:
1031 709 1103 736 enim
1125 714 1266 745 surgentes
1282 710 1309 736 in
1331 710 1384 737 illis
1397 710 1502 739 diebus,
1517 718 1627 737 omnem

843 760 941 783 terram
958 760 1132 782 vastaverunt
1147 759 1174 782 et
1190 756 1289 783 multos
1310 756 1451 782 hominum
1470 756 1496 782 in
1511 757 1629 783 servitu-

843 806 896 828 tem
912 801 1283 837 redigentesinterfecerunt;
1304 802 1529 836 quemadmodum
1553 802 1627 829 enim

14 849 131 884 φθειραν·
148 848 243 884 ὥσπερ
255 848 310 884 γὰρ
322 848 352 874 τὸ
367 847 460 884 θηρίον
473 849 489 883 ἡ
501 848 585 883 ἄρκος
598 847 718 884 ῥυπαρόν
732 850 785 875 ἐστι

880 855 923 874 sus
956 847 1044 874 bellua
1055 852 1096 875 est
1109 847 1248 875 sordidum
1277 847 1388 881 animal,
1402 853 1428 875 et
1444 848 1627 880 carnivorum,

15 894 73 930 ζῷον
83 895 132 922 καὶ
148 895 325 932 σαρκοϐόρον,
339 896 496 930 σπαράσσον
509 894 598 928 ὄνυξιν
613 895 660 922 καὶ
674 895 790 928 ὀδοῦσιν,

13 942 88 974 οἱτως
109 941 228 977 ἐγενήθη
251 942 298 968 καὶ
313 942 329 976 ὴ
344 941 398 968 τῶν
414 941 526 977 Περσῶν
542 940 674 976 βασιλεία,
694 941 792 973 οἵτινες

13 987 187 1023 διεκράτησαν
203 987 248 1012 ἐπὶ
261 986 308 1020 ἔτη
320 986 369 1012 σλ¹.

43 1038 75 1066 ς.
89 1033 146 1061 Καὶ
165 1032 230 1059 ἰδοὺ
247 1033 351 1066 θηρίον
364 1031 465 1065 ἕτερον
479 1031 550 1058 ὡσεὶ
562 1031 719 1066 πάρδαλις.
737 1032 792 1059 Ἰπ-

13 1078 130 1105 πολύτου.
149 1077 287 1113 Πάρδαλιν
311 1075 357 1103 οὖν
372 1077 507 1112 ὀνομάσας
525 1077 575 1112 τὴν
590 1077 644 1103 τῶν
660 1077 792 1112 Ἐλλήνων

13 1123 143 1158 βασιλείαν
159 1123 299 1159 σημαίνει,
314 1119 351 1150 ὧν
371 1121 453 1158 ἦρξεν
479 1122 650 1159 Ἀλέξανδρος
671 1124 685 1149 ὁ
698 1123 791 1150 Μακε-

12 1169 70 1195 δών·
86 1170 254 1204 ἀφωμοίωσε
273 1169 302 1195 δὲ
317 1169 416 1200 αὐτοὺς
430 1168 561 1204 παρδάλει
575 1168 618 1195 διὰ
632 1168 663 1195 τὺ
680 1168 793 1202 γεγενῆ-

13 1215 65 1241 σθαι
89 1215 192 1247 αὐτοῦς
211 1215 282 1248 ὀξεῖς
302 1215 350 1241 καὶ
370 1214 577 1250 πολυμηχάνους
595 1215 624 1241 ἐν
640 1215 696 1246 τοῖς
718 1215 791 1249 λογι-

11 1262 83 1295 σμοῖς
105 1262 153 1290 καὶ
172 1260 287 1296 πικροὺς
305 1260 335 1286 ὲν
348 1261 381 1295 τῇ
395 1259 493 1295 καρδίᾳ
505 1269 511 1275 ·
528 1260 557 1286 ὂν
573 1260 671 1295 τρόπον
695 1260 741 1286 καὶ
763 1260 793 1286 τὸ

10 1306 72 1337 ζῶον
92 1306 218 1333 ποικίλον
231 1307 289 1332 ἐστὶ
305 1307 337 1341 τῇ
355 1306 423 1341 ἰδέᾳ,
440 1306 486 1339 ὀξὺ
501 1305 528 1332 δὲ
541 1307 582 1338 εἰς
600 1306 632 1332 τὸ
643 1306 793 1341 κακοποιῆ-

9 1359 49 1377 σαι
59 1351 106 1378 καὶ
128 1348 200 1386 αἷμα
217 1350 359 1386 ἀνθρώπου
377 1351 493 1378 ἐκπιεῖν.

43 1396 193 1430 Τέσσαρες
208 1395 334 1430 κεφαλαὶ
348 1395 388 1429 τῷ
403 1396 503 1430 θηρίῳ.
526 1395 695 1424 Ἱππολύτου.
716 1395 793 1423 Μετὰ

9 1442 58 1479 τὰρ
79 1443 110 1470 τὸ
133 1442 275 1478 ὑψωθῆναι
304 1441 352 1478 τὴν
382 1441 518 1477 βασιλείαν
551 1441 720 1478 Ἀλεξάνδρου
747 1442 794 1469 καὶ

9 1487 154 1524 αὐξηθῆναι
172 1488 219 1515 καὶ
245 1488 285 1519 είς
305 1487 394 1514 πάντα
415 1487 460 1514 τὸν
480 1487 579 1522 κόσμον
602 1488 793 1524 ὀνομασθῆναι,

9 1534 164 1571 διεμερίσοη
189 1535 206 1570 ἠ
232 1534 354 1570 βασιλεία
375 1533 457 1560 αὐτοῦ
479 1534 519 1565 εἰς
541 1534 675 1568 τέσσαρας
698 1534 794 1570 ἀρχάς

9 1580 138 1606 τελευτῶν
147 1579 205 1615 γὰρ
220 1580 234 1605 ὁ
253 1579 426 1614 Ἀλέξανδρος
439 1578 535 1604 διεῖλεν
549 1579 640 1610 αὐτοῖς
654 1580 710 1610 τοῖς
735 1588 797 1605 συν-

9 1626 114 1661 τρόφοις
135 1628 194 1657 τοῖς
215 1627 247 1652 ὲκ
266 1625 313 1652 τοῦ
327 1625 421 1660 γένους
437 1626 486 1661 τὴν
503 1625 640 1661 βασιλείαν
653 1626 797 1662 τέσσαρσιν

9 1672 160 1707 ἀνθρώποις
176 1672 310 1707 Σελεύκῳ,
327 1671 484 1707 Δημητρίῳ,
497 1672 669 1708 Πτολεμαίῳ,
687 1674 734 1700 καὶ
752 1674 798 1700 Φι-

9 1717 106 1753 λίππῳ·
123 1719 173 1745 καὶ
191 1718 318 1744 ἐπέθεντο
332 1718 431 1750 πάντες
444 1716 515 1745 οὗτοι
528 1718 689 1754 διαδήματα,
707 1718 797 1751 καθὼς

9 1764 104 1798 Δανιὴλ
117 1763 201 1790 τοῦτο
214 1763 377 1799 προμηνύει,
388 1764 435 1790 καὶ
450 1763 479 1790 ὲν
492 1764 527 1799 τῇ
540 1763 637 1799 πρώτῃ
649 1765 703 1791 τῶν
720 1765 798 1791 Μακ-

9 1808 129 1835 καΰαίων
163 1809 379 1844 ἀναγέγραπται.

36 1855 69 1886 ζ’.
88 1855 146 1882 Καὶ
166 1854 232 1881 ἰδοὺ
251 1855 355 1889 θηρίον
370 1855 520 1890 τέταρτον.
544 1855 713 1883 Ἱππολύτου.
738 1857 797 1883 ’Ὀτι

9 1900 52 1934 μὲν
64 1899 113 1928 οὖν
131 1900 202 1936 μετὰ
211 1901 259 1936 τὴν
271 1900 324 1927 τῶν
340 1901 473 1936 Ἐλλήνων
489 1901 637 1937 βασιλείαν,
653 1901 733 1937 ἑτέρα
748 1902 797 1929 οὐκ

9 1947 155 1982 εγήγερται
179 1946 245 1981 ἄλλη
272 1946 411 1982 βασιλεία,
441 1948 465 1973 εἰ
492 1948 529 1984 μὴ
544 1949 568 1983 -ή
590 1948 729 1984 κρατοῦσα
749 1948 798 1975 νῦν

9 1990 112 2028 ἔστηκε,
127 1992 268 2019 καὶτοῦτο
282 1993 349 2019 πᾶσι
365 1993 497 2028 πρόδηλόν
509 1994 591 2020 ἐστιν·
612 1994 673 2030 ἥτις
688 1994 797 2026 ὀδόντας

9 2037 49 2063 ιὲν
63 2038 124 2072 ἔχει
145 2037 284 2072 σιδηροὺς,
305 2037 350 2064 διὰ
368 2038 399 2064 τὸ
419 2037 522 2070 πάντας
540 2038 669 2074 ὁαμάζειν
688 2039 734 2066 καὶ
752 2039 796 2066 λε·-

9 2084 113 2110 ττᾷνειν
134 2085 170 2119 τῇ
199 2084 252 2120 ἰδίᾳ
271 2083 368 2119 ἰσχύει,
390 2084 483 2121 ὥσπερ
502 2093 534 2119 γε
554 2087 569 2112 ὸ
590 2085 706 2122 σίδηρος*
720 2087 754 2114 τὰ
768 2086 796 2113 δὲ

9 2131 135 2158 ιπίλοιπα
158 2131 217 2162 τοῖς
240 2131 304 2157 ποσὶ
323 2131 478 2165 συνεπάτει,
505 2130 550 2158 διὰ
569 2132 599 2158 τὸ
616 2131 653 2168 μὴ
670 2132 796 2160 καταλεί-

841 891 993 919 dilacerans
1014 892 1123 927 ungulis
1144 900 1176 919 ac
1197 893 1340 926 dentibus,
1360 893 1400 920 sic
1418 892 1470 920 fuit
1483 892 1628 921 Persarum

842 946 970 974 regnum,
994 939 1040 974 qui
1063 939 1144 967 rebus
1160 939 1239 974 potiti
1259 945 1322 967 sunt
1348 939 1428 967 annis
1448 939 1558 975 triginta
1577 940 1629 967 du—

842 985 991 1019 centisque.

879 1027 911 1057 ν.
925 1030 951 1057 6.
965 1029 1044 1056 -—-Et
1073 1038 1130 1057 ecce
1145 1030 1200 1057 alia
1218 1029 1324 1066 (bestia)
1337 1031 1414 1062 quasi
1430 1033 1538 1066 pardus.
1564 1030 1630 1067 llip-

843 1076 937 1110 polyti,
962 1076 1080 1103 Pardum
1096 1076 1200 1109 dicens,
1219 1085 1332 1112 regnum
1353 1077 1454 1104 indicat
1470 1076 1627 1104 Gra‘corum

843 1121 942 1155 quibus
959 1121 1101 1156 imperavit
1114 1121 1266 1149 Alexander
1279 1122 1405 1155 Macedo;
1427 1123 1559 1150 assimilat
1579 1130 1630 1149 au--

844 1172 898 1194 tem
915 1174 961 1194 eos
986 1167 1088 1202 pardo.
1106 1168 1167 1202 quia
1195 1167 1304 1194 veloces
1327 1173 1353 1196 et
1373 1169 1538 1195 dolosissimi
1565 1173 1629 1196 sunt

844 1217 943 1244 mente,
959 1216 986 1239 et
1000 1220 1047 1239 cor
1060 1213 1192 1240 habentes
1216 1213 1399 1241 amaritudine
1415 1213 1534 1248 plenum.
1556 1213 1629 1240 haud

844 1264 924 1284 secus
944 1265 975 1284 ac
997 1257 1061 1284 illud
1078 1257 1190 1290 animal,
1211 1258 1365 1285 multicolor
1376 1262 1418 1284 est
1443 1262 1565 1292 aspectu,
1584 1265 1629 1285 ve-

845 1302 890 1329 lox
916 1310 980 1330 vero
1005 1303 1033 1330 in
1054 1304 1123 1331 male
1148 1304 1262 1339 agendo,
1280 1308 1307 1332 et
1324 1312 1449 1332 cruorem
1478 1305 1628 1332 humanum

845 1348 972 1376 bibendo.

884 1394 1128 1428 lbid.-—Quatuor
1139 1396 1228 1430 capita
1256 1402 1331 1424 erant
1357 1396 1455 1424 bestia.
1482 1396 1627 1433 Hippolyti.

845 1440 993 1476 Postquam
1020 1442 1047 1468 in
1070 1442 1155 1469 altum
1178 1442 1308 1470 crevisset
1325 1442 1467 1477 imperium
1484 1443 1629 1470 Alexandri

846 1493 1075 1523 augmentumque
1094 1488 1224 1523 cepisset,
1247 1496 1280 1516 ac
1294 1496 1341 1523 per
1361 1489 1517 1516 universum
1535 1490 1628 1516 orbem

847 1541 946 1560 nomen
963 1533 1135 1565 obtinuisset,
1159 1534 1277 1561 divisum
1292 1539 1333 1562 est
1350 1534 1377 1561 in
1391 1539 1508 1569 quatuor
1529 1543 1628 1569 regna;

850 1579 971 1606 moriens
998 1579 1072 1606 enim
1106 1579 1258 1607 Alexander
1282 1579 1374 1607 divisit
1398 1580 1630 1607 connnilitonilms

847 1625 915 1657 suis,
930 1626 1041 1652 natione
1055 1624 1167 1659 Graecis,
1187 1633 1297 1660 regnum
1321 1634 1412 1657 suum,
1428 1631 1544 1660 quatuor
1564 1626 1630 1653 vilis

847 1670 951 1698 scilicet
975 1670 1100 1703 Seleuco,
1125 1671 1272 1703 Demetrio,
1285 1671 1432 1698 Ptolemazo
1455 1677 1481 1698 et
1494 1671 1629 1706 Philippo,

847 1721 873 1743 et
886 1716 937 1744 sibi
951 1717 1123 1744 vindicarunt
1141 1724 1236 1744 omnes
1251 1717 1295 1744 isti
1310 1717 1472 1749 diademata,
1491 1721 1521 1744 ut
1536 1716 1631 1743 Daniel

848 1762 912 1790 illud
934 1763 1095 1798 praedixerat
1112 1763 1187 1791 etin
1205 1763 1293 1798 primo
1305 1763 1537 1791 biaceliabzeorum
1561 1763 1631 1790 libro

848 1805 981 1840 scriptum
996 1810 1048 1833 est.
1452 1824 1460 1829 .

883 1849 915 1876 ν.
931 1850 959 1877 7.
971 1865 1007 1870 --
1018 1850 1054 1877 Et
1067 1859 1124 1878 ecce
1141 1851 1223 1878 bestia
1243 1858 1349 1887 quarta.
1379 1852 1524 1889 Hippolyti.
1557 1851 1632 1885 Quo-

847 1897 921 1924 niam
937 1897 1047 1932 quidem
1066 1903 1126 1933 post
1139 1898 1294 1926 Graecorum
1321 1900 1464 1935 imperium
1486 1900 1558 1928 aliud
1576 1909 1630 1927 non

848 1942 966 1969 surrexit
995 1943 1150 1977 imperium,
1167 1944 1228 1974 .nisi
1256 1950 1352 1980 potens
1377 1946 1430 1974 hoc
1457 1946 1529 1981 quod
1558 1955 1632 1974 nunc

848 1991 912 2019 stat,
927 1992 955 2014 et
969 1987 1021 2014 hoc
1034 1988 1143 2022 quidem
1158 1989 1285 2018 omnibus
1297 1992 1475 2026 conspicuum
1494 1998 1552 2026 est;
1579 1993 1632 2020 hoc

847 2033 943 2060 dentes
955 2034 1064 2068 quidem
1074 2035 1153 2063 habet
1169 2036 1284 2069 ferreos,
1295 2038 1360 2072 quia
1376 2038 1467 2065 omnia
1489 2038 1590 2070 domat,
1605 2043 1632 2066 et

847 2079 1009 2106 comminuit
1024 2081 1130 2114 proprio
1147 2082 1253 2114 robore,
1267 2087 1297 2109 ut
1311 2082 1431 2116 ferrum;
1447 2084 1549 2119 reliqua
1566 2092 1630 2111 vero

847 2124 963 2159 pedibus
972 2126 1126 2160 conculcat,
1139 2127 1202 2162 quia
1211 2135 1266 2154 non
1275 2128 1329 2155 erit.
1339 2129 1410 2156 aliud
1418 2129 1561 2164 imperium
1569 2133 1632 2164 post

9 2177 100 2204 ξσοαι
114 2178 215 2212 ἑτέραν
229 2176 364 2212 βασιλειαν
379 2177 418 2204 ἔτι
433 2178 502 2213 μετὰ
512 2179 623 2215 ταύτην,
638 2179 694 2206 ἀλλ’
706 2180 736 2212 EE
750 2180 785 2207 αὑ

880 2170 924 2204 ud,
935 2170 982 2199 sed
997 2179 1030 2198 ex
1045 2171 1090 2199 illo
1103 2179 1205 2200 cornua
1216 2173 1308 2202 decem
1320 2179 1453 2202 crescent.

9 2222 46 2255 τῆς
58 2222 170 2258 ταύτης
182 2222 285 2258 κέρατα
297 2222 362 2249 δέκα
372 2223 549 2258 ἀναφύεσθαι.

32 2268 89 2294 Καὶ
111 2268 228 2302 κέρατα
252 2268 326 2296 δέκα
353 2268 443 2301 αὐτῷ.
471 2269 576 2305 ’Ὠσπερ
597 2270 652 2306 γὰρ
678 2271 724 2298 ἐπὶ
747 2271 795 2307 τῆς

9 2314 166 2349 ςαρδαλεως
176 2315 308 2350 προεῖπεν
316 2315 330 2341 ὁ
341 2315 482 2350 προφήτης
495 2315 536 2341 ὅτι
555 2315 686 2351 τέσσαρες
708 2325 793 2351 κεφα-

9 2363 39 2386 m.
49 2361 92 2395 τῷ
103 2360 207 2396 οηρίῳ·
221 2360 269 2387 καὶ
282 2361 400 2394 ἐγένετο,
417 2361 466 2388 καὶ
488 2361 620 2398 ἐμερίσθη
637 2363 654 2398 ἡ
673 2362 794 2398 βασιλεία

9 2407 187 2442 Αλεξάνδρου
198 2407 238 2439 εις
251 2407 387 2443 τέσσαρας
399 2407 496 2444 ἀρχάς·
513 2408 584 2435 οὕτω
596 2409 642 2436 καὶ
653 2409 700 2436 νῦν
714 2418 796 2446 προσ.

9 2454 76 2488 exin
99 2454 157 2484 δεῖ,
183 2453 237 2485 ἓως
260 2453 425 2489 ἀναϐήσεται
445 2455 510 2482 δέκα
533 2454 635 2490 κέρατα
656 2455 686 2488 ἐξ
708 2457 794 2492 αὐτῆς

9 2499 110 2534 αὑτης,
130 2499 198 2525 ὅταν
215 2499 230 2524 ό
246 2499 344 2534 χρόνος
364 2499 411 2526 τοῦ
428 2500 523 2535 θηρίου
542 2500 681 2537 πληρωθῇ,
703 2503 793 2529 καὶτὸ

9 2545 95 2580 ,ικρὶιν
111 2544 214 2579 κέρας,
226 2544 295 2580 ὅπερ
305 2545 378 2571 ἐστὶν
386 2546 401 2572 ὁ
412 2544 602 2581 ’Δντίχριστος,
613 2547 642 2572 ἐν
652 2547 742 2579 αὐτοῖς
753 2549 794 2574 αἰ-

9 2592 96 2623 ηίδιος
117 2591 260 2625 ἀναφανῇ,
276 2590 348 2626 καὶὴ
365 2591 521 2627 δικαιοσύνη
532 2592 565 2618 ὲκ
579 2592 629 2627 τῆς
643 2593 695 2628 γῆς
710 2593 791 2630 ἀρθῇ,

9 2639 36 2664 αἱ
49 2640 65 2664 ό
76 2638 142 2669 πᾶς
159 2637 264 2671 κόσμος
282 2637 321 2669 είς
334 2637 487 2665 συντέλειαν
499 2639 582 2675 παρῇ·
596 2638 665 2665 ὥστε
678 2639 709 2665 οὑ
725 2648 792 2676 προ-

9 2685 155 2720 αμϐἁνειν
169 2683 246 2718 ἡμᾶς
265 2682 305 2709 δεῖ
323 2683 372 2719 τὴν
384 2683 430 2710 τοῦ
439 2683 506 2710 Θεοῦ
526 2684 634 2720 βουλὴν,
653 2683 721 2711 ἀλλὰ
738 2693 791 2720 μα-

9 2731 153 2766 ροῦυμεῖν
174 2730 223 2757 καὶ
240 2729 356 2762 δεῖσθαι,
375 2730 419 2756 ἵνα
438 2730 474 2766 μὴ
486 2731 525 2762 είς
534 2730 669 2762 τοιούτους
679 2731 791 2766 χρόνους

9 2777 180 2810 ιπέσωμεν·
200 2774 263 2801 οὔτε
281 2774 334 2810 μὴν
355 2775 478 2801 ἀπιστεῖν
497 2775 534 2806 ὡς
553 2775 589 2811 μὴ
608 2775 736 2810 μέλλοντα
748 2775 790 2809 γίη

9 2822 95 2849 1792-:
117 2821 147 2847 εἰ
166 2819 219 2856 γὰρ
236 2819 271 2846 τὰ
284 2819 379 2855 πρῶτα
390 2819 439 2845 ὅσα
459 2820 584 2849 προεῖπον
599 2821 622 2846 οἱ
641 2819 788 2855 προφῆται,

165 2879 299 2909 Parnm.
324 2878 381 2908 Gn.
398 2878 440 2908 Χ-

883 2270 955 2297 Ibid.
974 2285 1009 2290 —
1028 2271 1063 2298 Et
1088 2272 1199 2300 habebat
1221 2281 1319 2300 cornua
1357 2275 1455 2302 decem.
1481 2274 1629 2311 Hippolyti.

846 2314 1079 2348 Quemadmodum
1088 2318 1160 2345 enim
1169 2318 1202 2346 de
1215 2318 1298 2353 pardo
1312 2320 1443 2354 propheta
1459 2320 1538 2355 dixit,
1552 2321 1625 2348 hanc

845 2361 960 2388 bestiam
975 2366 1092 2396 quatuor
1107 2364 1196 2398 capita
1219 2364 1330 2397 habere,
1345 2366 1417 2399 quod
1434 2365 1522 2401 reipsa
1541 2367 1628 2394 conti-

845 2406 894 2442 git,
912 2415 975 2434 nam
1003 2407 1120 2435 divisum
1136 2415 1178 2436 est
1192 2409 1334 2444 imperium
1349 2411 1496 2438 Alexandri
1518 2412 1544 2439 in
1558 2421 1627 2446 qua-

845 2457 908 2479 IUOI'
922 2460 1024 2488 regna;
1043 2454 1082 2481 sic
1097 2459 1123 2481 et
1141 2462 1215 2482 nunc
1237 2461 1394 2490 exspectare
1406 2462 1512 2492 oportet
1542 2466 1629 2493 usque

845 2499 910 2526 dum
935 2505 1048 2535 surgant
1074 2500 1167 2528 decem
1193 2509 1296 2529 cornua
1322 2510 1355 2530 ex
1378 2504 1429 2530 ista
1454 2504 1551 2535 bestia.
1566 2512 1629 2532 cum

845 2549 952 2579 tempus
986 2545 1046 2579 ejus
1067 2546 1230 2580 completum
1257 2547 1326 2578 erit,
1354 2552 1381 2575 et
1405 2556 1518 2583 parvum
1533 2558 1628 2583 cornu.

844 2589 918 2624 quod
940 2593 982 2617 est
1005 2590 1199 2623 Antichristus,
1222 2591 1292 2618 inter
1316 2593 1362 2619 illa
1388 2601 1491 2621 cornua
1518 2600 1628 2629 repente

847 2641 986 2670 appareat.
1007 2641 1034 2664 et
1055 2637 1161 2672 justitia
1177 2638 1210 2665 de
1233 2642 1303 2665 terra
1325 2639 1475 2672 auferatur,
1489 2641 1629 2675 totiusque

845 2682 918 2709 orbis
933 2683 1131 2711 consummatio
1145 2684 1359 2719 appropinquat;
1375 2687 1411 2712 ita
1431 2690 1461 2712 ut
1481 2693 1536 2713 non
1558 2687 1629 2713 anti-

844 2727 935 2760 cipare
961 2733 1084 2762 oporteat
1098 2729 1144 2757 Dei
1167 2731 1377 2765 providentiam,
1402 2731 1447 2759 sed
1471 2731 1628 2766 patientiam

845 2773 954 2805 habere.
971 2779 996 2801 et
1019 2775 1113 2803 timere
1133 2784 1167 2803 ne
1190 2777 1250 2804 istis
1275 2777 1443 2813 temporibus
1460 2778 1628 2809 incidamus.

845 2826 973 2856 nonqvero
991 2820 1147 2850 incredulos
1162 2830 1223 2851 esse
1238 2823 1315 2858 quasi
1329 2823 1386 2851 luet:
1393 2831 1446 2850 non
1461 2822 1551 2850 futura
1563 2823 1627 2850 sint.

1395 2882 1435 2911 22
