1860 3051
25 83 75 112 889

609 82 822 112 FRAGMENTA
841 82 876 110 IN
892 81 1078 110 DANIELEM’.

1598 83 1652 112 G90

155 189 1633 202 x——————-—-—————————-—-——————————Q

363 270 700 316 ΙΠΠΟΛΥΤΟΥ
744 267 1078 314 ΕΠΙΣΚΟΠΟΥ
1119 267 1307 313 ΡΩΜΗΣ

653 359 708 387 ΕΙΣ
734 359 806 387 ΤΗΝ
830 358 1023 387 ΣΩΣΑΝΝΑΝ.

405 520 741 568 HIPPOLYTI
780 519 965 566 BOMJE
999 519 1276 568 EPISCOPI

709 615 745 644 ΙΝ
765 614 962 644 SUSANNAM.

633 695 777 727 (GALLAND.,
789 693 914 726 Bibliotlt.,
925 693 958 725 ΙΙ,
970 693 1037 726 “2.)

52 847 130 883 Αὐτὴ
142 847 192 883 μὲν
205 843 252 873 οὖν
267 846 284 881 ὴ
300 845 406 882 ἱστορία
419 844 564 881 γεγένηται
579 844 708 882 ὕστερον,
731 853 801 881 προε

898 844 976 878 Quod
996 844 1044 873 hic
1058 847 1188 872 narratur
1207 845 1216 861 ¹
1227 863 1235 877 ,
1251 843 1388 880 posterius
1405 847 1509 879 gestum
1520 844 1568 872 ‘est
1579 863 1586 877 ,
1600 843 1653 872 etsi

17 894 112 930 τράςεη
140 893 169 920 δὲ
183 893 234 929 τῆς
255 892 345 928 βίϐλου
375 892 497 928 πρώτης.
514 892 595 923 Ἔθος
620 890 674 927 γὰρ
699 889 734 926 ἦν
758 892 815 923 τοῖς

17 939 232 976 γραμματεῦσιν
244 939 438 974 ὑστερόπρωτα
459 937 544 965 πολλὰ
564 939 592 964 ἐν
614 939 675 969 ταῖς
695 938 814 973 γραφαῖς

17 988 135 1014 τιθέναι.
151 986 322 1022 Εὑρίσκομεν
336 985 390 1021 γὰρ
404 985 451 1011 καὶ
465 985 494 1010 ἐν
506 985 562 1016 τοῖς
575 984 729 1019 προφήταις
750 983 815 1019 ὁρά-

18 1043 76 1065 σεις
96 1033 176 1064 τινὰς
198 1031 310 1067 πρώτας
327 1030 537 1066 γεγραμμένας,
559 1029 672 1056 καὶ,ὲπ’
692 1029 814 1064 ἐσχάτων

15 1078 241 1115 πεπληρωμένας
253 1086 259 1093 ·
274 1077 320 1104 καὶ
330 1075 363 1104 αὖ
378 1077 458 1104 πάλιν
471 1076 642 1110 ὲπ“ὲσχάτων
655 1075 813 1111 εἰρημένας,

16 1126 64 1152 καὶ
93 1124 208 1160 πριὶεας
230 1123 424 1159 γεγενημένας.
444 1122 529 1149 Τοῦτο
548 1122 577 1148 δὲ
604 1121 745 1157 οἰκονομία
765 1119 813 1148 τοῦ

16 1171 182 1206 Πνεύματος
195 1170 309 1204 ἐγίνετο,
322 1170 366 1195 ἵνα
387 1169 423 1206 μὴ
435 1169 449 1195 ὁ
470 1167 590 1199 διάϐολος
606 1167 685 1203 συνίῃ
704 1166 738 1193 τὰ
762 1167 815 1194 ὑπὸ

14 1218 71 1244 τῶν
90 1215 240 1252 προφητῶν
253 1217 281 1242 ἐν
294 1216 461 1251 παραϐολαῖς
471 1214 649 1249 λελαλημένα,
673 1213 720 1240 καὶ
734 1220 815 1246 παγι-

14 1263 117 1295 δεύσας
135 1264 169 1289 ὲκ
182 1263 308 1298 δευτέρου
323 1261 403 1289 πάλιν
415 1260 563 1297 ἀποκτείνῃ
577 1260 622 1288 τὸν
642 1259 794 1295 ἄνθρωπον.

50 1349 111 1377 Καὶ
127 1349 221 1384 ὄνομα
233 1349 312 1382 αὐτῷ
331 1341 470 1384 Talaus/ﬂ.
483 1345 589 1381 Οὗτοςὸ
605 1349 733 1384 Ἰωακεὶμ
742 1349 814 1384 πάρ‹

16 1403 96 1425 οικος
116 1394 262 1428 γενόμενος
285 1395 314 1420 ὲν
334 1393 484 1425 Βαϐυλῶνι,
497 1394 629 1429 λαμϐάνει
643 1395 692 1430 τὴν
707 1395 814 1422 Σωσάν-

14 1447 66 1464 ναν
79 1439 121 1469 εἰς
133 1439 258 1471 γυναῖκα.
273 1437 346 1474 Αὕτη
361 1438 390 1465 δὲ
402 1437 436 1474 ἦν
447 1438 570 1474 θυγάτηρ
583 1439 699 1466 Χελκίου
715 1439 762 1466 τοῦ
775 1440 813 1466 ἱε-

17 1484 103 1518 ρέως,
119 1482 167 1509 τοῦ
184 1483 310 1518 εὑρόντος
322 1484 351 1510 τὸ
363 1483 463 1519 βιϐλίον
478 1484 524 1511 τοῦ
541 1485 623 1520 νόμου
644 1485 672 1511 ὲν
686 1485 725 1520 τῷ
748 1485 815 1519 οἴκῳ

14 1529 139 1565 Κυρίου,
154 1529 235 1565 ἡνίκα
260 1530 365 1561 Ἰωσίας
383 1531 396 1557 ὁ
422 1530 548 1565 βασιλεὺς
570 1530 713 1557 ἐκέλευσεν
732 1531 813 1558 αὑτὸν

14 1574 171 1609 καθαρίσαι
183 1574 218 1601 τὰ
235 1575 316 1609 ’Ἅγια
331 1575 384 1601 τῶν
395 1575 488 1609 ἁγίων.
512 1576 635 1610 Ἀδελφὸς
646 1576 747 1611 γίνεται
767 1577 814 1603 Ἱε-

16 1620 120 1655 ρεμίας
133 1621 147 1646 ό
161 1621 314 1655 προφήτης,
327 1621 356 1652 ὃς
371 1621 429 1656 ἅμα
444 1623 501 1654 τοῖς
512 1621 671 1654 ὲπιλοίποις,
689 1623 756 1658 μετὰ
764 1623 814 1659 τὴν

14 1665 171 1700 γενομένην
186 1665 232 1692 τοῦ
247 1665 312 1693 λαοῦ
327 1666 356 1693 ἐν
369 1666 507 1693 Βαϐυλῶνι
531 1669 669 1702 μετοικίαν
679 1689 686 1701 ,
711 1669 814 1705 ἀνήχθη

14 1712 58 1743 εἰς
68 1711 222 1745 Αἴγυπτον,
234 1712 281 1738 καὶ
296 1712 458 1748 παρῴκησεν
471 1713 500 1739 ἐν
512 1713 631 1748 Τάφναις
640 1723 647 1729 ·
662 1716 742 1742 κάκεῖ
749 1724 816 1751 προ-

13 1755 150 1791 φητεύων
162 1756 346 1792 λιθοϐοληθεὶς
361 1758 407 1783 ὑπ’
419 1758 508 1785 αὐτῶν
525 1759 655 1795 ἀνῃρέθη.

51 1801 145 1836 Καλὴ
162 1801 281 1836 σφόδρα
296 1802 345 1828 καὶ
362 1803 531 1838 φοϐουμένη
549 1803 603 1830 τὸν
623 1805 739 1838 Κύριον.
767 1805 815 1832 Ἐκ

11 1848 72 1883 γὰρ
89 1846 140 1873 τοῦ
155 1847 262 1883 καρποῦ
281 1847 327 1874 τοῦ
342 1847 370 1881 ἐξ
380 1839 469 1875 αὐτῶν
480 1849 681 1884 προϐλήματος,
696 1850 816 1882 εὐκόλως

12 1895 65 1921 καὶ
80 1893 113 1920 τὸ
130 1893 238 1929 δένδρον
250 1893 421 1928 γινώσκεται.
440 1895 553 1930 Ἄνδρες
567 1895 622 1930 γὰρ
635 1895 758 1928 εὐλαϐεῖς
769 1897 815 1923 καὶ

12 1939 144 1974 ζηλωταὶ
154 1939 202 1965 τοῦ
217 1939 299 1975 νόμου
312 1939 500 1975 γεγενημένοι,
522 1941 586 1972 ἄξια
600 1941 666 1967 Θεοῦ
687 1941 770 1968 τέκνα
785 1943 815 1969 ἐν

12 1986 118 2020 κόσμῳ
135 1985 334 2021 προηγᾲγοντο’
348 1986 394 2012 τὸν
411 1985 461 2021 μὲν
473 1987 616 2022 προφήτην
625 1988 670 2014 καὶ
689 1987 816 2024 μάρτυρα

12 2030 144 2066 Χριστοῦ
160 2031 359 2066 γεγενημένον,
375 2031 424 2066 τὴν
444 2031 473 2058 δὲ
496 2031 622 2067 σώφρονα
645 2032 693 2059 καὶ
718 2033 814 2068 πιστὴν

11 2077 180 2112 εὑρημένην
196 2077 227 2103 ὲν
243 2076 398 2104 Βαϐυλῶνι·
418 2074 452 2114 ἥς
466 2078 496 2104 τὸ
512 2078 609 2113 σεμνὸν
632 2079 678 2105 καὶ
697 2078 813 2114 σῶφρον,

10 2125 60 2150 τὸν
79 2123 221 2158 μακάριον
232 2122 329 2158 Δανιὴλ
344 2124 485 2159 προφήτην
507 2123 654 2155 ἀπέδειξεν.
724 2140 739 2153 ι

48 2170 109 2197 Καὶ
125 2167 168 2204 ἧν
188 2169 317 2204 Ἰωακεὶμ
330 2170 477 2202 πλούσιος
492 2169 618 2204 σφόδρα.
636 2170 682 2195 Δεῖ
698 2167 743 2196 οὖν
757 2170 815 2195 ἐπι-

831 1520 851 1547 Β

828 2191 849 2218 C

865 897 929 920 ante
942 891 1061 927 primum
1076 891 1177 919 librum
1185 891 1316 926 scriptum
1330 897 1381 919 est.
1398 890 1444 919 Sic
1453 891 1525 918 enim
1536 892 1654 926 scripto-

864 946 926 965 rum
943 938 1067 965 moribus
1080 941 1267 972 comparatum
1279 941 1329 969 est,
1340 941 1432 965 utnon
1443 945 1529 972 pauca
1543 937 1653 965 inverso

864 985 969 1018 ordine,
982 985 1134 1013 litterarum
1153 984 1341 1012 monumentis
1362 985 1521 1020 consignata
1532 984 1651 1012 tradant.

864 1031 932 1060 Nam
955 1033 1037 1060 etiam
1053 1032 1082 1060 in
1104 1032 1245 1067 prophetis
1261 1032 1393 1066 quasdam
1408 1032 1527 1060 visiones
1538 1031 1654 1059 otfendi-

863 1087 926 1107 mus
941 1079 1019 1114 prius
1034 1079 1203 1114 conscriptas
1216 1087 1224 1112 ;
1239 1085 1271 1105 ac
1286 1086 1384 1105 rursus
1401 1078 1428 1105 in
1441 1078 1587 1113 postremis
1608 1086 1652 1105 re-

864 1125 944 1157 latas,
957 1132 1018 1160 quae
1032 1125 1121 1159 primo
1132 1124 1315 1158 contigerunt.
1329 1121 1357 1149 1d
1369 1129 1433 1149 vero
1446 1122 1576 1157 peculiari
1591 1121 1653 1157 Spi-

864 1171 933 1198 ritus
949 1169 1061 1198 numiue
1077 1177 1110 1197 ac
1125 1169 1241 1196 consilio
1257 1168 1348 1201 ﬂebat,
1364 1175 1398 1195 ne
1411 1168 1536 1195 diabolus
1553 1168 1653 1195 intelli-

864 1221 938 1253 geret
961 1223 1022 1251 quae
1045 1215 1184 1251 prophetis
1210 1215 1239 1243 in
1260 1215 1397 1250 parabolis
1421 1214 1492 1241 dicta
1513 1218 1601 1246 erant,
1621 1221 1654 1241 ac

864 1263 954 1292 denuo
970 1263 1005 1291 ad
1021 1262 1190 1299 perdendum
1204 1269 1302 1290 rursus
1316 1262 1454 1289 hominem
1467 1260 1579 1296 laqueos
1593 1265 1654 1287 teu—

864 1309 949 1337 deret.

899 1354 932 1382 V.
953 1355 964 1382 1
979 1364 986 1382 :
1002 1354 1037 1381 Et
1049 1362 1140 1381 nomen
1154 1354 1211 1389 ejus
1224 1354 1341 1381 Joacim.
1357 1353 1406 1381 Hic
1420 1345 1524 1381 Joaeiin
1549 1353 1652 1381 advena

865 1401 1002 1437 Babylone
1021 1401 1119 1434 factus,
1143 1400 1297 1428 Susannam
1318 1408 1430 1428 uxorem
1457 1400 1541 1428 ducit.
1568 1399 1653 1426 Porro

866 1446 992 1473 Susanna
1000 1446 1056 1474 tilia
1071 1450 1130 1473 erat
1144 1445 1244 1473 Helciae
1253 1445 1415 1478 sacerdotis,
1426 1445 1485 1480 ejus
1498 1445 1652 1480 quilibrum

865 1492 932 1528 legi‘s
948 1492 977 1519 in
994 1491 1076 1519 domo
1092 1491 1201 1518 Domini
1224 1491 1342 1524 invenit,
1365 1491 1475 1526 quando
1495 1499 1541 1518 rex
1563 1490 1655 1518 Josias

866 1538 992 1566 mundari
1010 1537 1109 1565 Sancta
1123 1542 1280 1566 sanctorum
1296 1537 1424 1572 prmccpit
1437 1537 1457 1563 '.
1481 1536 1547 1571 Ejus
1568 1535 1654 1563 frater

864 1588 906 1611 est
915 1583 1046 1612 Jeremias
1060 1583 1203 1618 propheta,
1222 1583 1269 1617 qui
1283 1590 1337 1610 una
1353 1590 1416 1609 eum
1436 1582 1554 1610 residuis
1566 1603 1573 1615 ,
1588 1588 1650 1618 post

865 1629 1129 1665 transmigrationem
1143 1627 1235 1664 populi
1250 1628 1424 1664 Babylonem,
1447 1628 1546 1656 ductus
1561 1633 1602 1656 est
1624 1629 1652 1655 in

865 1675 1023 1712 Egyptum,
1041 1681 1069 1703 et
1085 1675 1218 1703 habitavit
1242 1675 1270 1701 in
1286 1674 1408 1709 Taphnis
1422 1675 1450 1708 n;
1467 1675 1513 1702 ubi
1534 1675 1651 1710 prophe-

865 1727 926 1749 tans
938 1722 1073 1757 lapidibus
1084 1722 1200 1748 obrutus
1214 1721 1339 1749 sublatus
1353 1725 1404 1748 est.

900 1801 1018 1828 Pulchra
1027 1800 1102 1828 valde
1113 1805 1138 1828 et
1153 1800 1246 1827 timens
1255 1800 1406 1827 Dominum.
1420 1799 1457 1826 Ex
1466 1798 1555 1826 fructu
1579 1799 1656 1826 cnim-

866 1847 975 1874 illorum
993 1846 1133 1882 germinis,
1149 1845 1229 1873 facile
1250 1853 1360 1880 quoquc
1375 1845 1456 1872 arbor
1466 1846 1652 1880 cognoscitur.

866 1892 924 1919 Viri
944 1892 1017 1919 enim
1037 1892 1156 1927 religiosi
1183 1891 1305 1926 legisque
1318 1892 1492 1921 annulatores
1515 1891 1595 1924 facti,
1611 1892 1654 1918 di-

865 1947 933 1974 gnos
947 1938 1001 1966 Deo
1013 1939 1113 1966 liberos
1130 1939 1156 1966 in
1173 1939 1275 1966 mundo
1294 1939 1498 1973 produxerunt:
1523 1940 1651 1969 alterum.

865 1985 966 2012 Christi
979 1985 1138 2019 prophetam
1154 1988 1236 2019 atque
1259 1990 1423 2019 martyrem;
1445 1985 1557 2013 alteram
1571 2004 1578 2016 .
1604 1993 1650 2012 ca-

866 2035 935 2058 stam
946 2031 1109 2066 integratque
1122 2031 1183 2059 ﬁdei
1197 2031 1334 2067 Babylone
1345 2036 1496 2066 repertam;
1515 2031 1594 2065 cujus
1604 2038 1636 2064 βυ
1647 2043 1654 2049 -

866 2077 959 2104 dicitia
974 2081 1057 2112 atque
1072 2077 1186 2104 castitas
1200 2078 1270 2104 ratio
1284 2076 1344 2111 fuit,
1357 2082 1387 2104 ut
1401 2077 1582 2104 inuotesceret
1600 2075 1654 2102 Da-

865 2124 919 2151 niel
935 2124 1075 2159 propheta.

904 2170 934 2197 ν.
958 2171 990 2198 4:
1022 2170 1056 2197 Et
1082 2175 1139 2198 erat
1166 2169 1272 2197 Joaeim
1296 2170 1366 2197 dives
1393 2169 1479 2197 valde.
1501 2168 1651 2202 Quaerenda

9 2216 111 2251 ζητεῖν
126 2215 159 2241 τὺ
180 2214 283 2241 αἴτιον·
306 2215 364 2247 πῶς
385 2214 439 2250 γὰρ
460 2215 626 2250 αἰχμάλωτοι
649 2215 800 2251 ὑπάρχοντε

900 2224 947 2244 usa
961 2221 1019 2244 est:
1037 2216 1175 2252 quomodo
1192 2217 1264 2244 enim
1285 2217 1332 2251 qui
1346 2215 1442 2251 captivi
1458 2220 1548 2243 essent
1561 2220 1588 2242 et
1602 2214 1655 2241 Βο-

13 2263 66 2288 καὶ
87 2259 236 2287 ὑπόδουλοι
258 2260 438 2292 Βαϐυλωνίοις
466 2261 656 2296 γεγενημένοι,
688 2260 817 2296 ἡδύναντο

14 2307 208 2344 συνέρχεσθαι
230 2307 371 2333 ὲπιτοαυτὺ
395 2307 433 2338 ὠς
453 2307 636 2339 αὐτεξούσιοις
665 2308 709 2334 Ἐν
729 2307 817 2342 τούτῳ

11 2354 56 2380 δεῖ
69 2354 158 2385 νοεῖν,
174 2353 216 2379 ὅτι
229 2353 385 2388 μετοικίσας
396 2353 495 2385 αὐτοὺς
506 2353 758 2389 Ναϐουχοδονόσορ,
773 2362 818 2388 φι-

9 2398 193 2435 λανθρώπως
216 2399 306 2431 αὐτοῖς
320 2400 464 2435 ἐχρήσατο,
487 2399 534 2426 καὶ
550 2399 698 2435 ἐπέτρεψεν
717 2400 815 2431 αὐτοὺς

7 2445 250 2481 συνερχομένους,
268 2445 358 2472 πάντα
369 2445 403 2472 τὰ
417 2444 486 2472 κατὰ
500 2445 546 2472 τὸν
559 2445 639 2481 νόμον
653 2445 794 2481 πράσσειν.

44 2492 105 2518 Καὶ
126 2490 290 2525 μεσούσης
305 2490 362 2525 τῆς
388 2490 501 2525 ἡμέρας
526 2491 732 2524 εἰσεπορεύετο
753 2492 813 2518 Σω-

5 2537 128 2565 cdt-ra.
153 2537 189 2563 'H
209 2536 338 2564 Μσάννα
359 2537 544 2572 προετυποῦτο
570 2537 609 2568 είς
628 2536 676 2572 τὴν
699 2536 813 2572 Ἐκκλη-

6 2583 68 2610 σίαν
81 2592 89 2598 ·
116 2582 251 2618 Ἰωακεὶμ
260 2582 287 2608 δὲ
302 2583 316 2608 ὁ
330 2582 400 2618 ἀνὴρ
410 2582 505 2617 αὐτῆς,
526 2582 566 2614 εἰς
584 2582 629 2608 τὸν
644 2582 760 2618 Χριστόν
770 2591 778 2598 ’
801 2584 815 2608 ὀ

5 2628 32 2655 δὲ
44 2628 238 2664 παράᾱεισος,
254 2628 271 2663 ὴ
285 2627 382 2662 κλῆσις
396 2628 450 2655 τῶν
462 2628 559 2662 ἁγίων,
571 2628 609 2660 ὡς
620 2628 736 2663 δένδρων
746 2636 814 2664 καρ-

5 2674 148 2710 ποφόρων
172 2674 201 2700 ὲν
220 2673 370 2710 Ἐκκλησία
392 2673 611 2709 πεφυτευμένων.
637 2673 765 2701 Βαϐυλὼν
786 2674 815 2700 δέ,

7 2721 85 2748 ἐστιν
99 2721 117 2747 ὁ
131 2720 255 2756 κόσμος⁶
269 2721 293 2746 οἱ
307 2720 334 2747 δὲ
348 2720 393 2747 δύο
407 2720 597 2756 πρεσϐύτεροι,
611 2721 651 2752 εἰς
665 2720 750 2747 τύπον
761 2720 815 2746 δεί-

44 2804 52 2819 ¹
74 2804 153 2832 Dan.
176 2812 237 2831 xm.
278 2805 287 2820 '
304 2803 338 2830 iV
357 2804 422 2839 Reg.
445 2813 498 2832 xxn
511 2825 518 2837 ,
535 2804 560 2832 8.
600 2805 609 2821 ³
626 2804 680 2832 Jcr.
693 2813 770 2837 mn,
786 2805 812 2832 8.

866 2262 984 2298 byloniis
1006 2262 1172 2298 mancipati,
1192 2262 1218 2289 in
1239 2269 1325 2289 unum
1343 2262 1488 2289 convenire
1516 2265 1651 2297 poterant,

866 2309 944 2343 quasi
957 2308 999 2336 sui
1013 2308 1085 2343 juris
1098 2313 1192 2336 essent
1200 2313 1281 2343 atque
1298 2309 1396 2336 liberi?
1406 2308 1466 2342 Qua
1480 2309 1507 2336 in
1523 2316 1553 2335 re
1564 2308 1653 2335 consi-

866 2354 1016 2382 derandum
1031 2359 1083 2387 est,
1095 2353 1392 2383 Nabuchodonosorem
1405 2355 1452 2390 qui
1465 2361 1512 2383 eos
1533 2359 1653 2382 transtu-

869 2402 947 2434 lerat,
963 2401 1055 2429 mitius
1065 2401 1119 2429 illis
1132 2409 1213 2429 usum
1223 2409 1293 2435 esse,
1308 2409 1340 2430 ae
1352 2402 1509 2437 permisisse
1518 2406 1548 2428 ut
1560 2401 1653 2429 liberis

869 2446 1057 2479 conventibus,
1068 2452 1167 2474 cuncta
1179 2454 1214 2474 ex
1231 2447 1296 2482 legis
1311 2447 1463 2475 rationibus
1476 2451 1598 2482 agerent.

905 2491 936 2520 V.
951 2491 983 2518 7:
1001 2492 1034 2520 Et
1050 2493 1159 2520 meridie
1170 2493 1365 2528 ingrediebatur
1377 2491 1510 2520 Susanna.
1526 2492 1652 2520 Susanna

869 2538 1019 2566 Ecclesiam
1049 2538 1255 2574 praefigurabat;
1283 2538 1388 2567 Joacim
1414 2547 1480 2567 vero
1507 2539 1550 2566 vir
1581 2538 1652 2573 ejus,

867 2584 1017 2611 Christum.
1028 2583 1128 2612 Hortus
1138 2593 1186 2612 seu
1195 2585 1472 2620 pomarium,vocatio
1484 2588 1654 2614 sanctorum.

868 2629 914 2663 qui
927 2632 1055 2663 tanquam
1075 2629 1223 2657 fructifera:
1235 2630 1348 2658 arbores
1361 2630 1389 2657 in
1403 2629 1523 2657 Ecclesia
1540 2629 1658 2664 plantati

868 2680 942 2703 sunt.
963 2675 1093 2712 Babylon,
1110 2676 1229 2704 mundus
1245 2681 1296 2704 est.
1313 2677 1373 2703 Duo
1385 2676 1517 2708 seniores,
1531 2676 1654 2709 duospo—

869 2722 948 2756 pulos
976 2722 1093 2758 ﬁgurare
1118 2727 1288 2757 noscuntur,
1317 2723 1364 2758 qui
1385 2722 1513 2751 Ecclesiae
1540 2722 1655 2750 insidias
