1860 3051
204 131 254 160 691

643 124 669 151 S.
691 122 872 151 HIPPOLYTI
888 121 963 150 OPP.
984 121 1072 149 PARS
1090 121 1110 148 l.
1131 137 1165 141 ——
1183 119 1384 148 EXEGETICA.

1778 112 1833 140 692

205 191 333 221 struunt;
347 187 459 214 alterum
477 184 523 220 qui
535 191 567 211 ex
578 182 797 215 circumcisione,
814 182 929 208 alterum
940 181 988 216 qui
1003 183 1021 211 Α

1086 188 1151 206 ννται
1162 179 1216 206 τῶν
1227 179 1273 205 δύο
1293 178 1365 204 λαῶν
1382 176 1435 203 τῶν
1459 172 1687 201 ἐπιϐουλευόντων
1709 171 1743 206 τῇ
1770 170 1834 196 Ἐκ-

205 241 239 262 ex
257 232 390 269 gentibus.
406 229 474 257 Nam
490 228 562 264 quod
578 228 616 255 ait
627 226 710 263 (v.'5)
735 227 816 261 fuisse
833 226 988 253 constitutos

205 278 296 316 populi
314 276 438 312 pratsides
458 279 535 310 atque
551 274 673 308 judices;
692 273 753 300 ideo
779 277 835 304 est,
851 271 924 306 quod
937 272 990 299 hoc

205 333 264 353 aevo
287 328 448 359 potestatem
469 324 596 350 exercent
609 319 808 356 praesidemque
825 318 926 353 injuste
946 317 990 352 ju-

210 371 320 400 iicando
329 370 428 405 justos.

242 416 273 443 V.
286 416 318 443 8:
335 415 369 442 Et
381 414 503 441 videbant
515 420 573 440 eam
583 412 635 438 duo
644 411 767 438 seniores.
779 409 843 437 Haec
853 410 991 437 enimvero

205 462 360 490 Juda‘orum
372 460 509 496 principes
528 466 626 486 nunce
642 457 711 484 libro
728 456 823 483 volunt
838 460 989 490 amputare,

206 508 328 535 dicentes
342 515 372 534 ea
388 515 442 533 non
461 510 536 540 gesta
558 512 619 532 esse
637 503 787 538 Babylone:
806 509 876 536 quos
896 508 991 533 nempe

163 559 166 585 ‘_
206 553 307 588 pudeat
322 553 390 580 tanti
414 552 487 579 illius
502 558 549 586 per
573 549 600 577 id
625 553 730 584 tempus
758 547 896 575 seniorum
927 546 992 574 iaci-

206 599 292 627 noris.

242 643 275 672 ν.
292 645 325 672 9:
343 643 377 671 Et
395 645 540 670 everterunt
559 648 664 668 sensum
682 647 768 666 suum.
784 638 835 672 Qui
851 638 924 666 enim
941 637 993 664 Ec-

207 689 297 717 clesiaa
330 688 445 716 insidias
477 689 637 714 struxerunt
669 684 782 719 ejusque
817 686 992 717 corruptores

208 735 328 767 fuerunt,
343 741 462 769 quonam
478 731 560 759 modo
571 731 645 766 justa
664 730 788 765 judicare
805 729 930 764 possint;
946 732 993 755 aut

207 780 310 808 mundo
322 779 403 807 corde
416 779 443 805 in
455 777 554 805 coelum
568 775 717 810 suspicere,
726 775 773 810 qui
785 772 901 809 principi
911 771 992 806 hujus

207 826 300 854 saeculi
316 826 371 853 sint
388 823 557 858 mancipati?

1040 225 1138 261 κλησίᾳ
1150 235 1156 240 ·
1173 223 1213 257 εἷς
1227 225 1286 260 μὲν,
1298 226 1312 251 ὁ
1323 225 1354 250 ὲκ
1365 222 1522 258 περιτομῆς,
1537 220 1584 247 καὶ
1598 216 1650 250 εἷς,
1667 219 1682 244 ὁ
1692 218 1722 250 ἐξ
1733 216 1832 242 ὲθνῶν.

1039 273 1076 299 Τὸ
1093 272 1146 308 γὰρ
1160 271 1247 306 λέγειν
1258 291 1265 303 ,
1281 270 1501 304 ἀπεδείχθησαν
1517 267 1662 301 ἄρχοντες
1677 264 1733 291 τοῦ
1751 263 1834 290 laci-

1041 319 1089 346 καὶ
1102 318 1207 352 κριταί·
1230 318 1269 344 ὃτι
1287 317 1316 343 έν
1329 315 1369 351 τῷ
1384 315 1461 342 αίῶνι
1476 313 1563 348 τούτῳ
1575 310 1768 344 ὲξουσιάζουσι
1787 310 1834 335 καὶ

1042 365 1164 400 ἄρχουσι,
1178 363 1315 399 κρίνοντες
1331 362 1430 392 ἀδίκως
1444 359 1574 390 δικαίους.

1078 410 1130 438 Καὶ
1149 409 1296 443 ἐθεώρουν
1308 407 1404 441 αὐτὴν
1415 408 1440 433 οἱ
1452 406 1505 433 δύο
1513 403 1719 439 πρεσϐύτεροι.
1738 401 1835 427 Ταῦτα

1043 456 1092 491 μὲν
1103 454 1149 483 οὖν
1163 457 1187 482 oi.
1203 455 1256 481 τῶν
1280 453 1410 481 Ἰουδαίων
1424 452 1551 487 ἄρχοντες
1563 449 1704 485 βούλονται
1715 447 1766 474 νῦν
1783 455 1835 473 π-

1043 503 1181 538 ρικόπτειν
1197 501 1247 536 τῆς
1260 500 1360 536 βίϐλου,
1375 499 1523 533 φάσκοντες
1543 496 1579 532 μὴ
1595 494 1725 530 γενέσθαι
1744 493 1836 519 ταῦτα

1043 551 1071 576 ἐν
1085 548 1240 575 Βαϐυλῶνι·
1256 545 1441 581 αἰσχυνόμενοι
1456 544 1487 570 τὸ
1498 543 1550 569 ὑπὸ
1564 542 1619 569 τῶν
1634 539 1837 577 πρεσϐυτέρων

1040 595 1100 623 κατ’
1115 595 1217 621 ἐκεῖνον
1228 593 1273 619 τὸν
1289 592 1382 628 καιρὸν
1394 589 1582 626 γεγενημένον.

1076 639 1131 667 Kal
1145 639 1327 673 διέστρεψαν
1335 637 1389 664 τὸν
1403 635 1516 662 ἑαυτῶν
1536 634 1620 661 γοῦν.
1639 633 1672 659 οἱ
1692 631 1752 667 γὰρ
1775 631 1837 657 ὲκε-

1043 685 1135 712 ϐουλοι
1158 685 1205 711 καὶ
1226 683 1334 719 φθορεῖς
1347 682 1398 717 τῆς
1416 676 1577 715 Ἐκκλησίας
1586 678 1731 712 γενόμενοι
1748 697 1756 708 ,
1775 675 1837 707 πῶς

1044 731 1168 758 δύνανται
1181 730 1272 756 δίκαια
1284 729 1396 765 κρίνειν,
1408 728 1425 763 ἢ
1437 726 1545 762 καθαρᾷ
1554 725 1653 761 καρδίᾳ
1666 723 1836 750 ἀναϐλέπειν

1043 778 1084 810 είς
1099 777 1145 803 τὸν
1157 776 1280 812 οὐρανὸν,
1293 775 1329 811 τῷ
1345 775 1454 810 ἄρχοντι
1470 772 1517 800 τοῦ
1529 771 1625 802 αἰῶνος
1633 769 1734 796 τούτου
1745 768 1837 795 δεδου-

1042 823 1175 859 λωμένοι;

362 852 499 904 Ενιιηιᾳιίε
514 868 591 896 ambo
607 876 670 903 erga
685 875 742 894 eam
757 865 872 892 stimulis
887 865 991 900 agitati.
1008 852 1021 880 Ῑ

1086 852 1135 897 lia).
1149 852 1232 903 ἦσαν
1245 866 1404 901 ἀμφότεροι
1418 864 1670 900 κατανενυγμένοι
1689 863 1761 896 περὶ
1785 861 1838 890 αὐ-

208 916 279 945 V'ere
294 917 365 944 enim
381 915 468 950 accipi
485 918 574 950 potest
587 913 658 948 quod
675 913 711 940 ita
724 912 826 940 dictum
846 916 887 939 est
900 920 907 942 ;
923 918 994 938 sem-

209 971 258 998 per
272 963 344 990 enim
356 962 411 989 (luo
423 960 527 996 populi,
544 959 651 986 Satanae
661 958 739 994 cujus
754 957 843 985 alllatu
865 961 992 992 aguntur,

209 1009 328 1038 stimulis
339 1008 454 1039 incitati,
470 1005 687 1042 persecutionum
698 1004 831 1040 procellas
842 1011 994 1031 aerumnas-

209 1063 263 1089 que
276 1054 405 1081 adversus
422 1052 572 1079 Ecclesiam
585 1052 717 1079 suscitare
730 1050 856 1082 student;
871 1055 995 1083 quaeren-

211 1106 251 1127 tes
268 1107 321 1135 qua
338 1099 446 1126 demum
461 1098 566 1125 ratione
580 1104 640 1124 eam
661 1100 849 1131 corrumpant,
873 1101 936 1122 cum
952 1100 995 1120 se-

210 1154 272 1173 cum
287 1146 337 1180 ipsi
349 1152 403 1172 non
417 1144 599 1171 consentiant.

247 1193 279 1220 ν.
295 1191 348 1219 12ε
365 1190 401 1217 Ει
414 1189 585 1217 observabant
599 1187 723 1215 sollicite.
745 1186 772 1214 ld
787 1193 851 1213 vero
870 1185 995 1212 animad-

211 1243 348 1267 vertamus
362 1244 450 1272 opcrze
465 1236 582 1270 pretium
596 1239 655 1262 est:
670 1234 800 1261 hactenus
822 1231 924 1259 scilicet
946 1231 996 1259 ob-

212 1292 321 1313 servare
334 1291 365 1311 ac
379 1283 512 1310 curiosius
527 1280 666 1316 inquirere
673 1287 734 1315 quae
745 1279 772 1306 in
783 1278 903 1305 Ecclesia
918 1277 994 1309 fiant,

215 1339 271 1359 tum
286 1330 414 1366 gentiles,
441 1333 496 1355 tum
514 1336 547 1354 ex
567 1326 776 1355 circumcisione
799 1324 923 1357 Judaios;
949 1323 995 1358 qui

212 1377 337 1405 videlicet
344 1376 428 1403 i‘a’lsos
439 1378 521 1402 testes
532 1372 676 1400 adversum
688 1379 738 1399 nos
746 1370 995 1402 velintsubornare,

213 1421 442 1458 quemadmodum
457 1419 495 1447 ait
506 1417 669 1453 Apostolus:
694 1416 806 1451 Propter
829 1420 916 1442 autem
934 1413 997 1441 sub—

213 1469 376 1496 introductos
390 1467 472 1502 falsos
487 1466 594 1501 fratres,
618 1464 663 1499 qui
681 1462 886 1490 subintraierunt
909 1461 998 1495 explo-

1043 914 1108 949 τῆς.
1124 914 1180 941 Καὶ
1191 913 1245 948 γὰρ
1262 912 1334 938 ἐστιν
1357 910 1464 946 ἀληθῶς
1483 909 1686 937 καταλαϐέσθαι
1707 908 1740 935 τὸ
1760 909 1839 943 εἰρη-

1046 962 1136 998 μένον,
1152 961 1194 988 ὃτι
1210 959 1325 987 πάντοτε
1341 959 1366 985 οἱ
1383 957 1429 985 δύο
1443 957 1503 984 λαοὶ
1529 955 1767 990 κατανυσσόμενοι
1787 954 1838 981 ὑπὺ

1044 1008 1090 1036 τοῦ
1110 1009 1139 1035 ὲν
1156 1007 1248 1038 αὐτοῖς
1266 1005 1441 1041 ἐνεργοῦντος
1456 1004 1581 1036 Σατανᾶ,
1607 1001 1755 1037 βούλονται
1776 1000 1839 1027 διω-

1045 1054 1133 1090 γμοὺς
1157 1053 1205 1080 καὶ
1226 1051 1329 1086 θλίψεις
1350 1050 1466 1086 ἐγείρειν
1489 1048 1558 1076 κατὰ
1579 1049 1629 1084 τῆς
1658 1046 1837 1082 Ἐκκλησίας,

1045 1098 1189 1135 ζητοῦντες
1200 1099 1273 1130 ὅπως
1284 1097 1473 1132 διαφθείρωσιν
1483 1095 1579 1131 αὐτὴν,
1590 1094 1700 1126 ἑαυτοῖς
1715 1093 1757 1129 μὴ
1768 1101 1838 1127 συμ-

1045 1154 1206 1180 φωνουντες.

1080 1191 1136 1219 Kal
1164 1189 1385 1225 παρετηροῦντο
1413 1189 1581 1224 φιλοτίμως.
1608 1185 1787 1222 Σημειωτέον
1811 1184 1838 1211 δὲ

1045 1237 1124 1265 τοῦτο
1136 1246 1143 1252 ·
1157 1237 1198 1264 ὅτι
1211 1237 1263 1268 ἕως
1276 1235 1323 1263 νῦν
1335 1234 1554 1271 παρατηροῦνται
1576 1233 1623 1260 καὶ
1636 1232 1838 1268 περιεργάζον-

1045 1293 1091 1311 ται
1102 1285 1136 1311 τὰ
1147 1285 1177 1311 έν
1189 1285 1224 1320 τῇ
1248 1282 1396 1318 Ἐκκλησία
1409 1281 1598 1317 πραττόμενα,
1614 1279 1641 1306 οἴ
1660 1287 1691 1305 τε
1705 1278 1740 1310 ἑξ
1756 1277 1840 1304 ἐθνῶν

1047 1330 1094 1356 καὶ
1104 1330 1130 1356 οἱ
1157 1329 1190 1356 ἐκ
1210 1328 1362 1364 περιτομῆς
1388 1327 1530 1358 Ἰουδαῖοι,
1551 1325 1711 1361 βουλόμενοι
1732 1323 1839 1359 causa;

1049 1376 1190 1413 μάρτυρας
1203 1375 1367 1411 καταφέρειν
1381 1373 1441 1401 καθ’
1458 1373 1553 1408 ἡμῶν,
1576 1372 1614 1404 ὡς
1635 1372 1649 1398 ὁ
1675 1369 1840 1399 Ἀπόστολος

1046 1421 1137 1456 λέγει·
1156 1421 1208 1448 Διὰ
1229 1421 1263 1448 δὲ
1284 1420 1355 1452 τοὺς
1374 1417 1630 1453 παωισαχθέντας
1649 1413 1840 1450 ψευδοαδέλ-

1047 1478 1133 1504 φους,
1148 1468 1256 1500 οἵτινες
1270 1466 1414 1500 εἰσῆλθον
1429 1463 1661 1497 κατασκοπῆσαι
1677 1462 1740 1496 τὴν
1761 1462 1842 1488 ἐλευ-

213 1523 272 1542 rare
283 1515 430 1542 libertatem
441 1517 570 1544 nostram,
585 1518 664 1545 quam
679 1508 802 1537 habemus
820 1508 848 1534 in
858 1507 962 1534 Christo
973 1506 995 1534 ⁸.
1011 1521 1021 1550 ί

1086 1515 1150 1547 ρίαν
1161 1513 1255 1548 ἡμῶν,
1267 1512 1307 1547 ’ἣν
1320 1511 1428 1547 ἔχομεν
1442 1511 1477 1538 ἐν
1488 1509 1602 1545 Χριστῷ
1624 1508 1736 1543 Ἰησοῦ.

250 1560 355 1589 Peccati
379 1567 465 1595 genus
489 1561 545 1591 est,
564 1563 685 1597 quierere
698 1559 727 1582 ut
750 1554 858 1581 feminis
875 1553 998 1580 attendas

214 1615 346 1636 animum.

250 1664 283 1691 V.
302 1663 350 1690 1'5:
368 1662 404 1689 Et
423 1661 519 1696 egressi
538 1662 697 1687 recesserunt
719 1666 735 1684 a
749 1666 776 1684 se
796 1661 897 1683 mutuo.
923 1655 999 1689 Quod

215 1718 279 1744 ergo
293 1717 309 1736 a
331 1716 360 1736 sc
373 1713 467 1735 mutuo
478 1708 651 1734 recesserunt
672 1703 739 1731 hora
754 1702 871 1738 prandii,
887 1701 939 1729 hoc
964 1701 1001 1728 si-

215 1756 326 1791 gniﬁcat
339 1754 366 1781 in
379 1752 495 1781 terrenis
503 1751 613 1787 quidem
626 1750 695 1777 cibis
709 1757 764 1776 non
778 1748 934 1775 consentire
950 1747 1000 1775 Ju-

216 1801 290 1828 dazos
304 1807 366 1827 cum
377 1798 520 1834 gentibus;
535 1797 563 1824 in
580 1803 662 1824 sensu
674 1801 738 1822 vero
748 1793 908 1828 cunctisque
921 1793 1001 1820 rebus

217 1847 251 1874 ad
266 1846 357 1874 saeculi
374 1852 455 1872 usum
472 1841 668 1878 spectantibus,
680 1839 824 1868 convenire
836 1846 868 1866 ac
880 1845 1002 1865 commu-

217 1893 319 1920 nicare.

253 1937 286 1965 ν.
303 1937 353 1964 14:
370 1936 405 1964 Et
419 1936 582 1963 sciscitantes
593 1933 627 1960 ad
639 1932 749 1960 invicem
760 1939 878 1964 causam,
890 1930 1002 1962 confessi

219 1988 280 2012 sunt
297 1991 372 2011 suam
389 1981 639 2016 concupiscentiam.
665 1978 717 2014 Ipsi
742 1978 794 2005 sibi
808 1977 1000 2008 vaticinantur.

220 2029 423 2058 sciscitantibus
448 2025 660 2063 cogitationibus
685 2024 838 2052 reddituros
863 2030 925 2051 esse
945 2022 1001 2049 Deo

218 2076 352 2103 rationem
368 2073 378 2089 ⁸
392 2080 440 2108 pro
452 2071 578 2100 omnibus
599 2078 659 2105 quae
675 2068 856 2104 peccaverint,
869 2067 1001 2102 quemad-

220 2121 331 2148 modum
349 2118 478 2146 Salomon
490 2117 543 2144 ait:
559 2115 712 2143 Sciscitatio
731 2113 795 2149 (seu
803 2114 1003 2148 examen)per-

220 2168 264 2194 det
282 2166 377 2200 impios
395 2165 417 2191 ⁸.
434 2164 587 2199 Capiuntur
599 2162 670 2189 enim
687 2161 714 2188 hi
731 2160 923 2188 sciscitatione.

258 2213 287 2240 V.
310 2199 358 2239 i5:
374 2211 445 2238 Dum
460 2209 624 2236 observarent
635 2207 704 2234 diem
713 2210 814 2241 aptum.
826 2205 912 2239 Quem
921 2211 1003 2239 porro
1019 2199 1040 2226 Β

221 2259 274 2286 nisi
290 2258 361 2285 diem
377 2256 498 2287 Paschaz,
524 2262 571 2289 per
584 2261 663 2288 quem
678 2252 816 2279 lavacrum
836 2252 864 2278 in
882 2250 1004 2286 pomario

220 2304 398 2332 aestuantibus
422 2307 546 2337 paratur,
570 2305 597 2327 et
618 2299 743 2326 Susanna
770 2299 879 2331 lavans,
902 2297 1003 2324 munda

222 2351 277 2378 Deo
289 2358 389 2385 sponsa
402 2349 523 2377 sistitur?

257 2397 324 2424 Cum
337 2396 439 2423 duabus
450 2396 513 2422 satis
527 2394 632 2429 puellis.
657 2392 771 2426 Quando
793 2391 864 2419 enim
885 2390 1005 2418 Ecclesia

221 2451 256 2471 ex
273 2450 350 2470 more
362 2441 436 2476 cupit
457 2441 593 2468 lavacrum
607 2439 755 2474 suscipere,
772 2439 840 2465 duas
853 2437 1006 2464 necessario

221 2489 336 2517 ancillas
357 2487 470 2514 comites
489 2486 579 2512 habet.
602 2484 706 2512 Etenim
730 2484 849 2511 Ecclesia
863 2491 909 2518 per
925 2483 1005 2510 iidem

222 2536 249 2562 in
263 2534 405 2561 Christum
420 2537 447 2560 et
455 2539 503 2567 per
516 2531 675 2559 charitatem
690 2531 717 2557 in
730 2530 815 2557 Deum
827 2528 949 2557 confessa
962 2536 1006 2555 re-

223 2581 290 2615 cipit
304 2580 455 2607 lavacrum.

263 2667 298 2695 V'.
322 2668 370 2695 18:
402 2667 525 2703 Dixitque
550 2668 660 2702 puellis:
688 2667 786 2702 Af/‘erte
813 2666 877 2693 mihi
910 2664 1006 2691 oleum.

224 2715 342 2744 Proinde
353 2715 418 2742 ﬁdes
433 2720 459 2742 ct
473 2715 601 2748 charitas,
611 2714 700 2742 oleum
713 2717 739 2739 et
753 2716 901 2747 smegmata
913 2711 1007 2738 lavan-

228 2763 301 2790 tibus
317 2765 421 2796 parant.
442 2760 572 2794 Quaenam
587 2767 654 2787 vero
669 2764 834 2795 smegmata,
854 2759 907 2786 nisi
927 2758 1008 2786 Verbi

202 2842 215 2860 ν’
257 2838 273 2871 9
286 2838 344 2866 Gal.
359 2846 389 2873 ιι,
405 2838 430 2866 4.
469 2839 480 2855 ⁵
500 2838 579 2866 llam.
602 2836 697 2871 ",15.
735 2838 746 2851 ι’
760 2835 842 2863 Prov.
859 2842 887 2869 ι,
902 2834 945 2862 52.

1084 1558 1161 1591 Εἶδος
1169 1557 1315 1594 ἁμαρτίας,
1328 1556 1359 1583 τὸ
1372 1557 1462 1591 ζητεῖν
1475 1554 1618 1591 προσέχειν
1630 1552 1770 1588 γυναιξίν.

1085 1651 1140 1680 Καὶ
1149 1650 1326 1683 ἐξελθόντες
1332 1648 1375 1675 διε
1378 1647 1571 1683 χωρίσθησαν
1576 1643 1626 1671 ἀπ’
1635 1641 1798 1677 ἀλλήλοιν.
1808 1641 1844 1666 Τὸ

1050 1697 1106 1730 οὖν,
1130 1696 1370 1732 διεχωρίσθησαν
1381 1693 1432 1721 ἀπ’
1441 1691 1584 1724 ἀλλήλων
1596 1688 1635 1724 τῇ
1644 1688 1707 1722 ὥρᾳ
1718 1686 1776 1714 τοῦ
1782 1687 1844 1720 ἀρί-

1050 1753 1138 1778 στου,
1151 1743 1230 1770 τοῦτο
1242 1740 1368 1777 σημαίνει
1377 1748 1384 1754 ·
1397 1738 1439 1765 ὅτι
1454 1737 1483 1764 ὲν
1503 1737 1551 1772 μὲν
1564 1736 1621 1766 τοῖς
1633 1733 1767 1769 βρώμασι
1790 1733 1843 1761 τοῖς

1051 1789 1183 1825 ἐπιγείοις
1194 1788 1219 1815 οι
1242 1784 1364 1814 Ἰουδαῖοι
1378 1783 1433 1811 τῶν
1444 1782 1529 1810 ἐθνῶν
1544 1781 1575 1808 οὐ
1584 1778 1782 1816 συμφωνοῦσιν
1794 1787 1801 1792 ·
1817 1779 1844 1803 ἐν

1050 1836 1078 1862 δὲ
1097 1823 1156 1867 ταῖς
1167 1832 1294 1869 θεωρίαις
1308 1831 1356 1858 καὶ
1372 1829 1452 1856 παντὶ
1464 1826 1587 1863 κοσμικῷ
1604 1825 1765 1862 πράγματι,
1783 1823 1843 1849 τού-

1050 1890 1108 1913 τοις
1123 1880 1312 1916 συνερχόμενοι
1324 1875 1505 1905 κοινωνοῦσιν.
1587 1881 1590 1883 λ

1087 1926 1141 1954 Καὶ
1155 1915 1346 1956 ἀφλετάζοντες
1355 1921 1512 1955 ἀλλήλους
1527 1918 1585 1953 τὴν
1601 1917 1717 1948 αίτίαν,
1731 1915 1845 1950 ὠμολί-

1053 1979 1152 2009 γησαν
1167 1971 1225 2006 τὴν
1238 1968 1407 2004 ἐπιθυμίαν.
1418 1966 1500 1993 Δὺτοὶ
1521 1964 1628 1995 ἑαυτοῖς
1655 1961 1845 1997 προφητεύον-

1052 2006 1107 2050 calt,
1122 2017 1161 2049 ὡς
1175 2016 1350 2052 μελλήσουσιν
1363 2013 1415 2040 ὑπὸ
1425 2010 1562 2047 λογισμῶν
1582 2007 1744 2043 ὲταζόμενοι
1768 2006 1845 2040 λόγον

1053 2063 1144 2091 δοῦναι
1158 2061 1198 2097 τῷ
1209 2060 1269 2096 Θεῷ
1294 2060 1365 2095 ὑπὲρ
1380 2058 1471 2093 πάσης
1493 2054 1628 2092 ἁμαρτίας
1651 2052 1687 2090 ἧς
1709 2053 1844 2088 ἔπραξαν.

1053 2110 1091 2141 ὼς
1105 2107 1230 2144 Σολομὼν
1243 2106 1316 2141 λέγει
1328 2114 1335 2121 ·
1350 2102 1493 2138 Ἐτασμὸς
1506 2102 1541 2129 δὲ
1547 2100 1666 2133 ἀσεϐεῖς
1677 2099 1755 2126 ὀλεῖ.
1778 2098 1846 2124 Ἀλί-

1057 2163 1165 2182 σκονται
1179 2153 1233 2190 γὰρ
1245 2149 1317 2179 οὗτοι
1328 2150 1380 2178 ὑπὸ
1395 2149 1523 2180 ὲτάσεως.

1096 2202 1143 2228 Ἐν
1176 2199 1217 2232 τῷ
1236 2196 1415 2233 παρατηρεῖν
1440 2194 1550 2227 αὐτοὺς
1571 2193 1685 2228 ἡμέραν
1709 2192 1843 2218 εὗθετον.

1056 2249 1138 2277 Ποίαν
1154 2247 1272 2278 εὔθετον,
1286 2243 1367 2278 ἀλλ’ἢ
1383 2243 1432 2279 τὴν
1446 2241 1492 2268 τοῦ
1508 2240 1613 2275 Πάσχα,
1626 2235 1722 2275 ὲνῇτὸ
1734 2237 1846 2271 λουτρὶν

1057 2299 1086 2324 ὲν
1100 2294 1255 2331 παραδείσῳ
1270 2293 1327 2323 τοῖς
1348 2289 1501 2325 καιομένοις
1511 2285 1680 2321 ἑτοιμάζεται
1692 2304 1700 2315 ,
1719 2284 1771 2310 καὶ
1792 2283 1846 2308 ἓν

1059 2329 1349 2373 σάννανάπολουομένη,
1360 2334 1468 2370 καθαρὰ
1477 2333 1569 2368 νύμφη
1586 2330 1646 2365 Θεῷ
1658 2329 1828 2365 παρίσταται
1839 2337 1845 2356 ;

1092 2387 1174 2414 Μετὰ
1195 2386 1248 2412 δύο
1260 2384 1357 2419 μόνον
1374 2380 1533 2414 κορασίων.
1562 2377 1659 2404 Ἡνίκσ.
1686 2375 1744 2410 γὰρ
1762 2375 1796 2401 ἂν
1818 2375 1847 2400 τὺ

1057 2433 1128 2461 κατὰ
1144 2431 1256 2468 σύνηθες
1268 2429 1387 2464 ἐπιθυμῇ
1400 2426 1509 2462 λουτρὸν
1524 2423 1615 2450 λαϐεῖν
1634 2423 1651 2458 ἡ
1684 2420 1844 2454 Ἐκκλησία,

1057 2480 1086 2514 ἐξ
1103 2478 1224 2513 ἀνάγκης
1236 2476 1323 2512 ταύτῃ
1335 2474 1381 2501 δύο
1401 2471 1545 2502 παιδίσκας
1563 2470 1602 2496 δεῖ
1619 2467 1842 2503 παρακολουθείψ

1058 2526 1101 2553 διὰ
1113 2525 1166 2560 γὰρ
1176 2524 1225 2559 τῆς
1236 2523 1354 2552 πίστεως
1364 2520 1404 2551 είς
1415 2517 1542 2554 Χριστὸν,
1551 2516 1598 2542 καὶ
1613 2515 1660 2541 διὰ
1673 2514 1725 2549 τῆς
1736 2514 1842 2547 ἀγάπης

1058 2572 1107 2606 τῆς
1120 2558 1190 2606 πρὸς
1199 2558 1245 2596 τὸν
1257 2568 1324 2595 Θεὸν
1332 2565 1465 2602 λαμϐάνει
1476 2563 1507 2589 τὸ
1516 2561 1627 2597 λουτρὸν
1646 2559 1813 2596 ὁμολογοῦσα
1826 2558 1841 2593 ἡ

1065 2617 1220 2652 Ἐκκλησία.

1095 2651 1239 2692 Καὶγεῖπε
1265 2661 1330 2694 τοῖς
1355 2659 1524 2694 κορασίοις·
1556 2654 1714 2689 Ἐνέγκατε
1740 2651 1777 2685 δή
1794 2659 1841 2686 μοι

1059 2713 1171 2738 ἔλαιον.
1194 2710 1238 2742 Ὠς
1251 2709 1340 2740 πίστις
1353 2707 1397 2733 καὶ
1408 2705 1501 2739 ἀγάπη
1516 2703 1546 2729 τὸ
1556 2702 1645 2728 ἔλαιον
1666 2701 1715 2728 καὶ
1731 2699 1766 2726 τὰ
1777 2699 1842 2734 σμή-

1061 2767 1153 2795 γματα
1168 2758 1223 2788 τοῖς
1239 2755 1392 2791 λουομένοις
1412 2750 1592 2787 ἑτοιμάζουσι.
1618 2748 1686 2775 Τίνα
1707 2747 1735 2773 δὲ
1759 2743 1790 2781 ἧν
1811 2744 1843 2770 τὰ
