1860 3051
6 96 56 126 G93

595 92 807 121 FRAGMENTA
826 91 860 119 1N
879 93 1059 121 DANIELEM.

1581 92 1641 120 θοι.

6 158 182 193 σμήγματα,
195 157 250 184 ἀλλ’
263 157 280 192 ἢ
294 156 341 183 τοῦ
358 156 434 190 ἁγίου
447 155 534 190 Λόγου
546 154 667 187 ἐντολαί;
691 154 717 180 τί
733 154 760 181 δὲ
773 153 791 180 τί

883 155 1003 182 andata?
1018 154 1154 189 quodnam
1168 157 1258 181 autem
1269 153 1369 186 oleum,
1381 152 1435 181 nisi
1445 152 1532 180 virtus
1546 151 1632 186 Spiri-

5 205 108 236 ελαιον,
134 203 199 230 ἀλλ’
221 203 238 238 ἢ
262 202 316 237 ’τοῦΔ
329 202 408 236 ἁγίου
430 201 585 236 Πνεύματος
607 200 735 235 δύναμις;
758 197 802 230 αἷς

2 249 77 286 μετὰ
98 249 135 276 τὸ
157 249 271 285 λουτρὸν
289 248 327 280 ὡς
345 248 431 283 μύρου
452 247 570 282 χρίονται
585 247 609 272 οἱ
621 246 800 277 πιστεύοντες.

0 296 39 322 Τα
46 295 100 321 ὖτα
114 294 211 322 πάντα
222 293 378 320 διετυποῦτο
389 292 432 319 διὰ
442 293 493 327 τῆς
507 291 644 328 μακαρίας
660 291 801 326 Σωσάννης

0 341 30 367 δι’
48 341 146 375 ἡμᾶς·
163 340 210 367 ἴνα
220 339 369 375 νῦνήμεῖς,
381 339 406 365 οἱ
417 338 456 374 τῷ
473 337 533 372 Θεῷ
556 337 736 369 πιστεύοντες,
763 337 801 372 μὴ

1 387 37 418 ὡς
57 386 125 419 ξένα
140 386 181 413 τὰ
193 385 241 413 νῦν
254 385 385 421 γενόμενα
395 385 423 411 ὲν
437 385 471 420 τῇ
489 383 635 419 Ἐκκλησία
651 385 800 418 νοήσωμεν,

3 433 57 458 ἀλλ’
76 433 94 467 ἢ
113 432 212 459 πάντα
231 431 318 458 ταῦτα
339 430 384 457 διὰ
406 429 460 456 τῶν
481 429 654 464 πατριαρχῶν
673 437 802 464 προτετυ-

4 486 46 504 πω
53 477 127 512 μένα
143 476 348 511 πιστεύσωμεν,
363 475 433 502 καθὰ
444 475 491 502 καὶ
503 475 518 502 ὁ
540 473 697 506 ’Δπόστολος
712 473 799 508 λέγει·

9 524 107 552 Ταῦτα
121 523 162 550 δὲ
177 523 309 556 τυπικῶς
327 522 504 550 συνέϐαινεν
526 521 665 554 ἐκεινοις·
689 519 801 556 ἐτράφη

7 569 38 596 δὲ
57 569 140 603 πρὸς
161 568 329 596 νουθεσίαν
350 567 451 603 ἡμῶν,
465 568 508 600 εις
523 566 577 601 οὓς
597 566 634 594 τὰ
653 566 724 601 τέλη
742 565 802 593 τῶν

6 613 123 640 αἰώνων
140 614 349 648 κατήντησαν.

38 659 96 687 Καὶ
114 659 256 694 ἐξῆλθον
268 660 342 688 κατὰ
353 660 406 694 τὰς
418 660 546 696 πλαγίας
568 659 669 694 θύρας.
689 659 802 695 Προμη-

7 704 133 738 νῦουσαι,
153 706 198 732 ὅτι
211 706 225 732 ὁ
239 705 399 742 βουλόμενος
411 705 458 733 τοῦ
470 707 499 733 ὲν
510 705 549 742 τῷ
564 705 720 741 παραδείσῳ
737 704 801 732 ὓδα-

6 758 50 781 τος
67 750 252 786 μπαλαόεῖν,
268 751 452 784 ἀποτάξασθαι
465 751 514 787 μὲν
525 751 626 786 ὀφείλει
641 752 674 786 τῇ
688 750 802 786 πλατείᾳ

9 795 94 831 θύραι
110 795 159 823 διὰ
173 795 202 823 δὲ
219 796 268 832 τῆς
284 797 381 832 στενῆς
394 797 442 823 καὶ
457 796 638 832 τεθλιμμένης
660 795 799 823 εἰσελθεῖν.

40 841 96 869 Καὶ
111 843 177 869 οὐκ
194 842 277 870 εἶδον
285 843 355 875 τοὺς
370 842 599 877 πρεσϐυτέρους.
623 843 727 877 ’Ὠσπερ
747 842 801 877 γὰρ

8 888 65 914 τότε
79 889 110 915 ὲν
122 887 169 924 τῷ
187 888 343 924 παραδείσῳ
366 888 518 925 συνεχρύὸη
534 890 548 916 ό
571 888 692 921 διάϐολος
710 889 739 915 ἐν
761 889 802 924 τῷ

8 932 77 967 ὄφει,
90 932 172 959 οὓτω
182 933 231 960 καὶ
249 933 295 959 νῦν
309 934 339 960 ὲν
355 935 412 965 τοῖς
435 934 630 970 πρεσϐυτέροις
646 933 800 970 ὲγκρυσεὶς,

10 979 56 1013 τὴν
66 979 174 1005 ἑαυτοῦ
188 979 361 1014 ὲνεκισσησεν
375 979 532 1015 ἐπιθυμίαν,
548 980 592 1007 ἵνα
606 979 685 1008 πάλιν
700 980 733 1006 ὲκ
743 979 802 1007 δευ-

10 1023 87 1058 τέρου
102 1023 257 1060 διαφθείρῃ
271 1024 320 1060 τὴν
337 1023 419 1051 Εὕαν.

48 1069 125 1097 Ἰδοὺ
149 1070 184 1097 al
202 1070 287 1103 θύραι
306 1069 359 1097 τοῦ
380 1070 561 1104 παραδείσου
573 1070 750 1099 κέκλεινται.
764 1068 800 1097 Ὦ

12 1115 182 1151 παρανόμων
190 1115 328 1150 ἀρχόντων
342 1116 390 1142 καὶ
403 1116 556 1152 διαϐολικῆς
564 1116 703 1152 ἐνεργείας
715 1125 800 1152 μεμε-

13 1161 161 1197 στωμένων
171 1169 179 1177 ο
193 1161 280 1188 ταῦτα
295 1162 359 1197 ὑμῖν
370 1162 513 1198 παρέδωκε
530 1162 667 1198 Μωῦσῆς;
688 1162 758 1190 οὕτω
772 1162 801 1189 δὲ

11 1207 54 1233 τὸν
74 1207 164 1242 νόμον
175 1207 407 1241 ἀναγινώσκοντες
418 1208 527 1244 ἑτέρους
539 1208 677 1235 διδάσκετε
687 1217 694 1241 ;
717 1208 745 1235 '0
756 1208 801 1235 λέ-

12 1263 65 1288 γων
83 1255 122 1290 μὴ
132 1254 271 1289 φονεύειν,
288 1254 368 1286 αὐτὸς
381 1254 518 1289 φονεύεις;
540 1254 568 1282 '0
583 1255 669 1290 λέγων
688 1255 724 1290 μὴ
740 1256 801 1282 ἐπι-

13 1299 116 1335 θυμεῖν,
132 1300 221 1332 αὐτὸς
233 1300 282 1335 τὴν
295 1301 412 1334 γυναῖκα
433 1299 480 1326 τοῦ
503 1299 616 1335 πλησίον
635 1299 801 1336 διαφθείρειν

13 1345 97 1377 θέλεις
108 1354 117 1379 ;

46 1393 101 1420 Kal
109 1391 294 1427 ὲνὲπιθυμίᾳ
305 1398 362 1419 σου
371 1391 508 1426 eam.“
518 1391 688 1425 ἁναπείθετε,
695 1391 799 1426 ἄνομοι,

16 1439 70 1473 σὼιρ
75 1447 139 1474 ρονα
153 1438 203 1465 καὶ
215 1438 342 1473 ἀκέραιον
356 1437 443 1473 ψυχὴν
452 1437 541 1472 λόγοις
550 1437 685 1472 ψευδέσιν,
697 1436 741 1464 ἴνα
751 1437 800 1471 τὴν

14 1485 113 1512 οἰκείαν
128 1484 281 1519 ἐπιθυμίαν
299 1484 415 1519 στήσητε
425 1492 432 1516 ;

46 1533 81 1558 El
93 1531 128 1558 δὲ
138 1530 198 1566 μὴ,
214 1529 517 1564 καταμαρτυρήσομέν
530 1536 598 1556 σου.
614 1529 716 1562 Ταῦτα,
725 1529 801 1564 ὑμῶν

15 1576 46 1602 τὰ
60 1577 105 1603 ἀπ’
116 1577 212 1612 ἀρχῆς
221 1576 292 1603 δεινὰ
303 1576 386 1612 τολμή
392 1584 473 1612 ματα,
489 1575 533 1602 διὰ
544 1575 591 1603 τὺν
606 1575 653 1602 ἀπ’
673 1575 760 1612 ἀρχῆς
773 1577 803 1602 ὲν

16 1622 74 1657 ὑμῖν
95 1622 314 1658 ὲμφωλεύσαντα
335 1621 444 1649 πλάνον.
457 1622 511 1649 Ἦν
540 1621 594 1657 γὰρ
623 1621 707 1653 ὅντως
734 1621 802 1657 μετὰ

16 1670 111 1703 ταύτης
122 1668 269 1700 νεανίσκος
281 1668 326 1695 ἀπ’
342 1668 463 1703 οὐρανῶν
477 1668 608 1703 ὑμέτερος
621 1667 670 1702 (1),
686 1667 716 1693 οὐ
734 1675 800 1702 συγ-

16 1713 155 1748 γινόμενος
168 1713 248 1748 αὑτῇ,
262 1712 329 1739 ἀλλὰ
345 1712 546 1748 συμμαρτυρῶν
561 1713 594 1745 τῇ
608 1707 730 1747 ἀληθείᾳ.

48 1800 102 1827 Kal
119 1799 328 1831 ἀνεστέναξεν
342 1799 496 1826 Σωσάννα.
510 1797 617 1826 Τούτων
627 1795 673 1825 οὖν
686 1797 740 1825 τῶν
756 1799 803 1834 ρη-

17 1846 104 1881 μᾶτων
122 1845 268 1873 ἀκούσασα
283 1846 299 1881 ἡ
320 1845 441 1881 μακαρία
457 1845 595 1876 Σωσάννα,
611 1843 745 1880 κατενύγη
753 1844 802 1879 τὴν

15 1892 140 1927 καρδίαν,
162 1892 213 1919 καὶ
237 1891 339 1927 ἐφραξε
355 1891 386 1918 τὸ
399 1891 484 1926 στόμα
497 1910 504 1923 ,
529 1890 566 1927 μὴ
586 1889 733 1925 βουλομένη
750 1890 802 1917 ὑπὸ

15 1938 117 1972 ἀνόμων
133 1938 331 1974 πρεσϐυτέρων
347 1939 498 1974 μιανθῆναι.
517 1940 594 1966 Ἔστι
605 1940 634 1966 δὲ
651 1941 697 1968 καὶ
719 1949 803 1968 κατα-

15 1982 141 2010 λαϐέσθαι
155 1983 264 2019 ἀληθῶς
277 1984 308 2010 τὸ
320 1984 426 2020 συμὸὰν
438 1985 484 2011 ἐπὶ
497 1986 529 2020 τῇ
553 1986 690 2022 Σωσάννῃ.
717 1986 803 2014 Τοῦτο

16 2028 64 2063 γὰρ
79 2029 126 2056 νῦν
144 2029 195 2056 καὶ
211 2029 258 2056 ἐπὶ
266 2030 299 2065 τῇ
325 2029 472 2066 Ἐκκλησία
493 2031 680 2067 πληρούμενον
700 2032 800 2068 εὕροις.

20 2073 109 2100 Ἡνίκα
121 2074 182 2109 γὰρ
196 2074 220 2100 oi
234 2074 280 2101 δύο
295 2075 354 2101 λαοὶ
367 2076 575 2111 συμφωνήσουσι
591 2077 742 2113 διαφθεῖραί
759 2086 801 2104 τι-

16 2128 58 2151 νας
68 2120 120 2147 τῶν
136 2119 236 2154 ἁγίων,
258 2121 479 2156 παρατηροῦνται
493 2121 601 2157 ἡμέραν
616 2121 734 2155 εὔθετον,
753 2123 801 2150 καὶ

813 1501 836 1531 C

855 206 897 229 lus
912 201 1016 229 sancti?
1029 202 1128 236 quibus
1136 205 1196 236 post
1210 201 1347 228 lavacrum
1357 206 1486 235 tanquam
1497 203 1636 234 unguento

853 247 945 275 ﬁdeles
956 252 1154 284 perunguntur.
1169 248 1270 276 Cuncta
1282 248 1338 274 inec
1353 255 1400 282 per
1409 247 1516 274 beatam
1528 245 1634 274 Susan-

853 301 916 321 nam
930 295 1017 322 nostri
1040 302 1123 322 causa
1143 293 1346 329 ﬁgurabantur:
1371 300 1405 320 ne
1422 293 1504 320 modo
1518 292 1633 324 scilicet,

852 340 898 374 qui
913 339 969 367 Deo
982 340 1131 373 credimus,
1144 347 1176 367 ea
1190 347 1250 374 qua:
1271 338 1513 374 impraesentiarum
1537 338 1565 364 in
1583 336 1636 364 Ec-

853 386 935 413 clesia
947 385 1025 418 ﬁunt,
1044 389 1173 420 tanquam
1193 392 1261 413 nova
1282 393 1315 412 ac
1335 384 1477 420 peregrina
1494 382 1635 411 existimo.

853 439 930 463 mus;
945 431 993 459 sed
1007 435 1105 459 cuncta
1119 431 1176 458 haec
1191 431 1254 458 olim
1268 438 1316 466 per
1329 429 1499 465 patriarchas
1520 428 1634 464 ﬁgurata

853 476 1014 509 credamus,
1049 476 1280 512 quemadmodum
1299 476 1380 503 etiam
1407 474 1554 510 Apestolus
1579 474 1633 500 ait:

856 521 921 549 Hau
935 521 1118 558 contingebant
1132 521 1187 549 illis
1200 521 1227 548 in
1238 521 1330 556 ﬁguris
1338 529 1348 554 ;
1362 521 1461 555 scripta
1469 525 1558 547 autem
1573 524 1634 546 sunt

854 567 889 594 ad
905 572 1024 595 nostram
1038 567 1256 600 exhortationem,
1267 567 1295 594 in
1303 575 1368 602 quos
1379 567 1443 601 ﬁnes
1454 565 1545 593 seculi
1559 565 1636 591 ἄειρε-ο

852 619 946 642 nerunt
964 613 985 640 '.

889 659 923 688 γ.
939 660 986 688 18ε
1008 660 1043 687 Et
1057 659 1177 688 exierunt
1197 667 1244 695 per
1256 659 1397 694 posticum.
1418 657 1521 693 Nempe
1541 658 1635 693 praesi-

853 711 979 742 gnantes,
996 707 1042 742 qui
1062 707 1126 734 velit
1140 706 1167 734 in
1178 706 1302 742 pomario
1322 713 1392 741 aqua
1410 705 1523 740 intingi,
1537 705 1636 732 debere

854 751 981 778 nuntium
992 751 1132 779 remittere
1148 756 1232 786 portae
1252 751 1351 785 latae“,
1369 755 1396 778 et
1417 758 1466 785 per
1485 755 1587 778 arctam
1608 753 1636 777 et

852 802 1054 833 coangustatam
1072 797 1187 832 ingredi.

887 843 923 871 Et
945 852 998 871 non
1017 844 1138 872 viderunt
1162 843 1286 871 seniores.
1307 841 1540 876 Quemadmodum
1562 841 1636 869 enim

852 895 918 917 tunc
930 890 957 917 in
970 889 1094 925 pomario
1108 889 1268 925 (paradiso)
1285 888 1392 916 delituit
1402 887 1526 915 diabolus
1539 887 1565 914 in
1579 895 1637 915 ser-

851 939 932 972 pente
944 936 970 969 ⁹;
983 936 1024 963 sic
1039 943 1112 963 nunc
1125 942 1235 970 quoque
1248 935 1275 962 in
1289 934 1442 963 senioribus
1456 934 1575 965 latitans.
1585 942 1636 962 sua

851 982 914 1010 illos
929 981 1150 1017 concupiscentia
1165 980 1299 1014 accendit,
1315 984 1344 1008 ut
1362 986 1458 1008 rursus
1473 979 1562 1008 denuo
1575 987 1637 1007 eor-

851 1032 959 1062 rumpat
976 1027 1069 1055 Evam.

886 1072 919 1100 V.
938 1072 987 1100 19:
1006 1072 1074 1100 Ecce
1087 1073 1156 1100 ostia
1170 1072 1283 1106 pomarii
1295 1072 1386 1099 clausa
1397 1075 1468 1100 sunt.
1484 1071 1507 1099 0
1522 1072 1637 1100 scelera-

850 1123 894 1146 tos
906 1118 1012 1153 iudices
1034 1117 1182 1152 plenOsque
1202 1117 1337 1145 diabolico
1362 1117 1472 1144 alllatu!
1490 1115 1560 1144 Num
1577 1117 1636 1143 hac

851 1163 929 1191 vobis
943 1162 1055 1191 tradidit
1074 1162 1199 1198 Moyses?
1215 1162 1296 1190 Sicne
1321 1162 1440 1197 legentes
1462 1162 1548 1197 legem
1566 1161 1636 1189 alios

852 1209 974 1237 docetis?
990 1208 1042 1242 Qui
1054 1208 1186 1244 praedicas
1201 1215 1255 1236 non
1276 1207 1430 1236 faciendum
1446 1207 1634 1239 homicidium,

851 1255 1028 1284 homicidium
1043 1254 1130 1282 facis?
1144 1254 1196 1288 Qui
1212 1255 1281 1282 dicis
1300 1262 1354 1282 non
1377 1253 1639 1289 concupiscendum,

851 1300 909 1335 ipse
919 1307 1031 1328 uxorem
1044 1300 1161 1336 proximi
1177 1307 1350 1335 corrumpere
1362 1299 1459 1335 cupis!

845 1370 848 1375 .
886 1345 922 1372 Et
938 1346 966 1373 in
979 1345 1187 1380 concupiscentia
1204 1346 1357 1373 tui'sumus.
1375 1345 1488 1381 thuid,
1515 1345 1635 1379 scelesti,

851 1395 954 1419 castam
966 1391 1084 1418 animam
1100 1395 1182 1426 atque
1190 1391 1340 1426 simplicem
1351 1391 1441 1419 verbis
1451 1391 1635 1419 mendacibus

850 1443 867 1464 ι
882 1435 981 1464 mentis
1003 1435 1137 1464 sententia
1157 1436 1292 1470 avocatis,
1306 1440 1337 1463 ut
1355 1436 1494 1465 libidinem
1515 1441 1634 1464 vestram

852 1482 995 1510 statuatis?

889 1526 921 1554 Υ.
940 1527 988 1554 21ί
1006 1526 1082 1560 Quod
1096 1527 1119 1554 si
1131 1526 1257 1560 nolueris,
1270 1527 1386 1555 dicemus
1403 1532 1495 1555 contra
1516 1533 1540 1555 te
1558 1529 1634 1555 testi-

854 1573 980 1600 monium.
999 1571 1060 1600 Haec
1074 1577 1162 1600 vestra
1176 1573 1209 1600 ab
1220 1572 1297 1600 initio
1311 1573 1438 1608 proiectae
1457 1574 1554 1601 mentis
1567 1581 1634 1601 ausa

854 1618 996 1654 improba,
1020 1619 1172 1646 seductoris
1194 1618 1279 1654 gratia
1303 1619 1350 1654 qui
1363 1619 1390 1646 in
1403 1619 1482 1647 vobis
1503 1620 1537 1646 ab
1556 1620 1634 1647 initio

853 1665 982 1692 latitaret.
998 1663 1062 1691 Erat
1073 1671 1191 1699 namque
1205 1672 1268 1692 vere
1287 1672 1349 1692 cum
1368 1672 1400 1692 ea
1416 1669 1504 1693 vester
1520 1673 1535 1693 e
1557 1666 1635 1693 cmlis

851 1710 969 1745 juvenis,
993 1718 1047 1738 non
1058 1710 1104 1745 qui
1121 1718 1183 1738 cum
1199 1711 1245 1738 illa
1259 1711 1491 1745 commisceretur,
1515 1711 1562 1739 sed
1585 1712 1633 1746 qui

852 1757 932 1784 testis
944 1755 1013 1784 foret
1025 1756 1143 1784 veritati.

891 1800 920 1827 V.
935 1801 986 1828 22:
1005 1801 1040 1828 Et
1054 1803 1179 1837 ingemuit
1200 1801 1331 1829 Susanna.
1354 1796 1405 1830 His}
1425 1803 1516 1838 itaque
1543 1803 1633 1831 verbis

852 1847 961 1879 auditis.
975 1848 1052 1876 beata
1078 1849 1204 1876 Susanna
1217 1848 1320 1876 doloris
1332 1849 1454 1876 aculeum
1467 1850 1559 1876 animo
1571 1857 1633 1877 sen-

852 1893 897 1925 sit,
921 1901 1007 1929 osque
1029 1894 1175 1927 obturavit,
1189 1902 1250 1930 quae
1272 1895 1355 1922 nollet
1378 1895 1631 1923 scelestissimorum

852 1940 988 1967 seniorum
1003 1939 1100 1974 injuria
1112 1940 1295 1975 constuprari.
1312 1940 1386 1968 Licet
1399 1947 1464 1968 vero
1475 1941 1555 1968 etiam
1569 1949 1633 1968 vere

852 1985 1008 2020 intelligere,
1022 1985 1095 2020 quod
1115 1986 1143 2013 in
1174 1985 1298 2013 Susanna
1330 1985 1450 2021 contigit.
1477 1985 1534 2013 Hoc
1558 1986 1631 2014 enim

851 2039 924 2059 nunc
950 2039 1057 2066 quoque
1081 2032 1109 2059 in
1128 2024 1251 2059 Ecclesia
1279 2031 1384 2066 impleri
1407 2032 1538 2060 invenias.
1563 2032 1631 2060 Cum

851 2078 923 2104 cnim
942 2077 996 2104 duo
1011 2078 1100 2112 populi
1117 2077 1316 2110 consenserint,
1333 2082 1362 2105 ut
1376 2078 1508 2113 quosdam
1528 2079 1561 2106 de
1579 2078 1632 2107 Ec-

851 2122 931 2150 clesia
945 2122 1070 2157 perdant,
1084 2121 1154 2150 diem
1169 2126 1261 2156 aptum
1276 2122 1437 2153 observant;
1461 2121 1632 2157 ingressique

16 2164 182 2197 εἰσελθόντες
194 2166 234 2197 είς
250 2165 295 2192 τὸν
310 2163 383 2192 οἷκον
398 2166 445 2193 τοῦ
466 2167 550 2199 Θεοῦ,
576 2169 791 2204 προσευχομένου

891 2170 1001 2195 domum
1016 2168 1074 2201 Dei,
1088 2169 1193 2196 cunctis
1205 2169 1240 2196 ibi
1260 2169 1402 2196 orantibus
1419 2169 1557 2203 Deumque
1569 2169 1631 2196 lau-

17 2210 67 2236 ὲκεῖ
78 2211 192 2238 πάντων
207 2212 254 2238 καὶ
267 2211 312 2238 τὸν
328 2212 394 2239 Θεδν
409 2213 564 2248 ὑμνούντων
575 2233 582 2246 ,
609 2214 799 2249 ὲπιλαῦόμενοι

15 2256 115 2285 annosi
125 2267 207 2290 τινας
217 2259 264 2285 καὶ
277 2259 418 2295 κρατοῦσι,
432 2259 557 2294 λέγοντες
567 2269 574 2276 ·
597 2261 684 2289 Δεῦτε
694 2282 702 2294 ,
723 2270 798 2297 συγ-

17 2303 179 2331 κατάθεσΟε
191 2303 274 2338 ἡμῖν,
286 2305 414 2338 καὶτοὺς
422 2306 508 2340 θεοὺς
518 2307 709 2341 θρησκεύετε·
727 2309 752 2334 εί
764 2307 799 2334 δὲ

15 2347 62 2382 μὴ.
83 2349 393 2385 καταμαρτυρήσομεν
404 2351 496 2386 ὑμῶν.
509 2353 578 2384 Τοὺς
595 2353 623 2379 δὲ
645 2353 682 2389 μὴ
704 2353 797 2388 βουλο-

18 2393 116 2426 μένους,
133 2394 319 2430 προσάγουσιν
330 2396 427 2429 αὐτοὺς
439 2397 506 2433 πρὸς
515 2397 549 2424 τὰ
557 2397 666 2433 βήματα
673 2400 720 2426 καὶ
731 2408 797 2426 κατ-

15 2440 169 2474 ηγοροῦσιν,
183 2441 221 2472 ὡς
233 2441 341 2468 ἐναντία
354 2441 401 2468 τοῦ
417 2442 551 2478 δόγματος
564 2444 703 2480 Καίσαρος
711 2445 797 2481 πράτ-

16 2491 113 2518 τοντας,
134 2487 182 2512 καὶ
197 2487 388 2522 κατακρίνουσι
401 2487 516 2524 θανάτῳ.

46 2529 140 2557 Στενὰ
151 2539 202 2565 μοι
221 2530 376 2559 πάντοθεν.
393 2532 475 2560 Ἴδετε
489 2535 596 2570 ῥήματα
607 2536 796 2572 σωφρονούσης

17 2575 150 2607 γυναικὸς,
167 2576 214 2602 καὶ
229 2575 288 2611 Θεῷ
303 2577 502 2614 μεμελημένης.
520 2580 612 2606 Στενά
629 2589 694 2614 μοι,
718 2582 795 2616 φησὶ,

18 2618 160 2648 πάντοθεν
169 2628 177 2635 ·
187 2621 204 2655 ἡ
217 2620 271 2656 γὰρ
292 2622 439 2658 Ἐκκλησία
451 2624 481 2649 οὐ
500 2623 578 2658 μόνον
590 2625 642 2651 ὑπὸ
663 2626 796 2653 Ἰουδαίων

17 2662 130 2691 θλίϐεται
145 2665 193 2691 καὶ
207 2668 421 2702 στενοχωρεῖται,
434 2668 501 2695 ἀλλὰ
515 2669 561 2695 καὶ
571 2669 623 2696 ὑπὸ
638 2670 732 2703 ὲθνῶν,
748 2673 796 2699 καὶ

46 2734 55 2749 '
73 2735 160 2764 lCor.
179 2737 265 2770 1,“.
304 2738 315 2754 ⁸
329 2737 422 2767 Matth.
440 2748 487 2771 vn,
506 2741 547 2774 15,
564 2740 604 2769 Η.
643 2743 653 2760 ⁹
666 2742 732 2770 Gen.
749 2751 790 2777 ιιι,
812 2743 837 2771 1.

850 2214 986 2248 dantibus,
998 2214 1183 2249 apprehensos
1199 2215 1331 2249 quosdam
1350 2216 1471 2248 trahunt,
1483 2219 1630 2249 tenentque

850 2260 986 2288 dicentes:
1006 2259 1105 2292 Venite,
1115 2260 1233 2295 idemque
1247 2261 1297 2294 ipsi
1310 2269 1341 2287 ac
1356 2268 1402 2287 nos
1418 2261 1521 2293 sentite,
1534 2268 1566 2286 ac
1576 2260 1629 2287 diis

849 2306 950 2333 cultum
959 2306 1087 2334 adhibete.
1100 2305 1176 2338 Quod
1186 2306 1210 2333 si
1228 2307 1376 2339 nolueritis,
1391 2306 1567 2333 testimonium
1580 2306 1631 2332 ad-

849 2361 950 2380 versum
967 2361 1010 2380 vos
1032 2353 1158 2380 dicemus.
1173 2352 1228 2380 Eos
1243 2358 1334 2380 autem
1354 2352 1401 2387 qui
1423 2352 1574 2384 noluerint,
1594 2352 1630 2379 ad

849 2398 994 2425 tribunalia
1017 2398 1172 2431 adducunt,
1195 2403 1221 2425 et
1245 2404 1373 2426 accusant
1391 2398 1463 2425 velut
1480 2398 1527 2434 qui
1548 2403 1631 2433 agant

849 2448 943 2471 contra
957 2444 1093 2472 decretum
1105 2443 1231 2477 Caesaris,
1247 2452 1279 2472 ac
1295 2450 1381 2472 morte
1394 2452 1442 2472 eos
1457 2445 1596 2472 damnant.

881 2535 1019 2570 Angustiw
1031 2539 1092 2561 sunt
1106 2535 1169 2562 mihi
1190 2534 1311 2570 undique.
1332 2534 1424 2562 Videte
1444 2535 1526 2562 verba
1546 2539 1631 2562 casta:

847 2581 979 2614 mulieris,
993 2588 1025 2608 ac
1046 2581 1124 2615 cujus
1148 2580 1203 2608 Deo
1219 2588 1283 2608 cura
1297 2585 1348 2609 cst.
1362 2581 1507 2615 Augustine,
1525 2579 1629 2615 inquit,

847 2634 907 2653 sunt
921 2627 984 2653 mihi
1002 2626 1124 2660 undique.
1147 2625 1267 2654 Ecclesia
1287 2626 1359 2654 enim
1375 2626 1473 2654 nedum
1489 2633 1504 2653 a
1526 2623 1632 2654 {inditis

849 2673 975 2707 allligitur
991 2680 1023 2700 ac
1036 2673 1175 2707 angustias
1190 2674 1301 2708 patitur,
1313 2682 1406 2701 verum
1422 2674 1524 2702 etiam!
1542 2681 1575 2710 εδ
1600 2675 1627 2701 lf-

47 2812 82 2847 (l)
103 2815 271 2848 Νεανίσκος
286 2815 434 2851 ὑμέτερος.
457 2818 484 2845 ld
508 2822 548 2846 est
564 2818 670 2853 Daniel,
693 2821 789 2856 Spiritu

881 2823 959 2850 netia
979 2829 1108 2858 gratae-ns.
1123 2820 1238 2849 Const.
