1860 3051
661 93 688 120 S.
710 93 890 120 HIPPOLYT!
905 93 980 121 OI'P.
1001 93 1091 120 PARS
1107 93 1127 120 l.
1148 108 1182 113 —
1198 92 1402 120 EXEGETICA.

1793 90 1843 117 696

222 153 275 181 bus
287 161 294 186 ;
308 158 412 179 necnon
433 151 467 179 ab
480 151 514 179 iis
525 151 571 186 qui
584 151 732 179 Christiani
746 152 884 183 dicuntur,
897 159 947 179 nec
963 155 1006 178 ta-

1085 151 1112 177 τὺ
1129 151 1183 177 τῶν
1204 150 1355 186 λεγομένων
1378 151 1435 185 μὲν,
1459 150 1508 176 οὐκ
1521 149 1603 176 ὄντων
1615 148 1643 176 δὲ
1657 148 1839 184 Χριστιανῶν·

222 205 285 226 men
300 202 375 224 sunt.
388 196 453 230 Ejus
467 197 539 223 enim
555 196 713 231 pudicitiam
724 204 756 224 ac
765 196 921 224 felicitatem
934 196 1007 223 velut

222 247 392 275 contuentes,
408 249 582 276 corrumpere
597 249 658 270 eam
679 242 814 270 nituntur.

257 287 317 316 Sive
329 288 398 314 enim
410 287 457 313 hoc
470 295 556 321 egero,
579 295 649 314 mors
663 287 730 314 mihi
743 292 792 315 est.
806 287 862 315 Deo
875 288 947 314 enim
963 287 1005 314 inn

222 334 393 360 obedientem
410 339 481 365 esse,
504 340 536 360 ac
558 332 718 361 hominibus
736 333 862 366 obedire,
877 338 1005 360 aztcruam

220 385 333 406 mortem
353 385 385 406 ac
400 378 565 413 supplicium
580 379 662 413 parit.

256 422 286 450 Si
300 429 388 450 autem
404 431 456 450 non
470 432 561 458 egero,
581 433 633 451 non
644 424 770 460 e/fugiam
787 432 880 451 manus
895 429 1004 452 vestras.

220 467 278 496 Hoc
294 476 403 504 quoque
418 477 480 497 vere
494 470 573 498 dixit.
595 470 648 503 Qui
663 470 737 497 enim
757 470 928 498 adducuntur
943 478 1006 506 pro-

219 519 280 549 pter
299 522 397 542 nomen
415 515 474 548 Dei,
493 515 628 551 siquidem
650 515 767 543 fecerint
786 516 857 551 quod
876 516 1007 551 iubentur

219 559 254 586 ab
278 559 451 594 hominibus,
469 560 524 587 Deo
546 561 719 594 moriuntur,
743 569 776 589 ac
796 561 824 588 in
844 562 948 589 mundo
964 561 1005 588 vi-

218 609 302 638 vunt;
317 605 341 633 si
356 610 445 632 autem
462 613 516 633 non
531 607 636 642 egerint
649 607 722 642 quod
738 607 777 634 illi
792 607 937 642 imperant,
950 614 1005 634 non

219 649 352 686 clfugiunt
375 651 509 686 judicium
535 659 644 686 manus,
667 660 683 679 a
706 653 808 688 quibus
828 653 896 687 ipsis
919 656 1006 680 morte

219 689 396 724 damnantur.

255 740 289 768 V.
305 742 340 768 23
357 751 363 769 :
385 742 481 769 Melius
495 747 533 769 est
552 743 617 770 mihi
632 743 690 770 sine
707 751 793 778 opere.
811 743 870 771 Hoc
888 751 1005 779 namque

218 788 404 822 prastantius,
423 789 458 815 ab
481 789 582 823 iniquis
598 789 757 816 hominibus
781 790 867 822 mori,
890 795 920 817 nt
940 798 1003 817 cum

218 821 275 860 beo
295 832 402 866 vivant;
423 841 505 868 quam
523 821 577 861 illis
592 835 788 862 consentiendo
802 835 879 862 etab
895 836 935 863 eis
956 843 1001 863 so-
1020 821 1040 850 Β

217 878 307 911 lotos,
319 878 439 906 incidere
453 879 482 906 in
498 887 597 907 manus
610 879 669 907 Dei.

253 965 285 993 V.
298 966 335 994 24
350 976 356 994 :
375 966 410 993 Et
423 966 546 995 clamavit
558 975 616 994 voce
627 975 737 1003 ntagua.
755 968 795 996 Ad
809 976 905 1003 quem,
920 976 1001 1004 rogo,

217 1013 345 1041 clamavit
368 1013 504 1046 Susanna,
526 1015 578 1040 nisi
600 1014 633 1041 ad
654 1013 1002 1049 Deum?quemadmodum

217 1060 256 1087 ait
268 1059 351 1087 lsaias
365 1069 371 1087 :
396 1060 468 1087 Tunc
486 1060 625 1092 clamabis.
638 1064 662 1087 el
678 1060 749 1087 Deus
764 1061 887 1089 exaudiet
899 1066 940 1094 to;
953 1062 1002 1089 ad-

217 1106 267 1132 huc
278 1106 397 1141 loquente
407 1111 431 1132 te
440 1107 529 1133 dicet:
547 1106 614 1133 Ecce
640 1106 733 1134 adsum
747 1107 779 1134 ¹⁰.

254 1151 440 1179 Clamaverunt
459 1157 484 1179 et
503 1153 555 1179 duo
574 1153 687 1180 seniores
707 1157 800 1180 contra
820 1161 888 1181 eam.
913 1154 1001 1189 Iniqui

217 1198 290 1224 enim
313 1202 340 1225 et
363 1198 479 1232 improbi
503 1206 558 1225 non
585 1203 696 1226 cessant
712 1200 832 1227 clamare
855 1200 1002 1228 adversum

217 1251 278 1276 nos,
298 1248 326 1271 et
346 1244 458 1272 dicere:
477 1244 550 1271 Tolle
570 1253 584 1271 ε
602 1249 683 1279 terra,
703 1247 748 1281 qui
771 1245 843 1273 talest
860 1247 932 1279 sint;
948 1253 1001 1274 twn

215 1292 284 1316 enim
295 1290 366 1317 decet
377 1299 419 1318 eos
431 1291 526 1318 vivere.

249 1336 411 1372 Evangelico
438 1345 520 1364 sensu
546 1337 672 1364 Susanna
695 1338 860 1371 contempsit
884 1345 932 1365 eos
952 1337 1001 1372 qui

214 1383 342 1410 occidunt
366 1391 465 1418 corpus
479 1384 511 1416 ”,
538 1388 568 1411 ut
593 1385 712 1411 salvarct
736 1384 856 1411 animam
883 1392 961 1413 suam
985 1391 1000 1410 a

214 1434 312 1457 morte.
337 1429 404 1457 Nam
416 1435 558 1465 peccatum
572 1438 646 1457 mors
655 1430 762 1457 anima:
775 1435 832 1463 est;
848 1430 999 1465 praesertim

213 1479 304 1502 autem
320 1475 447 1503 mazchia.
464 1475 533 1508 Quia
549 1475 621 1502 enim
634 1475 726 1502 anima
738 1475 848 1503 Christo
859 1476 998 1510 copulata,
1013 1496 1035 1525 ο

213 1521 380 1548 discessione
399 1528 414 1547 a
436 1520 487 1548 ﬁde
503 1521 530 1547 in
552 1529 696 1556 perennem
721 1521 838 1548 traditur
863 1527 996 1554 mortem,

212 1574 322 1601 pmnam
337 1566 441 1594 scilicet
454 1572 600 1599 maternam;
616 1567 650 1594 ad
662 1567 723 1600 ejus
738 1566 776 1593 rei
790 1566 881 1599 ﬁdem,
897 1567 998 1594 violato

212 1620 321 1647 quoque
338 1613 520 1647 corporalium
542 1613 700 1647 nuptiarum
725 1612 828 1641 laedere
848 1615 999 1648 perversis-

212 1664 266 1692 que
282 1657 420 1691 thalamis,
437 1658 479 1685 lex
495 1666 604 1693 poenam
620 1659 716 1686 mortis
732 1659 840 1687 indixit.

249 1743 280 1770 V.
299 1744 334 1771 25
348 1753 355 1770 :
370 1744 404 1771 Et
419 1746 536 1772 cucurrit
551 1753 629 1777 unus,
648 1751 673 1773 et
685 1746 786 1780 aperuit
807 1747 885 1774 ostia.
897 1745 999 1781 Nempe

212 1789 295 1816 latam
321 1794 348 1817 ct
368 1791 516 1824 spaliosam
541 1791 688 1819 ostendens
711 1792 793 1824 viam,
816 1800 899 1827 quam
922 1793 999 1820 ince-

212 1835 312 1868 dendo,
329 1836 375 1870 qui
390 1836 444 1864 illis
460 1844 564 1864 morem
580 1842 688 1873 gerunt,
702 1842 826 1873 pereunt.

250 1880 282 1908 V.
295 1881 330 1908 50
351 1891 357 1907 :
374 1881 461 1908 Porro
483 1881 609 1910 Susanna
629 1889 686 1910 erat
704 1884 820 1911 delicata
836 1885 920 1912 valde.
937 1884 997 1913 Non

211 1923 286 1958 quod
299 1925 469 1953 meretricios
487 1925 564 1954 fucos
578 1927 687 1962 corpori
707 1928 854 1963 adspersos
874 1930 996 1964 haberet,

213 1968 252 1996 uti
280 1969 395 1997 habebat
415 1970 533 2004 Jezabel,
561 1977 607 1999 aut
626 1973 721 2000 oculos
744 1974 827 2002 variis
853 1975 997 2009 pigmentis

211 2020 378 2047 cerussaquc
393 2021 425 2041 ac
443 2014 528 2041 minio
550 2015 664 2048 oblitos;
683 2016 730 2044 sed
746 2018 808 2045 lidei
821 2022 849 2045 et
862 2019 996 2046 castitatis

211 2065 244 2084 ac
259 2058 447 2086 sanctimoniae
459 2059 557 2086 decore
571 2061 698 2093 pollebat.

248 2103 280 2131 V.
295 2104 329 2131 54
343 2113 350 2131 ε
364 2104 398 2131 Et
413 2110 555 2139 posuerunt
576 2115 670 2135 manus
689 2117 766 2142 super
779 2116 857 2145 caput
874 2111 941 2146 ejus.
961 2111 996 2139 Ut

210 2149 253 2176 vel
267 2149 327 2184 ejus
340 2155 478 2183 contactu,
495 2151 634 2178 libidinem
650 2160 728 2180 suam
744 2156 918 2184 exsatiarent.

247 2238 280 2266 γ.
295 2239 330 2267 55
344 2249 351 2267 :
367 2240 402 2268 At
423 2241 474 2268 illa
497 2242 587 2275 ﬂebat.
613 2241 754 2278 Lacrymis
770 2246 843 2272 enim
860 2251 887 2274 ct
899 2247 963 2275 ﬂetu
982 2256 998 2276 e

211 2284 289 2312 uelis
303 2284 420 2312 Verbum
432 2286 549 2319 excibat,
567 2287 638 2321 quod
657 2288 784 2324 lacrymis
800 2291 997 2321 suscitaturum

211 2333 272 2355 erat
287 2336 425 2357 mortuum
447 2330 582 2358 Lazarum
597 2332 626 2358 η.

247 2374 281 2401 ν.
298 2375 331 2402 41
346 2385 353 2404 :
373 2376 408 2403 Et
422 2378 535 2404 credidit
545 2379 582 2405 eis
601 2379 753 2408 multitudo.
768 2381 863 2416 Opera:
880 2384 996 2418 pretium

211 2419 294 2454 igitur
304 2426 357 2454 est,
371 2426 402 2449 ut
411 2423 439 2449 in
452 2423 604 2451 omnilirrni
617 2427 735 2460 negotio,
746 2427 922 2457 mendacibus
938 2431 996 2457 ani-

212 2476 287 2496 mum
303 2476 357 2495 non
371 2469 561 2504 attendamus;
581 2479 630 2499 nec
643 2472 854 2508 facilcjudicum
871 2477 995 2510 personis

211 2519 240 2541 ut
262 2514 450 2550 obsequamur
466 2516 563 2544 adduci
584 2526 640 2546 non
655 2519 788 2554 sinamus,
807 2522 853 2556 qui
869 2530 918 2550 nos
941 2523 994 2551 Deo

209 2560 345 2588 rationem
366 2561 521 2590 reddituros
539 2571 599 2592 esse
610 2572 664 2592 non
681 2567 835 2594 nesciamus
857 2577 863 2595 :
885 2568 932 2596 sed
951 2577 993 2597 se-

211 2605 310 2632 clando
331 2606 482 2639 veritatem,
498 2614 655 2637 accuratam
671 2610 732 2639 lidei
748 2613 882 2641 rationem
904 2614 994 2649 inqui-

212 2651 305 2683 rendo,
321 2650 375 2679 Deo
390 2654 491 2688 accepti
505 2655 617 2683 erimus.

249 2695 282 2743 Υ.
299 2697 334 2724 Διί
347 2706 354 2724 :
367 2697 403 2724 Et
415 2700 547 2727 exaudivit
560 2701 631 2728 Deus
651 2711 737 2730 vocem
755 2706 821 2739 ejus.
836 2706 998 2743 Quicunque

212 2742 282 2769 enim
307 2742 435 2772 invocant
456 2753 518 2773 eum
541 2753 574 2774 ex
602 2749 685 2776 corde
709 2757 787 2785 puro,
814 2752 864 2780 hos
886 2754 998 2781 exaudit

248 2798 270 2814 "
284 2797 336 2828 lsa.
354 2809 391 2834 ιι,
407 2803 433 2831 9.
472 2804 492 2820 “
511 2803 606 2833 Matth.
629 2815 656 2841 Χ,
669 2807 713 2836 28.
756 2810 776 2825 ¹²
793 2809 870 2839 Juan.
894 2820 931 2848 xi,
949 2812 993 2841 55.

1056 195 1137 222 οἱονεὶ
1157 196 1188 222 τὸ
1212 195 1320 231 σῶφρον
1345 195 1391 221 καὶ
1418 194 1534 225 εὐπαθὲς
1553 194 1655 228 ταύτης
1681 194 1840 228 ἐνορῶντες,

1058 241 1177 277 φθείρειν
1189 241 1290 276 ταύτην
1305 241 1449 276 βιάζονται.

1089 284 1156 314 Ἐάν
1178 295 1210 313 τε
1229 287 1284 321 γὰρ
1301 287 1388 313 τοῦτο
1409 285 1520 320 πράξω,
1534 285 1662 317 θάνατός
1676 284 1730 319 μοι
1746 284 1838 311 ἐστιν.

1057 331 1094 358 Τὸ
1112 332 1167 367 γὰρ
1189 331 1360 367 παρακοῦσαι
1384 330 1467 364 Θεοῦ,
1488 330 1535 357 καὶ
1557 329 1714 357 ὑπακοῦσαι
1738 329 1839 365 ἀνθρώ-

1056 386 1127 409 ποις,
1145 377 1258 404 θάνατον
1273 377 1320 404 καὶ
1330 377 1438 404 κόλασιν
1452 375 1558 403 αἰώνιον
1571 375 1728 411 ἐργάζεται.

1096 422 1168 450 Ἐὰν
1179 422 1213 449 δὲ
1221 422 1264 457 μή
1272 421 1383 456 πράξω,
1394 423 1449 449 οὐκ
1465 421 1666 456 ἐκφευξοῦμαι
1674 421 1731 452 τὰς
1743 419 1840 454 κεῷας

1055 468 1146 503 ὑμῶν.
1161 468 1215 494 Καὶ
1228 467 1307 495 τοῦτο
1320 467 1416 502 ἀληθὲς
1431 466 1550 502 εἴρηκεν.
1559 467 1590 492 Ol
1603 466 1658 501 γὰρ
1666 466 1839 501 προσαγόμε-

1055 522 1096 540 νοι
1109 513 1200 540 ἓνεκεν
1210 513 1257 540 τοῦ
1270 514 1399 548 ὀνόματος
1406 512 1451 539 τοῦ
1467 511 1546 544 Θεοῦ,
1562 512 1610 538 ἐὰν
1617 512 1667 547 μὲν
1676 512 1802 547 πράξωσι
1812 512 1840 538 τὸ

1055 561 1102 587 ὑπ’
1119 559 1267 595 ἀνθρώπων
1287 559 1472 590 κελευόμενον,
1487 558 1689 593 ἀποθνήσκουσι
1705 558 1746 592 τῷ
1765 557 1836 592 Θεῷ·

1055 606 1166 641 ζήσουσι
1181 606 1208 632 δὲ
1219 607 1247 632 ἐν
1261 606 1366 641 κόσμῳ·
1389 605 1436 632 ἐὰν
1451 606 1479 632 δὲ
1494 605 1531 641 μὴ
1538 605 1663 640 πράξωσι
1678 605 1712 631 τδ
1726 605 1780 631 ὑπὸ
1795 606 1839 631 ἁν-

1055 651 1171 686 ορώπων
1185 651 1369 686 κελευόμενον,
1382 652 1432 678 οὑκ
1445 651 1606 686 ἐκφεύγουσι
1615 651 1666 682 τὰς
1677 653 1776 687 χεῖρας
1789 653 1837 678 τῶν

1054 696 1197 728 δικαστῶν,
1214 697 1259 723 ὑπ’
1276 697 1364 723 αὐτῶν
1381 697 1491 723 ἐκείνων
1505 697 1745 732 κατακρινόμενοι.

1090 742 1215 775 ΑΙρετόν
1224 742 1277 777 μοι
1290 742 1356 769 ἐστι
1369 742 1413 776 μὴ
1427 741 1597 776 πράξασαν.
1615 742 1705 769 Τοῦτο
1718 743 1775 778 γὰρ
1788 743 1839 769 δια-

1055 788 1220 824 φορώτερον,
1245 788 1389 815 ἀποθανεῖν
1406 788 1457 815 ὑπὸ
1479 788 1630 824 ἀνθρώπων
1655 789 1780 819 ἀδίκων,
1800 789 1838 815 ἶνα

1054 833 1130 870 παρὰ
1144 833 1203 868 Θεῷ
1218 833 1352 869 ζήσωσιν·
1368 834 1384 869 ἢ
1400 834 1577 869 συνθεμένους
1589 834 1694 865 αὐτοῖς,
1712 834 1762 860 καὶ
1778 835 1838 860 ἁπι-

1054 879 1181 910 λυθέντας
1205 880 1250 906 ὑπ’
1269 878 1368 911 αὐτῶν,
1392 880 1520 914 ἐμπεσεῖν
1540 880 1580 911 εἰς
1602 878 1654 911 τὰς
1683 880 1779 914 χεῖρας
1797 878 1838 904 τοῦ

1055 924 1132 952 Θεοῦ.

1087 971 1142 998 Kal
1157 969 1302 1004 ἀνεϐόησε
1312 969 1396 1005 φωνῇ
1404 970 1532 1005 μεγάλῃ.
1546 970 1618 1006 Πρὸς
1633 969 1697 996 τίνα
1714 967 1763 997 οὖν
1780 970 1837 996 ἀνε-

1053 1017 1149 1052 ϐόησεν
1176 1017 1192 1052 ἡ
1211 1017 1349 1048 Σωσᾶννα,
1366 1017 1423 1044 ἀλλ’
1441 1016 1458 1052 ἦ
1476 1017 1544 1052 πρὸς
1560 1015 1644 1049 Θεόν;
1668 1017 1708 1048 ὡς
1731 1017 1838 1046 Ἡσαΐας

1053 1062 1142 1097 λέγει·
1168 1065 1238 1091 Τότε
1257 1063 1395 1097 ﬂoridam,
1420 1064 1470 1091 καί
1494 1066 1510 1091 ό
1533 1063 1606 1096 Θεὸς
1629 1064 1838 1090 εὶσακοὺσεταί

1052 1116 1120 1136 amr
1132 1110 1177 1137 ἔτι
1191 1109 1361 1142 λαλοῦντός
1371 1117 1440 1139 σου,
1452 1109 1529 1144 ἐρεῖ·
1551 1109 1624 1137 Ἰδοὺ
1639 1109 1775 1144 πάρειμι.

1094 1155 1271 1189 Ἀνεΰόησαν
1288 1156 1338 1182 καὶ
1353 1157 1379 1183 οί
1393 1156 1448 1182 δύο
1468 1156 1664 1190 πρεσϐύτεροι
1684 1156 1838 1182 κατέναντι

1051 1200 1156 1235 αὐτῆς.
1182 1201 1214 1227 0i
1238 1201 1292 1236 γὰρ
1315 1201 1409 1237 ἄνομοι
1430 1201 1461 1228 οὐ
1482 1201 1614 1228 παύονται
1636 1201 1759 1236 βοῶπες
1785 1201 1837 1227 καθ’

1051 1247 1141 1283 ἡμῶν,
1166 1247 1213 1274 καὶ
1232 1247 1369 1281 λέγοντες·
1384 1245 1454 1282 Alpe
1469 1247 1504 1274 ἐκ
1522 1247 1576 1280 τῆς
1589 1247 1647 1282 γῆς
1660 1247 1735 1280 τσὺς
1748 1248 1836 1274 τοιού-

1052 1301 1133 1326 τους,
1147 1294 1183 1319 οὺ
1197 1291 1398 1328 γὰρκαθῆκον
1411 1293 1521 1326 αὐτοὺς
1537 1293 1599 1327 ζῇν.

1087 1338 1279 1372 Εὑαγγελικῶς
1289 1339 1305 1373 ἡ
1315 1338 1442 1365 Σωσάννα
1450 1338 1635 1374 κατεφρόνησε
1646 1337 1703 1364 τῶν
1717 1339 1838 1364 ἀποκτει-

1051 1384 1150 1411 νόντων
1163 1384 1194 1411 τὸ
1208 1383 1297 1419 σῶμα,
1314 1384 1357 1410 ἵνα
1375 1383 1449 1420 σώσῃ
1465 1383 1513 1420 τὴν
1527 1383 1615 1419 ψυχὴν
1632 1384 1739 1419 ὲαυτῆς
1758 1385 1791 1410 ὲκ
1801 1383 1837 1409 θι-

1051 1429 1141 1456 νάτου.
1158 1429 1277 1460 Θάνατος
1292 1429 1320 1456 δὲ
1334 1429 1434 1465 ψυχῆς,
1457 1430 1473 1466 ἡ
1491 1429 1627 1465 ἁμαρτία,
1646 1430 1799 1465 ἐξαιρέτως

1051 1476 1067 1511 ή
1091 1475 1204 1511 μοιχεία.
1237 1476 1344 1512 Ἐπειδὴ
1367 1477 1421 1512 γὰρ
1443 1477 1460 1512 ἡ
1484 1475 1650 1510 συναφθεῖσα
1671 1476 1712 1511 τῷ
1734 1477 1836 1512 Χριστῴ

1050 1518 1134 1555 ψυχὴ,
1155 1520 1296 1547 ἀποστᾶσα
1310 1521 1359 1556 τῆς
1376 1520 1493 1552 πίστεως
1508 1521 1547 1552 είς
1563 1520 1609 1547 τὸν
1625 1521 1741 1556 διηνεκῆ
1755 1530 1835 1556 παρα-

1051 1563 1189 1598 πέμπεται.
1206 1565 1329 1598 θάνατον,
1341 1566 1390 1602 τὴν
1402 1566 1509 1593 αἰώνιον
1526 1566 1637 1593 κόλασιν
1647 1576 1654 1582 ·
1668 1567 1741 1602 πρὸς
1752 1567 1836 1593 niani

1050 1608 1155 1641 τούτου,
1174 1611 1221 1636 καὶ
1235 1611 1282 1636 ἐπὶ
1296 1610 1351 1637 τῶν
1373 1612 1537 1646 σωματικῶν
1551 1611 1648 1647 γάμων
1669 1612 1836 1647 παραλυομέ-

1051 1661 1103 1681 νων
1117 1656 1164 1682 καὶ
1178 1655 1400 1692 διορυττομένων,
1415 1656 1528 1684 θάνατον
1541 1657 1641 1694 ὥρισεν
1656 1658 1670 1683 ὁ
1683 1658 1770 1693 νόμος
1785 1659 1835 1684 ἐπι-

1050 1699 1150 1735 τίμιον.

1086 1746 1140 1772 Kal
1160 1745 1278 1780 δραμὼν·
1294 1747 1310 1773 ὁ
1325 1743 1380 1780 εἷς,
1396 1746 1500 1781 ἤνοιξε
1514 1747 1567 1780 τὰς
1581 1747 1682 1781 θύρας.
1699 1747 1759 1782 Τὴν
1775 1747 1834 1772 πλα-

1050 1795 1125 1820 τεῖαν
1141 1793 1188 1819 καὶ
1202 1791 1356 1828 εὐρύχωρον
1368 1793 1427 1819 ὁδὸν
1441 1793 1627 1826 ἐπιδεικνύων,
1644 1793 1678 1820 δι’
1693 1791 1730 1829 ἧς
1743 1794 1771 1820 οἱ
1783 1794 1835 1820 τοῦ·

1051 1848 1108 1871 τοις
1123 1838 1279 1874 πειθόμενοι
1294 1838 1468 1865 ἀπόλλυνται.

1091 1885 1122 1911 Ἠ
1139 1883 1173 1911 δὲ
1186 1883 1332 1911 Σωσάννα
1344 1882 1383 1920 ἦν
1400 1884 1529 1918 τρυφερὰ
1538 1883 1666 1919 σφόδρα.
1683 1885 1723 1911 ω
1744 1885 1833 1914 κάλλος

1050 1931 1115 1966 περὶ
1132 1930 1211 1966 σῶμα
1227 1930 1364 1966 πορνικὸν,
1378 1930 1408 1957 ὃν
1422 1931 1522 1966 τρόπον
1536 1931 1691 1967 περιέκειτο
1700 1932 1735 1967 τῇ
1757 1931 1832 1962 Ἰεζὰ-

1051 1977 1108 2009 6ελ,
1125 1976 1185 2003 οὐδὲ
1201 1976 1261 2012 ὄψις
1277 1976 1409 2008 ποικίλοις
1424 1976 1551 2012 χρώμασι
1567 1977 1754 2011 πεφυκωμένη
1765 1985 1772 1990 ·
1783 1976 1832 2003 ἀλλ’

1050 2021 1108 2058 εἷχε
1130 2022 1228 2054 κάλλος
1251 2023 1369 2054 πίστεως
1391 2024 1437 2050 καὶ
1460 2023 1637 2059 σωφροσύνης
1665 2023 1715 2049 καὶ
1741 2024 1832 2057 ἁγιασ-

1051 2070 1102 2106 μοῠ
1107 2090 1113 2097 .

1087 2117 1228 2150 ’Ἐθηκανμ
1243 2116 1298 2149 τὰς
1320 2116 1421 2151 χεῖρας
1443 2116 1493 2143 ἐπὶ
1504 2116 1561 2151 τῆς
1581 2116 1720 2150 κεφαλῆς
1734 2116 1830 2150 αὐτῆς.

1012 2178 1034 2206 D
1051 2162 1109 2188 Ἵνα
1125 2162 1177 2189 κᾶν
1191 2163 1220 2189 ἐν
1239 2163 1277 2197 τῷ
1291 2162 1411 2197 ἅψασθαι
1426 2163 1521 2198 αὐτῆς,
1536 2162 1586 2198 τῆς
1602 2163 1674 2195 ιδίας
1691 2163 1831 2198 ἐπιθυμίας

1047 2207 1094 2234 τὸν
1111 2208 1192 2244 κόρον
1205 2208 1345 2234 τελέσωσι.

1090 2255 1120 2281 'H
1136 2254 1171 2281 δὲ
1182 2253 1222 2289 ἦν
1235 2255 1394 2282 κλαίουσα.
1410 2254 1459 2281 Διὰ
1473 2254 1527 2290 γὰρ
1542 2254 1596 2281 τῶν
1610 2254 1739 2290 δακρύων
1752 2255 1832 2289 ἐξεῦ-

1048 2309 1111 2328 κετο
1133 2301 1179 2327 τὸν
1193 2301 1241 2326 ἀπ’
1261 2300 1382 2335 οὐρανῶν
1401 2300 1498 2335 Λόγον,
1516 2301 1561 2327 τὸν
1577 2301 1710 2336 μέλλοντα
1732 2302 1776 2328 διὰ
1793 2302 1831 2328 51-

1049 2347 1139 2382 κρύων
1155 2345 1270 2381 ὲγείρειν
1285 2345 1330 2372 τὸν
1346 2345 1471 2381 Λάζαρον
1486 2345 1643 2381 τεθνηκότα.

1081 2393 1138 2420 Kal
1161 2392 1342 2420 ἐπίστευσεν
1364 2392 1466 2426 αὐτοῖς
1486 2393 1506 2426 ἡ
1528 2393 1700 2427 συναγωγή.
1722 2395 1769 2420 Δεῖ
1790 2391 1828 2420 οὖν

1047 2440 1121 2475 ἡμᾶς
1142 2440 1171 2466 ἐν
1187 2441 1269 2466 παντὶ
1290 2439 1432 2475 πράγματι
1451 2438 1574 2474 ἑδραίους
1597 2439 1778 2474 γενομένους,
1797 2439 1827 2473 μή

1045 2487 1101 2518 τοῖς
1123 2485 1247 2520 ψευδέσιν
1264 2485 1416 2521 προσέχειν,
1435 2485 1501 2520 μηδὲ
1520 2484 1679 2519 προσώποις
1698 2485 1826 2521 ἀρχόντων

1046 2532 1164 2563 εὐκόλως
1184 2531 1438 2568 συναρπαζομένους
1465 2531 1616 2562 πείθεσθαι,
1633 2531 1823 2566 γινώσκοντας,

1044 2577 1085 2603 ὅτι
1101 2576 1179 2610 λόγον
1201 2576 1298 2612 ἔχομεν
1321 2577 1412 2604 δοῦναι
1435 2577 1475 2612 τῷ
1494 2577 1567 2611 Θεῷ·
1584 2577 1702 2612 ἀλλὰντῇ
1722 2576 1824 2612 ἀληθείᾳ.

1047 2622 1223 2657 στοιχοῦντες,
1241 2623 1289 2649 καὶ
1305 2623 1336 2650 τὸ
1352 2623 1465 2659 ἀκριϐὲς
1476 2624 1526 2658 τῆς
1538 2623 1657 2654 πίστεως
1674 2623 1824 2660 ἐπιζητοῦν-

1044 2675 1100 2698 τες.
1114 2669 1255 2704 εὐάρεστοι
1269 2669 1387 2704 ἐσόμεθα
1400 2670 1438 2705 τῷ
1451 2669 1520 2704 Θεῷ.

1079 2714 1133 2740 Kal
1145 2714 1327 2747 εὶσιὶκουσεν
1341 2717 1357 2742 ό
1371 2715 1442 2748 Θεὸς
1450 2715 1505 2749 τῆς
1517 2715 1620 2750 φωνῆς
1628 2715 1736 2750 αὐτῆς.
1756 2716 1821 2742 Ὅσοι

1043 2758 1097 2794 γὰρ
1113 2760 1303 2787 ἐπικαλοῦνται
1319 2761 1400 2788 αὑτὸν
1426 2762 1458 2788 ἐκ
1472 2762 1596 2797 καθαρᾶς
1619 2763 1744 2798 καρδίας,
1768 2761 1821 2788 τηύα
