1860 3051
37 111 97 140 701

698 110 911 139 FRAGMENTA
932 110 1045 138 DUBIA.

1624 109 1678 138 702

34 171 121 207 ὑπὲρ
139 171 226 198 αὐτοῦ
252 171 453 208 προσεφέρετο,
471 171 555 208 ταύτῃ
575 173 622 198 καὶ
636 172 688 199 ὑπὸ
703 172 784 207 νόμον
800 173 828 206 γέ

909 180 982 207 egem
1007 179 1057 207 pro
1082 178 1114 199 eo
1139 169 1338 202 offerebantur,
1367 170 1418 197 hoc
1445 169 1526 204 modo
1548 170 1598 198 sub
1621 169 1680 204 lege

33 225 128 250 γονεν
139 225 145 231 ·
165 216 230 244 οὔτε
245 217 274 243 δὲ
287 218 300 243 ό
314 217 399 251 Λόγος
410 217 538 243 ὑπέκειτο
558 218 597 253 τῷ
611 218 685 253 νόμῳ
695 238 702 249 ,
720 218 843 254 καθάπερ

30 263 61 289 οἱ
85 262 267 296 συκοφάνται
279 262 444 296 δοξάζουσιν,
459 263 539 295 αὐτὸς
554 263 591 289 ὢν
606 264 619 290 ὁ
632 264 721 299 Νόμος
731 272 737 278 ·
754 263 815 290 οὔτε
829 265 843 291 ὁ

31 307 114 340 Θεὸς
135 308 224 335 ἐδεῖτο
240 308 367 344 θυμάτων
385 308 557 344 καθαρσίων,
572 309 659 346 ἀθρόᾳ
674 311 743 345 ῥοπῇ
761 309 844 336 καθα-

32 352 135 387 ρίζων
155 353 266 380 ᾶπαντα
280 354 328 380 καὶ
344 353 462 393 emam
473 363 480 369 '
497 354 555 382 ἀλλ’
569 356 593 381 εἰ
610 355 657 382 καὶ
669 355 702 382 ὲκ
714 355 763 390 τῆς
776 363 844 391 παρ-

32 398 126 426 θένου
158 400 191 426 τὸ
214 399 382 436 ἀνθρώπινον
402 400 517 436 ὄργανον
540 400 684 428 ἀναλαϐὼν
706 401 841 437 ἐφόρηπε,

31 445 88 470 καὶ
117 444 177 471 ὑπὸ
194 445 274 480 νόμον
291 445 415 480 ἐγένετο,
430 446 501 472 κατὰ
521 446 570 478 τὰς
583 446 637 473 τῶν
661 447 842 482 πρωτοτόκων

29 489 126 522 ἀξίας
144 490 324 525 καθαρισθεὶς
335 510 342 522 ,
357 491 406 518 οὐκ
421 492 501 523 αὐτὸς
522 491 648 527 δεόμενος
671 492 720 527 τῆς
739 492 840 518 τούτων

30 536 185 571 χορηγίας
198 536 315 571 ὑπέμενε
339 537 388 568 τὰς
408 537 556 573 θεραπείας
567 558 575 570 ,
595 537 652 564 ἀλλ’
669 538 712 564 ἵνα
729 538 777 573 τῆς
793 538 839 564 τοῦ

30 581 129 616 νόμου
144 581 269 613 δουλείας
282 581 436 618 ἐξαγοράσῃ
450 582 512 614 τοὺς
524 582 715 618 πεπραμένους
732 584 764 620 τῇ
778 583 839 619 δίκῃ

29 626 89 662 τῆς
108 627 198 662 ἀρᾶς.

363 674 442 701 ΚΕΦ.
463 674 528 702 ΚΓ¹⁴

76 718 261 746 Ἱππολύτου.
273 719 322 747 Διὰ
335 719 413 746 τοῦτο
428 721 547 757 πυλωροὶ
558 721 620 757 ᾆδον
635 721 734 752 ἰδόντες
746 721 836 755 αὐτὸν,

29 762 170 800 ἔπτηξαν
180 773 188 780 ’
205 765 251 791 καὶ
267 765 350 791 πύλαι
365 765 474 800 χαλκαῖ,
491 767 537 792 καὶ
551 766 645 802 μοχλοὶ
657 765 760 802 σιδηροῖ
773 775 836 792 συν-

28 809 198 845 ετρίϐησαν
208 817 216 825 °
234 810 290 837 ἰδοὺ
303 809 357 846 γὰρ
369 810 384 835 ό
398 810 554 846 Μονογενὴς
570 811 693 846 εἰσῆλθεν
709 811 747 843 ὡς
762 811 834 847 ψυχὴ

897 218 985 245 factus
1007 223 1068 245 est:
1086 224 1174 252 neque
1211 216 1284 244 enim
1305 215 1423 243 Verbum
1449 216 1601 251 subjectum
1620 219 1681 243 erat

894 263 966 298 legi,
991 264 1063 291 sicut
1085 264 1258 298 sycophanta:
1283 262 1458 295 existimant,
1481 270 1544 290 cum
1563 262 1622 297 ipse
1645 263 1681 289 sit

893 309 949 337 Lex
965 317 972 335 :
989 317 1078 345 neque
1099 308 1171 336 Deus
1195 309 1334 344 indigebat
1351 308 1450 336 hostiis
1472 308 1610 343 puriﬁcis,
1631 308 1679 344 qui

894 360 996 391 puncto
1012 355 1143 390 temporis
1156 355 1283 390 puriﬁcat
1296 355 1389 382 omnia
1402 358 1430 381 et
1442 353 1594 382 sanctiﬁcat
1607 362 1614 380 :
1631 355 1678 381 sed

892 402 944 429 etsi
952 410 986 429 ex
993 402 1096 437 virgine
1106 403 1256 428 humanum
1269 408 1402 436 organum
1416 400 1568 435 suscipiens
1579 400 1676 432 induit,

891 452 918 475 et
929 448 980 476 sub
997 447 1055 482 lege
1083 447 1172 475 factus
1193 447 1244 479 sit,
1271 446 1420 474 secundum
1433 446 1677 482 primogenitorum

892 493 1114 521 consuetudinem
1122 492 1292 528 purilicatus;
1302 499 1354 519 non
1365 492 1422 527 ipse
1429 497 1517 519 tamen
1540 491 1678 527 indigebat

890 540 1003 567 istarum
1015 539 1237 567 caeremoniarum
1250 542 1378 573 apparatu
1391 538 1452 570 ;sed
1463 537 1633 572 easpertulit,
1649 542 1678 564 ut

891 585 1048 613 aservitute
1064 584 1133 620 legis
1149 584 1294 612 redimeret
1306 583 1367 611 illos
1388 583 1435 618 qui
1457 583 1558 610 venditi
1569 582 1678 610 fuerant

888 631 951 666 jure
965 630 1174 658 maledictionis.

1171 674 1286 703 CAPUT
1307 674 1399 702 XXIII.

925 721 1255 758 Hippolyti.—Propterea
1267 721 1373 749 ostiarii
1390 720 1539 748 inferorum
1554 721 1676 750 videntes

887 776 950 797 eum
968 768 1168 796 intremuerunt
1180 775 1187 793 :
1201 772 1227 795 et
1242 771 1333 802 postes
1347 773 1434 799 aereae,
1448 770 1475 794 et
1491 765 1572 794 ferrei
1585 771 1677 795 vectes

887 813 1020 842 confracti
1035 818 1109 841 sunt.
1125 812 1197 841 Ecce
1209 815 1282 840 enim
1296 812 1459 848 Unigenitus
1476 812 1586 840 intravit
1596 813 1676 848 quasi

31 855 113 889 μετὰ
137 855 249 891 ψυχῶν,
271 855 336 888 Θεὸς
358 856 443 891 Λόγος
467 857 602 892 ἔμψυχοςο
624 858 654 884 τὸ
679 858 733 894 γὰρ
755 859 828 894 σῶμα

909 860 976 887 nima
993 859 1065 887 inter
1081 859 1188 887 animas
1201 879 1208 891 ,
1223 858 1295 886 Deus
1310 857 1429 886 Verbum
1444 858 1471 885 in
1487 858 1580 886 anima
1596 858 1676 886 habi-

29 900 133 927 ἒκειτο
149 902 181 928 ὲν
196 901 321 937 μνημείῳ
331 922 338 934 ,
350 901 409 937 οὐχὶ
422 902 539 929 κενωθὲν
553 903 602 938 τῆς
618 903 759 939 θεότητος,
777 905 833 932 ἀλλ’

29 946 139 982 ὥσπερ
156 948 187 974 ὲν
200 947 239 983 τῷ
250 947 301 984 ᾄδῃ
313 947 364 980 ὢν,
379 949 411 983 τῇ
426 948 504 984 οὐσίᾳ
518 947 552 985 ἦν
568 950 636 985 πρὸς
651 950 696 977 τὸν
712 951 831 987 Πατέρα,

30 991 129 1024 οὕτως
147 990 186 1028 ἦν
201 994 231 1019 ὲν
250 993 287 1028 τῷ
305 993 410 1029 σώματι
433 995 480 1021 καὶ
497 995 526 1021 ὲν
543 994 581 1030 τῷ
602 995 669 1032 ᾅδῃ·
693 996 834 1032 ἀχώρητος

30 1038 92 1073 γάρ
113 1038 176 1064 ἐστι
192 1038 240 1065 καὶ
253 1040 267 1065 ὁ
284 1039 347 1072 Υἱὸς
357 1059 364 1072 ,
382 1039 420 1071 ὡς
436 1040 450 1066 ὁ
467 1039 579 1076 Πατὴρ,
593 1040 640 1068 καὶ
656 1040 746 1068 πάντα
760 1049 835 1077 περι-

29 1081 94 1117 έχει
107 1091 114 1097 ·
132 1082 204 1110 ἀλλὰ
225 1083 309 1110 θέλων
330 1084 456 1120 ἐχωρήθη
473 1084 503 1111 ἐν
521 1085 627 1121 σώματι
644 1086 773 1122 ἐμψύχῳ,
790 1088 834 1115 ἵνα

31 1126 112 1162 μετὰ
130 1128 183 1163 τῆς
200 1128 268 1160 ιδίας
286 1128 372 1164 ψυχῆς
389 1129 508 1166 πορευθῇ
524 1131 563 1163 εἰς
577 1131 621 1157 τὸν
637 1131 713 1167 ᾅδην,
729 1132 776 1159 καὶ
795 1132 832 1168 μὴ

29 1174 131 1208 γυμνῇ
149 1175 183 1209 τῇ
199 1173 314 1210 θεότητι.

887 911 966 941 tans;
988 913 1050 933 nam
1074 913 1173 941 corpus
1200 905 1308 941 jacebat
1339 905 1366 932 in
1393 909 1590 936 monumento,
1619 912 1675 932 non

886 958 1002 979 vacuum
1026 950 1188 984 divinitatis,
1212 950 1259 978 sed
1277 950 1348 977 sicut
1363 950 1390 977 in
1408 949 1518 977 inferno
1536 949 1631 984 adest,
1648 955 1676 978 et

884 997 1101 1026 substantialiter
1118 996 1189 1032 apud
1204 995 1329 1029 Patrem,
1349 995 1389 1024 sic
1403 1000 1462 1023 erat
1478 996 1506 1023 in
1524 1003 1638 1031 corpore
1649 1001 1676 1023 et

881 1041 910 1069 in
927 1041 1052 1075 inferno,
1069 1049 1133 1069 nam
1159 1041 1305 1069 illoeabilis
1327 1046 1369 1069 est
1392 1040 1479 1069 Filius
1503 1041 1575 1069 sicut
1596 1041 1676 1068 Pater

880 1087 1027 1123 omniaque
1049 1087 1273 1122 comprehendit;
1290 1086 1350 1122 [sed
1374 1086 1463 1114 libens
1489 1087 1622 1114 habitavit
1647 1087 1674 1115 in

881 1140 997 1168 corpore
1025 1134 1145 1160 animam
1169 1133 1300 1167 habente,
1313 1133 1352 1168 {ut
1371 1139 1435 1160 cum
1455 1133 1564 1167 propria
1583 1133 1675 1161 anima

885 1179 1061 1206 descenderet
1079 1179 1105 1206 in
1125 1177 1232 1206 inferna
1245 1182 1274 1206 et
1287 1186 1342 1206 non
1359 1177 1431 1205 nuda
1449 1177 1602 1206 divinitate.

47 1251 1668 1266 ————-—_———._—_——_

415 1307 457 1336 ΙΝ
470 1307 638 1338 JOANNIS
654 1308 919 1340 EVANGELIUM
934 1309 986 1339 ET
1001 1308 1288 1340 APOCALYPSIN.

71 1367 255 1407 Hieronymus
277 1367 370 1407 laudat
392 1368 488 1407 Nostri
507 1369 624 1407 libellum
651 1369 884 1407 De_Apocalypsi;
900 1371 927 1397 in
948 1379 1095 1398 marmoreo
1114 1371 1242 1407 laterculo
1266 1371 1434 1403 nominatur.
1453 1370 1522 1407 ὑπὲρ
1538 1370 1584 1398 τοῦ
1602 1372 1672 1400 κατὰ

37 1404 175 1442 Euidqu
190 1403 356 1442 Ιξὺαγγξλίῳ
376 1403 424 1431 καὶ
447 1404 667 1442 ’ᾼποκαλόψεως
689 1403 828 1441 ΕὺὲάῙεειῖ

909 1407 1008 1433 'nostri
1028 1408 1128 1442 scripta
1149 1406 1228 1442 refert
1251 1406 1400 1441 apologiam
1415 1415 1462 1440 pro
1477 1403 1634 1442 Apocalypsi
1647 1413 1673 1434 et

32 1437 187 1476 Evangelia
194 1437 318 1476 Joannis.
331 1438 425 1474 Itaque
439 1440 541 1467 videtur
551 1437 711 1475 Hippolytus
722 1442 749 1468 in
757 1437 850 1468 eodem
862 1441 929 1468 libro
940 1441 1072 1473 docuisse,
1082 1437 1257 1476 Evangelium
1268 1437 1296 1468 et
1308 1437 1563 1476 Apocalypsinpqua:
1572 1437 1672 1469 Joanni

32 1474 162 1512 apostolo
177 1473 355 1512 ascribuntur.
369 1482 426 1501 tere
440 1476 472 1501 ab
487 1483 517 1502 eo
532 1473 683 1510 conscripta
704 1484 771 1504 esse.
792 1476 865 1503 Nam
883 1477 910 1512 in
929 1476 976 1503 illa
991 1473 1168 1511 disputavcrii
1180 1482 1272 1503 contra
1295 1473 1389 1512 Alogos
1410 1473 1443 1504 an
1459 1473 1550 1503 conlra
1565 1485 1607 1504 eos
1626 1479 1672 1512 qui

30 1509 194 1547 ᾕρηκε-νιος
210 1508 290 1535 libros
307 1509 464 1547 rejecerunt,
478 1508 639 1547 constituere
648 1519 700 1547 non
721 1512 859 1547 audemus,
876 1511 943 1538 Cum
959 1508 1135 1547 Hieronymus
1158 1508 1376 1538 commentarium
1398 1512 1426 1538 in
1442 1511 1620 1546 Apocalypsin
1632 1508 1671 1539 ἰώ

33 1543 347 1582 Hippolytoconfectum
365 1544 478 1572 laudare
491 1546 658 1582 videatutf,id
669 1547 737 1582 quod
750 1546 887 1581 Syncellus
904 1547 941 1582 (5)
952 1547 1030 1581 plane
1049 1543 1312 1581 afﬁrmanprwterea
1329 1555 1387 1573 cum
1398 1543 1489 1582 quan-ti
1502 1543 1672 1574 msir‘inaverit

31 1579 216 1617 Apocalypsin
234 1579 295 1606 inde
311 1585 441 1617 appareat
458 1581 526 1615 quod
548 1582 575 1607 in
601 1579 720 1609 libro'De
734 1579 987 1616 Anﬁtichl'istorieap.
1004 1582 1039 1609 ‘26
1057 1579 1082 1609 et
1096 1582 1141 1615 48)
1157 1587 1181 1608 et
1195 1582 1248 1615 ipse
1260 1579 1410 1615 conﬁtetur;
1425 1588 1449 1609 et
1464 1582 1581 1617 singulos
1600 1583 1671 1610 loco:

33 1622 106 1653 sepe
122 1615 202 1653 a/fert
217 1618 296 1648 atque
316 1615 457 1650 diligenter
477 1618 602 1650 exponit,
617 1625 706 1644 revera
729 1625 789 1644 eum
807 1616 881 1644 illius
902 1617 963 1645 libri
987 1618 1228 1652 interpretationem
1252 1618 1388 1652 scripsisse
1404 1625 1456 1644 non
1471 1615 1556 1652 inepte
1574 1618 1670 1653 aliquis

31 1650 190 1683 eonjecerit.

71 1717 113 1752 (5)
132 1717 281 1753 Chronoyr.
299 1726 326 1753 p.
340 1718 406 1747 558.

469 1899 957 1966 FRAGMENTA
1003 1900 1244 1966 DUBIA

538 2028 602 2072 IN
652 2027 1164 2072 PENTATEUCHUM.

35 2125 225 2158 (Pentateuclras
237 2124 355 2158 Ambitus
370 2131 495 2158 _ma_._cum
509 2125 692 2158 commentariis
704 2123 749 2158 ss:
762 2124 865 2158 Patrum
875 2121 1019 2158 [Huptling_.
1032 2129 1081 2158 ms:
1090 2122 1234 2158 BLlitteris
1247 2121 1353 2157 Syriacis
1366 2124 1393 2146 et
1402 2122 1471 2158 Bodl.
1489 2122 1531 2147 NE
1544 2128 1566 2158 οἵ
1576 2122 1615 2152 55,
1624 2122 1670 2158 Ilit-

64 2158 128 2182 teris
140 2156 247 2186 Syriacis
263 2155 466 2186 fol.j.—Arabice
477 2159 503 2179 et
519 2155 605 2179 Latine
618 2156 695 2187 edidit
708 2154 833 2179 Fabricius
847 2153 909 2185 Opp.
922 2153 1092 2187 Hippalytill,
1111 2153 1195 2187 δατ
1208 2153 1323 2187 Spurium
1337 2159 1392 2187 esse
1405 2153 1450 2187 hoc
1464 2154 1607 2187 opusculum
1617 2153 1669 2187 .jarn

64 2195 141 2212 nemo
153 2183 202 2212 non
220 2183 332 2218 agnoscit
343 2205 349 2216 ,
363 2190 388 2211 el
409 2187 467 2218 ideo
480 2187 545 2218 satis
564 2187 598 2211 sit
619 2186 730 2210 Latinam
746 2183 888 2210 versionem
903 2183 1034 2210 exhibere.
1047 2184 1110 2209 Vide
1126 2202 1133 2214 ,
1145 2183 1166 2208 si
1189 2183 1260 2208 Iubet
1271 2203 1278 2213 ,
1296 2185 1408 2208 notitiam
1428 2183 1459 2208 de
1472 2183 1529 2208 Vita
1539 2187 1561 2209 et
1571 2183 1669 2216 scripti:

66 2221 94 2243 S.
105 2215 248 2250 Hippolyti:
258 2225 333 2249 supra
340 2215 347 2248 ,
360 2218 407 2242 col.
420 2215 488 2248 545.)

759 2291 958 2320 PIUEFATIO.

69 2351 99 2378 ln
114 2351 226 2379 nomine
240 2351 329 2379 Patris
345 2355 372 2378 et
388 2350 449 2378 Filii
470 2354 498 2377 et
522 2349 639 2384 Spiritus
655 2351 760 2384 sancti,
777 2351 826 2379 Dei
840 2341 862 2370 δ
881 2348 1015 2383 probitate
1035 2345 1213 2380 conspicuus,
1241 2344 1421 2372 ratiocinandi
1443 2344 1571 2373 facultate
1591 2353 1670 2381 egre-

35 2397 131 2424 unius.
146 2396 204 2424 Hoc
216 2401 258 2424 est
272 2397 410 2431 exemplar
423 2396 490 2431 legis
502 2395 667 2424 excellentis.

73 2441 173 2470 Verum
190 2449 281 2478 opera!
296 2442 412 2477 pretium
424 2448 476 2474 est,
489 2441 647 2476 priusquam
663 2442 824 2476 incipiamus

35 2488 193 2516 describere
211 2488 349 2522 exemplar
364 2488 424 2516 libri
442 2489 526 2524 legis,
547 2492 578 2515 ut
591 2489 737 2516 doceamus
749 2493 790 2521 te,
807 2495 824 2516 ο

36 2534 132 2565 lrater.
146 2534 180 2562 de
193 2535 351 2562 excellentia
369 2534 428 2568 ejus
446 2539 474 2562 et
493 2534 622 2569 dignitate
637 2534 823 2569 dispositionis

35 2580 107 2613 ejus.
120 2578 214 2606 Prima
232 2579 293 2613 ejus
309 2580 469 2607 excellentia
491 2585 545 2613 est,
569 2579 642 2615 quod
665 2579 776 2607 tradidit
790 2580 823 2606 il-

36 2624 89 2650 lam
104 2623 178 2651 Deus
194 2631 244 2659 per
258 2631 371 2652 manum
386 2624 495 2652 Domini
517 2624 680 2657 beatissimi,
696 2625 826 2660 principis

36 2669 246 2704 prophetarum,
263 2675 289 2696 et
312 2670 392 2705 primi
414 2670 614 2705 apostolorum,
638 2670 695 2698 sive
714 2677 825 2702 eorum,

38 2715 83 2748 qni
102 2715 181 2743 missi
199 2720 263 2743 sunt
279 2716 312 2742 ad
331 2715 402 2743 ﬁlios
416 2715 535 2750 lsraelis,
552 2723 648 2751 nempe
667 2715 761 2748 Mosis,
777 2714 825 2742 ﬁlii

41 2762 151 2796 Amran,
165 2762 214 2790 ﬁlii
228 2761 343 2795 Cahath,
360 2770 375 2789 e
390 2761 452 2789 ﬁliis
466 2761 541 2790 Levi.

70 2807 129 2842 Ipse
148 2813 241 2836 autem
263 2808 408 2843 omnigena
432 2807 545 2834 scientia
569 2811 682 2835 ornatus
705 2807 774 2838 fuit,
798 2812 825 2834 et

38 2854 162 2887 praeditus
177 2856 281 2890 optima
304 2854 404 2888 indole;
424 2855 537 2884 illustris
554 2854 695 2890 dignitate,
715 2860 823 2882 morum

880 2395 952 2428 gius,
969 2391 1119 2419 collocutus
1135 2390 1186 2417 fuit
1202 2397 1264 2417 cum
1279 2389 1344 2418 Deo.
1361 2389 1501 2426 Elegitque
1518 2391 1594 2418 illum
1608 2396 1669 2419 tan-

881 2446 963 2473 quam
978 2439 1190 2465 instrumentum
1214 2437 1373 2470 pretiosum.
1397 2436 1448 2464 Per
1472 2437 1620 2472 principem
1643 2444 1670 2464 et

876 2485 1035 2520 prophetam
1054 2490 1134 2511 suum
1156 2482 1321 2511 descendere
1345 2482 1420 2517 fecit,
1442 2483 1574 2519 (tradidit)
1593 2483 1668 2511 illam

880 2530 989 2566 (legem)
1002 2529 1075 2557 Deus
1089 2528 1209 2563 optimus
1226 2530 1374 2561 maximus,
1390 2530 1556 2564 gloriﬁcetur
1568 2537 1667 2556 nomen

878 2578 949 2613 ejus,
966 2578 994 2605 in
1007 2578 1099 2612 lingua
1112 2577 1224 2614 Syriaca
1235 2577 1366 2612 Targum,
1377 2584 1460 2611 quam
1472 2576 1669 2604 transtulerunt

881 2624 1059 2660 Septuaginta
1068 2624 1095 2650 in
1105 2624 1226 2659 linguam
1240 2623 1392 2657 Hebrmam,
1401 2630 1498 2657 nempe
1509 2622 1536 2649 in
1548 2622 1668 2657 linguam

879 2669 974 2705 populi
990 2668 1059 2704 ejus.
1074 2673 1101 2696 et
1115 2668 1215 2697 idioma
1229 2669 1325 2704 plebis.

917 2714 1041 2749 Suscepit
1053 2715 1146 2749 itaque
1154 2715 1227 2742 illam
1237 2715 1326 2743 Moses
1338 2723 1354 2742 a
1366 2715 1482 2742 Domino
1493 2715 1666 2748 saeculorum,

879 2766 905 2788 et
920 2761 1024 2795 primus
1039 2760 1090 2788 fuit
1101 2760 1146 2788 cui
1161 2761 1317 2790 concredita
1334 2766 1375 2789 est
1385 2782 1392 2794 ,
1415 2761 1518 2796 quique
1535 2761 1608 2789 illius
1621 2769 1669 2789 ca-

879 2807 996 2834 nonibus
1012 2811 1039 2834 et
1053 2807 1155 2841 regulis
1168 2815 1272 2835 morem
1288 2807 1382 2842 gessit.
1404 2806 1506 2834 Deinde
1525 2807 1598 2834 illam
1616 2807 1666 2835 do-

879 2852 935 2880 cuit
955 2852 1024 2881 ﬁlios
1045 2852 1162 2888 lsraelis,
1184 2853 1230 2888 qui
1251 2858 1278 2881 et
1301 2853 1372 2880 illam
1397 2853 1513 2888 amplexi
1538 2859 1610 2882 sunt.
1633 2851 1668 2880 Et
