1860 3051
203 97 256 126 705

647 91 676 118 S.
694 87 873 117 HlPPOLYTl
893 85 966 114 OPP.
985 83 1074 111 PARS
1090 83 1111 110 l.
1128 98 1162 103 —
1181 79 1382 109 EXEGETICA.

1779 73 1827 100 705

202 157 333 194 explicuit
347 157 388 184 eis
405 155 538 191 profunda
561 153 621 188 ejus
643 151 771 187 mysteria
793 154 819 177 et
840 148 989 176 obscurita-
1003 148 1026 175 A
1077 143 1254 178 Tradiditque
1281 141 1356 169 illam
1370 138 1490 167 Chizkicl
1502 137 1633 173 propheta
1651 135 1750 162 llosea:
1767 141 1828 169 pro-

202 207 263 236 tes.;
279 203 458 238 exposuitque
472 208 515 232 ea,
528 207 589 234 quae
600 202 679 226 erant
691 197 784 224 minus
798 195 900 226 facilia,
915 198 996 228 prout

202 249 277 277 Deus
292 248 341 284 ipsi
357 246 497 283 permisit;
520 249 549 272 et
565 243 664 272 celavit
676 250 724 271 eos
740 242 785 270 illa
799 241 866 276 legis
882 247 993 268 arcana.

202 300 283 330 preut
299 293 437 329 prohibuit
450 293 525 319 illum
544 290 625 318 Deus.
640 288 734 324 Neque
749 289 854 317 exstitit
872 288 941 315 inter
961 287 994 314 il-

203 342 254 374 los,
271 341 318 375 qui
334 340 448 376 peritior
460 343 533 367 esset
545 339 572 365 in
582 337 693 372 judiciis
710 340 737 364 et
756 335 873 363 decretis
891 333 951 368 ejus
967 338 994 360 et

204 388 295 415 ab‘dlta
323 387 455 414 doctrinae
479 386 539 420 ejus
565 391 644 412 sensa
668 382 776 419 planius
797 381 992 416 impertiretur,

203 433 291 460 donec
306 431 466 459 transferret
479 431 555 458 illum
569 429 641 458 Deus
654 429 688 456 ad
706 436 746 461 se,
763 434 906 464 postquam
929 434 992 454 eum

203 478 352 514 perfectum
376 478 531 506 reddiderat
549 477 576 504 in
596 476 704 504 deserto
719 483 768 510 per
785 479 856 502 totos
873 473 993 509 quadra-

203 526 277 560 ginta
291 532 387 552 annos.

239 571 328 605 Atque
341 572 400 597 haec
416 573 480 597 sunt
495 567 606 596 nomina
620 567 762 595 doctorum
777 566 823 602 (ab
835 565 918 593 Hebr.
932 570 992 596 '13:!

204 616 307 651 socius)
322 616 368 650 qui
384 615 516 643 continua
531 614 705 641 successione
720 612 889 640 tradiderunt
904 611 989 645 legem

205 668 267 698 post
279 662 380 689 Mosem
395 661 553 696 prophetam
569 667 656 694 usque
668 658 702 686 ad
714 658 858 686 adventum
873 657 987 686 Messiae.

240 708 315 735 Scito
331 707 432 742 itaque,
445 715 461 734 ο
475 706 568 739 frater,
587 705 738 733 benefaciat
755 703 803 732 tibi
817 704 898 736 Deus,
916 703 988 738 quod

206 753 278 782 Deus
293 753 401 781 tradidit
414 753 499 787 legem
514 751 768 787 praestantissimam
780 751 809 778 in
821 757 919 777 manus
931 749 989 778 Mo-

206 800 245 827 sis
258 799 405 834 prophetae,
418 799 465 825 filii
479 798 591 824 Amran.

241 843 417 878 Tradiditque
433 843 504 870 illam
520 842 607 869 Moses
622 840 721 874 Josuae,
735 840 792 868 ﬁlio
805 839 877 867 Nun.

242 889 419 924 Tradiditque
438 889 510 915 illam
523 887 606 915 Josua
622 888 694 915 ﬁlius
705 887 766 914 Nun
777 886 817 922 τῷ
831 885 956 913 Anathal.

242 936 418 970 Tradiditque
431 936 504 962 illam
518 936 633 962 Anathal
645 935 685 970 τῷ
699 934 798 962 Jehud.

241 982 418 1017 Tradiditque
431 982 504 1009 illam
517 981 604 1009 Jehud
614 981 653 1017 τῷ
666 982 788 1016 Samgar.

241 1028 420 1063 Tradiditque
431 1029 504 1055 illam
519 1028 633 1062 Samgar
645 1027 684 1063 τῷ
698 1027 797 1055 Baruk.

243 1074 419 1109 Tradiditque
431 1075 503 1102 illam
518 1074 606 1102 Baruk
619 1074 657 1110 τῷ
667 1074 781 1102 Gideon.

242 1120 418 1155 Tradiditque
429 1120 502 1147 illam
514 1121 616 1148 Gideon
627 1121 666 1156 τῷ
677 1120 844 1147 Abimelech.

243 1166 419 1201 Tradiditque
431 1166 503 1193 illam
515 1167 670 1194 Ahimclech
682 1166 721 1202 τῷ
733 1166 825 1201 Taleg.

243 1210 419 1245 Tradiditque
429 1211 502 1238 illam
515 1211 597 1246 Taleg
608 1211 647 1246 τῷ
659 1211 742 1238 Bibi"
754 1210 904 1238 Gilaaditat.

243 1256 420 1292 Tradiditque
431 1257 504 1287 illam
518 1256 602 1284 Babin
616 1257 653 1292 τῷ
664 1256 799 1291 .liphtach.

243 1301 420 1337 Tradiditque
431 1303 504 1329 illam
519 1302 644 1337 Jiphtach
656 1302 695 1338 τῷ
708 1302 827 1337 Ephran.

242 1348 418 1384 Tradiditque
438 1349 512 1377 illam
533 1349 643 1385 Ephran
663 1349 701 1384 τῷ
720 1348 781 1376 Elui
801 1356 835 1376 ex
853 1348 924 1376 tribu
940 1348 991 1376 Ze-

207 1395 298 1424 baton.

242 1442 418 1477 Tradiditque
433 1442 506 1469 illam
520 1441 580 1476 Elui
594 1441 633 1476 τῷ
644 1440 751 1468 Abdan.

241 1487 417 1523 Tradiditque
429 1487 502 1514 illam
514 1486 607 1513 Abdan
621 1485 659 1521 τῷ
672 1485 818 1512 Shimshon
834 1483 904 1512 forti.

242 1534 418 1569 Tradiditque
439 1533 512 1560 illam
534 1532 682 1559 Shimsbon
707 1531 746 1566 τῷ
769 1530 920 1563 Helkanah,
936 1530 992 1558 ﬁlio

205 1579 361 1611 Jerachmu,
380 1579 436 1606 tilio
448 1578 546 1606 .Iehud.
560 1577 605 1604 Ille
619 1582 708 1604 autem
725 1577 776 1604 fuit
791 1581 865 1611 pater
879 1576 994 1604 Samue—

207 1623 240 1650 lis
256 1624 402 1658 prophetat.
418 1623 456 1650 De
471 1630 526 1658 quo
540 1622 661 1649 Ilelkana
671 1622 774 1649 mentio
785 1627 828 1649 est
842 1622 919 1650 initio
931 1623 993 1650 libri

207 1669 310 1704 Regum
327 1670 417 1704 primi.
426 1695 433 1702 ,

243 1715 420 1750 Tradiditque
435 1715 508 1742 illam
526 1715 647 1742 llelkana
663 1714 702 1750 τῷ
714 1714 756 1741 Eli
775 1715 922 1742 sacerdoti.

242 1760 419 1795 Tradiditque
434 1761 506 1788 illam
522 1761 563 1787 Eli
578 1760 696 1787 Samueli
714 1760 862 1795 prophetae.

243 1806 418 1841 Tradiditque
433 1807 506 1833 illam
523 1806 633 1833 Samuel
647 1805 765 1833 Nathani
785 1806 933 1841 prophetae.

244 1851 419 1886 Tradiditque
433 1853 505 1878 illam
517 1851 623 1879 hathan
637 1851 676 1886 τῷ
689 1851 744 1878 Gad
763 1851 910 1886 prophetae.

244 1898 418 1932 Tradiditque
429 1897 503 1924 illam
515 1896 572 1925 Gad
587 1897 718 1932 propheta
732 1896 869 1924 Shemaiae
887 1897 992 1926 doctori

209 1945 317 1981 (socio).

245 1991 419 2025 Tradiditque
433 1991 506 2018 illam
522 1989 649 2018 Shemaia
665 1989 703 2026 τῷ
712 1990 777 2019 Iddo
788 1990 903 2019 doctori.

244 2037 419 2072 Tradiditque
434 2037 507 2064 illam
521 2036 585 2064 Iddo
597 2037 698 2065 Achite.

245 2083 419 2117 Tradiditque
435 2083 508 2110 illam
524 2082 608 2110 Achia
622 2082 660 2117 τῷ
672 2082 772 2110 Abihu.

244 2128 421 2164 Tradiditque
434 2128 507 2155 illam
521 2128 610 2155 Abihu
624 2127 689 2154 Elia:
700 2128 849 2162 prophetae.

243 2174 420 2210 Tradiditque
434 2175 506 2202 illam
520 2173 578 2200 Elia
591 2174 725 2209 discipulo
738 2182 787 2202 suo
804 2175 908 2203 Elisaeo.

243 2221 420 2256 Tradiditque
431 2222 504 2248 illam
521 2220 633 2247 Elisteus
646 2220 784 2248 Malachia:
797 2223 944 2257 prophetat.

244 2267 421 2302 Tradiditque
434 2267 508 2293 illam
528 2265 658 2292 Malachia
672 2266 711 2301 τῷ
726 2267 860 2295 Abdiahu.

244 2314 422 2348 Tradiditque
435 2313 507 2339 illam
523 2312 645 2339 Abdiahu
661 2313 698 2348 τῷ
708 2312 823 2342 Jehuda.

245 2360 423 2394 Tradiditque
437 2360 508 2387 illam
522 2360 625 2389 Jehuda
640 2361 779 2388 Zachariae
793 2361 907 2388 doctori.

244 2406 273 2433 In
289 2406 385 2433 diebus
402 2406 455 2433 illis
468 2407 541 2434 venit
559 2407 755 2438 Bachthansar,
776 2415 822 2434 rex
841 2407 940 2439 Babel,
963 2411 989 2434 et

208 2453 326 2482 vastavit
338 2452 447 2479 domum
463 2453 622 2486 sanctuarii,
637 2458 663 2480 et
676 2453 702 2480 in
717 2453 898 2488 captivitatem
912 2453 990 2480 duxit

210 2499 280 2527 ﬁlios
292 2498 402 2525 Israclis
413 2498 439 2525 in
453 2497 544 2525 Babel.
555 2498 586 2525 Et
598 2504 657 2533 post
668 2500 848 2534 captivitatem
861 2499 954 2531 Babcl,

246 2544 368 2572 Tradidit
385 2543 458 2571 illam
480 2543 607 2572 Zechatia
622 2545 717 2572 doctor
736 2544 823 2571 Esaia:
843 2544 990 2579 prophetae,

211 2592 266 2620 ﬁlio
278 2592 371 2618 Amos.

246 2636 422 2673 Tradiditque
434 2637 507 2664 illam
524 2636 604 2664 Esaia
618 2636 741 2664 Jercmia‘.
753 2636 902 2672 prophetae.

246 2681 420 2719 Tradiditque
434 2683 507 2710 illam
519 2682 635 2710 Jeremia
650 2682 781 2718 propheta
791 2680 932 2710 Chizkieli.

1046 192 1142 226 pholoe,
1158 190 1214 217 ﬁlio
1226 188 1301 216 Bazi.

1082 234 1258 269 Tradiditque
1274 233 1347 260 illam
1360 230 1448 258 Hosea
1461 228 1537 256 Joieli
1556 227 1705 263 prophetat.

1080 281 1257 316 Tradiditque
1268 279 1342 307 illam
1355 277 1422 306 loiel
1433 276 1472 311 τῷ
1485 276 1569 302 Amos
1582 274 1744 309 prophetat;

1080 326 1256 361 Tradiditque
1267 325 1341 352 illam
1353 323 1435 350 Amos
1447 320 1565 349 Obadite.

1080 360 1259 406 Tradiditque
1272 370 1345 398 illam
1356 368 1458 396 Obadia
1468 366 1507 401 τῷ
1516 365 1603 392 Jouan
1613 363 1765 399 prophetae,
1775 360 1828 387 ﬁlio

1043 417 1143 452 Ilathi,
1162 417 1210 445 ﬁlii
1226 416 1273 444 τοῦ
1289 415 1432 448 Armelah,
1447 413 1493 448 qui
1512 411 1564 440 fuit
1582 410 1668 438 frater
1681 408 1748 436 Elite
1765 415 1827 442 pro-

1042 464 1139 499 phetae.

1080 508 1256 543 Tradiditque
1263 507 1335 535 illam
1343 505 1430 533 Jonan
1436 503 1536 540 lMichaa
1543 500 1770 532 liorashitanitze.
1783 499 1827 534 qui

1080 555 1204 584 Tradidit
1218 555 1291 582 illam
1302 553 1341 588 τῷ
1352 551 1475 579 Nachum
1487 549 1645 576 Alkousitae.

1080 601 1258 636 Tradiditque
1281 599 1357 627 illam
1380 596 1505 625 Naebum
1528 593 1568 629 τῷ
1594 591 1749 621 Chabakuk
1768 598 1827 626 pro-

1042 647 1143 682 phetae.

1075 691 1254 728 Tradiditque
1268 690 1344 718 illam
1355 686 1505 716 Chabakuk
1520 683 1668 720 Sophortiae
1681 683 1825 718 propheta.

1075 738 1254 773 Tradiditque
1274 736 1349 764 illam
1366 733 1506 770 Sophonia
1526 733 1661 767 Chaggzeo
1680 728 1825 765 propheta.

1078 783 1257 818 Tradiditque
1275 782 1349 810 illam
1365 780 1515 816 Chaggazus
1532 777 1673 806 Zecharia:
1693 773 1827 810 propheta:

1007 824 1029 853 Β
1043 831 1098 859 lilio
1111 829 1238 857 Bcrshize.

1078 876 1258 910 Tradiditque
1275 873 1347 901 illam
1361 870 1492 899 Zecharia
1505 867 1646 896 Malachiae
1658 865 1794 901 captivus.

1077 922 1256 956 Tradiditque
1272 920 1346 948 illam
1363 915 1495 944 Malachia
1507 914 1582 941 Ezrae
1595 911 1715 940 doctori.

1075 968 1112 1004 (6)
1130 967 1305 1001 Tradiditque
1316 965 1389 992 illam
1402 963 1469 990 Ezra
1481 960 1521 996 τῷ
1532 959 1642 987 Shamai
1657 956 1774 985 antistiti
1783 956 1794 983 ?
1803 960 1826 984 et

1040 1015 1126 1042 Jatlua
1141 1012 1179 1048 τῷ
1195 1013 1322 1044 Samean,
1337 1010 1452 1038 Samean
1467 1006 1577 1036 tradidit
1593 1005 1667 1032 illam
1682 1004 1824 1038 Antigono.

1077 1059 1255 1093 Tradiditque
1266 1058 1340 1084 illam
1352 1055 1504 1091 Antigonus
1516 1053 1635 1089 JOsepho
1649 1051 1706 1078 ﬁlio
1717 1049 1826 1077 Jobeze-

1041 1106 1080 1134 ris
1093 1106 1140 1140 (et)
1157 1104 1275 1139 Josepho
1290 1103 1344 1130 ﬁlio
1361 1102 1532 1137 Gjuchanan.

1078 1152 1255 1186 Tradiditque
1268 1150 1340 1177 illam
1353 1148 1452 1182 Joseph
1465 1147 1590 1174 Jehosuze
1606 1145 1662 1172 ﬁlio
1678 1141 1822 1171 Bai-acida.

1077 1197 1256 1231 Tradiditque
1268 1196 1340 1223 illam
1355 1194 1474 1222 Jehosua
1491 1192 1608 1220 Nathani
1620 1190 1761 1218 Arhelitze.

1078 1243 1256 1278 Tradiditque
1271 1241 1344 1270 illam
1357 1239 1464 1267 Nathan
1479 1237 1631 1270 Shimeoni,
1652 1236 1758 1265 seniori
1773 1234 1824 1262 ﬁlio

1043 1287 1172 1316 Sbetach.

1078 1336 1139 1370 Ipse
1150 1337 1200 1367 est,
1216 1341 1263 1368 qui
1278 1331 1396 1369 portavit
1407 1330 1534 1358 Messiam
1548 1329 1577 1357 in
1590 1328 1664 1356 ulnis
1678 1327 1749 1356 suis.

1079 1379 1190 1407 Simeon
1206 1378 1317 1406 tradidit
1330 1378 1402 1404 illam
1418 1375 1538 1403 Jehudte.

1077 1425 1181 1453 Jehuda
1197 1423 1308 1452 tradidit
1321 1423 1393 1450 illam
1408 1420 1545 1448 Zachariae
1559 1418 1706 1447 sacerdoti.

1079 1470 1258 1504 Tradiditque
1273 1469 1345 1496 illam
1359 1467 1488 1495 Zecharia
1507 1465 1646 1498 sacerdos,
1660 1469 1739 1499 pater
1749 1462 1825 1491 Joan-

1044 1517 1087 1545 nis
1099 1517 1236 1552 Baptistae,
1249 1515 1366 1549 Josepho
1383 1511 1487 1541 doctori
1502 1519 1535 1539 ex
1551 1511 1623 1538 tribu
1643 1517 1705 1538 sua.

1079 1564 1256 1599 Tradiditque
1269 1563 1342 1590 illam
1354 1561 1454 1596 Joseph
1469 1559 1574 1588 llanani
1590 1563 1616 1585 et
1631 1556 1773 1592 Caiapha.
1790 1554 1825 1581 Ab

1043 1611 1104 1639 istis
1118 1615 1208 1638 autem
1222 1609 1344 1637 ablatum
1357 1614 1400 1636 est
1411 1605 1605 1638 sacerdotium,
1621 1608 1650 1632 et
1664 1609 1793 1638 regnum,
1804 1606 1826 1627 et

1042 1659 1193 1694 prophetia.

1076 1706 1122 1734 lsti
1137 1706 1248 1733 fuerunt
1267 1705 1393 1733 doctores
1409 1709 1497 1737 usque
1507 1701 1540 1728 ad
1552 1699 1703 1727 adventum
1713 1697 1823 1729 Messie;

1042 1753 1124 1780 ambo
1140 1756 1218 1780 erant
1235 1751 1388 1779 sacerdotes
1402 1749 1520 1776 ﬁliorum
1533 1746 1652 1774 lsraelis.

1079 1799 1141 1827 Fuit
1157 1799 1249 1833 itaque
1269 1805 1375 1825 summa
1393 1795 1546 1824 antistitum
1562 1793 1762 1820 venerabilium
1783 1791 1824 1818 ho-

1042 1845 1206 1872 norabilium
1225 1844 1292 1872 ﬁdes
1308 1844 1341 1870 de
1358 1843 1409 1870 hac
1427 1842 1485 1876 lege
1501 1839 1731 1876 prrestantissima
1749 1838 1823 1872 quino

1043 1891 1174 1926 quaginta
1189 1898 1236 1919 sex
1256 1889 1425 1918 sacerdotum
1435 1908 1442 1920 ,
1457 1886 1576 1922 exceptis
1592 1885 1690 1913 Hanan
1705 1889 1734 1912 et
1748 1883 1823 1911 Caia-

1062 1939 1104 1964 ha.

1062 1946 1104 1964 na.

1041 1946 1058 1973 Ρ
1075 1985 1150 2020 lique
1164 1987 1227 2011 sunt
1238 1982 1285 2018 qui
1305 1981 1379 2009 illam
1394 1979 1567 2008 tradiderunt
1577 1978 1603 2006 in
1619 1978 1726 2005 ultimis
1736 1976 1823 2004 diebus

1041 2030 1197 2066 reipublicae
1213 2028 1331 2056 ﬁliorum
1342 2027 1460 2060 lsraelis,
1472 2034 1559 2062 neque
1573 2026 1691 2060 amplius
1702 2024 1823 2052 exstitere

1042 2077 1195 2106 sacerdotes
1208 2078 1268 2110 post
1282 2075 1360 2102 istos.

1078 2122 1141 2150 Haec
1151 2127 1192 2149 est
1203 2120 1318 2148 historia
1327 2126 1433 2153 eorum,
1445 2125 1506 2154 quae
1519 2117 1695 2152 contigerunt
1708 2116 1783 2144 circa
1792 2116 1823 2142 lc-

1006 2168 1029 2196 Ι)
1042 2177 1100 2205 gem
1117 2165 1377 2202 prmstanlissimam.

1078 2215 1150 2242 Dixit
1175 2213 1303 2245 Armius,
1330 2215 1424 2238 auctor
1444 2208 1506 2236 libri
1530 2208 1697 2244 Temporum
1717 2217 1724 2235 :
1751 2208 1822 2235 Anno

1041 2262 1147 2290 decimo
1166 2267 1240 2287 nono
1258 2258 1333 2293 regni
1350 2256 1487 2284 Ptolemaei
1510 2256 1593 2290 regis,
1614 2255 1700 2289 jussit
1716 2259 1746 2282 ut
1766 2262 1822 2280 con-

1042 2311 1219 2343 gregarentur
1240 2305 1362 2332 seniores
1379 2303 1497 2330 ﬁliorum
1522 2300 1648 2333 lsraelis,
1669 2306 1700 2328 ut
1724 2301 1774 2327 sibi
1800 2300 1822 2326 in

1042 2361 1140 2381 manus
1157 2353 1354 2387 praesentarent
1371 2349 1469 2375 librum
1484 2347 1562 2383 legis,
1576 2351 1604 2375 et
1620 2351 1650 2373 ut
1668 2346 1767 2381 singuli
1780 2352 1821 2372 eo-

1043 2408 1103 2428 rum
1116 2403 1216 2434 praasto
1228 2401 1319 2424 essent
1333 2396 1366 2423 ad
1382 2395 1565 2430 explanandos
1580 2401 1678 2421 sensus
1690 2394 1761 2427 ejus.

1079 2446 1231 2473 Astiterunt
1247 2444 1337 2478 itaque
1351 2442 1483 2473 seniores,
1498 2447 1589 2468 secum
1600 2440 1732 2467 habentes
1744 2440 1818 2474 legem

1042 2491 1305 2528 prmstantissimam.
1320 2487 1397 2515 Tunc
1414 2486 1498 2521 jussit
1522 2490 1552 2512 ut
1576 2485 1765 2520 unusquisque
1780 2492 1819 2511 eo-

1042 2546 1103 2567 rum
1119 2538 1342 2571 interpretaretur
1357 2533 1409 2561 sibi
1423 2533 1521 2560 librum
1537 2531 1614 2566 legis.

1077 2586 1112 2613 At
1136 2586 1180 2613 ille
1200 2583 1368 2619 repugnabat
1385 2579 1571 2615 (dissentiebat
1591 2577 1626 2604 ab
1646 2577 1816 2611 expositione)

1044 2631 1218 2668 expositioni.
1234 2637 1317 2665 quam
1332 2627 1526 2656 transtulerant
1543 2625 1675 2653 seniores.
1696 2625 1729 2652 Et
1745 2623 1817 2660 jussit

1043 2681 1164 2708 seniores
1174 2677 1280 2706 detrudi
1293 2677 1321 2703 in
1333 2681 1457 2703 carceres
1467 2678 1494 2701 et
1509 2672 1626 2700 vincula.

235 2792 541 2829 H6)Conl’¢r1'semach
560 2797 658 2828 David.
673 2801 700 2826 et
712 2797 839 2826 Maimon.
857 2797 963 2826 Praelat.
986 2795 1019 2823 ad
1035 2795 1117 2824 Seder
1131 2793 1236 2823 Zeraim
1253 2793 1280 2821 in
1295 2791 1422 2821 Pokoekii
1439 2789 1521 2818 I'orta
1537 2789 1629 2823 Musis,
1644 2797 1672 2824 p.
1687 2787 1731 2815 56.
