1860 3051
215 116 266 145 707

651 115 678 142 S.
699 114 877 143 ﬂlPPOLYTl
894 115 969 142 OPP.
990 114 1080 142 PARS
1098 114 1120 142 Ι.
1135 129 1170 134 -
1185 114 1390 143 EXEGETICA.
1787 116 1831 144 708

215 184 283 213 pora
307 176 434 210 Patrum,
454 177 568 208 Adami,
585 175 679 210 Setini,
704 176 823 210 Enoslii,
848 175 996 209 Kainanis,
1011 178 1034 205 Δ
1048 176 1120 210 pisse
1133 175 1254 208 Noacho,
1268 180 1299 203 ut
1313 175 1408 203 ordine
1430 175 1586 210 disponeret
1606 175 1712 203 bestias
1737 175 1832 204 feroces

215 223 407 256 Mahalalielis,
428 221 530 254 Jaredi,
547 222 755 254 Mathusalachi,
777 221 915 249 Lamechi.
932 222 1000 250 Octo

215 269 261 296 illa
276 276 389 304 corpora
406 273 484 296 erant
497 268 524 295 in
541 268 695 296 conditorio
711 268 912 298 thesaurorum,
925 268 1000 295 vidc-

214 314 279 342 licet
293 314 399 346 Adami,
419 314 505 345 Setbi,
522 313 634 346 Enoshi,
652 313 792 347 Kaiuanis,
812 313 999 346 Mabalalielis,

213 358 315 391 Jaretli,
328 358 537 392 Matliusalaclii,
550 357 688 385 Lamccbi.

248 405 323 432 Tulit
349 410 439 433 autem
461 404 538 432 Noab
562 411 660 438 corpus
683 403 790 430 Adami.
814 403 1000 438 Tuleruntque

212 452 261 480 tllii
277 452 337 487 ejus
352 459 474 479 munera.
491 450 619 478 Portabat
634 449 696 476 Scm
711 457 819 481 aurum,
832 449 918 476 Cbam
931 458 1001 485 myr-

212 499 302 530 rham,
315 497 430 532 Japheth
449 497 522 524 thus.
542 496 644 524 Deinde
660 495 761 530 egressi
775 503 791 523 e
805 503 920 522 caverna
942 496 1000 522 the-

212 552 370 573 saurorum,
383 543 582 570 transtulerunt
603 549 717 570 munera
738 546 765 569 et
783 549 881 577 corpus
902 542 999 569 Adami

211 589 239 617 in
254 595 373 618 montem
385 594 519 617 sanctum.

248 637 372 670 Cumque
387 635 519 663 sedissent
529 634 606 669 juxta
621 641 720 669 corpus
732 633 826 661 Adami
838 642 871 661 ex
884 633 999 662 adverso

212 683 343 717 paradisi,
357 686 500 717 creperum
519 682 659 709 lamentari
676 686 704 709 et
723 681 788 708 ﬂere
798 681 932 716 jacturam
950 689 999 716 pa-

213 729 310 756 radisi.

248 773 318 801 Tum
335 773 530 801 descendentes
551 773 582 800 de
601 777 694 800 monte
713 777 809 800 sancto
831 772 1000 807 sublatisque

212 819 299 846 oculis
326 826 420 846 versus
444 818 600 853 paradisum
624 817 842 852 redintegrarunt
862 817 954 844 ﬂetum
973 820 999 843 et

1050 221 1080 248 in
1095 222 1298 257 contignatione
1313 223 1371 250 sive
1381 222 1502 250 tabulato
1514 223 1654 255 inferiore,
1666 227 1694 250 et
1708 223 1833 251 divideret

1050 275 1139 296 mares
1155 276 1170 295 a
1187 268 1310 300 iemellis,
1324 269 1462 296 asseribus
1476 269 1574 304 ligneis
1587 269 1770 304 interpositis,

1085 312 1173 348 Atque
1196 314 1233 341 ita
1254 314 1319 342 fecit
1336 315 1462 342 omnibus
1477 315 1571 342 bestiis
1585 315 1674 351 (feris)
1688 311 1831 350 fomentis;

1049 365 1077 386 et
1091 359 1172 386 etiam
1188 360 1345 388 volucribus
1356 361 1383 387 in
1396 360 1516 387 tabulato
1530 361 1631 388 medio.

1084 403 1171 431 Jussit
1189 410 1278 432 autem
1296 405 1389 440 (Deus)
1405 406 1442 433 ita
1457 406 1577 440 separari
1595 413 1688 433 mares
1700 413 1716 432 a
1729 406 1831 433 feminis

1050 448 1178 476 decentia:
1190 454 1218 477 et
1233 450 1382 479 honestatis
1393 459 1487 484 causa,
1502 459 1535 478 ne
1552 452 1657 479 scilicet
1676 452 1831 479 commisce-

1049 500 1143 521 rentur
1159 494 1319 521 adinvieem.

1087 539 1158 566 Dixit
1173 548 1253 574 porro
1267 541 1337 568 Deus
1349 540 1414 568 Mosi
1428 550 1434 567 ε
1449 539 1563 568 Provide
1586 541 1690 568 cibaria
1712 540 1761 567 tibi
1784 539 1832 574 ipsi

1049 589 1077 612 et
1091 586 1161 614 natis
1175 586 1238 613 tuis.
1252 585 1283 612 Et
1297 587 1350 613 sint
1362 594 1395 613 ex
1409 586 1498 613 tritico
1509 586 1614 618 molito,
1626 587 1709 622 pisto,
1723 587 1831 614 subacto

1050 639 1130 667 aqua.
1146 631 1292 658 exsiccato.
1314 630 1346 656 Et
1361 630 1444 665 jussit
1463 631 1534 658 illico
1546 629 1638 658 Noacb
1654 631 1766 665 conjugi
1780 640 1831 659 sum

1049 681 1075 703 et
1092 676 1223 703 uxoribus
1241 676 1358 703 ﬁliorum
1375 683 1500 709 suorum,
1518 680 1547 703 ut
1566 681 1675 703 strenue
1696 677 1832 703 incumbe-

1049 727 1109 750 rent
1130 723 1278 757 subigendo
1302 730 1419 750 massam
1443 727 1469 749 et
1490 722 1669 749 reconderent
1691 722 1719 749 in
1745 721 1830 749 furno.

1050 769 1220 803 Subegcrunt
1248 777 1312 803 ergo
1341 776 1478 801 massam,
1502 773 1529 795 et
1557 769 1723 803 piusnerunt
1751 768 1832 796 ferme

1050 819 1181 850 quantum
1207 814 1273 849 ipsis
1295 814 1442 846 suiIiceret,
1465 815 1533 842 adeo
1555 819 1584 842 ut
1604 822 1658 842 non
1682 819 1832 842 remaneret

211 864 356 898 ejulatum,
372 869 503 890 aeternum
516 862 575 889 vale
590 862 718 888 dixerunt
741 862 784 888 bis
804 861 912 889 verbis:
933 860 1000 888 Vale
1014 853 1035 883 Β
1050 861 1102 888 nisi
1116 867 1272 895 perparum.

213 910 276 944 (pax
289 909 358 943 tibi),
367 909 514 943 oparadise
526 908 583 935 Dei.
595 907 668 939 Vale,
683 915 699 934 ο
711 907 878 934 domicilium
892 907 1000 942 religio-

212 956 256 983 nis
264 959 290 982 et
301 954 437 990 puritatis.
448 954 522 986 Vale,
531 962 547 981 ο
558 954 634 982 sedes
643 954 787 989 voluptatis
795 958 821 980 et
829 953 997 981 deliciarum.

249 1000 320 1028 Tum
337 1000 455 1035 amplexi
469 1004 534 1028 sunt
549 999 651 1034 lapides
667 1000 767 1027 montis
780 999 867 1027 sancti
880 1003 906 1026 et
921 999 1000 1026 arbo-

211 1054 267 1078 res,
281 1047 467 1081 ﬂeveruntque
485 1050 513 1074 et
534 1046 681 1074 dixerunt:
699 1045 773 1078 Vale,
795 1054 811 1073 ο
830 1045 998 1073 domicilium

212 1092 358 1120 bonorum.
379 1091 452 1124 Vale,
468 1099 484 1119 o
501 1091 606 1119 mansio
618 1099 763 1126 curporum
776 1095 945 1119 sanctorum.

248 1137 350 1166 Deinde
375 1138 464 1166 triduo
491 1138 639 1172 completo,
657 1137 796 1165 descendit
818 1136 914 1169 Noah,
935 1143 998 1164 cum

212 1182 276 1210 ﬁliis
295 1183 352 1211 suis
370 1188 396 1210 et
417 1183 548 1210 uxoribus
571 1189 696 1211 natorum
719 1191 832 1211 suorum
853 1184 887 1212 de
907 1188 999 1211 monte

212 1233 308 1256 sancto
324 1229 356 1255 ad
379 1227 485 1255 radices
506 1228 607 1256 montis
627 1228 714 1256 sancti
738 1228 772 1255 ad
793 1228 884 1256 locum
907 1229 997 1256 navis.

213 1274 278 1302 Erat
296 1275 369 1301 enim
383 1275 470 1310 (arca)
483 1274 534 1302 sub
549 1274 731 1310 prominentia
752 1272 876 1310 (l'abri)'
896 1274 998 1302 montis

212 1320 311 1349 sancti.

247 1367 281 1394 Et
303 1367 442 1401 ingressus
463 1369 505 1394 est
528 1364 606 1393 Noah
631 1366 659 1393 in
682 1373 795 1399 navem;
819 1365 999 1400 deposuitque

211 1419 311 1447 corpus
337 1411 435 1438 Adami
457 1416 484 1439 et
504 1419 621 1440 munera
640 1412 669 1439 in
693 1412 784 1438 medio
808 1412 886 1438 navis
916 1419 998 1445 super

211 1457 312 1485 feretro
331 1457 432 1494 ligneo,
453 1458 526 1493 quod
548 1458 705 1494 recipiendo
726 1458 835 1493 corpori
862 1465 998 1493 praepara-

210 1507 297 1531 verat.

245 1548 447 1584 Admonuitque
474 1549 544 1577 Deus
565 1548 707 1577 Noachum
727 1549 821 1577 dicens
840 1558 847 1576 :
869 1548 924 1576 Fac
948 1549 997 1576 tibi

210 1597 375 1631 crepitacula
391 1603 406 1623 e
418 1596 492 1632 ligno
511 1597 577 1624 buxi
593 1596 645 1631 (vel
658 1597 801 1632 cupressi).
816 1601 933 1626 nam
948 1603 997 1623 au-

211 1646 264 1668 tem
280 1646 320 1668 est
337 1641 441 1675 lignum
462 1642 565 1669 dictum
581 1641 734 1676 Sagli,i.e.
753 1641 878 1676 platanus
894 1640 996 1668 Indica.

247 1685 362 1713 Fabrica
378 1686 460 1713 etiam
477 1686 631 1714 malleolum
646 1686 704 1721 ejus
716 1685 948 1722 (tintinnabulum)
964 1693 998 1714 ex

210 1731 307 1760 eodem
333 1732 450 1767 (ligno).
477 1731 630 1767 Longitudo
649 1737 739 1760 autem
764 1733 923 1768 crepitaculi
946 1734 998 1762 erit

212 1777 296 1805 trium
316 1778 470 1805 cubitorum
487 1777 653 1814 integrorum
669 1783 697 1806 et
712 1779 827 1807 latitudo
843 1779 902 1816 ejus
915 1781 998 1810 unius

210 1823 296 1850 cubiti
314 1831 376 1851 cum
393 1824 516 1852 dimidio.

248 1868 281 1896 Et
296 1871 423 1904 praecepit
443 1870 467 1897 ei
487 1870 569 1902 Deus,
585 1874 616 1898 ut
631 1870 752 1906 pulsaret
766 1872 931 1908 crepitacula
949 1880 998 1908 per

211 1915 335 1951 singuIOs
356 1916 414 1943 dies
435 1917 524 1944 tribus
544 1917 660 1945 vicibus.
681 1916 810 1946 Videlicet
832 1919 918 1954 prima
939 1920 998 1947 vice

211 1968 321 1988 summo
337 1961 475 1995 diluculo;
496 1962 613 1990 secunda
629 1962 698 1995 vice,
719 1962 748 1990 in
768 1963 859 1992 medio
880 1965 949 1998 diei;
970 1969 998 1993 et

209 2006 291 2034 tertia
310 2006 368 2034 vice
384 2007 418 2034 ad
432 2015 559 2035 occasum
573 2007 650 2036 solis.

245 2051 352 2079 Accidit
365 2057 465 2087 autem,
480 2054 572 2081 statim
593 2058 675 2088 atque
693 2055 828 2089 pulsassct
843 2054 921 2084 Noah
938 2063 998 2084 cre-

211 2099 340 2134 pitacula,
355 2103 386 2126 ut
401 2100 525 2134 protinus
541 2105 715 2128 accurrerent
729 2101 776 2128 lilii
798 2100 890 2129 Cainis
907 2106 935 2130 et
948 2102 997 2130 filii

211 2143 318 2172 Vahimi
334 2145 367 2172 ad
381 2145 487 2180 ipsum;
504 2153 572 2180 quos
584 2145 725 2174 admonuit
737 2151 765 2174 et
776 2147 919 2182 perterruit
931 2155 996 2175 nar-

1085 907 1118 934 Et
1135 906 1276 934 admonuit
1288 904 1359 933 Deus
1374 904 1513 932 Noaclium
1529 906 1624 933 dicens
1639 906 1665 933 ei
1679 915 1686 933 :
1703 905 1831 940 Quisquis

1049 952 1252 980 annuntiavcrit
1266 951 1314 980 tibi
1329 951 1363 979 de
1374 951 1490 979 adventu
1503 951 1595 979 diluvii
1609 952 1726 986 primus,
1740 953 1830 984 perdes

1049 1000 1124 1028 illum
1139 1002 1198 1036 ipso
1215 1004 1362 1027 momento.
1379 998 1482 1025 Interea
1493 1005 1557 1025 Vero
1570 1006 1640 1025 uxor
1651 998 1750 1025 Cbami
1764 1003 1832 1024 asta-

1048 1045 1095 1072 bat
1117 1046 1275 1073 immissura
1296 1052 1394 1079 panem
1418 1045 1535 1077 ingentis
1551 1044 1632 1072 molis
1656 1043 1685 1071 in
1711 1043 1829 1071 furnum.

1049 1084 1082 1118 Et
1098 1092 1189 1119 subito
1206 1090 1334 1126 proﬂuxit
1351 1098 1421 1125 aqua
1435 1099 1449 1117 e
1465 1090 1544 1118 furno
1560 1090 1635 1125 juxta
1649 1090 1763 1117 verbum
1781 1089 1830 1115 Do-

1049 1137 1125 1170 mini,
1137 1141 1163 1165 et
1175 1136 1337 1172 penetravit,
1348 1136 1472 1164 dissolvit
1486 1136 1623 1171 scaturigo
1635 1143 1714 1170 aquae
1726 1143 1830 1170 panem.

1047 1184 1218 1211 Exclamavit
1234 1184 1326 1219 itaque
1343 1191 1411 1210 uxor
1430 1183 1515 1210 Cham
1533 1183 1566 1209 ad
1584 1182 1728 1209 Noachum
1743 1182 1831 1208 dicens

1048 1230 1119 1258 ei:0
1129 1230 1248 1263 domine,
1257 1232 1327 1259 venit
1335 1230 1446 1259 verbum
1456 1228 1514 1262 Dei,
1525 1229 1592 1255 venit
1607 1228 1675 1255 illud
1690 1229 1762 1263 quod
1776 1237 1831 1263 pro-

1048 1277 1121 1303 misit
1133 1276 1276 1311 (pmdixit)
1286 1276 1366 1304 Deus.
1377 1275 1530 1310 Exsequere
1543 1274 1625 1309 igitur
1639 1274 1665 1302 id
1680 1275 1754 1309 quod
1767 1283 1832 1310 prm-

1048 1322 1119 1357 ccpit
1132 1321 1273 1349 Dominus.

1083 1366 1207 1402 Cumque
1219 1366 1367 1394 audivisset
1375 1365 1450 1393 Noah
1464 1366 1544 1393 verba
1555 1365 1650 1392 uxoris
1657 1364 1757 1398 Cham.
1768 1366 1832 1392 dixit

1049 1413 1072 1440 ei
1087 1421 1094 1440 :
1113 1412 1172 1440 Jam
1187 1420 1251 1448 ergo
1264 1413 1338 1440 venit
1355 1411 1500 1440 diluvium?
1514 1411 1586 1439 Dixit
1599 1411 1624 1438 ei
1639 1419 1709 1439 uxor
1728 1412 1831 1438 Cliam:

1048 1458 1088 1486 Tu
1105 1459 1198 1486 dixisti
1214 1459 1276 1486 hoc.

1011 1520 1032 1550 α
1082 1504 1230 1532 Admonuit
1243 1509 1332 1532 autem
1347 1503 1479 1532 Dominus
1491 1504 1636 1538 derepente
1653 1503 1750 1530 dicens
1763 1502 1832 1530 Nea-

1048 1551 1110 1583 cho,
1127 1550 1170 1578 Ne
1193 1550 1292 1586 perdas
1313 1558 1425 1578 uxorem
1441 1550 1552 1581 Cliami;
1578 1557 1640 1576 nam
1657 1548 1692 1575 ab
1717 1556 1766 1576 ore
1790 1554 1833 1576 tuo

1048 1596 1130 1631 erepit
1143 1595 1258 1631 perditio
1275 1595 1390 1630 (primus
1406 1595 1498 1622 dixisti
1513 1603 1519 1622 :
1535 1593 1615 1621 Venit
1626 1594 1782 1630 diluvium).
1795 1595 1832 1621 Ad

1050 1650 1145 1670 vocem
1168 1641 1270 1668 Noacbi
1286 1641 1361 1668 venit
1382 1641 1522 1672 diluvium,
1539 1644 1567 1667 et
1587 1639 1678 1667 subito
1689 1641 1833 1674 scaturigo

1048 1686 1172 1715 dissolvit
1185 1687 1259 1714 illum
1273 1694 1381 1722 panem.

1083 1732 1117 1759 Et
1135 1737 1235 1767 apertae
1254 1737 1318 1760 sunt
1342 1736 1483 1760 cataracta:
1503 1730 1575 1764 celi,
1594 1735 1623 1758 et
1641 1737 1721 1766 aqua:
1739 1730 1833 1765 pluvia

1048 1777 1209 1814 ingruerunt
1225 1786 1306 1814 super
1318 1783 1428 1806 terram.
1443 1777 1545 1813 Nempe
1560 1777 1605 1804 illa
1619 1785 1682 1810 vox,
1693 1785 1758 1812 quae
1772 1778 1832 1804 olim

1048 1823 1154 1852 dixerat
1167 1833 1174 1852 :
1193 1823 1388 1860 Congregentur
1398 1832 1472 1859 aqum
1484 1824 1511 1850 in
1524 1824 1610 1850 locum
1621 1832 1701 1850 unum
1712 1829 1739 1850 et
1755 1832 1834 1858 appa-

1048 1874 1104 1897 reat
1132 1875 1202 1898 terra
1214 1870 1247 1905 ",
1262 1871 1356 1898 eadem
1374 1877 1426 1898 vox
1453 1870 1590 1905 permisit,
1611 1874 1642 1896 ut
1662 1874 1763 1904 sponte
1788 1877 1833 1896 sua

1047 1921 1204 1952 erumperet
1217 1918 1355 1952 scaturigo
1372 1924 1503 1953 aquarum
1529 1921 1556 1944 et
1571 1917 1660 1944 ﬂuxus
1673 1917 1794 1944 marium
1810 1922 1834 1944 et

1047 1964 1140 1992 eduxit
1154 1970 1250 1999 aquas.

1082 2010 1211 2047 Recogita
1225 2009 1290 2045 quid
1305 2007 1403 2037 dixerit
1417 2008 1487 2036 Dens
1499 2009 1534 2037 de
1545 2009 1646 2037 mundo
1659 2018 1667 2036 :
1682 2007 1832 2036 Humilien<

1047 2060 1093 2083 tur
1109 2057 1200 2083 omnia
1216 2056 1322 2084 excelsa
1342 2055 1413 2090 ejus,
1428 2059 1456 2082 et
1469 2055 1609 2082 bumiliata
1623 2059 1705 2088 sunt;
1727 2060 1756 2083 et
1777 2055 1831 2083 ele-

1046 2108 1145 2131 ventur
1161 2102 1275 2130 humilia
1288 2101 1347 2137 ejus
1360 2101 1393 2129 de
1405 2100 1547 2136 profundis
1562 2101 1657 2135 ipsius.

1082 2149 1116 2177 Et
1140 2149 1210 2177 facta
1230 2148 1281 2176 fuit
1304 2152 1377 2175 terra
1397 2154 1484 2174 vacua
1505 2146 1610 2182 privata
1634 2145 1749 2174 entibus
1770 2147 1827 2174 suis

210 2190 299 2218 rando
319 2191 354 2218 de
369 2191 485 2219 adventu
502 2191 628 2226 proximo
649 2192 758 2226 diluvii,
782 2197 810 2221 et
827 2193 861 2222 de
884 2194 995 2223 interitu
1011 2192 1034 2221 D
1048 2195 1275 2232 quemadmodum
1287 2199 1345 2222 erat
1357 2193 1442 2220 initio.

209 2236 322 2271 jamjam
337 2237 480 2264 festinante
494 2241 521 2265 et
535 2238 701 2265 imminente.

245 2282 284 2310 Ea
299 2291 364 2310 vero
378 2283 430 2310 fuit
448 2283 632 2311 misericordia
648 2283 695 2311 Dei
712 2292 776 2320 erga
795 2285 865 2318 illos,
883 2290 913 2313 ut
926 2294 994 2314 con-

211 2333 383 2356 verterentur
397 2334 424 2356 et
435 2329 635 2364 resipiscerent;
650 2332 696 2358 sed
712 2338 765 2358 non
785 2339 888 2359 morem
903 2339 996 2367 gesse-

211 2379 277 2401 runt
293 2375 338 2401 tilii
353 2375 446 2402 Cainis
461 2374 582 2408 Noacho,
603 2375 631 2402 in
653 2383 686 2404 eo
703 2377 775 2411 quod
794 2377 847 2406 illis
863 2379 994 2413 praedica-

211 2418 268 2447 bat.
291 2419 324 2446 Et
346 2419 520 2454 congregavit
538 2418 614 2449 Noah
635 2428 669 2448 ex
689 2421 816 2450 omnibus
837 2422 994 2451 volucribus

211 2463 302 2490 omnis
316 2464 423 2498 generis
439 2463 513 2498 paria
534 2471 623 2493 mares
642 2469 669 2492 et
690 2465 825 2500 femellas;
849 2472 931 2503 atque
956 2469 994 2496 ita

210 2509 295 2536 etiam
312 2516 346 2536 ex
361 2509 487 2537 omnibus
504 2510 608 2544 bestiis,
629 2515 684 2539 tam
705 2513 834 2542 cicuratis
850 2522 932 2550 quam
947 2514 995 2542 sil—

209 2553 359 2588 vesuibus,
373 2555 448 2588 paria
463 2559 490 2582 et
504 2555 590 2590 paria.

508 2612 629 2641 SECTIO
652 2614 697 2642 IV.

422 2658 463 2686 Ad
481 2659 572 2687 Cenes.
586 2669 643 2695 cap.
657 2669 706 2694 vn,
720 2670 743 2689 v.
757 2662 784 2690 6.

248 2701 320 2731 Dixit
334 2703 492 2741 Hippolytus
505 2707 643 2742 expositor
658 2706 742 2743 Syrus
759 2707 878 2747 Targum
893 2720 898 2737 :
918 2708 994 2736 Inve-

213 2749 304 2778 nimus
317 2751 345 2778 in
359 2752 505 2788 exemplari
523 2753 635 2789 antiquo
649 2752 772 2790 Hebraeo,
787 2754 872 2783 Deum
893 2763 994 2791 praece-

249 2821 271 2837 ¹⁶
289 2821 356 2851 Gen.
372 2831 391 2859 I,
412 2823 439 2852 9.

1081 2241 1114 2269 Et
1129 2241 1236 2277 quidem
1249 2240 1340 2275 pluvia
1356 2239 1536 2268 descendebat
1550 2239 1706 2273 desursum,
1719 2244 1749 2267 et
1763 2244 1830 2267 terra

1046 2287 1206 2322 erumpebat
1224 2286 1362 2314 deorsum.
1380 2285 1413 2313 Et
1428 2286 1509 2321 periit
1531 2286 1695 2320 compositio
1720 2287 1829 2315 mundi,

1046 2334 1179 2369 abruptus
1194 2332 1253 2365 _fuit
1272 2332 1340 2359 ordo
1361 2331 1404 2358 ille
1427 2331 1591 2366 primitivus.
1615 2330 1771 2365 Faetusque
1792 2337 1832 2358 est

1047 2379 1176 2410 mundus,
1190 2377 1279 2413 qualis
1298 2381 1356 2404 erat
1377 2376 1410 2403 ab
1432 2376 1509 2403 initio
1525 2375 1664 2403 desolatus
1688 2376 1722 2403 ab
1744 2378 1832 2411 aquis.

1047 2432 1108 2460 qua:
1132 2424 1208 2451 illum
1231 2421 1440 2450 inundavcrunt.
1463 2420 1556 2456 Neque
1574 2422 1699 2449 relictum
1723 2421 1776 2449 fuit
1802 2430 1831 2449 ex

1048 2471 1108 2506 ejus
1121 2470 1230 2498 entibus
1246 2469 1396 2504 quidquam
1409 2467 1436 2494 in
1455 2467 1608 2502 integritate
1623 2475 1685 2495 sua.

1082 2515 1261 2544 Pessumdata
1278 2514 1329 2542 fuit
1343 2518 1478 2542 structura
1494 2514 1578 2548 prior,
1592 2519 1618 2540 et
1632 2513 1765 2541 deformis
1783 2513 1830 2539 fuit

1049 2567 1121 2590 terra
1136 2560 1218 2588 ﬂuctu
1234 2568 1367 2595 aquarum
1392 2559 1574 2594 ingruentium
1598 2567 1681 2594 super
1702 2559 1785 2590 illam,
1808 2565 1830 2584 ιι

1050 2606 1238 2643 magnitudine
1253 2605 1460 2633 inundationum
1473 2605 1542 2639 ejus,
1556 2610 1583 2632 et
1595 2605 1769 2632 multitudine
1782 2605 1829 2631 im-

1048 2653 1150 2686 brium,
1162 2658 1188 2681 et
1206 2652 1348 2687 eruptione
1368 2651 1528 2687 abyssorum
1547 2651 1616 2687 ejus,
1637 2651 1717 2687 aquis
1736 2658 1827 2686 perpe-

1048 2705 1097 2727 tuo
1117 2698 1330 2736 erumpentibus.
1353 2699 1474 2735 Denique
1490 2698 1583 2727 relicta
1602 2697 1654 2726 fuit
1670 2697 1760 2733 qualis
1772 2700 1829 2725 erat

1049 2750 1138 2774 antea.
