1860 3051
379 189 500 218 SECTIO
520 190 552 218 V.

270 235 314 261 Ad
329 233 420 263 Cenes.
437 244 494 270 cap.
511 244 571 269 vut,
586 245 608 264 υ.
625 237 651 264 1.

98 278 176 306 Dixit
191 278 366 316 Hippolytus,
381 282 520 315 expositor
535 281 665 318 Targum,
680 287 706 310 et
724 283 854 311 Dominus

57 331 153 357 meus,
169 324 290 353 Jacobus
307 326 486 355 Rohaviensis
505 336 511 354 :
527 328 664 363 Vigesimo
682 329 798 364 septimo
811 330 854 357 die

57 371 167 398 mensis
181 370 250 404 Jiar,
265 371 311 405 qui
327 375 370 399 est
384 373 487 399 mensis
501 374 637 400 secundus
648 373 786 406 Hebraeus,
797 376 852 402 ele-

55 422 125 444 vata
154 416 205 444 luit
230 425 294 445 area
321 418 356 445 ab
382 418 492 446 introitu
519 425 550 454 (a
573 420 725 457 radicibus)
751 423 853 450 montis

56 463 163 496 sancti,
178 463 291 498 jamque
307 464 378 491 illam
393 465 538 499 portabant
553 474 639 501 aquae,
657 472 684 495 et
703 476 784 502 super
800 469 852 497 illis

55 509 86 536 in
109 517 209 545 gyrum
232 510 397 537 circumacta
420 509 471 537 fuit
497 519 593 539 versus
618 518 733 547 quatuor
759 517 852 543 mundi

55 556 201 582 cardines.
219 556 290 583 Area
304 556 384 591 igitur
398 565 412 584 a
428 563 519 585 monte
536 564 631 586 sancto
642 561 752 588 tetendit
763 562 852 589 orien-

54 606 116 628 tem
136 609 244 634 versus,
262 607 317 629 tum
336 611 444 630 reversa
458 609 499 631 est
515 605 543 630 in
558 605 736 637 occidentem,
754 607 851 635 deinde

55 655 198 674 conversa
214 647 265 675 fuit
286 648 318 675 ad
334 649 485 681 meridiem,
501 649 619 684 denique
638 651 768 679 orientem
789 661 850 680 ver—

54 700 108 719 sus
128 694 244 720 tendens
260 695 363 728 appulit
385 695 418 722 ad
440 700 559 723 montem
579 696 678 729 Kardn,
697 698 740 725 die
762 699 850 733 primo

55 738 169 765 mensis
184 738 282 765 decimi
298 739 462 775 (tt).Atque
478 741 501 768 is
512 746 553 769 est
574 743 677 770 mensis
692 742 787 770 lianun
805 753 849 773 se-

53 783 182 810 cundus.
434 810 437 812 .

93 828 128 855 Et
146 836 274 863 egressus
288 833 328 856 cst
341 828 419 856 Noah
442 829 477 857 ab
497 838 560 858 arca
581 831 711 867 vigesimo
733 834 848 868 septimo

53 874 102 901 die
118 875 222 902 mensis
241 874 298 903 Jiar
321 884 393 903 anno
413 878 548 910 secundo;
566 885 628 905 nam
655 886 718 906 arca
743 885 847 908 morata

53 929 106 955 per
121 922 243 956 quinque
256 930 364 950 menses
381 924 500 958 integros
516 927 634 952 uatanrlo
649 926 788 954 ﬂuctuavit
802 936 847 955 su-

53 975 103 1002 per
120 975 218 1002 aquas,
232 973 258 995 et
279 970 367 1004 spatio
389 970 494 997 dierum
512 972 708 1007 quinquaginta
724 980 750 1001 et
766 974 847 1002 unius

53 1014 164 1047 appulit
184 1014 218 1040 ad
236 1019 347 1041 terram.
366 1014 459 1050 Neque
476 1023 570 1050 postea
586 1018 675 1046 adhuc
695 1019 845 1047 iluctuavil.

54 1059 110 1085 Sed
139 1061 329 1087 tantummodo
355 1062 510 1089 successive
531 1063 646 1091 obversa
675 1065 725 1093 fuit
750 1073 846 1094 versus

52 1109 177 1139 quatuor
189 1107 313 1134 cardines
330 1112 418 1141 teme,
431 1116 462 1136 ac
476 1109 593 1145 denique
611 1111 706 1138 iterum
726 1113 847 1140 substitit

51 1151 190 1178 orientem
211 1159 316 1181 versus.
338 1153 457 1182 Dicimus
477 1160 566 1183 autent
586 1156 613 1183 id
634 1156 719 1185 fuisse
738 1159 844 1194 signum

51 1197 157 1224 crucis.
175 1197 245 1224 Area
265 1203 353 1225 autem
373 1199 424 1226 fuit
449 1201 535 1228 instar
555 1202 666 1236 Christi,
681 1204 728 1238 qui
747 1213 845 1240 exspe-

51 1243 194 1270 ctabatur.
212 1243 257 1270 llla
277 1245 348 1271 enim
371 1253 434 1273 area
455 1243 506 1273 fuit
529 1254 610 1274 causa
627 1249 721 1276 salutis
743 1249 844 1279 Noaehi

50 1293 79 1314 et
95 1289 216 1316 ﬁliorum
235 1290 312 1324 ejus;
331 1292 451 1326 itemque
463 1293 660 1328 jumentorum,
677 1296 807 1331 ferarum,
818 1304 845 1326 et

49 1334 218 1362 volatilium.
232 1335 358 1364 Christus
376 1343 483 1370 autem,
507 1341 615 1374 quando
631 1349 728 1376 passus
747 1342 798 1371 fuit
816 1344 842 1371 in

51 1388 149 1413 cruce,
175 1380 301 1411 liberavit
325 1393 375 1412 nos
398 1393 414 1412 a
439 1386 600 1416 criminibus
622 1391 649 1413 et
671 1389 799 1422 peccatis,
816 1394 843 1417 et

51 1425 142 1452 abluit
156 1434 207 1454 nos
225 1427 252 1455 in
269 1431 401 1464 sanguine
418 1439 468 1458 suo
482 1431 640 1466 purissimo.

89 1471 123 1498 Et
136 1475 365 1507 quemadmodum
380 1484 487 1504 reversa
503 1477 552 1504 fuit
567 1485 630 1505 arca
649 1478 675 1506 in
698 1480 840 1514 orientem,

50 1516 214 1551 appulitque
222 1518 256 1545 ad
269 1524 387 1547 montem
394 1520 485 1548 Kardu
498 1521 564 1557 (£2);
577 1523 613 1550 ita
625 1523 704 1551 etiam
714 1524 839 1554 Christus

50 1563 175 1597 perlecta
194 1569 222 1591 et
235 1566 368 1600 completo
379 1574 470 1601 opere,
487 1568 558 1602 quod
580 1569 632 1597 sibi
649 1577 838 1605 proposuerat,

50 1616 182 1638 reversus
195 1615 237 1637 est
250 1611 276 1638 in
288 1612 385 1639 ctelum
403 1613 430 1640 in
446 1613 535 1640 sinum
551 1614 638 1643 Patris
653 1617 705 1649 sui,
719 1619 753 1653 ζει
771 1619 840 1646 sedit

50 1666 137 1692 super
151 1657 221 1685 solio
237 1658 330 1692 gloriae
342 1666 399 1685 sua:
411 1659 443 1686 ad
457 1660 577 1688 dextram
589 1661 688 1689 Patris.

87 1703 185 1737 Quoad
200 1708 318 1730 montem
328 1703 429 1737 Kardu,
443 1705 465 1732 is
478 1710 519 1733 est
530 1706 557 1732 iu
570 1707 673 1735 oriente
690 1708 717 1735 in
729 1708 839 1744 regione

48 1750 172 1777 ﬁliorum
189 1749 292 1781 Rabaa,
309 1751 497 1786 appellantque
510 1752 584 1780 illum
595 1752 747 1782 Orientales
760 1763 838 1783 mon-

49 1804 106 1825 tem
122 1798 234 1826 Godash
251 1798 441 1835 (Cardywum),
462 1805 560 1828 vocant
575 1806 665 1829 autem
685 1802 789 1831 Arabes
810 1807 838 1831 et

45 1844 142 1872 Persae
157 1846 255 1872 Ararat
266 1846 333 1882 (15).

85 1890 121 1918 Et
134 1896 177 1918 est
191 1891 296 1923 civitas,
313 1891 356 1919 cui
371 1899 468 1919 nomen
485 1895 526 1920 est
542 1891 683 1926 Kardu,et
692 1901 772 1922 mons
785 1894 837 1922 iste

45 1938 83 1966 ab
98 1945 132 1966 ea
150 1937 191 1965 sic
209 1938 368 1972 appellatur,
384 1938 430 1973 qui
450 1938 558 1973 quidem
580 1939 729 1967 altissimus
746 1945 787 1968 est
807 1945 835 1969 et

45 1982 259 2016 inaccessiliilis,
276 1983 308 2010 ad
323 1983 401 2017 cujus
415 1984 544 2011 verticem
559 1991 640 2011 nemo
653 1992 772 2020 unquam
786 1994 835 2022 po.

46 2030 102 2058 tuit
118 2029 266 2056 ascendere
281 2034 391 2064 propter
408 2029 461 2056 vim
478 2033 621 2057 ventorum
637 2034 664 2057 et
681 2031 752 2059 aeris
767 2040 833 2067 pro-

45 2076 195 2107 cellarum,
212 2083 272 2110 quaa
287 2075 324 2102 ibi
341 2079 472 2110 perpetuo
488 2080 611 2111 regnant.
634 2076 711 2110 Quod
726 2077 750 2105 si
771 2078 833 2113 quis

44 2129 141 2152 autem
161 2122 333 2150 attentaverit
354 2123 552 2155 conscendere,
574 2123 681 2151 irruunt
703 2124 732 2152 in
756 2125 830 2153 illum

44 2170 201 2200 daemones,
215 2172 243 2194 et
255 2167 289 2195 de
306 2167 407 2195 montis
420 2167 486 2202 jugo
504 2167 531 2195 in
552 2168 689 2203 planitiem
706 2171 830 2205 prtecipi-

493 130 706 159 FRAGMENTA
725 131 839 160 DUBlA.
858 146 893 151 —
906 131 1145 159 PENTATEUCl-l.
1166 130 1267 158 ARAB.

1642 135 1693 162 710

871 194 897 223 Α
946 191 1045 218 Deinde
1059 191 1198 218 admonuit
1210 191 1280 218 Deus
1298 191 1397 218 Mosem
1410 191 1504 220 dicens
1515 193 1556 220 ei:
1570 194 1694 221 Ascende

905 236 933 263 in
952 243 1071 264 montem
1084 236 1170 270 Nebo,
1187 237 1233 271 qui
1250 237 1358 271 quidem
1377 238 1499 272 cognitus
1519 243 1561 266 est
1582 240 1695 266 nomine

905 283 1006 309 montis
1026 281 1210 315 Hebraeorum,
1223 283 1268 317 qui
1291 288 1333 310 est
1357 283 1385 310 in
1409 288 1481 311 terra
1497 283 1576 311 Moab
1597 289 1694 312 centra

905 327 1001 354 faciem
1017 327 1135 354 Jericho.

939 373 972 400 Et
986 374 1053 400 dixit
1067 375 1091 401 ei
1106 383 1111 400 :
1127 374 1318 408 Contemplare
1332 378 1431 402 terram
1445 375 1586 410 Chanaan,
1606 384 1691 412 quam

903 425 952 453 ego
967 419 1080 446 daturus
1105 426 1165 445 sum
1191 418 1253 445 ﬁliis
1275 418 1356 445 Israel
1381 419 1407 445 in
1431 419 1626 446 ba‘rcditatem.
1651 419 1691 446 'l‘u

902 474 968 493 vero
990 474 1161 501 nequaquam
1188 466 1348 500 ingredieris
1371 466 1397 492 iu
1421 467 1504 498 illam,
1526 472 1690 501 quapropter

903 511 1008 538 intuere
1016 512 1088 538 illam
1098 511 1210 546 alonge.
1220 511 1288 537 Cum
1302 518 1366 545 ergo
1378 513 1607 547 contemplaretur
1616 513 1688 539 illan:

902 556 1002 588 Moses.
1024 557 1091 584 vidit
1108 557 1181 583 illam
1200 562 1298 583 terram
1310 577 1317 589 ,
1335 562 1432 584 terram
1447 558 1578 585 virentem
1589 579 1597 590 ,
1614 559 1688 585 olnui

901 604 978 637 copia
993 608 1020 630 et
1033 603 1155 629 ubertate
1175 603 1374 635 abundantem,
1394 603 1581 638 frequentibus
1597 606 1688 632 cousi-

902 654 954 677 tam
970 649 1123 682 arboribus,
1136 654 1162 676 et
1175 650 1314 684 obstupuit
1326 649 1413 676 Moses
1425 655 1451 677 et
1469 650 1549 676 ﬂevit.

936 695 967 721 Et
980 703 1041 722 cum
1059 695 1245 722 descendisset
1261 695 1348 722 Moses
1370 696 1403 722 de
1428 701 1518 722 monte
1535 695 1620 727 Nebo,
1638 704 1684 723 vo«

899 741 970 768 cavit
990 740 1101 767 Josuam
1118 740 1201 767 lilium
1219 739 1290 772 Nun,
1317 745 1343 767 et
1367 740 1435 767 dixit
1461 741 1485 768 ei
1509 749 1599 768 coram
1624 742 1686 769 liliis

898 786 1000 814 lsrael:
1017 786 1176 814 Confortare
1199 791 1225 813 et
1242 792 1301 814 esto
1321 787 1459 815 robustus.
1485 788 1525 814 Tu
1547 788 1619 814 enim
1645 789 1686 815 in-

899 833 1073 860 troducturus
1085 840 1113 860 es
1126 833 1194 859 lilios
1208 832 1288 859 Israel
1305 833 1331 861 iu
1344 838 1444 860 terram
1465 841 1546 868 quant
1560 835 1686 868 premisit

864 867 884 894 Β
900 878 971 906 Deus
985 879 1106 913 patribus
1122 887 1227 919 eorum,
1244 887 1272 905 se
1288 879 1342 906 illis
1356 879 1482 906 daturum
1500 879 1526 906 in
1543 880 1684 907 Ita-redita-

898 929 963 951 tem.
981 923 1020 951 Ne
1035 932 1099 959 ergo
1114 924 1210 951 timeas
1223 932 1237 950 a
1252 925 1370 959 populis,
1386 933 1473 960 neque
1488 925 1648 953 reformides
1669 935 1684 954 a

898 970 1037 1004 gentibus;
1053 976 1114 996 nam
1130 969 1200 996 Deus
1214 970 1265 996 erit
1282 974 1381 996 tecum.

933 1015 964 1041 Et
980 1014 1090 1048 scripSit
1104 1013 1190 1042 Moses
1203 1015 1275 1041 illam
1290 1014 1408 1042 Seunam
1423 1014 1479 1049 (14)
1493 1014 1586 1049 (Hebr.
1599 1022 1684 1047 mwg

897 1060 1086 1088 secundariam
1102 1061 1199 1096 legem,
1217 1061 1274 1088 sive
1287 1060 1548 1097 Deuteronomium),
1561 1062 1685 1089 tradidit-

896 1115 948 1142 quc
965 1107 1038 1134 illam
1055 1107 1241 1135 sacerdotibus
1257 1107 1318 1135 liliis
1338 1107 1412 1141 Levi,
1436 1109 1615 1144 praecepitque
1631 1110 1684 1137 illis

895 1153 988 1180 dicens
1000 1162 1005 1179 ι
1021 1152 1112 1188 Usque
1120 1153 1152 1180 ad
1163 1159 1264 1188 septem
1281 1162 1367 1181 annos
1383 1154 1518 1181 occultate
1532 1154 1603 1182 hanc
1614 1156 1683 1182 Scu-

894 1207 969 1232 nam,
990 1207 1078 1233 neque
1098 1199 1276 1226 ntauil'estetis
1292 1199 1365 1226 illam
1386 1199 1414 1226 in
1436 1199 1542 1235 integro
1564 1200 1681 1228 decursu

894 1248 996 1279 septem
1006 1251 1149 1271 annorum.
1161 1243 1304 1279 (Tuncque)
1317 1246 1342 1271 in
1356 1245 1424 1272 festo
1432 1245 1681 1274 Tabernaculorum

894 1290 982 1326 legent
999 1291 1152 1318 sacerdotes
1166 1290 1211 1317 lilii
1229 1289 1292 1317 Levi
1316 1291 1385 1318 banc
1401 1291 1486 1326 legem
1502 1299 1593 1318 coram
1617 1293 1681 1319 ﬁliis

894 1336 987 1368 Israel,
1003 1341 1031 1363 ut
1049 1337 1202 1368 observent,
1220 1337 1309 1363 omnis
1322 1337 1447 1371 populus,
1460 1341 1513 1364 tam
1527 1332 1586 1370 viri,
1597 1347 1680 1373 quam

893 1381 1013 1413 femina},
1033 1390 1173 1410 sermones
1188 1382 1245 1409 Dei.
1260 1382 1390 1417 Praeeipe,
1407 1388 1436 1410 ut
1450 1384 1606 1411 custodiant
1621 1393 1681 1411 ver-

892 1427 955 1455 bum
969 1428 1026 1460 Dei,
1036 1429 1107 1462 quod
1121 1433 1162 1455 est
1175 1428 1201 1454 iu
1216 1428 1259 1455 illa
1272 1428 1481 1463 lege.,Quisquis
1494 1434 1583 1456 autem
1595 1430 1681 1458 viola-

891 1474 961 1500 verit
973 1481 1054 1500 unum
1075 1482 1106 1500 ex
1129 1473 1189 1501 istis
1203 1474 1353 1508 praaceptis,
1369 1478 1427 1501 esto
1439 1475 1607 1503 maledictus.

927 1518 1074 1554 Postquam
1088 1518 1178 1553 itaque
1194 1519 1386 1554 complevisset
1400 1519 1489 1548 Moses
1501 1521 1678 1556 scriptionem

890 1565 968 1600 legis,
989 1564 1098 1591 tradidit
1119 1565 1192 1591 illam
1215 1564 1306 1592 Josute
1326 1566 1383 1593 tilio
1397 1565 1467 1596 Nun.
1490 1569 1673 1601 praecpitqu

890 1615 920 1638 ut
941 1610 1058 1638 traderet
1080 1619 1139 1637 eam
1160 1611 1222 1638 liliis
1243 1611 1307 1638 Levi
1326 1613 1522 1640 sacerdotibus.
1545 1612 1677 1648 Przeceplt

889 1665 998 1692 quoque
1013 1656 1066 1683 illis
1086 1656 1173 1684 Moses
1196 1661 1222 1684 et
1241 1657 1333 1692 jussit,
1350 1661 1380 1684 ut
1403 1663 1564 1692 reponerent
1577 1659 1675 1686 librum

887 1701 955 1736 legis
975 1701 1046 1729 intra
1064 1708 1154 1728 arcam
1172 1701 1282 1730 foederis
1301 1702 1424 1737 Domini,
1445 1708 1476 1731 ut
1495 1704 1533 1731 ibi
1554 1709 1677 1732 maneret

887 1748 916 1775 in
932 1747 1119 1774 testimonium
1136 1747 1162 1774 in
1175 1752 1317 1775 aeternum.

921 1792 1045 1828 Cumque
1064 1794 1145 1820 linem
1160 1794 1333 1829 praecipiendi
1354 1793 1463 1822 fecisset
1479 1794 1577 1828 Moses,
1590 1796 1675 1831 jussit

886 1839 910 1866 ei
925 1837 997 1869 Deus
1015 1843 1048 1867 ut
1070 1839 1228 1866 ascenderet
1243 1840 1269 1866 in
1284 1844 1404 1867 montem
1420 1840 1507 1874 Nebo,
1523 1841 1569 1876 qui
1583 1847 1624 1869 est
1639 1850 1673 1869 ex

886 1883 1002 1912 adverso
1019 1883 1137 1911 Iericho.
1163 1883 1287 1911 Ostendit
1305 1885 1343 1912 illi
1367 1885 1498 1914 Dominus
1517 1888 1673 1915 universam

885 1934 986 1957 terram
1008 1929 1198 1965 promissionis
1220 1938 1236 1958 a
1259 1935 1377 1966 quatuor
1392 1932 1549 1960 cardinibus
1568 1933 1638 1967 ejus,
1658 1942 1674 1961 a

884 1975 991 2003 deserto
1005 1984 1091 2011 usque
1104 1977 1137 2004 ad
1152 1985 1237 2009 mare,
1255 1982 1281 2005 et
1304 1985 1319 2004 a
1342 1978 1411 2005 mari
1430 1985 1515 2013 usque
1530 1978 1564 2006 ad
1585 1987 1669 2006 mare.

884 2020 1011 2056 Dixitque
1026 2021 1064 2049 illi
1081 2021 1153 2049 Deus
1170 2031 1176 2049 :
1193 2021 1234 2049 Tu
1256 2023 1364 2058 quidem
1384 2023 1457 2050 illam
1474 2024 1565 2051 vidisti
1586 2025 1672 2055 oculis

884 2067 949 2101 tuis,
964 2072 992 2095 at
1003 2075 1067 2095 vero
1080 2076 1252 2103 nequaquam
1273 2069 1434 2104 ingredieris
1449 2069 1475 2096 in
1495 2070 1581 2097 illam.
1601 2070 1672 2097 Mor-

881 2117 946 2141 tuus
966 2118 1008 2141 est
1028 2114 1119 2149 itaque
1140 2115 1195 2142 illic
1216 2114 1315 2146 Moses.
1332 2122 1427 2143 servus
1446 2115 1504 2148 Dei,
1516 2115 1595 2150 jussu
1611 2116 1668 2144 Dei.

882 2157 916 2185 Et
930 2159 1093 2193 sepelierunt
1112 2167 1174 2186 eum
1193 2159 1280 2193 angeli
1302 2159 1329 2186 in
1346 2163 1438 2186 monte
1451 2158 1542 2192 Nebo,
1557 2159 1605 2194 qui
1627 2165 1670 2186 est

44 2221 101 2242 tem
123 2214 264 2250 dejiciunt,
279 2218 306 2240 et
323 2214 448 2241 moritur.
461 2212 546 2241 Nemo
558 2219 647 2241 autem
661 2215 751 2249 novit,
767 2204 833 2252 quid
849 2217 871 2246 Ι)
883 2204 1044 2252 εχξὼίθτδο
1055 2204 1121 2232 Beth
1132 2204 1247 2252 Phegorf

42 2263 80 2290 sit
106 2261 135 2287 in
160 2259 302 2294 superﬁcie
325 2259 437 2292 montis,
451 2260 504 2287 nisi
527 2260 600 2294 quod
622 2262 746 2295 quaedam
768 2263 833 2289 reli-

42 2307 117 2340 quia:
132 2305 199 2339 ligni
218 2304 295 2331 Area:
309 2304 398 2332 adhuc
409 2305 501 2340 jacent
521 2305 547 2332 in
564 2306 705 2340 superﬁcie
723 2307 834 2335 verticis

43 2350 157 2377 montis.

351 2395 475 2424 SECTIO
492 2395 527 2424 X.

235 2441 277 2468 Ad
294 2440 371 2469 Deut.
388 2450 445 2477 cap.
462 2450 563 2474 xum.
576 2451 599 2470 υ.
617 2444 643 2471 1.

79 2486 155 2514 Dixit
171 2486 333 2522 Hippolytus
348 2487 486 2524 expositor
499 2488 629 2524 Targum,
643 2491 713 2525 quod
731 2490 830 2522 Moses,

43 2541 107 2560 cum
122 2533 287 2561 absolvisset
303 2534 374 2562 hanc
394 2535 574 2569 prophetiam,
593 2536 729 2564 benedixit
749 2537 829 2563 etiam

43 2587 127 2614 super
145 2587 242 2607 omnes
261 2580 330 2607 iilios
343 2579 436 2613 Israel,
450 2589 498 2616 per
513 2582 634 2617 singulas
652 2582 739 2610 tribus
756 2591 830 2610 seor-

43 2624 108 2657 sim,
123 2629 150 2653 et
165 2630 293 2660 precatus
305 2630 347 2653 est
361 2633 410 2661 pro
423 2626 486 2654 illis.

82 2723 136 2760 (ll)
153 2725 192 2751 ita
203 2723 322 2758 Targum
334 2724 524 2752 OukelosGen.
539 2733 598 2757 vnt,
613 2725 639 2752 4.
654 2724 770 2760 Targum
783 2724 829 2752 Jo-

45 2758 216 2836 “$313.,
202 2764 322 2836 1Palrgum
337 2800 454 2829 Onkelos
468 2801 536 2829 Gen.
552 2809 612 2833 viti,
626 2801 652 2828 4.

79 2841 134 2879 (15)
143 2842 176 2871 ν.
187 2843 291 2870 Fuller.
304 2842 379 2870 Misc.
393 2842 480 2876 Satn,
491 2843 537 2871 lib.
551 2851 569 2878 ι,
584 2852 608 2871 c.
622 2843 649 2876 ι,
662 2847 687 2871 et
700 2843 825 2872 Boehart.

919 2250 953 2278 Et.
975 2258 1055 2277 nemo
1079 2250 1154 2278 novit
1177 2250 1330 2285 sepulcrum
1352 2249 1410 2284 ejus
1430 2257 1518 2284 usque
1539 2249 1573 2276 ad
1595 2248 1668 2277 hunc

884 2296 965 2324 diem.
979 2297 1130 2324 Occultavit
1146 2296 1218 2323 enim
1233 2296 1304 2322 Deus
1321 2295 1474 2329 sepulcrum
1491 2294 1561 2329 ejus.

919 2340 993 2368 Vixit
1006 2346 1097 2368 autem
1113 2341 1201 2368 Moses
1215 2345 1323 2368 centum
1338 2345 1365 2368 et
1384 2340 1478 2375 viginti
1498 2347 1602 2373 annos;
1620 2348 1667 2366 ne-

881 2394 936 2421 que
957 2387 1122 2422 caligaverat
1143 2387 1217 2414 visus
1239 2386 1309 2421 ejus,
1334 2394 1421 2421 neque
1443 2390 1587 2420 corrugata
1608 2390 1667 2413 erat

881 2433 959 2468 pellis
972 2434 1062 2461 vultus
1076 2433 1145 2468 ejus.

916 2480 1041 2507 Mortuus
1057 2478 1108 2506 fuit
1123 2478 1210 2507 Moses
1230 2479 1274 2506 die
1292 2478 1410 2514 quodam
1426 2479 1493 2506 hora
1509 2478 1587 2506 tertia
1601 2478 1664 2510 diei,

881 2528 997 2563 septimo
1012 2528 1055 2555 die
1068 2526 1170 2554 mensis
1188 2526 1310 2559 secundi,
1325 2527 1369 2561 qui
1383 2529 1424 2553 est
1437 2526 1536 2553 mensis
1548 2525 1612 2552 Jiar.

917 2578 950 2606 Et
963 2578 1100 2606 lamentati
1115 2582 1178 2605 sunt
1193 2585 1275 2612 super
1285 2585 1316 2605 eo
1330 2577 1376 2604 11111
1391 2575 1497 2604 lsraelis
1512 2576 1539 2603 in
1556 2583 1664 2611 campe-

880 2625 981 2653 stribus
992 2624 1070 2652 Moab
1083 2633 1130 2660 per
1143 2630 1196 2652 tres
1209 2625 1278 2651 dies.

878 2726 990 2761 Phaleg.
1007 2733 1033 2759 p.
1047 2725 1093 2753 ‘2‘2.

914 2795 971 2830 (14)
990 2793 1046 2821 Hoc
1054 2792 1395 2830 nomine__Mohammcdani
1411 2799 1475 2820 suas
1491 2789 1663 2819 Traditiones

879 2827 1012 2866 appellant
1028 2833 1126 2870 praeter
1141 2827 1320 2857 Alltorauum.
