1860 3051
84 51 140 79 713

576 56 786 84 FRAGMENTA
814 57 926 85 DUBlA.
941 73 977 77 —-
996 58 1029 85 IN
1046 59 1211 87 PSALMOS.

1649 65 1698 93 7M

83 113 231 149 ἐπιγραφὴ
239 114 270 141 οὐ
285 115 431 150 πρόκειται
447 117 545 148 αὐτῶν,
561 118 620 152 ἥτις
634 118 718 149 οὓτως
733 119 799 154 ἔχει,
818 120 847 145 Τί

923 120 1088 154 praaponitur
1113 121 1155 148 vel
1180 121 1381 155 simplicissima
1409 123 1549 159 inscriptio
1569 125 1597 152 in
1628 126 1699 154 lmue

82 159 179 185 Δαυίδ
191 161 321 195 ψαλμὸς,
338 161 354 196 ἢ
373 161 428 188 Τοῦ
442 162 540 195 Δαυὶδ,
553 165 637 199 χωρὶς
652 166 741 200 πάσης
754 165 872 201 προσθή-

82 213 155 239 κης;
180 206 382 242 Ὑπενοήσαμεν
405 208 433 234 δὲ
452 209 518 235 ὅπου
541 209 610 245 αὕτη
636 211 702 246 μόνη
732 211 869 247 ἐπιγραφή

81 251 171 284 ἐστιν,
187 252 227 279 ὅτι
243 251 304 279 οὔτε
319 253 424 288 ψαλμός
437 254 494 280 ἐστι
510 255 541 281 τὸ
556 255 708 291 λεγόμενον,
726 257 786 283 οὔτε
803 258 868 293 ᾠδὴ,

81 296 154 322 ἀλλὰ
168 297 246 331 λόγος
261 306 303 329 τις
318 299 346 331 ἐξ
361 300 439 331 ἁγίου
451 301 616 337 Πνεύματος,
629 302 761 337 ὡφελείας
777 304 868 330 ἕνεκεν

80 342 134 376 τῆς
149 343 196 369 τοῦ
210 343 357 379 δυναμένου
371 346 487 372 συνιέναι
503 347 756 383 ἀναγεγραμμένος.
767 348 867 375 Ἦλθεν

80 388 111 414 δὲ
141 390 182 420 είς
213 390 518 432 ἐραίοὲινὺς
535 431 541 432 7
547 388 875 432 παρέμῇεις-Ξε

79 429 788 475 τελεύταῖωῗῖἦῆάπῆἷᾶνῖἦπίγραᾶι
800 461 807 472 ,
827 438 866 471 εἷς

77 472 330 515 δὲ”ὗ-’τῖρδτιούτων
342 482 395 509 τῶν
414 472 605 520 άνεπιγράφων
622 472 776 522 ἐπιγραφήν
798 487 863 522 ἔχει,

81 524 140 551 Τοῦ
157 525 262 558 Δαυὶὸ,
282 526 373 561 ἔλεγεν
394 529 535 561 κάκείνους
551 531 604 558 άπὸ
622 532 711 558 κοινοῦ
731 531 864 567 λαμϐανο-

77 570 195 604 μένους,
220 571 267 597 τοῦ
289 573 370 600 Δαυὶδ
391 575 488 607 αὐτοὺς
511 576 565 602 δεῖν
585 578 751 612 νομίζεσθαι.
769 580 823 606 Καὶ
839 581 863 606 εὶ

74 615 153 642 τοῦθ’
175 617 277 649 οὕτως,
303 619 446 647 ἀκόλουθόν
470 622 563 654 ἐστιν,
579 624 642 654 τοὺς
664 624 863 660 ἀνεπιγράφους

75 660 192 688 ἐκείνων
207 660 285 695 εἶναι,
297 661 334 691 ὧν
351 666 376 691 οἱ
390 666 443 701 πρὸ
459 667 547 693 αὐτῶν
563 668 632 694 κατὰ
644 670 694 704 τὴν
708 671 862 707 ἐπιγραφὴν

73 707 170 738 καλῶς
186 709 254 736 εἰσὶν
278 712 473 746 νενομισμένοι.
499 714 651 750 Ψαλτήριον
670 716 698 742 δὲ
717 717 766 752 τὴν
790 727 860 754 παρ-

73 751 161 779 οῦσαν
189 754 242 780 τῶν
264 755 385 791 Ψαλμῶν
409 757 497 792 βίῆλον
521 761 535 786 ὁ
551 761 695 797 Προφήτης

195 799 273 834 μόνον
299 802 364 835 φασὶ
396 803 442 829 ἐπὶ
471 806 527 836 τοῖς
563 809 700 840 μουσικοῖς
735 797 858 844 ὀργάνοις

73 843 180 870 ἄνωθεν
197 845 356 881 ἐπιφέρεται
369 847 415 873 τὸν
430 849 590 884 ἐνεργοῦντα
605 851 703 885 χαλκὸν
719 843 766 887 τὴν
786 854 858 888 ἀπή·-

73 898 166 924 χησιν,
180 891 227 917 καὶ
240 891 289 918 οὐκ
309 893 341 918 ὲκ
359 893 412 920 τῶν
434 894 521 927 κάτω,
535 898 591 928 τοῖς
608 897 696 929 ἄλλοις
712 899 856 934 παραπλη-

74 934 151 965 σίως.
163 936 219 962 Ἱνα
230 935 275 963 οὖν
290 937 339 972 τὴν
353 938 496 973 ἀναλογίαν
510 941 558 976 τῆς
572 942 697 978 τοιαύτης
711 944 856 979 ὀνομασίας

71 981 98 1005 οἱ
121 981 311 1017 μεμαθηκότες
340 985 404 1011 αὐτὸ
430 985 570 1019 φυλάττειν
603 989 785 1021 σπουδάζωσι,
810 991 856 1016 καὶ

73 1027 144 1061 πρὸς
157 1027 192 1054 τὰ
207 1028 262 1055 ἂνω
283 1029 426 1063 βλέπωσιν,
445 1031 505 1058 ὅθεν
518 1034 654 1070 ἀπηχήθη,
670 1026 764 1062 τούτου
777 1037 855 1072 χάριν

73 1072 230 1109 Ψαλτήριον
245 1077 456 1113 προσηγόρευσε.
472 1080 523 1105 Τοῦ
546 1080 598 1116 γὰρ
621 1082 752 1114 παναγίου
770 1083 853 1108 1]νεύ-

73 1127 160 1152 ματος
169 1120 305 1156 άπήχησίς
317 1124 389 1149 ἐστιν
404 1124 474 1156 ὅλον,
487 1127 532 1152 καὶ
549 1127 675 1161 φθόγγος.

108 1243 145 1268 l".
163 1244 238 1270 Διατί
253 1245 280 1271 δέ
300 1247 368 1273 είσιν
381 1248 477 1275 ἕκατον
492 1252 656 1286 πεντήκοντα
672 1252 850 1290 ἐξετάσωμεν.

75 1287 106 1315 Ὀ
119 1290 286 1325 πεντήκοντα
302 1293 416 1328 ἀριθμὸς
427 1295 467 1320 ὅτι
483 1295 555 1322 ἔστιν
572 1297 653 1332 ἱερὸς,
670 1299 698 1325 έν
716 1300 763 1334 μὲν
785 1287 853 1336 ἦμέ-

71 1342 133 1369 ραις
147 1335 225 1370 δῆλον
246 1336 295 1371 τῆς
317 1338 533 1375 πολυθρυλλήτου
558 1343 758 1378 Πεντηκοστῆς,
777 1345 851 1372 λύσιν

69 1379 160 1406 πόνων
169 1401 177 1412 ,
206 1382 253 1408 καὶ
271 1383 439 1420 εὐφροσύνην
459 1389 652 1423 σημαινούσης,
674 1391 772 1426 Διόπερ
792 1392 851 1418 οὐδὲ

68 1426 210 1460 νηστεύειν
224 1428 253 1453 ὲν
267 1428 379 1461 ταύταις
393 1431 532 1466 κέκριται,
550 1434 609 1459 οὐδὲ
626 1434 725 1461 κλίνειν
739 1436 849 1470 γόνατα.
864 1455 885 1483 C

69 1471 193 1483 vi..£‘_\_
220 1473 249 1483 ,,\
331 1475 343 1480 κ
464 1479 480 1483 ..
641 1481 645 1483 .

69 1471 195 1506 Σύμϐολα
219 1473 273 1509 γὰρ
294 1475 378 1502 ταῦτα
403 1479 521 1514 μεγάλης
541 1481 718 1516 πανηγύρεως
740 1483 849 1509 ἀποκει-

70 1517 156 1564 μένης
171 1519 199 1545 ἐν
216 1521 272 1551 τοῖς
288 1516 436 1555 μέλλουσιν.
451 1521 500 1550 Ὧι
518 1525 580 1552 σκιὰ
594 1527 663 1553 κατὰ
677 1527 721 1553 τὸν
739 1529 849 1564 ,Ἰσραὴλ

67 1561 102 1598 ἦν
117 1565 164 1590 ἐπὶ
186 1566 238 1600 γῆς
254 1567 376 1600 ἐνιαυτὸς
398 1570 412 1595 ὁ
434 1570 598 1606 καλούμενος
622 1575 685 1609 παρ’
716 1561 847 1610 Ἑϐραίοις

74 1608 186 1655 Ἰωϐὴλ,
200 1612 214 1637 ὁ
239 1615 420 1648 πεντηκοστὸς
433 1615 540 1652 ἀριθμῷ
562 1618 682 1650 ἐνιαυτὸς
702 1608 845 1655 τυγχὼοει,

65 1653 168 1682 δούλων
188 1656 352 1693 ἐλευθερίας,
370 1661 417 1686 καὶ
440 1663 526 1697 χρεῶν
548 1664 689 1696 ἀποκοπὰς
706 1653 784 1701 ἔχων,
800 1669 847 1694 καὶ

66 1701 95 1726 εῐ
106 1709 133 1727 τι
146 1702 219 1729 ἄλλο.
236 1703 272 1730 Τὸ
285 1705 355 1740 ἱερὸν
369 1705 397 1732 δὲ
410 1706 574 1741 Εὐαγγέλιον
588 1708 656 1736 οἶδεν
672 1710 767 1746 ἄφεσιν
781 1721 846 1739 πεν-

64 1749 238 1783 τηκοντάδος,
255 1751 303 1777 καὶ
319 1752 365 1778 τοῦ
383 1755 528 1787 συγγενοῦς
543 1756 616 1791 αὐτῷ
628 1775 637 1787 ,
652 1758 699 1784 καὶ
712 1767 844 1794 παρακει-

66 1794 148 1828 μένου
163 1795 278 1830 ἀριθμοῦ
292 1801 515 1826 πεντακοσιοστοῦ
529 1809 535 1816 '
551 1802 581 1827 οὺ
602 1803 656 1838 γάρ
679 1804 765 1839 μάτην
782 1814 845 1831 πεν-

62 1841 183 1875 τήκοντα
198 1842 340 1878 δηναρίων,
357 1846 404 1872 καὶ
422 1847 604 1874 πεντακοσίων
618 1849 713 1882 ἄφεσις
734 1850 842 1878 δίδοται.

62 1885 158 1915 Οὕτως
183 1886 246 1919 οὖν,
262 1890 308 1915 καὶ
330 1891 392 1921 τοὺς
419 1891 517 1926 ὕμνους
545 1893 608 1924 τοὺς
630 1895 669 1925 εἰς
694 1894 774 1927 Θεὸν,
799 1896 844 1922 ἐπὶ

61 1932 222 1968 καθαιρέσει
236 1934 350 1970 ἐχθρῶν,
364 1936 410 1962 καὶ
427 1937 585 1973 εὐχαριστίᾳ.
598 1940 631 1974 τῇ
644 1939 713 1965 κατὰ
728 1940 777 1971 τὰς
796 1941 842 1967 τοῦ

60 1978 130 2005 Θεοῦ
145 1980 310 2014 εὐεργεσίας,
327 1982 410 2017 ἐχρῆν
428 1983 562 2018 περιέχειν
576 1985 607 2011 οὐ
621 1985 683 2020 μίαν
698 1995 844 2021 πεντηκον-

59 2025 140 2056 τάδα,
155 2025 223 2052 ἀλλὰ
237 2028 321 2061 τρεῖς,
336 2028 376 2059 είς
389 2028 473 2064 ὄνομα
493 2029 613 2065 Πατρὸς,
633 2032 678 2057 καὶ
694 2032 757 2058 Υὶοῦ
767 2053 774 2065 ,
796 2035 842 2060 καὶ

60 2071 141 2104 ἁγίου
152 2071 317 2106 Πνεύματος.

717 763 839 798 ὠνόμασε
850 785 858 798 ,
875 789 896 816 Β

923 166 1031 192 modum
1046 172 1193 201 concepta,
1221 167 1331 194 Davidis
1354 169 1470 203 psalmus
1494 172 1550 197 sive
1572 171 1698 205 Davidis,

921 209 1023 245 absque
1041 211 1095 239 ullo
1107 220 1221 247 prorsus
1235 213 1438 241 additamento?
1452 215 1538 250 Atque
1563 216 1619 244 haac
1639 217 1699 244 ubi-

920 262 1027 290 cunque
1047 257 1104 282 sola
1128 258 1248 284 occurrit
1262 258 1418 293 inscriptio,
1441 260 1568 294 suspicati
1585 269 1697 294 sumus,

920 308 1007 335 neque
1027 302 1159 335 psa!mum
1184 303 1335 337 subjectum
1359 312 1428 335 esse.
1449 313 1534 340 neque
1550 307 1695 340 canticum,

919 350 946 372 at
969 354 1121 374 sermonem
1147 349 1290 382 quemdam
1319 349 1348 376 S.
1374 350 1491 385 Spiritus
1506 351 1597 383 ductu,
1624 353 1697 380 illius

918 392 1004 425 gratia
1017 393 1193 428 divulgatum.
1203 395 1249 428 qui
1262 395 1402 422 utilitatem
1418 395 1588 430 intelligendo
1599 405 1696 432 capere

917 443 1016 471 posset.
1033 437 1070 465 De
1090 440 1233 473 postremis
1250 441 1358 474 quidem
1374 441 1460 473 hisce,
1479 442 1510 469 ad
1527 450 1568 469 me
1590 442 1694 470 liebra-i

916 483 1056 517 cujusdam
1073 485 1239 519 permanavit
1260 487 1351 520 opinio
1366 495 1379 513 a
1402 488 1549 522 majoribus
1567 494 1692 522 accepta:

916 536 977 556 nam
989 530 1099 564 quando
1110 535 1174 558 sunt
1189 531 1278 565 plures
1292 532 1394 566 absque
1413 533 1489 560 titulo
1503 533 1609 567 psalmi,
1622 542 1693 560 unus

914 578 1005 601 autem
1030 583 1084 609 prae
1108 576 1212 604 caeteris
1234 577 1436 611 inscriptionem
1461 578 1540 604 habet
1565 578 1691 610 Darii/is,

913 619 1015 652 aiebat,
1033 620 1093 648 illos
1114 621 1194 648 etiam
1217 622 1354 648 communi
1385 630 1465 649 sensu
1483 623 1516 649 ad
1535 623 1622 657 ipsum
1639 623 1691 650 Da-

912 664 1000 691 videm
1017 665 1111 692 referri
1124 671 1257 700 oportere.
1275 665 1352 698 Quod
1376 667 1397 692 si
1418 675 1509 693 verum
1522 672 1574 698 est,
1593 676 1690 695 conse-

911 716 998 743 quens
1021 709 1115 742 fuerit,
1132 718 1178 738 eos
1203 711 1304 745 pariter
1324 712 1369 746 qui
1398 712 1475 738 titulo
1494 713 1688 745 destituuntur.

911 754 1018 781 illorum
1044 763 1121 786 esse,
1146 757 1191 790 qui
1219 757 1426 791 praecedentium
1456 761 1580 785 auctores
1611 758 1688 792 juxta

909 800 1111 834 inscriptionem
1125 800 1185 834 jure
1212 801 1314 835 optimo
1337 807 1504 836 reputantur.
1528 802 1688 830 Psalterium

908 850 996 872 autem
1017 854 1031 873 a
1051 845 1184 880 Propheta
1209 851 1393 881 nuncupatum
1420 853 1461 874 est
1478 848 1529 875 hoc
1549 849 1687 880 volumen.

907 896 1047 926 propterea
1067 891 1150 926 quod,
1170 892 1257 925 aiunt,
1272 893 1359 919 solum
1374 893 1444 920 inter
1458 894 1560 921 musica
1583 894 1685 921 instru-

907 940 998 963 menta
1013 944 1028 964 e
1045 936 1176 971 superiori
1192 941 1278 971 parte,
1297 937 1407 964 minime
1424 946 1487 965 vero
1503 946 1536 966 ex
1552 939 1685 971 inferiori,

906 981 1134 1016 quemadmodum
1150 981 1177 1008 lit
1192 982 1218 1008 in
1240 982 1354 1014 caneris,
1374 988 1483 1010 resonet
1499 985 1604 1018 pulsato
1619 993 1683 1012 aere.

907 1026 942 1054 Ut
954 1035 1017 1062 ergo
1029 1028 1215 1062 appellationis
1228 1029 1359 1063 ejusmodi
1375 1030 1518 1061 rationem,
1532 1031 1578 1065 qui
1593 1031 1682 1058 edocti

906 1078 978 1106 sunt,
994 1082 1101 1101 servare
1111 1075 1313 1107 contenderent,
1329 1083 1360 1102 ac
1380 1083 1476 1110 supera
1495 1077 1565 1104 unde
1576 1083 1684 1105 resonat

905 1121 1084 1152 intuerentur,
1101 1121 1201 1147 idcirco
1228 1119 1387 1147 Psalterium
1414 1122 1608 1150 denominarit.
1635 1123 1684 1151 Est

904 1165 1041 1192 enimvero
1058 1170 1143 1192 totum
1162 1166 1263 1193 reddita
1278 1173 1339 1198 vox,
1357 1172 1383 1193 et
1404 1167 1493 1194 littera
1516 1169 1681 1196 sanctissimi

905 1209 1032 1245 Spiritus.

940 1256 983 1284 lll.
1003 1257 1058 1284 Cur
1073 1262 1162 1285 autem
1178 1262 1285 1285 centum
1300 1258 1494 1293 quinquaginta
1513 1258 1568 1286 sint
1581 1258 1681 1287 Psalmi

903 1303 1087 1337 dispiciamus.
1119 1303 1379 1338 Quinquagesimum
1411 1312 1554 1331 numerum
1572 1312 1680 1332 sacrum

903 1347 1005 1378 haberi,
1027 1355 1057 1374 ex
1080 1347 1176 1374 diebus
1199 1348 1419 1376 celebratissima:
1436 1347 1609 1376 Pentecostes
1623 1357 1681 1377 ma-

903 1392 1030 1420 nifestum
1056 1399 1107 1425 est,
1128 1393 1249 1420 laborum
1276 1394 1355 1421 linem
1373 1399 1399 1421 et
1425 1394 1542 1421 laetitiam
1571 1401 1680 1429 porten-

902 1439 1010 1466 dentis:
1037 1439 1149 1473 ideoque
1170 1447 1220 1466 nec
1243 1439 1375 1474 jejunium
1400 1448 1432 1467 eo
1451 1445 1569 1475 tempore
1586 1441 1678 1468 decre-

903 1489 958 1511 tum
972 1489 1022 1516 est,
1041 1493 1091 1512 nec
1104 1485 1131 1511 in
1152 1493 1238 1519 genua
1258 1486 1427 1520 supplicatio.
1447 1486 1528 1521 Signa
1549 1487 1677 1515 nimirum

900 1530 956 1556 haec
980 1535 1042 1556 sunt
1066 1538 1170 1564 magna:
1192 1531 1356 1558 celebritatis
1376 1531 1402 1557 in
1414 1536 1564 1566 .posterum
1587 1540 1678 1561 reser-

898 1579 976 1606 vatae,
993 1575 1070 1609 cujus
1088 1575 1258 1602 adumbratio
1282 1576 1310 1602 in
1325 1576 1404 1603 terris
1425 1577 1496 1611 apud
1516 1577 1598 1605 lsrael
1620 1582 1678 1606 erat

898 1628 985 1647 annus
1000 1619 1120 1647 Hebraeis
1141 1621 1230 1647 dictus
1243 1619 1328 1652 Jobel,
1343 1621 1389 1655 qui
1408 1629 1523 1649 numero
1543 1623 1677 1657 quinqua-

897 1665 1015 1700 gesimus
1034 1670 1075 1692 est
1101 1673 1208 1697 annus,
1231 1665 1317 1693 servis
1343 1666 1511 1700 libertatem,
1539 1675 1677 1703 novasque

897 1712 1019 1744 tabulas,
1037 1719 1069 1738 ac
1086 1712 1108 1738 si
1131 1712 1195 1746 quid
1222 1711 1294 1738 aliud
1311 1712 1458 1739 adducens.
1483 1711 1563 1740 Novit
1584 1718 1674 1740 autem

897 1758 925 1784 S.
941 1757 1116 1793 Evangelium
1139 1757 1363 1785 eondonationem
1385 1759 1613 1793 quinquagesimi,
1629 1767 1675 1786 co-

895 1803 1023 1837 gnatique
1050 1803 1100 1837 ipsi
1131 1811 1162 1829 ac
1195 1803 1311 1837 appositi
1340 1804 1446 1830 numeri
1482 1805 1673 1839 quingenarii:

896 1857 982 1883 neque
1002 1849 1075 1875 enim
1097 1848 1155 1875 sine
1175 1856 1255 1875 causa
1283 1849 1478 1883 quinquaginta
1498 1849 1673 1877 denariorum

895 1892 1030 1923 remissio,
1050 1895 1079 1918 et
1098 1891 1307 1926 quingentorum
1331 1893 1492 1920 tribuitur’.
1515 1894 1560 1922 Sic
1582 1895 1673 1929 itaque

894 1943 920 1965 et
937 1938 1051 1973 hymnos
1067 1945 1130 1972 erga
1148 1937 1232 1965 Deum
1250 1945 1300 1972 pro
1319 1939 1414 1965 deletis
1436 1940 1569 1973 hostibus,
1592 1949 1673 1976 agen—

893 1984 989 2018 disque
1006 1983 1060 2010 Deo
1081 1984 1175 2018 gratiis
1195 1988 1305 2018 propter
1328 1989 1436 2019 accepta
1453 1986 1597 2018 beneﬁcia,
1618 1995 1670 2014 non

895 2038 975 2056 unam
1007 2030 1147 2064 complecti
1184 2030 1296 2057 decebat
1326 2031 1595 2066 quinquagesimam,
1625 2033 1671 2060 sed

894 2081 959 2106 tres,
979 2076 1014 2103 ob
1030 2084 1128 2103 nomen
1144 2076 1240 2110 Patris,
1256 2076 1318 2104 Filii
1333 2083 1359 2104 et
1375 2077 1492 2113 Spiritus
1506 2080 1603 2105 sancti.

95 2117 134 2143 A'.
155 2117 280 2152 Περιέχει
299 2118 327 2145 δὲ
343 2120 358 2154 ἡ
384 2121 563 2155 πεντηκοντὰς
589 2122 658 2148 ἑπτὰ
678 2122 839 2158 ἑϐδομάδας,

927 2122 970 2149 1V.
987 2122 1114 2149 Continet
1130 2130 1192 2150 vero
1213 2124 1435 2159 quinquagesima
1452 2129 1553 2158 septem
1569 2125 1670 2153 hebd0<

59 2163 184 2190 σάϐϐατα
201 2164 350 2197 σαϐϐάτων,
366 2166 412 2192 καὶ
427 2166 512 2201 ἀρχὴν
529 2167 596 2202 μετὰ
607 2168 695 2193 τέλεια
710 2169 840 2202 σάϐϐατα,

58 2209 131 2244 ὑπὲρ
145 2209 180 2236 τὰ
196 2209 318 2236 σάϐϐατα
333 2212 361 2237 ὲν
375 2211 480 2245 ὀγδοάδι
495 2212 600 2247 ἀληθῶς
616 2214 710 2248 καινῆς
721 2215 842 2241 ἀναπαύ-

59 2263 138 2286 σεως.
161 2255 216 2281 Καὶ
231 2255 308 2281 τοῦτο
327 2256 373 2282 ἐπὶ
388 2256 442 2284 τῶν
456 2257 577 2293 Ψαλμῶν
591 2259 605 2284 ὁ
627 2259 772 2294 δυνάμενος
793 2269 841 2296 τη-

59 2302 141 2336 ρείτω
155 2300 247 2337 μεῖζον
263 2302 279 2337 ἢ
294 2302 354 2328 κατ’
378 2303 528 2338 ἄνθρωπον,
543 2305 572 2330 τὸ
593 2305 638 2330 ἐπὶ
657 2305 763 2332 πάντων
778 2307 840 2338 τοὺς

57 2346 153 2380 λόγους
166 2347 255 2382 εὑρεῖν
276 2347 314 2379 ὡς
329 2348 554 2384 παραθησόμεθα.
568 2347 628 2377 Οἷον
647 2351 687 2378 ὃτι
705 2352 734 2378 οὺ
752 2351 838 2387 μάτην

55 2394 72 2420 ὀ
89 2393 184 2427 δγὸοος
200 2393 265 2427 περὶ
281 2393 341 2420 τῶν
361 2393 462 2428 ληνῶν
485 2395 683 2430 ἐπιγέγραπται
695 2418 702 2429 ,
725 2398 838 2433 καρπῶν

57 2438 192 2474 περιέχων
214 2439 243 2465 ὲν
263 2438 368 2472 ὀγδοάδι
386 2439 431 2465 τὸν
450 2439 636 2474 ἀπαρτισμὸν·
660 2440 764 2468 οὐδέπω
784 2442 838 2477 γὰρ

56 2483 152 2520 καιρὸς
171 2483 220 2518 τῆς
244 2483 419 2516 ἀπολαύσεως
435 2483 489 2510 τῶν
507 2483 619 2519 καρπῶν
639 2485 688 2519 τῆς
709 2486 837 2521 ἀληθινῆς

55 2529 179 2563 ἀμπέλου
199 2528 309 2555 ἐδύνατο
322 2526 390 2555 εἶναι
407 2529 435 2554 ὲν
451 2529 506 2560 τοῖς
527 2529 580 2563 πρὸ
600 2529 646 2555 τοῦ
665 2530 767 2563 ὀγδόου.
783 2532 836 2558 Καὶ

54 2574 96 2600 ὅτι
109 2574 123 2599 ό
136 2574 261 2609 δεύτερος
274 2573 350 2608 ὑπὲρ
365 2572 423 2600 τῶν
436 2573 547 2607 ληνῶν,
563 2573 736 2609 ὀγδοηκοστὸς
752 2576 834 2608 ἐστιν,

55 2619 136 2654 mm
150 2619 264 2654 ὀγδοάδα
277 2619 420 2655 περιέχων,
432 2619 481 2655 τὴν
497 2621 526 2646 ὲν
537 2619 658 2646 δεκάσιν·
673 2620 687 2646 ὀ
701 2620 729 2646 δὲ
744 2621 835 2656 ὀγδοη-

56 2666 150 2697 κοστὸς
172 2666 273 2701 τρίτος,
292 2665 513 2700 ἐπιπλεκομένων
538 2665 586 2692 δύο
604 2666 687 2699 ἁγίων
703 2666 833 2702 ἀριθμῶν,

53 2711 99 2738 τοῦ
115 2712 211 2746 ὀγδόου
229 2713 259 2738 ὲν
272 2711 377 2743 δεκάσι,
393 2711 440 2738 καὶ
457 2711 503 2737 τοῦ
514 2712 605 2746 τρίτου
619 2712 648 2739 ἐν
661 2712 772 2748 μονάσι’
789 2713 835 2740 καὶ

96 2770 181 2798 'Luc.
200 2779 248 2802 vu,
262 2771 306 2797 Η.

214 2817 350 2847 Parnm.
373 2817 428 2847 Gn.
443 2817 486 2847 Χ.

893 2168 1004 2198 madas,
1038 2168 1211 2195 sabbatorum
1237 2169 1363 2202 sabbata,
1397 2170 1492 2204 hisque
1520 2170 1669 2204 absolutis,

891 2213 998 2240 initium
1020 2214 1089 2240 ultra
1109 2214 1220 2241 sabbata
1237 2215 1262 2241 in
1289 2215 1427 2242 octonario
1444 2223 1505 2242 vere
1528 2223 1604 2243 novae
1626 2225 1669 2243 re-

891 2259 999 2293 quietis.
1016 2258 1097 2294 ldque
1117 2260 1143 2287 in
1170 2259 1284 2287 Psalmis
1298 2262 1498 2294 quammaxime
1525 2266 1627 2294 teneat,
1645 2264 1668 2290 si

891 2304 953 2338 quis
978 2308 1081 2338 potest,
1107 2304 1194 2338 majus
1210 2305 1330 2339 profecto
1358 2313 1438 2339 quam
1465 2314 1515 2340 pro
1540 2307 1668 2340 homine,

891 2349 1010 2376 rationes
1025 2350 1147 2377 videlicet
1163 2350 1187 2376 in
1203 2351 1329 2378 omnibus
1342 2355 1371 2377 ut
1389 2351 1516 2385 inveniat,
1534 2353 1667 2387 quemad-

891 2395 1001 2422 modum
1029 2402 1220 2429 proponemus.
1233 2395 1317 2428 Quale
1339 2400 1379 2423 est
1394 2396 1470 2429 illud,
1484 2398 1557 2425 verbi
1574 2406 1666 2432 causa,

890 2448 944 2467 non
959 2446 1059 2468 temere
1075 2446 1199 2468 octavum
1215 2442 1348 2476 psalmum
1363 2451 1410 2478 pro
1435 2444 1609 2472 torcularibus
1626 2446 1667 2471 in-

890 2486 1020 2520 scriptum
1037 2494 1108 2518 esse,
1125 2494 1186 2513 cum
1209 2487 1235 2514 in
1257 2488 1397 2516 octonario
1413 2489 1593 2516 maturitatem
1609 2490 1666 2516 fru-

891 2538 981 2559 ctuum
1009 2532 1234 2566 comprehendat;
1261 2533 1379 2560 nondum
1408 2535 1479 2561 enim
1503 2535 1530 2562 in
1551 2536 1593 2563 his
1619 2538 1664 2572 qui

890 2583 1014 2605 octavum
1035 2578 1197 2612 praecedunt,
1212 2580 1393 2613 perceptionis
1412 2585 1517 2615 tempus
1538 2590 1596 2610 esse
1617 2591 1665 2618 po-

889 2628 957 2651 terat
975 2623 1111 2650 fructuum
1123 2631 1193 2651 vera:
1207 2624 1279 2652 vitis.
1297 2625 1450 2658 Quinetiam
1465 2628 1599 2654 secundus
1617 2636 1665 2663 pro

890 2668 1074 2700 torcularibus,
1088 2669 1267 2703 octogesimus
1276 2674 1325 2702 est,
1338 2670 1420 2697 alium
1435 2673 1664 2705 comprehcndeus

889 2713 1067 2745 octonarium,
1080 2713 1125 2747 qui
1137 2718 1177 2740 est
1190 2714 1217 2740 in
1227 2714 1389 2747 decadibus;
1406 2718 1589 2751 octogesimus
1603 2727 1667 2750 vero

1412 2819 1453 2852 23
