1860 3051
190 57 242 84 ’115

605 55 633 81 S.
654 52 842 81 HIPPOLYTI
869 52 943 81 OPP.
971 53 1062 81 PARS
1096 53 1117 80 1.
1134 68 1169 76 —-
1187 51 1390 81 EXEGETICA.

1747 52 1798 80 716

189 114 296 148 tertius,
304 111 568 148 eonjunctisduobus
576 112 660 139 sacris
675 111 807 145 numeris,
827 111 960 138 octonaric

1047 111 1082 147 ερὶ
1094 111 1215 146 ἀφέσεως
1228 110 1433 147 ἁμαρτημάτων
1447 109 1539 143 ἀξιῶν,
1550 110 1597 137 καὶ
1609 110 1802 146 ἐξομολόγησιν

189 160 217 187 in
231 159 389 192 decadibus,
412 166 443 186 ac
463 157 581 185 ternario
596 157 624 184 in
647 155 809 184 monadibus
834 157 964 192 exsurgit.

190 205 246 234 Sed
265 209 291 233 et
311 212 360 240 pro
383 208 552 239 peccatorum
574 203 734 230 remissione
758 203 920 237 deprecans,
941 194 967 229 et

190 249 418 285 exhomologesim
433 249 613 283 complectens
623 268 630 279 ,
647 247 888 282 quinquagesimus
904 252 945 274 est
958 255 965 274 ε

189 297 262 325 sicut
277 296 347 323 enim
370 295 612 330 quinquagesimus
631 294 708 328 juxta
728 292 901 327 Evangelium
923 301 967 319 re-

188 340 347 368 missionem
379 339 515 371 obtinuit,
548 338 751 372 intelligentiam
783 337 885 371 jnbilzei
915 337 967 364 hoc

189 386 343 414 testimonio
358 385 538 417 conﬁrmans;
550 384 586 411 ita
601 384 648 418 qui
662 391 752 418 parem
766 383 968 418 appetiitexho-

188 432 347 467 mologesim
366 432 392 458 in
409 431 462 458 alio
477 431 551 458 nullo
568 435 745 465 pneterquam
757 430 784 456 in
802 430 967 464 quinquage-

187 478 256 505 simo
272 484 386 503 numero
400 483 429 503 se
449 476 555 504 veniam
565 480 752 503 assecuturum
763 475 882 502 conlidit.
899 474 968 502 Sunt

186 523 244 550 odze
251 523 380 558 graduum
390 526 517 556 praeterea
526 521 672 552 nonnullze,
681 520 834 554 quindecim
844 527 966 552 numero,

185 573 252 604 quot
267 569 346 596 etiam
362 569 454 603 templi
470 568 569 602 gradus
583 566 690 594 fuerunt
701 576 708 599 ;
718 574 778 601 quia:
792 565 861 593 forte
876 570 967 593 osten-

186 617 264 646 dunt,
274 615 389 649 septimo
397 618 424 641 et
434 617 530 641 octavo
543 620 656 639 numero
663 613 760 646 gradus
771 612 914 639 contineri.
922 611 968 639 Ha:

186 667 252 687 vero
261 667 320 694 qua:
331 659 460 694 graduum
469 658 606 689 dicuntur,
617 657 722 684 initium
737 660 848 683 sumunt
858 663 871 682 a
881 660 968 683 cente-

187 705 259 733 simo
268 704 408 736 vicesimo,
423 703 468 738 qui
484 702 633 737 simplicius
646 708 818 736 nuncupatur
832 701 948 735 psalmus
958 722 966 734 ,

187 750 415 786 quemadmodum
437 749 618 776 emendatiora
635 748 733 774 habent
752 747 925 782 exemplaria.
944 747 968 774 ls

1018 157 1152 193 περιέχων
1160 157 1174 183 ὁ
1187 157 1364 192 πεντηκοστὸς
1379 157 1461 183 ἐστιν.
1476 157 1519 187 Ὠς
1528 156 1582 191 γὰρ
1592 157 1606 182 ὁ
1619 157 1802 191 πεντηκοστὸς

1017 203 1087 229 κατὰ
1117 203 1144 228 τὸ
1170 203 1333 237 Εὐαγγὲλιον
1358 203 1452 237 ἄφεσιν
1481 202 1567 237 ἔσχεν,
1598 204 1748 238 μαρτυρῶν
1770 205 1801 238 τῇ

994 270 997 273 .
1017 250 1107 285 νοήσει
1121 250 1154 284 τῇ
1170 250 1234 285 περὶ
1249 249 1294 275 τοῦ
1314 249 1468 284 ἰωϐηλαίου,
1486 248 1572 280 οὕτως
1587 249 1693 281 ἐλπίζει
1711 249 1761 275 οὐκ
1775 250 1801 275 ἐν

1017 294 1126 330 ἆλλῳ,ἢ
1145 295 1173 320 ἐν
1189 295 1227 330 τῷ
1246 295 1419 329 πεντηκοστῷ
1436 295 1530 328 ἄφεσιν
1549 294 1683 329 λήψεσθαι
1697 295 1711 320 ὁ
1727 295 1801 329 εὐχό-

1019 348 1097 375 μενος
1109 340 1171 366 τάδε
1189 340 1250 367 τινὰ
1266 341 1313 375 τῆς
1329 340 1554 375 ὲξομολογήσεως.
1573 340 1657 367 Πάλιν
1674 348 1704 366 τε
1721 339 1800 366 αὑτοῦ

1017 385 1069 412 εἰσί
1083 393 1154 416 τινες
1168 385 1226 411 τῶν
1238 385 1413 419 ἀναϐαθμῶν
1423 384 1499 419 ᾠδαὶ,
1515 385 1559 411 τὸν
1574 385 1690 420 ἀριθμὸν
1707 393 1800 411 πεντε-

1017 430 1147 461 καίδεκα,
1172 431 1228 456 ὅσοι
1256 430 1304 456 καὶ
1320 431 1343 456 οἱ
1367 430 1518 464 ἀναϐαθμοὶ
1545 430 1592 456 τοῦ
1620 430 1706 462 ναοῦ,
1734 430 1801 464 τάχα

1017 476 1144 511 δηλοῦσαι
1160 477 1212 510 τὰς
1224 476 1383 509 ἀναϐάσεις
1398 476 1571 512 περιέχεσθαι
1586 477 1614 503 ὲν
1628 477 1667 512 τῷ
1685 477 1800 512 ἑϐδόμῳ.

1018 522 1065 548 καὶ
1076 522 1159 557 ὀγδόῳ
1173 522 1290 557 ἀριθμῷ.
1310 522 1341 548 Ἡ
1360 522 1388 548 δὲ
1400 522 1470 557 ἁρχὴ
1486 521 1543 548 τῶν
1559 522 1739 556 ἀναϐαθμῶν
1751 523 1801 548 ἀπὸ

1018 568 1161 594 ἑκατοοτοῦ
1172 568 1303 600 εἰκοστοῦ,
1314 568 1494 603 ἁπλούστερον
1507 567 1653 602 λεγομένου
1667 568 1798 602 ψαλμοῦ,

1018 613 1055 645 ὡς
1071 614 1105 640 τὰ
1120 614 1219 649 ἀκριϐῆ
1237 614 1292 649 ἔχει
1307 614 1360 640 τῶν
1377 613 1560 648 ἁντιγράςςων.
1577 610 1661 644 Οὗτος
1678 612 1708 638 δέ
1730 614 1800 638 ἐστιν

1017 657 1131 693 ἀριθμὸς
1144 658 1308 694 τελειότητος
1323 659 1395 693 ζωῆς
1406 657 1558 693 ἀνθρώπου.
1573 658 1628 684 Καὶ
1643 658 1799 689 ἑκατοστὸς,

1018 700 1047 729 οὖ
1061 703 1077 737 ἡ
1093 703 1177 738 ἀρχή·
1196 704 1299 736 Ἔλεος
1315 704 1363 730 καὶ
1388 703 1500 737 κρίσεις
1515 702 1625 736 ᾄσομαι
1636 703 1800 735 σοΙ,Κι²ριε,

1019 749 1140 784 περιέχει
1168 749 1222 784 βίον
1247 751 1323 783 ἁγίου
1339 749 1550 784 κοινωνουμένου
1564 749 1616 775 ὑπὸ
1631 749 1711 775 Θεοῦ.
1734 749 1762 774 ὐ
1775 748 1801 774 ἰὲ

186 802 276 825 autem
292 801 334 824 est
352 803 482 823 numerus
502 794 628 830 perfecta
642 793 825 828 absolutaeque
840 794 960 820 humana

1047 795 1161 826 ,ατοστὸς
1192 794 1372 830 πεντηκοστὸς
1396 794 1543 830 καταλήγει
1567 795 1606 825 εἰς
1641 795 1688 819 τό·
1714 792 1801 819 Πᾶσα

184 843 246 870 vitae
258 843 278 871 ³.
300 842 469 869 Centesimus
483 841 591 875 quidem
604 861 611 874 ,
637 841 715 874 cujus
738 839 878 866 exordium
902 844 962 866 est:

1017 841 1095 874 πνοὴ
1110 841 1256 867 αἱνεσίὶτω
1270 841 1322 868 τὸν
1330 841 1448 875 Κύριον.

184 888 394 916 Misericordiam
421 891 445 914 et
468 887 568 919 iudicia
597 886 706 914 cantabo
733 886 791 917 tibi,
821 885 941 917 Domine,
969 887 1055 914 sancti
1076 888 1158 914 vitam
1173 887 1372 921 complectitur,
1393 895 1407 913 a
1422 886 1477 913 Deo
1491 886 1518 912 in
1541 893 1618 913 suam
1641 885 1800 912 societatem

184 935 261 963 asciti
277 943 285 962 :
300 933 462 961 centesimus
476 938 565 960 autem
580 934 822 968 quinquagesimus
840 933 867 960 in
883 941 915 960 ea
929 933 1008 961 verba
1025 933 1144 961 desinit:
1165 934 1256 961 Omnis
1277 935 1387 968 spiritus
1403 934 1493 960 laudet
1505 933 1657 960 Dominum.

217 979 250 1008 ν.
270 980 304 1007 At
318 979 446 1014 quoniam
463 979 490 1005 in
507 986 669 1014 unoquoque
685 978 790 1013 psalmo
806 978 831 1004 id
847 977 960 1010 eilieere,

183 1033 334 1060 causasque
349 1025 480 1055 invenire,
497 1024 579 1052 sicuti
595 1023 697 1058 praefati
715 1031 821 1055 sumus,
834 1023 960 1050 diliicilli-

182 1081 256 1100 mum
272 1076 323 1103 est,
335 1075 513 1104 naturamque
530 1070 669 1096 hominum
681 1069 832 1100 excedens;
849 1069 890 1095 his
904 1069 961 1094 vel-

181 1119 222 1146 uti
238 1117 408 1145 lineamentis
432 1116 592 1150 quibusdam
610 1114 757 1149 propositis
777 1113 894 1141 contenti
909 1114 961 1140 eri-

181 1171 252 1191 mus.
271 1161 360 1190 Unum
379 1161 445 1188 illud
460 1160 628 1195 adjiciemns,
644 1159 715 1193 quod
739 1166 792 1185 non
811 1158 903 1184 eodem
919 1165 963 1184 or-

182 1209 245 1237 dine
259 1216 313 1244 quo
324 1207 425 1242 scripta
437 1207 550 1233 historia
563 1209 614 1236 est,
630 1204 726 1239 psalmi
742 1204 788 1238 qui
802 1203 835 1230 ab
849 1203 962 1230 historia

180 1255 295 1291 pendere
311 1253 445 1284 videntur,
461 1257 524 1279 sunt.
541 1250 679 1286 inscripti;
699 1250 812 1284 ejusque
834 1249 873 1276 rei
897 1256 962 1276 cau-

181 1309 238 1329 sam
260 1300 361 1328 nullam
387 1298 529 1329 habemus,
545 1298 596 1325 nisi
621 1303 749 1323 numeros
772 1295 817 1330 qui
845 1299 908 1322 sunt
933 1294 959 1321 in

179 1347 349 1374 Psalmoruut
366 1345 435 1372 serie
454 1343 601 1371 constituti.
615 1341 736 1376 Namque
753 1341 864 1367 historia
879 1340 960 1374 quin-

179 1390 328 1427 quagesimi
345 1389 433 1425 primi,
449 1389 523 1424 prior
543 1392 583 1415 est
605 1387 648 1414 illa
673 1385 901 1421 quinquagesimi;
920 1377 960 1411 si-

179 1438 285 1473 quidem
314 1444 345 1462 ea
373 1442 433 1469 quae
457 1433 528 1468 Doeg
552 1433 698 1460 ldumzeum
728 1431 885 1465 respiciunt,
913 1430 959 1464 qui

179 1484 248 1518 apud
265 1482 329 1509 Saul
346 1481 471 1508 Davidem
490 1479 669 1506 calumniatus
681 1483 731 1509 est,
748 1485 827 1504 nemo
847 1484 960 1511 negave-
973 1494 995 1524 Ο

178 1530 213 1556 rit
228 1529 318 1564 priora
334 1535 395 1554 esse
410 1530 520 1562 peccato
537 1532 597 1551 cum
612 1531 696 1551 uxore
711 1523 793 1550 Urbe.
806 1522 882 1549 Haud
895 1529 960 1548 vero

177 1575 236 1603 sine
260 1575 364 1601 ratione
388 1572 458 1607 quod
478 1573 505 1598 in
527 1571 638 1598 historia
663 1570 797 1604 posterius
819 1573 869 1600 est,
888 1567 958 1602 quod

176 1623 253 1657 prius
275 1621 303 1647 in
329 1619 422 1646 eadem
447 1623 497 1650 est,
519 1617 669 1649 antecedit;
683 1614 901 1650 quandoquidem
918 1614 960 1640 in-

177 1668 321 1703 dulgentia!
338 1667 425 1697 locus,
439 1669 469 1692 ut
492 1665 572 1700 paulo
597 1669 659 1691 ante
683 1663 812 1693 diximus,
828 1666 958 1696 cognatus

177 1719 217 1742 est
235 1719 356 1743 ,numero
380 1711 617 1746 quinquagesimo.
633 1709 762 1743 Quisquis
787 1715 851 1743 ergo
879 1707 957 1734 venia

175 1759 303 1794 indignus
321 1757 411 1787 fuerit,
436 1756 459 1783 is
482 1755 736 1790 quinquagesimum
755 1761 897 1780 numerum
914 1760 958 1780 ex-

176 1802 268 1832 cessit,
287 1799 513 1834 qucmadmodum
537 1798 608 1832 Doeg
623 1797 773 1829 ldummus;
789 1797 956 1832 quinquage-

176 1847 263 1874 simus
279 1846 383 1880 primus
398 1845 469 1871 enim
484 1848 524 1871 est
537 1844 667 1878 psalmus,
685 1843 711 1869 in
726 1851 781 1877 quo
799 1850 829 1869 ea
847 1850 907 1876 qua:
921 1843 954 1869 ad

175 1891 264 1926 ipsum
289 1891 422 1925 pertinent
444 1893 614 1916 enarrantur.
631 1888 711 1922 Atqui
732 1887 826 1914 tertius
849 1895 957 1922 quoque

174 1937 296 1965 eamdem
313 1936 392 1963 habet
408 1935 622 1962 observationem
642 1943 647 1959 ε
666 1941 720 1968 quo
740 1934 811 1959 enim
836 1938 956 1967 tempore

175 1983 258 2010 David
277 1982 395 2018 profugit
421 1989 436 2008 e
462 1983 606 2014 conspectu
623 1979 740 2006 Absalon
758 1979 802 2005 lilii
826 1979 867 2005 sui
896 1986 957 2012 pro-

175 2029 316 2056 nuntiatus
334 2033 384 2059 est,
401 2027 472 2062 quod
490 2026 572 2061 probe
597 2029 706 2056 norunt,
731 2025 775 2059 qui
800 2023 953 2059 Regnorum

174 2074 258 2101 libros
282 2072 457 2108 perlegerim;
474 2072 595 2104 adeoque
611 2074 672 2104 post
697 2069 952 2104 quinquagesimum

1047 980 1085 1005 E’.
1102 979 1171 1005 Ἀλλ’
1182 980 1296 1014 ἐπείπερ
1309 979 1347 1010 ὡς
1363 979 1540 1014 προείπαμεν,
1556 979 1598 1013 ἐφ’
1609 978 1670 1010 ἐνὸς
1686 978 1799 1004 ἑκάστου

1013 1024 1091 1050 τοῦτο
1116 1024 1235 1060 ποιῆσαι,
1253 1025 1300 1051 καί
1317 1024 1405 1059 εὑρεῖν
1428 1024 1477 1056 τὰς
1497 1024 1596 1055 αἰτίας,
1621 1023 1722 1058 σφόδρα.
1744 1023 1800 1048 ἐστὶ

1013 1071 1212 1106 χαλεπώτατον,
1233 1071 1280 1097 καὶ
1304 1070 1461 1104 δυσέφικτον
1482 1071 1515 1105 τῇ
1536 1068 1686 1104 ἀνθρώπων
1709 1069 1798 1102 quissi,

1013 1117 1115 1149 τούτοις
1132 1116 1364 1152 ἀρκεσθησόμεθα,
1381 1116 1542 1151 ὑπογραφῆς
1572 1115 1651 1150 χάριν
1669 1124 1675 1130 ·
1714 1115 1798 1150 μόνον

1013 1162 1185 1198 προσθέντες,
1200 1163 1240 1189 ὅτι
1256 1163 1285 1189 οὗ
1303 1162 1373 1188 κατὰ
1396 1162 1442 1197 τὴν
1463 1161 1539 1194 τάξιν
1559 1162 1606 1196 τῆς
1629 1161 1739 1196 γραφῆς
1751 1161 1800 1195 τῆς

1014 1209 1142 1244 ἱστορίας,
1159 1211 1183 1235 οἱ
1198 1209 1337 1240 δοκοῦντες
1353 1208 1486 1244 ἠρτῆσθαι
1502 1208 1551 1242 τῆς
1567 1208 1687 1242 ἱστορίας
1698 1207 1799 1241 ψαλμοὶ

1012 1255 1208 1290 ἐνεγράφησαν.
1226 1255 1280 1281 Καὶ
1296 1255 1383 1281 αἰτίαν
1398 1254 1498 1280 τούτων
1515 1254 1586 1288 ἔχει’
1603 1254 1652 1279 οὐκ
1670 1253 1765 1288 ἄλλην,
1783 1253 1798 1287 ἦ

1011 1301 1073 1331 τοὺς
1088 1300 1218 1335 ἀριθμοὺς
1237 1300 1264 1325 ἐν
1278 1297 1317 1331 οἷς
1332 1300 1382 1326 εἰσι
1395 1299 1554 1334 τεταγμένοι
1568 1299 1591 1325 οἱ
1604 1297 1715 1333 ψαλμοί.
1737 1295 1798 1323 (How

1011 1345 1027 1380 ή
1041 1344 1142 1379 ἱστορία
1156 1344 1201 1370 τοῦ
1215 1343 1394 1379 πεντηκοστοῦ
1410 1343 1528 1379 πρώτου,
1540 1344 1658 1379 προτέρα
1673 1342 1734 1369 ἐστὶ
1750 1342 1799 1376 τῆς

1013 1391 1132 1425 ἱστορίας
1154 1389 1200 1416 τοῦ
1218 1389 1414 1425 πεντηκοστοῦ·
1435 1390 1468 1416 τὰ
1489 1389 1543 1424 γὰρ
1568 1389 1630 1424 περὶ
1656 1389 1738 1423 Διυὴκ
1754 1388 1799 1414 τὸν

1018 1436 1163 1470 Ἰδουμαῖοι)
1190 1436 1361 1462 διαϐάλλοντα
1386 1436 1431 1462 τὸν
1457 1435 1538 1461 Δαυὶδ
1560 1434 1598 1470 τῷ
1622 1435 1719 1467 Σαοὺλ,
1745 1436 1799 1465 πᾶς

1011 1481 1134 1516 ὁμολογεῖ
1158 1481 1275 1516 πρότερα
1297 1478 1364 1506 εἶναι
1390 1481 1438 1515 τῆς
1465 1480 1532 1516 πρὸς
1556 1480 1603 1514 τὴν
1627 1480 1673 1506 τοῦ
1698 1481 1798 1516 Οὐρίου

1012 1527 1157 1562 ἁμαρτίας.
1176 1527 1232 1553 Οὐκ
1248 1527 1350 1560 ἀλόγως
1371 1527 1398 1553 δὲ
1418 1527 1449 1553 τὸ
1464 1527 1513 1562 τῆς
1527 1527 1645 1562 ἱστορίας
1660 1527 1798 1562 δεύτερον,

1013 1572 1142 1608 πρότερόν
1150 1573 1205 1598 ἐστι
1221 1572 1267 1598 τοῦ
1280 1573 1328 1607 τῆς
1344 1573 1462 1608 ἱστορίας
1478 1572 1619 1608 προτέρου,
1636 1573 1743 1608 ἐπειδὴ,
1762 1573 1799 1604 ὡς

1012 1619 1223 1653 προειρήκαμεν,
1235 1619 1248 1644 ὀ
1273 1619 1334 1654 περὶ
1353 1619 1474 1652 ἀφέσεως
1487 1619 1568 1649 τόπος
1585 1619 1723 1652 συγγενής
1742 1619 1798 1644 ἐστι

1010 1662 1048 1697 τῷ
1073 1664 1244 1699 πεντηκοστῷ
1269 1664 1386 1700 ἀριθμῷ.
1402 1665 1431 1690 '0
1454 1664 1482 1690 δὲ
1504 1664 1553 1690 οὐκ
1576 1664 1649 1697 ἄξιος
1673 1665 1800 1698 ἀιρέπως

1008 1708 1159 1743 ὑπερέπεσε
1188 1710 1232 1735 τὸν
1259 1710 1438 1746 πεντηκοστὸν
1465 1710 1589 1746 ἀριθμὸν,
1612 1710 1650 1740 ὡς
1675 1711 1758 1744 Δωὴκ
1785 1711 1799 1735 ὁ

1014 1751 1176 1787 Ἰδουμαῖος·
1194 1755 1373 1789 πεντηκοστὸς
1391 1755 1445 1790 γὰρ
1465 1754 1571 1790 πρῶτος
1591 1755 1665 1780 ἐστιν
1681 1755 1695 1780 ὁ
1707 1755 1799 1789 ἀπαγ-

1006 1797 1107 1830 γέλλων
1121 1799 1154 1825 τὰ
1168 1800 1231 1834 περὶ
1246 1800 1336 1826 αὑτοῦ.
1346 1800 1424 1827 Ἀλλὰ
1443 1801 1494 1836 μὴν
1512 1801 1558 1827 καὶ
1574 1800 1674 1836 τρίτος,
1699 1801 1798 1835 ἐπειδὴ

1006 1843 1049 1868 ὅτε
1076 1843 1172 1878 ἔφευγε
1196 1845 1276 1872 Δαυ”ιδ
1300 1845 1352 1873 ἀπὸ
1380 1846 1524 1882 προσώπου
1546 1845 1723 1881 ’Λϐκσαλὼμ
1748 1847 1798 1872 τοῦ

1007 1887 1065 1914 υἱοῦ
1075 1889 1162 1915 ἀὑτοῦ
1178 1890 1295 1926 εἴρηται,
1310 1892 1388 1927 δῆλον
1404 1893 1459 1923 τοῖς
1467 1893 1633 1926 ἀνεγνωκότι
1650 1892 1699 1923 τὰς
1714 1892 1798 1919 Βασι-

1007 1933 1089 1966 λείας,
1096 1935 1136 1961 ὅτι
1152 1937 1219 1971 μετὰ
1233 1938 1277 1963 τὸν
1293 1941 1332 1963 να¹
1343 1939 1410 1970 ἐστὶ,
1428 1938 1474 1964 καὶ
1487 1938 1532 1964 τὸν
1545 1941 1578 1964 ν’.
1592 1938 1646 1964 Καὶ
1657 1937 1690 1964 τὰ
1703 1938 1797 1964 τοιαῦ-

1007 1987 1039 2005 τα
1065 1979 1087 2005 δ’
1103 1981 1127 2007 εἰ
1155 1982 1292 2009 ὲπιπλεῖόν
1306 1991 1348 2014 τις
1364 1983 1504 2019 διατρίψας
1520 1984 1638 2019 τηρήσῃ.
1657 1983 1708 2018 τῆς
1729 1985 1798 2010 ἱστο-

1007 2024 1077 2059 ρίας,
1091 2026 1137 2052 καὶ
1152 2026 1206 2053 τῶν
1225 2028 1384 2063 ἐπιγραφῶν
1402 2028 1594 2064 ἀκριϐέστερον
1616 2028 1730 2063 εὑρήσει
1745 2028 1796 2059 τὰς

1006 2070 1103 2102 αἰτίας,
1119 2072 1169 2107 τῆς
1182 2081 1211 2098 τε
1227 2073 1328 2106 τάξεως
1341 2074 1393 2100 τῶν
1406 2073 1537 2109 Ψαλμῶν.

174 2127 201 2150 et
220 2120 476 2157 quinquagesimum
494 2119 611 2153 primum
639 2122 710 2145 esset
737 2117 928 2144 recensendus.
949 2115 1015 2148 Qua:
1028 2119 1147 2152 quidem,
1165 2120 1270 2155 aliaque
1287 2121 1441 2155 hnjusmodi
1467 2121 1489 2148 si
1513 2121 1575 2155 quis
1599 2121 1717 2149 ulterius
1731 2129 1795 2156 pcr—

174 2168 312 2203 sequendo
330 2165 542 2196 animadvertat,
560 2172 612 2190 non
628 2165 717 2190 minus
734 2163 854 2190 historiae
871 2168 951 2196 atque
968 2162 1185 2198 inscriptionum,
1198 2175 1279 2201 quam
1292 2168 1396 2196 ordinis
1411 2168 1580 2196 Psaimorum
1604 2169 1730 2196 rationes
1745 2177 1794 2197 ac-

174 2214 296 2240 curatius
311 2211 501 2247 deprehendet.

209 2258 252 2286 γι.
274 2258 340 2285 Illud
354 2264 462 2292 quoque
479 2263 531 2282 non
548 2255 705 2282 dissimilem
730 2259 880 2290 respectum
898 2254 946 2281 ha-

1047 2256 1081 2288 ,".
1104 2256 1183 2288 Εἰκὸς
1197 2257 1218 2282 δ’
1233 2257 1304 2292 ἔχειν
1317 2257 1514 2292 ἀναλογίανκαὶ
1530 2259 1570 2289 τὺ,
1590 2258 1670 2293 μόνον
1685 2268 1778 2295 προφη

171 2304 235 2332 bere
249 2307 460 2331 consentaneum
475 2305 526 2332 est,
541 2301 626 2328 solum
651 2301 753 2328 scilicet
769 2308 800 2328 ex
813 2300 951 2335 prophetis

170 2350 298 2377 Davidem
314 2348 422 2375 oracula
444 2348 544 2375 fudisse
560 2355 620 2374 cum
641 2347 819 2374 instrumento
833 2348 948 2377 musico,

170 2397 243 2430 quod
267 2403 281 2422 a
298 2394 398 2422 Grateis
414 2394 520 2428 quidem
539 2393 694 2428 psalterium
711 2393 871 2427 appellatur,
895 2391 947 2419 He-

171 2441 251 2468 braeis
274 2448 337 2467 vero
361 2440 448 2468 nubta.
464 2446 600 2474 unumque
625 2438 693 2465 inter
716 2438 819 2466 musica
842 2438 946 2465 instru-

170 2492 260 2513 menta
278 2485 458 2512 rectissimum
474 2489 524 2515 est.
538 2485 603 2511 nihil
622 2484 723 2510 habens
740 2483 878 2510 inﬂexum.
893 2482 946 2511 Ne-

170 2541 224 2567 que
237 2540 301 2559 vcro
313 2532 458 2566 quidquam
476 2531 507 2558 ad
519 2538 614 2558 sonum
628 2530 766 2557 confertur
777 2538 809 2556 ex
823 2530 944 2556 interiori

170 2583 256 2612 parte,
271 2581 300 2604 ut
321 2577 346 2604 in
360 2577 461 2604 cithara
475 2577 615 2612 contingit,
629 2576 743 2610 aliisque
757 2575 904 2605 nonnullis,
919 2580 945 2603 at

170 2631 186 2650 e
201 2623 343 2657 superiori.
359 2622 408 2650 Es
421 2623 550 2653 nimirum
565 2623 592 2649 in
607 2622 708 2649 cithara
721 2626 748 2649 et
763 2622 819 2657 lyra
832 2621 945 2648 inferius

171 2673 279 2696 resonat
292 2669 419 2696 adversus
433 2669 561 2703 plectrum
574 2678 581 2700 ς
596 2668 751 2702 psalterium
768 2673 858 2695 autem
873 2668 946 2703 ejus-

170 2713 253 2743 modi.
268 2715 391 2748 superius
408 2714 556 2742 harmoniei
573 2714 678 2741 numeri
694 2714 774 2741 habet
788 2722 901 2748 causas;
915 2720 945 2742 ut

207 2760 216 2776 ³
232 2759 298 2792 Gen.
311 2768 346 2789 ri.
361 2761 386 2788 3.

999 2301 1052 2327 τῶν
1068 2302 1112 2328 τὸν
1127 2303 1207 2330 Δαυὶδ
1223 2304 1271 2330 σὺν
1286 2305 1392 2340 ὀργάνῳ
1408 2305 1669 2340 πεπροφητευκέναι.
1689 2306 1729 2341 τῷ
1741 2316 1791 2334 πα-

999 2348 1034 2384 ρὰ
1066 2349 1115 2383 μὲν
1133 2348 1243 2383 Ἕλλησι
1279 2350 1436 2385 καλουμένῳ
1465 2350 1625 2385 ψαλτηρίῳ,
1657 2352 1734 2388 παρὰ
1759 2352 1790 2378 δὲ

1004 2394 1138 2430 Ἑϐραίοις
1149 2395 1255 2426 νάϐλα,
1271 2396 1338 2430 ὅπερ
1356 2396 1434 2430 μόνον
1449 2395 1571 2431 ὀργάνων
1588 2397 1727 2430 μουσικῶν
1741 2397 1790 2432 ὀρ-

998 2441 1105 2477 Θότερον
1128 2439 1207 2472 εἶναι,
1223 2441 1297 2467 οὐδὲν
1320 2441 1379 2476 ἕχον
1400 2441 1562 2476 ἐπικαμπές.
1580 2442 1636 2468 Καὶ
1653 2443 1707 2478 μὴν
1727 2442 1787 2469 οὐδὲ

1002 2490 1167 2524 συνεργεῐται
1182 2489 1221 2518 εἰς
1238 2485 1304 2522 ἦχον
1324 2488 1356 2513 ἐκ
1370 2487 1424 2514 τῶν
1443 2487 1518 2514 κάτω
1533 2487 1634 2522 μερῶν,
1657 2488 1696 2519 ὼς
1719 2496 1787 2522 συμι

1000 2535 1086 2561 δαίνει
1102 2535 1147 2560 ἐπὶ
1157 2533 1280 2569 κιθάρας,
1292 2534 1338 2560 καὶ
1353 2533 1439 2560 ἄλλων
1453 2533 1543 2564 τινῶν,
1558 2533 1616 2560 ἀλλ’
1627 2533 1782 2569 ἄνωθεν.Τῇ

1000 2579 1098 2615 κιθάρᾳ
1115 2579 1163 2614 μὲν
1178 2579 1229 2614 γὰρ
1245 2579 1291 2605 καὶ
1307 2580 1338 2613 τῇ
1356 2578 1424 2614 λύρᾳ
1438 2579 1558 2605 κάτωθεν
1571 2580 1585 2605 ὁ
1597 2579 1699 2614 primo;
1716 2581 1784 2615 ὑπη-

999 2627 1041 2660 χεῖ
1062 2625 1127 2660 προς
1144 2625 1174 2651 τὸ
1189 2624 1342 2660 πλῆκτρον
1364 2624 1394 2650 τὸ
1409 2624 1556 2660 ψαλτήριον
1579 2625 1607 2651 δὲ
1631 2625 1711 2652 τοῦτο
1732 2625 1783 2651 τῶν

999 2669 1151 2705 ἁρμονικῶν
1167 2668 1274 2704 ῥυθμῶν
1286 2668 1386 2695 ἄνωθεν
1401 2668 1456 2703 ἔχει
1469 2669 1518 2699 τὰς
1530 2668 1669 2704 ἀφορμὰς,
1681 2670 1726 2696 ἵνα
1738 2670 1784 2696 καὶ

998 2715 1077 2749 ἡμεῖς
1092 2715 1124 2741 τέι
1137 2714 1192 2740 ἄνω
1203 2713 1292 2748 ζητεῖν
1307 2713 1472 2748 μελετῶμεν,
1486 2713 1533 2740 καὶ
1545 2714 1583 2748 μὴ
1595 2715 1628 2749 τῇ
1644 2714 1725 2750 ἡδονῇ
1736 2713 1782 2740 τοῦ
