1860 3051
63 91 115 117 717

559 94 770 121 FRAGMENTA
790 94 901 123 DUBiA.
921 110 954 115 -—
974 95 1006 122 ΙΝ
1026 95 1194 123 PSALMOS.

1632 98 1684 124 7X8

62 149 161 185 μέλους
175 151 222 178 ἐπὶ
235 152 270 178 τὰ
286 152 336 187 τῆς
354 153 451 188 σαρκὸς
466 153 538 188 πάθη
553 154 780 189 καταφερώμεθα.
792 155 843 181 Κά-

933 163 950 181 IS
965 155 1045 182 etiam
1071 163 1168 190 supera
1190 160 1340 190 quaerentes
1354 160 1580 186 commentemur.
1599 163 1686 189 neque

62 198 138 223 κεῖνο
153 197 181 223 δὲ
193 196 271 232 οἶμαι
282 197 328 224 τὸν
342 199 506 234 προφητικὸν
520 199 596 233 λόγον
612 200 715 236 βαθέως
726 201 791 235 ἡμῖν
804 201 852 227 καὶ¹

62 242 155 277 σοφῶς
178 243 222 270 διὰ
243 244 292 279 τῆς
307 244 352 270 τοῦ
366 244 480 280 ὀργάνου
495 247 664 281 κατασκευῆς
679 247 848 282 ἐνδεδεῖχθαι,

60 288 103 314 ὅτι
131 289 156 315 οἰ
176 290 316 331 ὲμ-μελεῖς,
333 290 378 316 καὶ
395 290 555 327 εὐάρμοστοι
575 292 624 324 τὰς
642 292 739 328 ψυχὰς,
757 293 849 328 ραδίαν

60 334 154 369 ἔχουσι
168 335 217 371 τὴν
231 336 271 367 εἰς
285 336 318 363 τὰ
331 337 386 363 ἅνω
410 338 668 374 πορείαν.’οργανον
682 339 711 365 δὲ
726 339 805 365 πάλιν
818 340 850 365 ἐκ

61 381 119 406 τῶν
134 381 191 407 ἄνω
205 382 254 418 τὴν
265 383 391 418 ἀφορμὴν
403 383 449 410 τοῦ
462 385 538 419 ἠχεῖν
552 385 580 410 ὲν
596 384 690 420 ῥυθμῷ
702 385 848 419 λαμϐάνον,

61 426 141 452 ποῖον
157 425 191 453 ἂν
213 427 255 462 εἴη
272 427 300 453 τὺ
317 428 395 463 σῶμα
415 428 462 455 τοῦ
484 429 612 465 Χριστοῦ,
627 431 674 457 καὶ
696 431 749 456 τῶν
764 431 848 465 ἁγίων

59 471 161 498 αὐτοῦ·
192 472 306 508 ὄργανον
338 474 385 510 τὴν
418 475 550 511 εὐθύτητα
578 477 656 511 μόνον
681 477 847 514 τετηρηκός·

67 518 224 553 Ἄμαρτιάι·
242 520 296 554 γὰρ
312 521 366 547 οὐκ
380 520 532 554 ἑποιήσεν,
546 522 617 548 οὐδὲ
635 523 739 557 εὑρέθη
759 523 848 556 δόλος

57 563 96 589 ἐν
112 564 153 596 τῷ
172 566 296 599 στόματι
308 566 547 602 αὐτοῦ.¹¹οργανον
562 567 714 603 σύμφωνον,
731 569 847 604 ἐναρμό-

57 618 127 642 νιον,
144 610 271 645 ἐμμελὲς,
285 612 411 647 οὐδεμίαν
430 613 602 649 ἀνθρωπίνην
620 614 795 649 ἀσυμφωνίαν
811 616 848 642 εἱ-

57 655 157 691 ληφὸς,
170 656 229 682 οὐδὲ
250 657 323 692 παρὰ
343 657 421 692 μέλος
434 658 460 684 τί
475 659 632 694 πεποιηκὸς,
649 660 736 695 πάντη
757 660 784 686 δὲ
799 660 847 695 τὴν

57 703 204 738 ἁρμονίαν,
218 703 265 738 τὴν
280 702 348 739 πρὸς
367 703 412 730 τὸν
434 704 542 739 Πατέρα
558 705 722 740 τετηρηκός·
741 707 778 737 ὡς
793 706 847 742 γὰρ

57 757 144 784 φησιν
161 749 241 781 αὐτός
251 757 257 764 ·
279 750 305 775 ’0
319 748 361 776 ὢν
374 750 407 777 ἐκ
425 750 479 784 τῆς
491 751 558 785 γῆς,
571 751 606 777 ἐκ
628 751 680 785 τῆς
700 751 754 786 γῆς
769 753 844 784 ἐστι,

57 795 108 822 καὶ
121 796 156 822 ἐκ
171 795 226 829 τῆς
239 794 296 830 γῆς
308 796 410 822 λαλεῖ·
429 798 445 823 ὀ
463 796 496 823 ἐκ
516 797 567 823 τοῦ
584 798 713 830 adparet?
727 798 846 833 ἐρχέμε-

56 850 122 874 νος,
137 834 154 868 ἶ
167 842 288 876 ἑώρακε,
302 842 350 869 καὶ
368 842 482 876 ἤκουσε
491 843 642 877 μαρτιψεῖ.

93 975 131 1002 Z’.
153 975 252 1001 Λοιπὸν
268 975 326 1001 ἐστι
342 975 484 1007 διαλαϐεῖν,
500 975 584 1002 ὄντων
601 975 724 1011 ψαλμῶν,
741 977 787 1002 καὶ
796 978 843 1003 οὺς

57 1021 113 1047 σῶν
129 1020 214 1056 ιξκῖῶν,
230 1021 276 1047 καὶ
287 1021 400 1056 ψαλμῶν
414 1021 494 1056 ᾠδῆς,
512 1022 558 1049 καὶ
573 1022 649 1056 ᾠδῶν
664 1022 781 1058 ψαλμοῦ,
797 1031 844 1049 πε-

57 1067 85 1101 ρὶ
101 1067 151 1102 τῆς
167 1067 269 1093 τούτων
289 1067 427 1102 διαφορᾶς.
437 1067 592 1102 Ἠγοὺμεθα
614 1068 703 1094 τοίνυν
723 1068 844 1104 ψαλμοὺς

58 1113 107 1147 μὲν
133 1109 202 1138 εἶναι
225 1111 288 1143 τοὺς
312 1111 379 1147 πρὸς
402 1112 432 1137 τὸ
455 1111 569 1147 ὄργανον
593 1111 682 1146 μόνον,
702 1112 793 1146 φωνῆς
814 1111 843 1137 οὑ

57 1158 320 1193 συνεζευγνυμένης,
336 1158 526 1193 κρουομένους,
544 1159 590 1184 καὶ
604 1158 636 1183 δι’
652 1158 765 1194 ὀργάνου
780 1167 845 1192 μου-

56 1205 137 1241 σικὴν
158 1205 307 1241 μελῳδίαν’
334 1205 404 1240 ᾠδὰς
422 1205 513 1237 δὲτὰς
534 1207 565 1240 τῇ
587 1206 661 1240 φωνῇ
682 1205 844 1241 ἐκδεχομένη

54 1254 94 1284 εἰς
109 1252 141 1279 τὸ
157 1252 244 1287 στόμα
259 1251 423 1286 ἐπαγγελίας
439 1251 571 1286 μουσικῆς
586 1251 743 1287 ἐναρμόνιον
757 1252 845 1285 ἐκφω-

54 1298 158 1325 νείσθαι
179 1298 328 1333 λεγομένας
351 1298 482 1334 ὑπάρχειν
493 1306 500 1313 ν
520 1297 643 1332 ψαλμοὺς
659 1297 686 1323 δὲ
700 1296 784 1331 ᾠδῶν,
799 1297 843 1323 ὅτε

54 1344 238 1380 προτέτακται
258 1344 307 1380 μὲν
321 1345 337 1379 ἡ
351 1344 436 1379 φωνὴ,
449 1344 551 1378 ταύτης
571 1343 599 1370 δὲ
617 1344 732 1379 ἤρτηται
747 1344 760 1369 ὁ
773 1342 843 1369 ὲκεί-

53 1400 108 1417 νων
129 1392 263 1426 συγγενὴς
279 1387 355 1425 ἦχος,
373 1390 562 1425 ἀποδιδόμενος
575 1389 718 1425 εὐρύθμως
732 1389 775 1415 (λὰ
789 1389 843 1415 τῶν

52 1437 178 1473 ὀργάνων
188 1445 194 1451 ·
212 1436 282 1471 ᾠδὰς
299 1436 327 1462 δὲ
341 1435 465 1470 ψαλμῶν,
478 1436 540 1461 ὅταν
554 1435 735 1470 προτάσσεται
753 1435 801 1470 μὲν
813 1435 843 1461 τὸ

52 1484 179 1518 Εργανον,
193 1482 283 1518 χώραν
294 1482 322 1509 δὲ
333 1482 463 1517 λαμϐάνει
475 1482 601 1517 δευτέραν
617 1483 633 1517 ὴ
647 1481 731 1517 φωνὴ,
749 1482 765 1516 ἡ
781 1481 842 1507 ἑπο-

54 1530 123 1566 μένη
147 1531 180 1564 τῇ
205 1529 258 1555 τῶν
281 1529 384 1564 χορδῶν
407 1530 533 1564 μουσικῇ.
555 1529 610 1555 Καὶ
633 1528 717 1555 ταῦτα
736 1528 784 1564 μὲν
803 1528 841 1560 ὡς

53 1576 123 1611 πρὸς
142 1575 172 1601 τὸ
190 1576 271 1610 ῥητὸν
284 1575 338 1601 τῶν
354 1575 575 1609 σημαινομένων·
591 1574 661 1600 κατὰ
677 1574 705 1600 δὲ
719 1574 780 1604 τοὺς
794 1573 842 1608 τῆς

53 1621 200 1657 ἀναγωγῆς
211 1621 316 1655 λόγους,
327 1621 432 1656 ψαλμὺς
450 1621 497 1656 μὲν
513 1620 545 1647 ἂν
561 1620 614 1655 εἰῖη,
629 1621 672 1646 ὅτε
685 1619 716 1646 τὸ
728 1620 842 1655 ὄργανον

52 1667 83 1695 τὸ
105 1667 187 1703 σῶμα
208 1666 351 1702 κρούοντες
374 1667 417 1694 διὰ
436 1666 489 1692 τῶν
509 1665 597 1692 καλῶν
621 1666 718 1700 ἔργων,
744 1665 842 1700 πρᾶξιν

52 1714 160 1750 ἀγαθὴν
185 1713 372 1749 ἐπιτελοῦμεν,
389 1714 414 1740 κ’
432 1713 464 1739 ἂν
491 1713 527 1748 μὴ
543 1713 613 1739 πάνυ
638 1713 666 1738 ἐν
692 1713 724 1747 τῇ
741 1711 842 1747 θεωρία

53 1762 270 1798 προκόπτοντεςσ
297 1761 353 1796 ᾠδὴ
378 1760 416 1793 δὲ,
442 1761 486 1786 ὅτε
513 1760 596 1795 χωρὶς
619 1759 665 1786 τοῦ
690 1759 841 1795 πρακτικοῦ

53 1797 244 1844 θεωρήσαντες
276 1807 309 1834 τὰ
335 1807 384 1842 τῆς
407 1797 536 1842 ἀληθείας
561 1807 715 1841 μυστήρια,
739 1805 842 1837 τούτοις

55 1854 315 1889 συγκατατιθέμενοι
334 1874 341 1886 ,
366 1853 516 1888 φρονοῦμεν
545 1852 579 1878 τὰ
609 1852 738 1878 κάλλιστα
779 1852 842 1887 περὶ

53 1901 132 1933 Θεοῦ,
147 1901 195 1928 καὶ
220 1901 274 1927 τῶν
301 1900 397 1934 λογίων
420 1899 513 1930 αὑτοῦ,
529 1898 654 1933 γνώσεώς
667 1907 695 1926 τε
710 1898 842 1932 φωτιζού-

54 1955 114 1983 σης,
132 1947 180 1973 καὶ
194 1946 290 1981 σοφίας
314 1947 342 1972 ὲν
360 1947 418 1977 ταῖς
434 1946 533 1980 ψυχαῖς
545 1944 623 1980 ἡμῶν
638 1944 823 1980 τρανουμένης
833 1952 839 1958 ”

127 1993 155 2020 δὲ
179 1992 298 2028 ψαλμοῦ,
322 1992 365 2018 ὅτε
388 1991 559 2027 προαγούσης
581 1989 705 2026 πράξεως
725 1989 840 2024 ἀγαθῆς,

51 2040 123 2067 κατὰ
145 2040 174 2066 τὸ
192 2039 406 2074 προειρημένον
431 2036 631 2072 Ἑπιθιιμήσας
650 2036 761 2071 σοφίαν·
784 2036 843 2063 δια-

51 2087 188 2120 τήρησον
203 2085 342 2117 ἐντολὰς,
356 2084 405 2111 καὶ
420 2084 526 2117 Κύριος
541 2083 702 2118 χορηγήσει
719 2092 777 2116 σοι,
793 2084 841 2109 αὐ-

51 2132 99 2167 τὴν
117 2130 255 2165 συνίεμεν,
267 2130 406 2167 κριθέντες
419 2129 488 2161 ἄξιοι
501 2129 554 2156 ὑπὸ
566 2129 632 2155 Θεοῦ
645 2130 694 2164 τῆς
704 2128 840 2163 ἀληθείας,

903 201 1005 229 musica
1023 202 1199 229 delectatione
1225 202 1394 236 abripiamnr
1411 202 1443 228 ad
1460 203 1550 228 carnis
1565 203 1685 237 aflcctio-

902 256 959 275 nes.
972 249 1131 281 Quinetiam
1150 249 1223 281 illud,
1240 249 1346 283 opinor,
1365 249 1520 283 prophctira
1534 250 1626 276 eadem
1643 257 1686 275 ra-

901 295 983 327 tione,
1001 303 1053 329 qua
1071 295 1242 322 instrumenti
1259 296 1439 327 constructio,
1454 295 1520 322 scite
1536 296 1687 330 sapienter-

900 348 953 375 que
968 342 1182 368 demonstratum
1199 341 1276 368 nobis
1291 341 1385 373 fuisse,
1401 341 1472 376 quod
1486 342 1532 376 qui
1546 341 1686 368 ntodificau

900 391 927 413 to
943 391 1005 414 sunt
1023 387 1123 419 animo,
1137 387 1260 421 beneque
1271 387 1429 419 constituto,
1447 386 1552 413 facilem
1566 387 1685 415 habeant.

900 432 1002 459 aditum
1028 433 1060 459 ad
1089 433 1220 460 cmlestia.
1236 432 1424 467 Przetereaque
1439 433 1651 460 instrumentum
1668 441 1684 460 e

900 478 1005 511 superis
1024 485 1133 505 causam
1147 478 1293 505 desumcns
1313 477 1345 504 ad
1363 485 1505 504 numerum
1527 478 1684 510 resonandi,

899 523 953 550 tale
969 527 1021 554 est,
1038 523 1118 557 quale
1133 523 1226 557 utique
1241 522 1323 549 fuerit
1339 529 1439 556 corpus
1447 523 1558 553 Christi,
1573 528 1684 550 sancto-

898 574 1014 602 rumque
1026 568 1127 602 ipsius;
1147 568 1357 594 instrumentum
1372 567 1518 601 singulare,
1533 575 1548 594 a
1561 575 1616 602 quo
1628 575 1685 595 uno

898 617 1000 640 rectum
1016 618 1150 640 servatum
1167 617 1209 640 est
1223 623 1229 639 :
1242 612 1380 639 Peccatum
1393 612 1465 639 enim
1487 621 1539 639 non
1556 613 1627 646 fecit,
1639 620 1685 640 nec

898 659 1016 686 inventus
1026 663 1064 685 est
1075 658 1152 686 dolus
1163 659 1189 684 in
1200 667 1243 685 ore
1252 658 1309 692 ejus
1318 658 1328 673 ⁵
1340 666 1346 690 ;
1362 658 1571 685 instrumentum
1586 667 1686 686 conso-

898 713 973 734 num.
1000 705 1198 735 harmonicum,
1230 705 1403 735 concinnum,
1432 703 1503 738 quod
1536 705 1684 732 humanam

897 751 998 777 rutilant
1023 750 1143 784 suscepit
1163 749 1339 782 discordiam,
1356 757 1445 783 neque
1460 753 1556 782 praeter
1572 749 1683 776 modum

897 796 1044 831 quidquam
1065 796 1128 830 egit.
1147 796 1193 822 sed
1217 803 1325 822 omnem
1348 795 1427 829 quasi
1445 799 1605 821 concentum
1619 802 1682 822 cum

897 843 976 869 Patre
995 843 1110 869 servavit
1126 852 1132 869 :
1146 846 1176 868 ut
1188 842 1259 868 enim
1274 841 1312 868 ait
1326 841 1382 875 ipse
1399 850 1406 867 :
1422 841 1473 872 Qui
1493 846 1531 867 est
1551 841 1584 867 de
1602 846 1683 875 terra,

896 890 927 916 de
949 895 1018 916 terra
1039 894 1087 919 est.
1100 893 1124 914 et
1146 889 1177 914 dc
1200 892 1268 914 terra
1286 888 1417 922 loquitur;
1429 887 1474 921 qui
1484 887 1514 913 da
1528 887 1591 913 caelo
1604 888 1683 921 venit,

895 936 964 970 quod
978 936 1042 962 vidit
1053 941 1076 962 et
1089 935 1189 961 audivit
1202 934 1340 960 testatur".

933 982 986 1009 Vl].
1007 982 1141 1015 Quoniam
1158 990 1222 1008 vero
1236 986 1300 1010 sunt
1314 981 1422 1016 psalmi.
1437 986 1555 1017 suntque
1571 983 1639 1014 odm,
1656 987 1683 1010 et

895 1029 991 1064 psalmi
1007 1029 1082 1061 mles,
1102 1034 1182 1063 atque
1199 1028 1257 1055 eda:
1269 1028 1447 1062 psalmorum,
1464 1033 1589 1062 superest
1605 1033 1634 1054 ut
1649 1029 1683 1055 de

895 1075 947 1101 hac
959 1074 1108 1101 differentia
1130 1074 1220 1101 dicere
1243 1073 1442 1109 aggrediamur.
1461 1073 1514 1101 Nos
1533 1074 1622 1108 itaque
1637 1082 1682 1100 ar—

895 1120 985 1147 bitrati
1001 1127 1105 1151 sumus,
1123 1127 1170 1146 eos
1181 1119 1288 1153 quidem
1302 1119 1422 1153 psalmos
1436 1126 1496 1145 esse
1509 1119 1554 1153 qui
1570 1119 1604 1145 ad
1619 1127 1682 1145 mu-

895 1166 980 1193 sicum
999 1166 1208 1192 instrumentum
1235 1165 1423 1191 tantummodo
1441 1165 1500 1191 sine
1516 1165 1589 1191 vocis
1605 1172 1681 1191 com-

895 1211 1018 1245 plexione
1032 1211 1130 1245 pulsati
1151 1211 1263 1241 sintita,
1277 1215 1363 1245 utpcr
1376 1211 1463 1244 ipsutn
1479 1211 1681 1245 quodammodo

895 1256 1065 1291 praznuntiati
1093 1255 1204 1288 fuerint,
1228 1263 1275 1289 per
1298 1256 1430 1283 musicam
1455 1264 1551 1290 nempe
1579 1257 1680 1283 instru-

895 1303 976 1329 menti
993 1302 1179 1334 harmoniam;
1196 1301 1261 1328 o-las
1277 1310 1341 1329 vero
1358 1310 1428 1333 esse,
1447 1310 1507 1336 qua:
1529 1303 1680 1337 excipiente

893 1355 960 1374 voce
979 1352 1042 1375 sunt
1067 1347 1178 1374 reddita:
1199 1355 1246 1382 per
1262 1355 1358 1374 sonum
1373 1348 1439 1380 oris,
1456 1349 1604 1382 pulsationi
1620 1357 1681 1376 mo-

894 1395 984 1422 dulate
1017 1395 1241 1429 respondentem;
1277 1395 1397 1429 psalmos
1432 1401 1520 1422 autem
1554 1396 1679 1427 odarum,

893 1441 1002 1476 quando
1029 1449 1080 1467 vox
1104 1441 1210 1475 quidem
1230 1441 1375 1474 przecessit,
1391 1441 1453 1467 huic
1469 1445 1558 1467 tatnen
1572 1446 1679 1475 aptatus

893 1492 934 1514 est
951 1494 1065 1514 concors
1089 1493 1264 1512 numerorum
1281 1486 1396 1518 sonitus,
1413 1487 1544 1513 concinne
1559 1487 1680 1514 redditus

893 1540 940 1567 per
965 1531 1164 1564 instrumenta;
1190 1532 1257 1559 mlas
1280 1532 1397 1566 denique
1424 1532 1601 1565 psalmorum,
1617 1541 1680 1560 cum

893 1582 1029 1612 praeeunte
1044 1577 1225 1604 instrumento
1242 1577 1389 1604 secundum
1414 1577 1503 1604 locum
1528 1586 1580 1604 vox
1603 1586 1682 1606 oecu-

894 1628 948 1658 pat,
966 1630 1027 1657 qua:
1056 1623 1172 1650 chordas
1202 1623 1228 1649 in
1257 1623 1361 1650 musica
1390 1623 1574 1657 subsequitur.
1590 1624 1679 1658 Atque

895 1671 950 1696 lucc
971 1669 1096 1704 equidem
1113 1668 1194 1695 veluti
1219 1668 1251 1695 ad
1275 1668 1390 1695 litteram
1417 1676 1449 1695 ea
1475 1673 1679 1702 persequentes.

893 1723 953 1750 qua:
969 1715 1070 1742 indicio
1086 1719 1191 1742 tantum
1209 1714 1358 1748 significata
1375 1719 1453 1745 sunt;
1469 1714 1617 1741 secundum
1632 1723 1682 1741 au-

895 1766 947 1788 tem
974 1761 1135 1796 anagogicas
1159 1761 1289 1792 rationes,
1307 1765 1362 1787 tum
1379 1760 1500 1794 psalmus
1516 1760 1605 1791 fuerit,
1619 1768 1680 1787 cum

894 1814 1036 1840 organum,
1053 1813 1153 1840 corpus
1173 1805 1301 1832 nimirum
1318 1805 1439 1832 honestis
1453 1805 1605 1832 actionibus
1622 1806 1682 1840 pul-

893 1858 995 1884 santes,
1010 1853 1081 1886 quod
1098 1857 1200 1878 rectum
1225 1855 1266 1878 est
1289 1851 1456 1886 perlicimus,
1469 1852 1594 1886 quamvis
1608 1852 1679 1879 haud

894 1899 1005 1925 omnino
1028 1898 1054 1924 in
1079 1897 1307 1931 contemplatione
1322 1897 1513 1932 proficiamus;
1542 1898 1592 1925 ode
1617 1906 1680 1926 vero

894 1953 954 1972 cum
973 1945 1117 1979 separatim
1140 1944 1173 1970 al)
1192 1944 1298 1970 actione
1319 1944 1486 1971 revolventcs
1501 1944 1592 1970 animo
1609 1946 1679 1970 veri-

894 1991 956 2018 tatis
967 1990 1105 2026 tnysteria,
1116 1990 1211 2024 hisque
1222 1990 1395 2022 inhaerentes,
1406 1989 1503 2016 eximia
1515 1990 1585 2017 circa
1597 1989 1680 2017 Deum

893 2036 1032 2070 ipsiusque
1053 2035 1162 2062 oracula
1183 2035 1326 2067 sentimus,
1343 2036 1503 2068 prmlucente
1515 2036 1638 2069 scicntia,
1654 2041 1680 2063 et

893 2082 1024 2116 sapientia
1041 2086 1148 2108 nostros
1171 2081 1276 2108 animos
1301 2081 1471 2108 manifestius
1486 2082 1678 2114 collustrante;

893 2129 944 2155 ode
961 2133 1050 2155 autem
1072 2127 1179 2162 psalmi,
1197 2135 1256 2154 eum
1280 2127 1391 2154 honesta
1416 2132 1551 2161 praeeunte
1573 2128 1680 2154 actione

50 2177 85 2203 τὰ
100 2177 170 2208 τέως
186 2177 251 2211 ἡμῖν
267 2175 500 2211 ἀποκεκρυμμένα
512 2183 518 2189 ·
536 2174 641 2210 ψαλμὸς
657 2175 685 2201 δὲ
700 2175 781 2210 ᾠδῆς,
797 2174 840 2200 ὅτε

933 2179 968 2202 tta
990 2174 1055 2201 illud
1080 2174 1190 2201 effatum
1207 2183 1213 2201 :
1232 2174 1423 2208 Concupiscens
1437 2174 1593 2208 sapientiam
1605 2182 1681 2200 serva

50 2222 253 2257 caBswp'qwkag
273 2221 323 2255 τῆς
339 2220 465 2254 γνώσεως
483 2220 681 2256 σαφηνιξούσης
705 2220 765 2246 τινὰ
787 2220 842 2246 τῶν

51 2265 250 2301 κεκρυμμένων
266 2264 380 2301 ἠθικῶν,
396 2265 526 2301 πρότερον
543 2266 588 2291 ἐπὶ
602 2265 631 2291 τὸ
648 2265 778 2300 πράττειν
797 2273 842 2300 γε-

51 2311 159 2347 νώμεθα
175 2311 323 2343 συνιέντες,
335 2311 381 2337 καὶ
393 2311 407 2337 ὂ
419 2312 561 2347 πρακτέον,
571 2312 618 2338 καί
634 2313 678 2338 ὅτε
692 2313 840 2348 πρακτέον,

53 2360 97 2386 καὶ
113 2360 151 2391 ὼς
167 2359 314 2395 πρακτέον.
330 2359 381 2385 Καὶ
395 2359 464 2393 τάχα
479 2359 522 2386 διὰ
538 2358 615 2385 τοῦτο
625 2360 652 2385 αἱ
664 2359 770 2395 πρῶται
782 2360 841 2386 ἐπι-

53 2405 154 2441 γραφαὶ
176 2405 303 2441 οὐδαμῶς
325 2406 496 2442 περιέχουσιν
511 2405 560 2436 τὰς
584 2407 642 2432 κατ’
657 2406 741 2438 αὑτὰς
757 2406 838 2441 ᾠδὰς.

53 2452 117 2479 ἀλλὰ
139 2452 220 2487 μόνον
240 2451 387 2486 ψαλμὺν,ἣ
404 2452 500 2486 μόνους
515 2450 652 2486 ψαλμούς·
669 2452 698 2478 οὺ
716 2452 770 2488 γὰρ
785 2452 839 2478 ἀπὸ

53 2497 166 2534 θεωρίας
190 2498 306 2533 ἄρχεται
327 2498 341 2523 ὁ
355 2497 441 2531 ἅγιος,
457 2497 514 2524 ἀλλ’
529 2497 711 2533 ἁπλούστερον
727 2497 838 2525 πιστεύ-

52 2553 98 2576 σας
122 2544 196 2571 κατὰ
221 2543 388 2580 ὀρθοδοξίαν,
405 2545 464 2575 ταῖς
489 2543 685 2579 πραττομέναις
708 2543 838 2579 πράξεσιν

50 2591 143 2618 ἑαυτὸν
169 2590 321 2617 ἐπιδίδωσι.
339 2590 389 2617 Διὰ
403 2590 482 2617 τοῦτο
496 2589 542 2616 ἐπὶ
557 2589 628 2616 τέλει
653 2589 748 2617 πολλαὶ
760 2590 837 2625 ᾠδαὶ,

50 2638 94 2664 καὶ
118 2638 186 2664 ὅπου
211 2637 389 2670 ἀναϐαθμοὶ,
407 2636 524 2671 οὐδαμοῦ
547 2636 679 2671 ψαλμὸς,
695 2636 757 2662 οὔτε
777 2637 838 2663 κατ’

48 2684 137 2716 αὑτὸν,
152 2684 217 2710 οὔτε
235 2684 306 2719 μετὰ
318 2691 390 2714 τινος
411 2683 572 2718 ἐπιπλοκῆς,
587 2682 655 2710 ἀλλὰ
671 2683 755 2709 πᾶσαι
772 2683 839 2717 ᾠδαὶ¹

49 2733 105 2758 κατ’
121 2732 217 2763 αὑτάς.
227 2731 273 2757 Ἐν
288 2730 342 2765 γὰρ
356 2730 420 2763 ταῖς
434 2729 618 2764 ἀναϐάσεσεν
633 2729 700 2765 πρὸς
713 2729 800 2756 οὐδενὶ⁸
814 2731 838 2756 οἱ

595 2823 605 2838 ‘
623 2822 707 2850 Eccli.
722 2830 742 2855 ι,
757 2821 802 2849 23.

81 2827 92 2842 ⁸
106 2826 156 2854 In.
176 2834 239 2859 ιιιι,
258 2826 285 2853 9.
324 2825 334 2841 ⁸
352 2823 431 2852 Joan.
450 2832 490 2857 ut,
505 2824 550 2852 3t.

891 2221 1027 2253 mandata,
1040 2226 1065 2247 et
1083 2220 1211 2247 Dominus
1223 2220 1331 2247 deditch
1344 2220 1394 2252 te“,
1408 2220 1493 2253 ipsam
1506 2221 1680 2254 assequimur

891 2267 1050 2302 sapientiam
1067 2276 1073 2294 :
1090 2267 1163 2301 (ligni
1179 2274 1194 2293 ιι
1208 2266 1262 2293 Deo
1279 2266 1361 2293 habiti
1379 2266 1501 2293 veritatis
1514 2266 1678 2301 cognitione,

890 2322 951 2349 quae
975 2313 1107 2340 hactenus
1135 2313 1223 2339 fuerat
1245 2312 1323 2339 nobis
1352 2312 1532 2345 abscondita;
1558 2312 1679 2347 psalmus

890 2360 997 2386 tandem
1015 2359 1090 2391 cdes,
1105 2366 1166 2385 cttm
1191 2358 1282 2392 aliqua
1298 2358 1479 2392 recogitautes
1499 2358 1678 2391 abstrusiora,

891 2411 953 2438 qua:
968 2404 1001 2430 ad
1018 2411 1107 2430 mores
1123 2403 1287 2438 pertineant,
1304 2403 1417 2429 scientia
1442 2403 1609 2436 declarantc,
1623 2403 1680 2438 pri-

894 2456 966 2475 mum
982 2447 1014 2475 ad
1027 2447 1159 2483 agendum
1183 2447 1329 2481 prudentes
1345 2447 1487 2480 cllicimur,
1501 2447 1597 2475 deinde
1613 2448 1679 2482 quid

892 2493 1024 2528 agendum
1048 2497 1074 2519 et
1088 2493 1208 2527 quando,
1223 2497 1248 2519 et
1265 2493 1401 2527 quomodo
1424 2493 1557 2527 agendum
1581 2493 1679 2520 edoce-

893 2549 963 2567 mur.
979 2540 1066 2575 Atque
1080 2540 1144 2567 hinc
1157 2539 1251 2574 prima:
1265 2539 1381 2566 fortasse
1398 2539 1600 2573 inscriptiones,
1616 2539 1677 2566 nul-

892 2586 992 2613 limode
1007 2594 1054 2613 eas
1071 2585 1220 2617 continent,
1234 2593 1295 2620 qua:
1308 2586 1334 2612 in
1353 2585 1413 2612 odis
1428 2585 1612 2617 inveniuntur,
1630 2585 1676 2612 scd

892 2636 970 2662 unice
982 2635 1128 2670 psalmum,
1144 2634 1186 2661 vel
1202 2634 1322 2668 psalmos
1337 2633 1479 2661 duntaxat.
1494 2632 1587 2668 Neque
1603 2633 1675 2660 enim

891 2689 906 2708 a
918 2680 1142 2714 contemplatione
1155 2684 1266 2707 sanctus
1280 2679 1430 2712 exorditur,
1443 2679 1488 2707 sed
1501 2683 1677 2714 posteaquam

890 2726 1050 2761 simpliciter
1070 2725 1181 2753 credidit
1193 2725 1271 2760 juxta
1290 2726 1470 2753 orthodoxam
1488 2725 1578 2759 tidem,
1597 2725 1630 2752 ad
1644 2732 1676 2752 ea
