1860 3051
184 86 234 113 719
621 89 648 114 S.
669 87 847 115 IIIPPOLYTI
863 87 937 114 OPP.
956 86 1053 120 {PARS
1079 86 1098 113 I.
1118 103 1153 107 ——
1173 87 1378 116 EXEGETICA.
1759 87 1803 115 7Ξο

183 153 244 178 qua:
263 145 365 180 agenda
389 150 452 172 sunt
467 153 526 172 sese
543 145 670 172 traducit.
685 145 856 180 Quapropter
874 145 900 171 in
916 143 967 170 line

1055 152 1094 170 ἰοι
1110 144 1227 176 ἔσονται,
1242 145 1258 180 ἢ
1281 146 1348 181 πρὸς
1366 146 1438 181 μόνῳ
1454 145 1492 181 τῷ
1506 144 1628 181 θεωρεῖν.
1649 145 1706 172 Καὶ
1730 145 1802 172 ταῦτα

184 192 276 218 multa!
292 196 354 219 sunt
370 192 437 223 otiae,
454 197 535 226 atque
551 191 596 218 ubi
611 191 720 226 gradus,
733 191 828 218 nullibi
841 191 967 224 psalmus,

1055 191 1146 225 ρήοθω
1157 192 1221 226 ἡμῖν
1235 192 1374 223 καθολικὰ,
1387 191 1553 218 δουλεύουσιν
1570 193 1625 223 τοῖς
1646 191 1803 226 σημαινομέ-

184 245 272 271 neque
286 238 441 271 singulatim
459 245 506 271 per
517 245 555 269 se,
569 245 656 272 neque
667 246 727 264 eum
740 237 792 263 alia
807 235 967 270 complexio-

1058 244 1081 267 ις
1093 236 1142 271 τῆς
1158 237 1304 272 ἑρμηνείας
1319 238 1371 264 τῶν
1393 237 1602 273 Ἐϐδομήκοντα.

183 292 227 316 ne,
243 288 270 311 at
295 291 389 310 omnes
414 284 471 310 oda:
493 291 616 310 seorsum
645 284 791 311 collocatae.
812 283 840 309 In
857 290 966 309 ascensu
992 281 1064 308 enim
1088 284 1173 310 sancti
1204 285 1278 311 nullo
1297 289 1377 311 erunt
1401 284 1508 319 negotio
1532 283 1674 318 implicati,
1707 288 1804 316 praeter.

183 337 263 364 quam
291 329 346 357 sola
373 329 609 363 contemplatione.
626 330 713 365 Atque
737 331 793 356 lnec
810 329 936 356 universe
953 335 967 353 a
988 326 1067 354 nobis
1093 328 1164 356 dicta
1181 329 1245 360 sint,
1262 330 1304 357 his
1332 330 1506 364 obsequendo
1531 338 1592 365 qua:
1612 330 1639 356 in
1669 336 1722 356 ιιι(
1737 327 1803 356 γὶτθιί

183 375 406 408 interpretatione
421 374 587 401 indicantur.

216 440 282 468 VIII.
303 440 362 468 Jam
387 449 451 468 vero
475 450 538 469 cum
562 443 732 470 inveniamus
759 444 828 477 apud
855 451 908 470 ιη
939 450 969 470 ac

180 486 392 514 'I'heodotionem
408 492 434 515 et
456 487 651 523 Symmachum
672 498 698 516 In
716 489 879 524 quibusdam
896 489 968 523 psal-

179 532 241 564 mis,
260 532 357 567 hisque
380 541 433 561 non
450 534 555 568 paucis,
571 535 598 561 in
615 535 703 562 medio
718 536 835 570 positum
849 534 968 569 diapsal-

178 586 231 609 ma,
245 578 375 613 suspicati
393 586 498 612 sumus,
519 587 552 606 an
571 578 640 606 forte
659 580 856 607 subindiearint
873 580 919 615 qui
936 579 968 606 il-

178 622 224 648 lud
241 629 402 656 apposuere,
416 623 458 650 vel
476 624 581 651 numeri
593 625 633 651 vel
651 625 722 651 modi
738 624 835 652 factam
849 633 908 652 esse
919 632 968 660 pro

179 668 223 695 his
240 668 308 695 locis
325 669 502 696 tnutationem
517 679 522 696 :
536 670 593 696 sive
608 671 688 697 etiam
703 671 851 704 disciplina:
862 671 969 698 traden-

178 715 220 742 ἀτη
243 715 358 743 formam
377 717 402 743 in
423 717 515 750 aliam,
533 718 589 744 sive
603 718 816 753 intelligentiam,
834 720 891 746 sive
907 727 969 746 ora-

178 760 262 788 tionis
275 760 330 787 vim
345 768 406 788 esse
421 762 601 790 immutatam.
625 763 676 790 Sed
695 772 782 798 neque
796 764 867 799 apud
881 764 950 798 Aqui

1058 439 1099 464 H’.
1121 437 1196 464 Ἐπεὶ
1212 438 1240 464 δὲ
1255 437 1372 475 εὕρομεν
1386 439 1461 475 παρὰ
1472 442 1527 472 τοῖς
1542 440 1805 476 Ἐὁδομήκοντα,καὶ

1022 485 1188 516 Θεοδοτίωνι,
1203 485 1251 511 καὶ
1262 486 1402 521 Συμμάχῳ
1419 486 1463 512 ἐπί
1479 496 1557 513 τινων
1572 487 1699 522 κείμενον
1717 489 1746 514 ὲν
1763 488 1805 522 μέ-

1023 540 1061 566 σῳ
1073 530 1186 566 ψαλμῶν
1203 531 1252 557 οὐκ
1267 531 1365 566 ὀλίγων
1380 532 1410 559 τὸ
1422 532 1586 567 διάψαλμα,
1603 533 1805 569 ἐστοχασάμεθα

1024 579 1126 612 μήποτε
1143 577 1320 613 ὺπεσήμαναν
1338 578 1362 603 οἱ
1379 578 1470 609 θέντες
1487 579 1564 610 αὐτὸ,
1577 579 1683 615 ῥυθμοῦ
1699 580 1803 614 “vagi,

1024 622 1121 657 μέλους
1133 622 1284 658 μεταϐολὴν
1297 623 1437 657 γεγονέναι
1451 624 1522 650 κατὰ
1538 625 1599 656 τοὺς
1611 625 1723 656 τόπους,
1735 625 1751 660 ἦ
1763 626 1805 652 καὶ

1021 668 1121 701 τρόπου
1137 668 1311 700 διδασκαλίας
1332 670 1371 701 είς
1387 669 1479 705 ἕτερον
1495 670 1604 705 τρόπον,
1618 670 1635 706 ἦ
1648 671 1804 707 διανοῖας,ἢ

1020 713 1159 749 δυνάμεως
1172 714 1251 748 λόγου
1263 714 1426 750 ἐνάλλαγμα.
1440 713 1507 742 Οὔτε
1520 716 1549 742 δὲ
1561 717 1636 752 παρὰ
1653 717 1694 752 τῷ
1711 718 1804 753 Ἀκύλᾳ

1022 760 1120 792 κεῖται,
1136 760 1198 786 οὔτε
1224 761 1252 787 ὲν
1273 761 1312 796 τῷ
1332 761 1477 797 Ἐϐραῖχῷ,
1494 761 1550 788 ἀλλ’
1564 764 1625 790 ἀντὶ
1638 763 1803 798 (Stat-(Ulta-

179 805 235 833 Iam
259 806 405 839 invenitur,
425 814 512 841 neque
530 808 556 834 in
577 807 718 839 Hebraico,
737 813 764 835 at
781 817 829 844 pro
850 808 967 842 diapsal-

1055 815 1080 838 ς,
1096 805 1249 841 γέγραπται
1265 807 1321 833 ἀεί.
1338 807 1392 834 Καὶ
1409 807 1487 834 τοῦτο
1497 807 1524 834 δέ
1536 817 1566 835 σε
1583 809 1620 844 μὴ
1638 807 1803 845 παρέλθοι,ὣ

177 855 248 878 male
256 852 386 887 scriptum
398 857 439 880 est
449 853 616 887 semper.Ncc
623 854 698 883 illud.
708 861 724 881 ο
731 855 849 882 scientia:
857 859 971 885 amator,

179 902 206 924 te
220 902 372 932 praetereat,
387 898 458 933 quod
476 897 579 925 Hebrmi
593 899 752 926 Psalterium
768 900 794 926 in
808 901 929 935 quinque
939 900 972 926 li-

179 942 245 970 bros
259 943 419 976 diviserunt,
439 949 468 971 ut
492 945 580 972 instar
603 945 638 972 sit
655 945 767 972 alterius
783 945 968 972 Pentateuchi.

178 987 302 1023 Namque
315 996 330 1015 a
347 990 434 1023 primo
448 989 554 1024 psalmo
568 990 601 1017 ad
615 998 661 1021 XL.
679 999 762 1018 unum
779 991 879 1018 librum
893 999 968 1019 com-

177 1039 323 1069 putarunt;
348 1043 362 1061 a
383 1042 426 1062 xu
449 1036 481 1062 ad
503 1043 577 1068 Lxxt,
608 1035 723 1063 alterum
747 1036 933 1070 deduxerunt;
953 1045 968 1064 a

180 1088 255 1108 Lxxn
272 1081 304 1107 ad
323 1089 454 1113 Lxxxvm,
470 1082 578 1109 tertium
597 1082 744 1109 eil‘ecerunt
758 1083 855 1109 librum
867 1091 874 1115 ;
885 1091 968 1117 quar-

179 1130 237 1153 tum
263 1127 296 1153 ab
315 1134 414 1154 LXXXIX
440 1127 472 1153 ad
499 1135 549 1160 ev;
570 1135 584 1154 a
603 1136 646 1154 CVI
667 1128 699 1155 ad
713 1137 744 1155 CL
759 1133 968 1163 composuerunt

180 1173 323 1207 quintum;
336 1174 385 1200 rati
400 1173 502 1200 scilicet
515 1182 650 1209 quemque
661 1175 796 1209 psalmum
811 1175 858 1209 qui
871 1175 897 1201 in
912 1174 966 1202 line

177 1218 298 1252 haberet,
315 1219 471 1247 Benedictus
485 1220 566 1254 Deus,
585 1221 644 1255 ﬁat,
665 1221 722 1255 ﬁat,
742 1222 812 1248 hunc
832 1220 893 1248 libri
907 1229 967 1248 esse

176 1269 355 1298 postremum.
372 1265 399 1292 In
424 1266 466 1293 his
488 1271 577 1293 autem
591 1265 717 1301 precatio,
736 1271 777 1294 est
799 1267 888 1294 oblata
912 1266 965 1294 Deo

177 1311 337 1345 supplicatio
354 1319 403 1345 pro
418 1312 507 1347 aliqua
523 1312 631 1339 utilium
650 1321 738 1339 rerum
753 1322 759 1343 :
776 1318 864 1340 votum
887 1314 965 1348 equi-

177 1355 237 1383 dem
255 1357 414 1390 promissio;
438 1358 550 1391 Itynmus
571 1362 613 1385 est
637 1365 686 1392 pro
700 1357 789 1389 bonis,
808 1365 868 1393 quae
882 1358 964 1386 habe-

176 1409 246 1434 mus,
263 1401 351 1429 fausta
366 1402 526 1429 acclamatio
540 1402 596 1430 Deo
610 1403 748 1436 exhibita;
767 1404 825 1430 laus
837 1404 893 1431 sive
906 1404 964 1431 lau-

176 1447 260 1479 datio,
276 1448 476 1475 admirabilium
495 1448 541 1476 Dei
553 1456 666 1483 operum
680 1450 890 1477 commendatio.
909 1449 962 1478 Ne-

176 1501 229 1527 qtte
241 1493 312 1520 enim
331 1494 531 1521 commendatio
548 1499 589 1521 est
603 1494 686 1528 aliud,
704 1503 784 1529 quant
805 1495 892 1522 laudis
908 1504 966 1523 am-
981 1493 1003 1522 C

175 1539 316 1573 plittcatio.

211 1605 256 1632 IX.
278 1605 338 1638 Quo
353 1610 442 1633 autem
460 1611 590 1640 tempore,
603 1614 692 1641 quove
704 1611 783 1642 pacto
803 1608 874 1635 hanc
891 1607 966 1635 Psal-

178 1657 284 1678 morum
302 1651 434 1678 rationem
454 1651 563 1678 divinus
576 1651 660 1679 David
672 1653 844 1687 excogitarit;
862 1654 965 1688 primus

177 1696 286 1731 quidem
301 1704 333 1724 ac
348 1697 422 1724 solus
436 1696 520 1724 fuisse
534 1697 649 1728 videtur,
663 1698 744 1732 idque
760 1698 890 1732 altinitio,
902 1707 964 1726 cum

178 1742 335 1777 psalterium
351 1743 571 1770 concinnandum
594 1743 685 1778 digitis
699 1744 881 1779 praecipiebat.
897 1745 965 1772 Nam

178 1791 200 1817 si
217 1790 279 1824 quis
299 1791 369 1818 alius
389 1792 509 1826 psalterii
530 1799 608 1819 usum
623 1796 650 1818 et
662 1791 773 1819 cithara:
787 1793 860 1826 prior
873 1798 966 1820 osten-

180 1836 230 1868 dit,
247 1835 271 1862 is
285 1835 363 1870 plane
377 1837 495 1870 diverse,
512 1838 584 1864 iners
598 1837 726 1872 quiddam
738 1842 764 1864 et
774 1839 884 1873 vulgare
895 1847 966 1866 eom-

179 1886 287 1909 mentus
305 1882 348 1909 vel
364 1883 390 1909 in
413 1883 472 1917 ipso
489 1883 659 1910 instrumenti
673 1890 813 1919 apparatu,
832 1893 917 1919 neque
932 1886 965 1913 ad

177 1933 287 1953 carmen
318 1927 476 1958 concinens,
496 1935 583 1961 neque
613 1927 646 1954 ad
674 1935 838 1958 sermonem,
866 1929 965 1963 agresti

177 1971 296 2007 quodam
314 1972 375 1998 lusu
391 1973 538 1999 delectatus
563 1977 614 2001 est.
630 1972 676 2000 Ille
696 1978 796 2005 autem,
818 1978 878 2008 post
893 1974 966 2008 ejus-

179 2017 263 2049 modi,
282 2017 386 2052 primus
400 2018 433 2044 ad
450 2025 603 2049 numerum,
619 2023 699 2052 atque
712 2019 846 2050 ordinent,
863 2022 964 2046 artem-

177 2071 230 2097 que
252 2070 321 2097 opus
347 2063 482 2089 revocavit
503 2071 508 2088 :
526 2066 707 2096 praetereaque
721 2063 835 2090 carmini
854 2068 964 2091 cantum

178 2109 336 2138 immiscuit.
353 2109 480 2143 quodque
501 2109 632 2135 eximium
659 2113 710 2141 est,
724 2116 787 2144 erga
811 2109 906 2143 Deum,
923 2111 965 2138 vel

1023 851 1157 886 φιλολόγε,
1170 852 1211 878 ὅτι
1227 852 1273 878 καὶ
1292 853 1322 879 τὸ
1341 852 1488 890 ψαλτήριον
1507 855 1546 885 εἰς
1558 855 1638 880 πέντε
1652 854 1751 880 διεῖλον
1766 855 1803 889 βι-

1022 895 1083 922 6λία
1105 897 1128 922 οἱ
1151 896 1279 932 Ἑϐραῖοι,
1294 897 1363 924 ὥστε
1384 896 1452 924 εἴναι
1467 899 1514 925 καὶ
1528 899 1594 925 αὐτὸ
1612 899 1692 926 ἄλλον
1708 900 1803 926 Πεντά-

1021 949 1124 976 τευχον.
1135 941 1199 967 Ἀπὸ
1211 942 1264 977 γὰρ
1276 946 1300 969 α’
1313 942 1420 977 ψαλμοῦ
1433 943 1513 980 μέχρι
1525 948 1561 980 μ’,
1575 945 1638 980 μίαν
1653 945 1804 979 ἐλογίσαντο

1021 987 1120 1022 βίϐλον·
1130 988 1184 1014 ἀπὸ
1191 988 1219 1014 δὲ
1233 992 1276 1023 μα’
1290 989 1342 1021 ἕως
1356 993 1394 1016 οα⁷
1407 990 1536 1026 δευτέραν
1547 992 1702 1027 ἡγήσαντο·
1717 992 1769 1018 ἀπὸ
1778 992 1804 1018 δὲ

1019 1035 1056 1071 οβ’
1068 1035 1119 1066 ἕως
1127 1044 1163 1070 πη
1171 1036 1277 1071 ’τρίτην
1291 1036 1380 1071 βίϐλον
1388 1038 1529 1073 ἐποίησαν·
1542 1038 1596 1065 ἀπὸ
1607 1039 1635 1065 δὲ
1646 1039 1690 1065 πο’
1701 1038 1753 1070 ἕως
1765 1042 1800 1074 pa’

1018 1082 1151 1115 τετάρτην
1162 1090 1168 1096 ·
1184 1082 1238 1107 ἀπὸ
1251 1082 1280 1108 δὲ
1296 1086 1340 1117 ρξ’
1354 1083 1405 1115 ἓως
1421 1083 1468 1110 τοῦ
1487 1087 1523 1118 ρν¹
1541 1085 1590 1119 τὴν
1601 1085 1731 1120 πέμπτην
1745 1093 1803 1110 σαν-

1019 1125 1134 1161 έθηκαν·
1160 1128 1273 1154 ἕκαστον
1299 1129 1351 1164 γὰρ
1370 1129 1474 1164 ψαλμὸν
1498 1131 1527 1156 ἐν
1551 1130 1589 1166 τῷ
1611 1130 1684 1157 τέλει
1703 1130 1804 1165 ἔχοντα,

1017 1172 1189 1207 Ε’ὺΛογνητὺς
1205 1174 1322 1208 Κύριος,
1346 1177 1470 1209 γένοιτο,
1494 1176 1616 1211 γένοιτο,
1632 1177 1712 1204 τοῦτο
1734 1177 1805 1208 τέλος

1018 1217 1119 1252 βιϐλίου
1146 1218 1315 1247 ἐδικαίωσαν.
1332 1221 1409 1248 Ἐστι
1434 1222 1462 1248 δὲ
1487 1222 1654 1257 προσευχὴ,
1684 1223 1806 1258 ἱκετηρία

1018 1263 1081 1298 περί
1103 1272 1175 1295 τινος
1197 1265 1250 1291 τῶν
1267 1267 1459 1302 συμφερόντων
1474 1268 1664 1303 προσαγομένη
1682 1268 1721 1303 τῷ
1738 1268 1805 1303 Θεῷ,

1016 1308 1091 1343 εὐχὴ
1112 1309 1139 1336 δὲ
1156 1310 1318 1345 ὑπόσχεσις·
1335 1312 1439 1346 ὕμνος,
1454 1314 1470 1347 ἡ
1494 1314 1541 1339 ἐπὶ
1562 1315 1618 1345 τοῖς
1638 1313 1805 1349 ὑπάρχουσιν

1016 1355 1081 1389 ἡμῖν
1095 1355 1207 1388 ἀγαθοῖς
1223 1357 1401 1393 ἁνατιθεμένη
1423 1357 1461 1393 τῷ
1481 1359 1540 1393 Θεῷ
1555 1359 1677 1394 εὐφημία
1689 1368 1695 1374 ·
1723 1357 1807 1392 αἶνος

1015 1400 1073 1435 ἦτοι
1087 1401 1198 1434 αἴνεσις,
1212 1403 1265 1430 τῶν
1274 1403 1352 1429 θειῶν
1363 1404 1508 1440 θαυμάτων
1527 1404 1648 1437 ἔπαινος.
1668 1406 1740 1433 Οὐδὲ
1753 1406 1806 1441 γὰρ

1015 1446 1081 1473 ἄλλο
1096 1447 1215 1482 ἔπαινος,
1234 1449 1250 1485 ἢ
1270 1449 1316 1476 τοῦ
1331 1450 1405 1476 αἴνου
1423 1451 1556 1482 ἐπίτασις.

1053 1603 1091 1628 Θ¹.
1114 1601 1181 1628 Πότε
1199 1602 1245 1628 καὶ
1259 1603 1332 1633 ὅπως
1354 1603 1393 1634 εἰς
1409 1602 1509 1637 ταύτην
1531 1601 1597 1638 ἦλθε
1612 1603 1667 1629 τῶν
1684 1603 1807 1640 Ψαλμῶν

1016 1647 1064 1682 τὴν
1078 1648 1196 1685 ἐπίνοιαν
1209 1648 1223 1674 ὁ
1237 1648 1306 1679 θεῖος
1319 1648 1408 1681 Δαυὶδ,
1425 1648 1499 1675 δοκεῖ
1511 1649 1559 1683 μὲν
1571 1650 1617 1675 καὶ
1628 1649 1749 1685 πριῖντος.
1761 1651 1808 1677 καὶ

1019 1693 1107 1728 μόνος,
1124 1684 1172 1720 icti
1191 1691 1220 1724 ἐξ
1235 1693 1332 1728 ἀρχῆς,
1349 1693 1392 1719 ὅτε
1415 1694 1463 1719 καὶ
1480 1695 1536 1725 τοῖς
1556 1693 1697 1725 δακτύλοις
1713 1694 1807 1727 ἔλεγεν

1016 1739 1181 1775 ἁρμόζεσθαι
1207 1739 1237 1765 τὸ
1259 1738 1415 1774 ψαλτήριον.
1430 1739 1462 1765 EI
1486 1739 1540 1773 γὰρ
1565 1740 1610 1765 καὶ
1635 1738 1731 1774 ἕτερος
1744 1737 1780 1774 ἦν
1795 1741 1809 1766 ὁ

1017 1784 1176 1816 καταδείξας
1186 1783 1345 1818 ψαλτήριον,
1360 1783 1407 1809 καὶ
1423 1783 1547 1819 κιθάραν,
1562 1783 1618 1810 ἀλλ’
1634 1783 1724 1814 ἄλλως
1736 1785 1809 1810 ἐκεῖ·

1016 1839 1060 1861 νος
1076 1829 1187 1864 ἄτεχνόν
1201 1838 1237 1861 τι,
1252 1829 1299 1856 καὶ
1319 1828 1450 1855 ἰδιωτικὸν
1464 1829 1617 1864 συμπήξας,
1633 1829 1649 1864 ἦ
1668 1829 1808 1860 διατείνας

1016 1876 1142 1911 δργανον·
1155 1875 1202 1901 καὶ
1212 1874 1274 1901 οὔτε
1287 1874 1355 1909 πρὸς
1369 1873 1456 1909 μέλος,
1471 1874 1532 1901 οὔτε
1546 1875 1613 1910 πρὸς
1628 1874 1708 1909 λόγον
1723 1875 1807 1910 ᾄδων,

1016 1921 1072 1948 ἁλλ’
1089 1922 1221 1958 ἁγροίκην
1240 1930 1299 1948 τινα
1310 1921 1414 1953 παίζων
1425 1921 1567 1958 τέρψιν.”0
1578 1921 1606 1947 δὲ
1622 1921 1732 1956 πρῶτος
1748 1922 1807 1956 μετ’

1016 1968 1118 1994 ἐκεῖνον
1130 1968 1170 1999 εἰς
1179 1967 1282 2003 ῥυθμὸν
1289 1967 1399 2001 ἀγαγὼν
1414 1967 1444 1993 τὺ
1461 1967 1584 2002 πρᾶγμα,
1599 1967 1647 1993 καὶ
1659 1966 1751 2000 τάξιν,
1761 1967 1808 1993 καὶ

1017 2013 1123 2048 τέχνην,
1146 2013 1213 2040 ἀλλὰ
1227 2014 1273 2040 καὶ
1288 2013 1326 2048 τῷ
1341 2013 1415 2048 μέλει
1433 2012 1636 2048 συγκαταμίξας
1660 2013 1691 2039 τὸ
1718 2012 1807 2049 ᾆσμα,

1016 2060 1063 2086 καὶ
1077 2059 1106 2085 τὸ
1120 2059 1220 2094 μεῖζον,
1238 2058 1305 2094 πρὸς
1317 2058 1393 2090 Θεὸν,
1408 2059 1424 2094 ἢ
1437 2059 1502 2085 Θεὸν
1519 2059 1597 2094 ᾄσας,
1611 2056 1688 2090 οὗτος
1714 2059 1729 2084 ὁ
1747 2059 1807 2085 θεο-

1018 2105 1209 2140 φορητότατος,
1226 2103 1376 2138 ἀρξάμενος
1394 2103 1443 2138 μὲν
1458 2103 1489 2128 ὲκ
1504 2102 1652 2137 ποιμένων,
1670 2102 1721 2128 καὶ
1744 2102 1809 2129 παί-

177 2154 262 2180 Deum
282 2154 369 2188 ipsum
386 2154 520 2184 canendo,
541 2154 609 2180 idem
630 2154 802 2183 divinissimo
823 2161 964 2191 correptus

1055 2159 1068 2176 ν
1083 2150 1276 2184 ἱδιωτικότερόν
1291 2158 1320 2175 τε
1340 2149 1386 2176 καὶ
1402 2149 1600 2184 ταπεινότερον·
1615 2148 1764 2183 γενόμενος
1780 2148 1808 2174 δὲ

178 2199 278 2229 amatu.
293 2207 355 2226 cum
374 2204 467 2234 pastor
490 2207 522 2226 ac
548 2207 613 2233 puer
625 2204 696 2227 esset
713 2201 845 2234 privatum
862 2203 964 2237 aliquid

178 2254 210 2273 ac
231 2246 379 2273 demissum
402 2253 527 2278 exorsus,
543 2250 718 2280 posteaquam
736 2247 761 2274 in
778 2248 866 2276 virunt
880 2254 907 2276 et
920 2257 963 2276 re-

179 2299 238 2326 gem
253 2292 348 2323 evasit,
364 2291 497 2318 illustrius
509 2291 636 2325 quiddam
653 2299 685 2318 ac
698 2292 806 2327 dignius
821 2293 962 2321 hominum

179 2337 332 2370 frequentia
349 2336 477 2370 suscepit.
492 2335 569 2368 Quod
583 2337 770 2372 qualecunque
786 2337 877 2369 fuerit,
892 2347 965 2366 smn-

179 2382 268 2417 psisse
284 2386 349 2408 tunc
363 2382 481 2408 maxime
495 2383 690 2410 incrementum
708 2383 801 2416 l‘ertur,
815 2392 876 2412 cum
901 2393 962 2412 area

180 2431 221 2455 est
242 2428 276 2454 ab
298 2428 356 2461 ipso
383 2427 409 2453 in
440 2427 532 2454 urbem
557 2433 661 2462 recepta
677 2437 684 2455 :
699 2437 752 2463 qua
777 2437 869 2456 coram
893 2439 963 2465 saepe

181 2475 295 2501 choreas
310 2473 423 2505 ducens,
438 2473 539 2508 pluries
549 2481 656 2508 quoque
669 2474 701 2500 ad
715 2475 861 2509 gratiarum
877 2477 962 2504 actio-

180 2528 254 2553 nem,
272 2520 445 2554 faustumque
461 2521 541 2547 simul
555 2525 689 2555 receptum
706 2521 964 2553 celebrandum,ad-

181 2565 270 2592 hibuit
295 2569 414 2590 cantum.
431 2563 490 2591 ilon
514 2566 666 2591 universam
694 2564 845 2592 chitarum
863 2565 962 2592 tribum

183 2611 210 2637 in
226 2615 326 2637 sortem
347 2610 505 2644 conjiciens,
521 2610 654 2644 principes
670 2610 778 2645 quidem
797 2611 844 2645 qui
865 2611 962 2638 choros

183 2657 322 2686 ducerent,
337 2660 453 2689 quatuor
467 2655 574 2690 delegit,
597 2655 698 2690 Asaplt,
723 2655 831 2687 AEman,
850 2656 961 2688 Aithan,

183 2702 311 2732 Idithum.
326 2701 542 2736 quandoquidem
556 2706 618 2728 sunt
633 2706 748 2736 quatuor
762 2703 964 2735 omnium,qu:1:

184 2748 235 2774 sub
248 2752 385 2782 aspectum
400 2747 508 2779 cadunt,
524 2755 614 2774 rerum
628 2747 758 2781 principia
771 2756 777 2779 ;
794 2752 849 2773 tum
865 2748 963 2774 choros

183 2803 214 2822 ex
230 2794 385 2822 hominibus
399 2793 538 2822 constituit
549 2801 582 2821 ex
597 2793 710 2820 aliorum
721 2800 833 2820 numero
844 2792 960 2826 selectis,

1017 2196 1062 2221 κα¹ι
1085 2197 1126 2227 εἰς
1151 2195 1234 2230 ἄνδρα
1256 2195 1303 2221 καὶ
1326 2193 1446 2230 βασιλέα,
1464 2193 1632 2227 ἐνδοξότερον
1655 2192 1726 2228 ὁμοῦ
1759 2192 1809 2218 καὶ

1015 2242 1165 2276 κοινότερον
1177 2250 1182 2255 ·
1195 2240 1285 2266 λαΰεῐν
1306 2241 1334 2266 δὲ
1349 2240 1455 2274 λέγεται
1480 2239 1594 2274 μάλιστα
1617 2238 1667 2273 τὴν
1684 2239 1809 2265 ἐπίδοσιν

1014 2287 1102 2318 τοῦτο,
1119 2287 1186 2322 μετὰ
1200 2287 1249 2322 τὴν
1264 2286 1308 2312 ὑπ’
1324 2285 1404 2312 αὑτοῦ
1419 2285 1467 2319 τῆς
1483 2283 1598 2310 κιϐωτοῦ
1612 2284 1681 2319 πρὸς
1695 2285 1747 2319 τὴν
1759 2285 1810 2310 πά-

1015 2334 1056 2360 λιν
1070 2329 1356 2363 ἀποκατάστασινῙΗς
1373 2330 1456 2357 πολλὰ
1473 2330 1532 2356 τότε
1550 2331 1741 2366 προχορεύεις
1759 2331 1808 2356 χαί

1015 2378 1150 2413 πολλαχοῦ
1172 2378 1249 2413 ᾄσας,
1268 2376 1472 2412 εὑχαρηστήριά
1497 2384 1527 2401 τε
1550 2376 1598 2402 καὶ
1614 2376 1806 2412 εἰσδεκτήρια·

1015 2426 1072 2460 ἅμα
1087 2425 1144 2459 μετ’
1158 2423 1247 2457 ὀλίγον
1263 2424 1309 2449 καὶ
1324 2423 1371 2458 τὴν
1386 2422 1471 2457 φύλην
1490 2422 1553 2456 ὃλην
1569 2423 1609 2453 εἰς
1630 2422 1735 2458 κλῆρον
1754 2422 1807 2447 τιίν

1014 2469 1132 2497 Λευιτῶν
1157 2469 1256 2500 λαϐὼν,
1277 2468 1363 2504 ἀρχὰς
1385 2469 1432 2503 μὲν
1456 2468 1617 2502 ἀπολέγεται
1639 2468 1695 2494 τῶν
1719 2468 1806 2503 κόρων

1014 2516 1365 2552 τέσσαρας,⁷Ασὰφ,’Δμὰν,
1382 2514 1476 2544 Αἱθὰν,
1495 2514 1623 2549 ’1διοοὺμ,
1642 2515 1739 2548 ἐπειδὴ
1760 2515 1805 2539 καὶ

1015 2564 1122 2590 πάντων
1136 2562 1190 2589 τῶν
1207 2562 1352 2597 ὁρωμένων
1365 2561 1447 2596 ἀρχαὶ
1462 2561 1594 2596 τέσσαρες
1604 2569 1610 2575 ·
1631 2562 1697 2592 τοὺς
1712 2561 1741 2587 δὲ
1759 2568 1806 2595 χο-

1015 2610 1077 2644 pob;
1091 2608 1119 2641 ἐξ
1137 2608 1239 2644 ἀνδρῶν
1257 2607 1420 2642 συνίστησιν,
1438 2606 1535 2640 ἐξελὼν
1554 2606 1610 2632 τῶν
1632 2607 1741 2633 ἄλλων·
1761 2607 1807 2633 καὶ

1013 2655 1122 2685 τούτους
1146 2654 1192 2680 δύο
1221 2654 1266 2680 καὶ
1294 2653 1487 2687 ἑϐδομήκοντα,
1510 2652 1576 2688 πρὸς
1602 2653 1652 2685 τὰς
1679 2652 1808 2687 γλώσσας

1014 2701 1204 2736 ἀπαριθμήσας
1220 2700 1304 2734 οἶμαι,
1317 2699 1366 2731 τὰς
1394 2698 1582 2733 συγχυθείσας,
1599 2698 1616 2734 ἢ
1631 2699 1735 2733 μᾶλλον
1749 2699 1810 2725 δια-

1014 2746 1150 2781 κριθείσας
1175 2748 1202 2772 ἐν
1223 2747 1254 2781 τῇ
1282 2745 1454 2780 πυργοποιίᾳ.
1481 2744 1513 2770 Τί
1540 2744 1629 2779 τούτῳ
1652 2744 1762 2775 cumbit,
1784 2743 1809 2769 εἰ

1016 2793 1052 2828 μὴ
1066 2792 1152 2827 δηλῶν
1172 2792 1201 2818 τὸ
1224 2792 1269 2818 καὶ
1284 2791 1371 2822 πάσας
1388 2790 1461 2826 αὐτῷ
1474 2789 1599 2824 γλώσσας
1616 2790 1733 2824 ὕστερον
1747 2789 1810 2827 ζεο-
