1860 3051
73 128 124 155 721
560 131 773 158 FRAGMENTA
794 131 906 159 DUBIA.
930 144 937 152 -

936 144 960 153 —-
982 131 1013 158 IN
1035 131 1201 159 PSALMOS.

72 189 248 224 μολογεῖσθαι
267 189 364 221 κοινῶς
380 190 505 225 ἤμελλον,
522 192 565 218 ὅτε
579 192 625 219 καὶ
641 193 729 219 πᾶσαν
746 192 759 217 ὁ
775 192 859 226 Λόγος
873 195 895 223 Α
911 195 937 218 at

936 199 992 226 ,qne
1005 192 1054 219 hos
1067 192 1121 219 duo
1133 199 1213 225 supra
1228 191 1397 226 septuaginta
1411 198 1471 218 esse
1485 191 1583 224 \oluit;
1599 192 1631 218 ad
1646 193 1696 219 lin-

70 235 207 272 περιλάϐῃ
226 236 276 271 τὴν
289 237 460 272 οἰκουμένην.
912 246 937 272 gl

936 245 979 264 Ias
991 239 1151 272 respiciens,
1165 238 1272 272 opinor,
1289 236 1426 268 confusas,
1438 238 1479 264 vel
1493 237 1594 264 divisas
1608 238 1696 272 potius

69 283 97 310 in
114 284 199 311 turris
213 283 400 311 mdiﬁcatione.
409 284 478 317 Quid
488 285 537 312 hoc
547 285 604 320 ipso
612 289 840 318 commonstrans,
854 285 908 312 nisi
918 285 990 320 quod
1002 293 1097 312 omnes
1109 285 1255 320 aliquando
1266 285 1365 319 lingua:
1375 292 1465 311 sccmn
1474 289 1565 311 essent
1581 285 1697 318 conjun-

68 331 135 357 etim
152 329 179 357 in
195 330 318 357 eamdem
334 330 422 358 laudis
432 329 546 358 fortnam
561 339 743 364 consensum,
758 339 819 358 cum
831 330 934 358 scilicet
953 331 1070 358 Verbum
1082 336 1214 358 terrarum
1226 332 1318 358 orbem
1331 331 1486 358 universum
1503 332 1678 365 occupasset?

561 398 807 429 FRAGMENTA
842 380 937 431 AEIA
963 399 1003 429 ΙΝ
1029 398 1220 428 I’SALMOS.

475 445 523 474 (De
539 446 676 477 alterm-ms,
689 450 748 472 Acta
760 449 898 481 Martyrum
912 447 1029 477 Ostiens.,
1044 455 1067 478 p.
1087 447 1132 470 236
1146 447 1170 470 in
1190 446 1276 478 textu.)

460 524 494 550 In
509 524 639 559 psalmum
665 533 729 558 xxx,
756 526 802 553 22.
820 542 855 546 —
868 491 903 553 be
920 526 1051 559 triumpho
1064 526 1124 559 ﬁdei
1140 525 1308 552 Christiana.

1646 134 1696 160 722

105 569 144 596 Οὐ
168 570 293 597 τοσοῦτον
312 571 448 606 θαύματος
475 572 565 604 ἄξιον,
587 573 648 599 ὅταν
669 573 828 609 ἐμφαίνεται
846 576 860 600 ὁ

67 615 144 648 ἔλεος
167 617 214 643 τοῦ
235 617 301 643 Θεοῦ
323 618 352 643 ὲν
365 619 425 649 ταῖς
450 618 622 653 ήπλωμέναις
647 619 772 652 πόλεσιν,
797 621 858 647 ὅσον

67 662 310 698 θαυμαστούμενος
324 663 394 694 τότε,
411 664 473 690 ὅταν
492 664 520 690 ἐν
538 665 611 690 πόλει
630 666 758 701 περιοχῆς
777 666 857 701 γένη-

66 715 124 739 ται,
142 707 180 738 ὼς
198 707 244 733 καὶ
260 707 303 734 διὰ
317 708 394 734 τοῦτο
409 708 554 744 εὐλόγητον
569 707 646 737 εἶναι.

853 758 886 784 ll.

949 573 1025 600 llaud
1045 578 1118 600 tanta
1136 573 1247 607 dignum
1264 580 1325 600 esse
1341 573 1519 602 admiratione
1536 584 1597 603 eum
1614 578 1695 605 mise-

911 618 1028 645 ricordia
1063 617 1110 644 Dei
1139 619 1165 644 in
1196 619 1365 647 tenuioribus
1395 620 1548 648 civiIatibus
1574 629 1692 656 apparet,

910 667 1010 697 quanta
1025 663 1096 697 quod
1114 671 1123 687 ι
1141 662 1166 688 in
1180 663 1286 690 civitate
1303 665 1406 692 munita
1424 665 1461 701 (1)
1484 676 1492 691 ι
1509 666 1534 692 id
1559 668 1614 700 liat,
1632 676 1694 702 prn-

910 713 1054 743 ptereaque
1070 708 1153 736 Deum
1165 717 1225 736 esse
1242 710 1414 738 laudandum.

733 793 765 819 In
788 793 923 819 Psalmum
941 800 995 823 le,
1012 791 1054 817 i6.

105 835 220 870 Ἐλεγέν
232 845 274 867 τις
290 837 343 863 τῶν
363 837 493 868 παλαιῶν,
509 838 611 870 ζῶντας
629 840 668 870 εἰς
683 839 745 874 ᾅδου
763 841 858 875 κατέρ-
876 847 895 873 Β

68 880 166 915 χεσθαι
184 881 281 916 μόνους
295 882 358 914 τοὺς
373 883 524 917 κατήχησιν
542 883 595 909 τῶν
614 883 692 910 θείων
709 884 857 919 παιδευμά-

67 934 123 952 των
140 926 267 961 ἔχοντας·
293 929 306 954 ὁ
320 928 373 963 γὰρ
392 929 520 962 ἄγευστος
535 928 590 955 τῶν
611 929 661 964 τῆς
676 929 747 965 ζωῆς
761 930 855 963 λόγων,

67 972 174 1007 νεκρός.

858 1023 902 1050 lll.

947 837 1088 864 Referebat
1111 845 1126 864 c
1143 838 1298 865 senioribus
1316 839 1424 873 quidam
1447 841 1520 868 solos
1535 842 1594 869 illos
1609 843 1635 870 in
1649 843 1693 870 in-

910 884 1015 911 fernum
1034 884 1153 910 viventes
1166 883 1329 912 descendere
1339 905 1346 917 ,
1371 888 1416 920 qui
1430 886 1528 914 divinis
1541 894 1631 915 essent
1644 890 1693 917 do-

911 930 1005 956 «trinis
1031 929 1147 956 instituti
1167 937 1175 955 :
1196 937 1258 956 nam
1276 930 1321 965 qui
1338 931 1398 958 vitae
1415 939 1555 960 sermones
1575 941 1627 961 non
1643 935 1692 962 de-

912 977 1039 1011 gustavit,
1055 981 1179 1003 mortuus
1193 981 1242 1002 est.

72 1067 106 1095 In
123 1069 258 1103 psalmum
278 1078 342 1101 LvII,
365 1070 404 1096 I2.
423 1086 456 1091 —-
470 1071 591 1098 Scribam
606 1079 682 1097 suum
697 1070 850 1132 alloquit‘tltr,
869 1071 963 1103 vit-unt,
977 1075 1005 1097 ut
1017 1071 1130 1102 videtur,
1144 1079 1193 1096 non
1208 1070 1350 1097 indoctum.
1369 1070 1434 1097 Cum
1448 1072 1516 1098 enim
1533 1073 1688 1108 llippolytux

825 1111 928 1132 ictasset
941 1114 950 1132 :

825 1111 928 1132 tctasset
941 1114 950 1132 ἔ

109 1152 188 1178 Ἐπεὶ
207 1152 235 1178 δέ
250 1153 307 1179 ἐστί
327 1161 369 1184 τις
389 1153 493 1189 καιρὸς,
511 1154 539 1179 ὲν
551 1151 573 1187 ᾧ
587 1155 600 1179 ὁ
620 1154 668 1188 μὲν
688 1154 790 1185 δίκαιος
807 1162 857 1189 χα-

67 1198 194 1232 ρήσεται,
209 1199 233 1224 οἱ
243 1198 270 1224 δὲ
280 1198 435 1234 ἁμαρτωλοὶ
451 1199 480 1225 τὸ
494 1198 588 1234 λεχθὲν
603 1201 667 1234 περὶ
680 1199 768 1226 αὐτῶν
783 1200 858 1231 τέλος

66 1242 186 1275 ἕξουσιν,
195 1244 306 1275 εἰκότως
316 1244 456 1279 ὁμολογεῖν
469 1245 576 1276 πάντως
589 1246 721 1281 προσήκει
737 1246 783 1272 καὶ
797 1246 860 1272 ἀπο-

66 1287 223 1322 φαίνεσθαι,
239 1288 279 1314 ὅτι
301 1289 358 1315 ἐστι
376 1289 442 1320 Θεὸς
461 1288 557 1324 ἔφορος
578 1290 624 1316 καὶ
642 1290 789 1322 ἐπίσκοπος
806 1289 859 1316 τῶν

66 1335 95 1360 ἐν
109 1333 265 1369 ἀνθρώποις
281 1335 483 1370 πραττομένων,
500 1335 598 1370 κρίνων
613 1335 738 1367 ἅπαντας
750 1336 812 1367 τοὺς
827 1336 855 1362 ἐν

65 1382 99 1415 τῇ
123 1382 160 1415 γῇ
191 1380 443 1416 πολιτευσαμένους.
477 1382 636 1416 Ἐπιστῆσαι
662 1381 690 1407 δὲ
713 1382 858 1417 προσήκει,

68 1427 177 1462 μήποτε
199 1428 215 1462 ἡ
237 1427 305 1462 μετὰ
325 1429 416 1462 χεῖρας
435 1428 594 1464 προφητεία,
621 1429 695 1454 πᾶσα
714 1427 856 1459 ἀκόλουθος

65 1471 135 1499 οὖσα
157 1473 204 1499 καὶ
225 1473 382 1509 συνημμένη
402 1475 460 1505 ταῖς
483 1474 534 1510 πρὸ
552 1474 655 1509 αὐτῆς,
673 1473 706 1499 τὰ
722 1473 785 1509 τέλη
799 1473 856 1500 δια-

65 1520 164 1555 γράφῃ
179 1528 186 1535 ’

941 1153 993 1180 Sed
1008 1152 1136 1188 quoniam
1153 1157 1259 1187 tempus
1271 1158 1312 1180 est
1323 1154 1468 1188 quoddam,
1483 1155 1510 1181 in
1528 1163 1582 1189 quo
1596 1155 1689 1190 justus

906 1199 1015 1234 quidem
1040 1198 1167 1232 gaudebit
1181 1218 1188 1230 ,
1203 1203 1358 1233 peccatores
1377 1207 1439 1226 vero
1459 1200 1616 1234 praedictum
1637 1201 1690 1228 illis

908 1245 990 1272 liuent
1014 1245 1153 1272 habebunt
1170 1254 1176 1270 :
1195 1244 1289 1270 merito
1314 1243 1451 1272 fatendum
1473 1246 1584 1273 omnino
1602 1254 1634 1274 ac
1648 1247 1690 1274 di-

908 1290 1024 1318 cendum
1040 1295 1090 1321 est,
1110 1297 1170 1317 esse
1185 1289 1268 1316 Deum
1282 1290 1532 1324 contemplatorem,
1552 1292 1688 1326 inspecto-

909 1343 1020 1369 rcmque
1034 1335 1170 1362 actionum
1185 1333 1382 1366 humanarum,
1396 1334 1441 1366 qui
1455 1334 1583 1368 dijudicet
1594 1343 1688 1363 omnes

912 1381 958 1416 qui
980 1381 1007 1408 in
1027 1385 1098 1408 terra
1119 1384 1269 1406 versantur.
1297 1378 1380 1405 Porro
1396 1379 1584 1414 inquirendum
1605 1389 1638 1408 an
1657 1390 1687 1408 ea

910 1435 970 1461 qua:
984 1434 1039 1462 pra:
1054 1426 1178 1453 manibus
1194 1429 1235 1452 est
1247 1425 1403 1459 prophetia,
1421 1433 1483 1451 cum
1499 1433 1610 1459 prorsus
1624 1434 1688 1454 con--

910 1477 1035 1500 sentanea
1056 1475 1083 1498 et
1098 1478 1220 1498 connexa
1241 1472 1275 1498 sit
1289 1471 1513 1505 praecedentibus,
1533 1471 1687 1505 hujusmodi

908 1519 975 1546 fines
984 1517 1171 1553 peccatoribus
1188 1518 1336 1549 describat;

103 1565 171 1593 Haec
191 1565 334 1601 Hippolyto
359 1566 474 1593 dictante
487 1587 494 1599 ,
506 1567 692 1601 grammaticus
709 1566 792 1600 ipsum
809 1565 918 1600 rogavit,
934 1573 1010 1601 θεείῳ·
1022 1565 1092 1601 circa
1103 1563 1336 1601 eumAp‘ropltetiam
1360 1561 1504 1595 haesitaret,
1517 1564 1624 1597 perinde
1650 1573 1681 1590 ac

511 1598 534 1628 Si
549 1601 580 1628 de
593 1609 638 1636 ope
657 1598 746 1628 divina
769 1601 797 1627 ἕιι
812 1598 845 1626 ea
857 1600 944 1626 exsilii
959 1599 1111 1626 calamitate
1123 1598 1269 1632 Ili/fideret:

107 1648 266 1684 Ἐπιπησιν
283 1649 297 1674 ὁ
317 1648 516 1684 γραμματικὸς,
541 1649 612 1680 τίνος
638 1649 728 1675 ’ἐνεκεν
752 1649 850 1682 ὲπεση-
863 1651 885 1678 C

67 1694 173 1730 μειώοη
189 1703 232 1729 μοι
244 1692 429 1729 τὸδιαῃοάφῃ
440 1695 636 1726 ὑποτακτικῶς,
649 1695 685 1727 ὡς
700 1694 848 1729 δισταγμὸν

65 1741 81 1766 ὑ
86 1740 234 1775 ποιμαίνων.

937 1647 1021 1674 Instat
1043 1646 1246 1681 grammaticus,
1273 1653 1320 1672 cur
1337 1645 1449 1673 verbum
1468 1646 1613 1682 διαγράφῃ,
1644 1649 1688 1674 de-

902 1693 1011 1724 scribat,
1021 1691 1192 1726 subjunetivo
1205 1691 1284 1717 modo
1300 1699 1315 1718 a
1331 1699 1373 1719 mc
1385 1697 1543 1726 usurpatum
1552 1693 1597 1725 sit,
1609 1694 1685 1728 quasi

903 1737 1097 1764 dubitationem
1108 1736 1234 1763 insinuet.

682 1787 839 1822 Hippolytus
852 1794 913 1820 ergo
929 1785 1061 1819 respondit
1076 1794 1084 1810 :

101 1837 182 1870 Οἶδας
190 1839 217 1865 δὲ
225 1838 342 1869 πάντως,
355 1837 395 1863 ὅτι
404 1836 437 1862 τὰ
451 1836 503 1862 τῶν
519 1835 645 1861 τοιούτων
653 1834 850 1869 σχηματισμῶν

64 1887 105 1917 εἰς
121 1885 308 1920 ὑποτακτικὴν
322 1884 500 1918 ἀναφέρονται
519 1881 644 1916 ἕκκλησιν
660 1880 713 1906 τῶν
727 1880 774 1911 τὰς
788 1880 851 1915 περὶ

63 1929 185 1964 Χριστοῦ
201 1928 365 1964 προφητείας
378 1926 558 1962 μελετώντων,
572 1926 617 1951 καὶ
633 1924 804 1959 δικαιοσύνην
814 1924 852 1959 τῷ

64 1975 182 2010 στόματι
208 1974 366 2005 λαλούντων,
390 1973 427 2008 μὴ
450 1972 498 2008 μὲν
525 1971 749 2007 παραδεξαμένων
772 1971 852 1996 αὑτὸν

63 2021 188 2053 ἐλθόντα,
205 2020 271 2056 μηδὲ
284 2020 490 2046 ὲπακουσάντων
508 2017 590 2045 αὑτοῦ
602 2018 650 2053 τῆς
665 2017 755 2053 φωνῆς
770 2016 853 2052 βοῶν-

62 2077 110 2100 τος
141 2067 211 2102 πρὸς
237 2067 334 2098 αὐτοὺς
360 2066 407 2093 καὶ
434 2065 573 2100 λέγοντος·
604 2073 612 2090 ι
648 2064 674 2089 '0
695 2063 776 2098 ἔχων
790 2061 851 2090 ὦτα

61 2114 188 2141 ἀκούειν
214 2111 358 2139 ἀκουέτω·
382 2112 477 2143 οἵτινες
509 2110 652 2146 ὠμοίωσαν
673 2110 783 2140 ἑαυτοὺς
812 2108 851 2143 τῷ

61 2159 122 2193 ὃφει
134 2179 142 2190 ,
165 2158 213 2185 καὶ
228 2158 262 2184 τὰ
277 2155 333 2184 ὦτα
348 2156 436 2184 αὐτῶν
459 2157 637 2191 πεποιήκασιν
658 2155 724 2181 ὡσεὶ
741 2153 852 2185 ἀσπίδος

61 2204 172 2238 κωφῆς,
197 2213 206 2229 ι
230 2203 276 2229 καὶ
290 2202 324 2228 τὰ
340 2202 403 2236 ἑξῆς
415 2201 515 2228 τούτων
533 2200 673 2236 εἰρημένα.
700 2200 793 2226 Ἔστιν
804 2196 850 2225 οὖν

61 2246 172 2282 ἀληθῶς
191 2246 206 2272 ό
221 2246 415 2282 ἐπιμελόμενος
426 2245 480 2271 τῶν
495 2245 607 2272 δικαίων
622 2243 697 2276 Θεὸς,
714 2244 762 2270 καὶ
777 2244 851 2270 δικά-

61 2293 116 2325 ζων
130 2293 181 2328 μὲν
197 2293 286 2323 αὐτοῖς
304 2291 489 2327 ἀδικουμένοις
504 2291 548 2317 ἐπὶ
566 2291 616 2325 τῆς
633 2290 697 2325 γῆς·
713 2289 850 2325 τιμωρού-

62 2346 142 2372 μενος
155 2337 186 2364 δὲ
199 2337 261 2368 τοὺς
270 2336 426 2372 τολμῶντας
440 2335 538 2366 αὐτοὺς
546 2335 656 2362 ἀδικεῖν.

850 2381 891 2408 ιν.

558 2428 590 2453 In
610 2428 739 2462 psalmum
757 2434 833 2459 LVIII,
844 2426 888 2453 27.

93 2477 140 2503 Διὸ
171 2476 220 2503 καὶ
244 2475 325 2512 μέχρι
342 2477 390 2511 τῆς
412 2477 530 2512 σήμερον
546 2475 662 2511 ὁρῶντες
680 2476 742 2507 τοὺς
763 2476 850 2511 ὄρους,

58 2524 104 2550 καὶ
117 2522 213 2557 κύκλῳ
225 2522 376 2556 περιϊόντες
387 2521 527 2557 πόρρωθεν
543 2521 671 2547 ἵστανται.
689 2521 785 2547 Οὐκέτι
799 2518 847 2546 οὖν

57 2567 196 2602 βασιλεὺς,
219 2567 280 2593 οὐδὲ
302 2567 444 2602 ἀρχιερεὺς
468 2567 527 2592 οὐδὲ
543 2567 698 2602 προφήτης,
717 2566 773 2592 ἀλλ’
789 2566 849 2592 οὐδὲ

55 2613 237 2648 γραμματεῖς
252 2612 299 2638 καὶ
321 2613 457 2647 φαρισαῖοι
477 2612 523 2638 καὶ
540 2611 705 2638 σαδδουκαίοι
723 2612 787 2646 παρ’
803 2612 850 2638 αὐ-

55 2659 110 2688 τοῖς
128 2657 210 2683 εἰσίν.
229 2657 265 2683 Οὐ
285 2657 335 2692 μὲν
350 2657 396 2683 καὶ
411 2656 611 2691 ἀποκτανθῆναί
628 2664 710 2691 φησιν
731 2657 770 2683 διὸ
789 2665 850 2682 συν-

55 2703 174 2737 έστηκεν
196 2702 288 2729 αὐτῶν
308 2702 339 2728 τὸ
354 2702 430 2736 γένος
441 2723 448 2734 ,
466 2703 513 2729 καὶ
526 2701 580 2728 τῶν
596 2701 696 2728 παίδων
710 2703 726 2737 ἡ
743 2702 849 2738 διαδοχὴ

91 2761 101 2776 τ
119 2760 217 2788 Matth.
231 2768 270 2792 xI,
286 2760 330 2786 15.

86 2819 135 2853 .(1)
157 2819 251 2853 Ipsam
268 2817 365 2845 urbem
383 2817 487 2851 imperii
507 2818 595 2847 sedem
615 2818 748 2853 intelligit.

938 1831 998 1859 Scis
1019 1836 1108 1858 autem
1130 1831 1250 1860 omnino.
1271 1830 1316 1857 illa
1333 1838 1393 1864 qua:
1417 1830 1568 1858 istiusmodi
1589 1831 1689 1859 fortna-

903 1878 1005 1904 tionum
1019 1880 1091 1907 sunt.
1106 1875 1138 1902 ad
1153 1875 1352 1909 subiunctivum
1370 1874 1464 1902 referri
1478 1876 1687 1910 increpationem

903 1930 997 1950 eerum
1011 1921 1056 1956 qui
1071 1921 1130 1948 illas
1145 1929 1205 1956 qua:
1216 1921 1248 1948 de
1262 1921 1371 1947 Christo
1385 1925 1448 1947 sunt
1462 1921 1616 1956 prophetias
1630 1931 1687 1949 me-

903 1969 1026 1996 ditantur
1045 1968 1163 2002 quidem,
1187 1972 1214 1994 et
1235 1967 1367 2002 justitiam
1392 1974 1439 1993 ore
1463 1967 1685 2002 proloquuntur:

905 2014 951 2041 sed
970 2014 1057 2048 ipsum
1074 2014 1261 2041 advenientem
1271 2021 1324 2041 non
1339 2013 1484 2047 recipiunt,
1498 2020 1585 2047 neque
1592 2021 1685 2041 vocem

903 2061 961 2094 ejus
980 2060 1094 2087 audiunt
1107 2059 1250 2087 clamantis
1259 2064 1339 2095 atque
1353 2058 1468 2086 dicentis
1485 2068 1491 2085 :
1514 2070 1522 2086 ε
1540 2060 1592 2092 Qui
1608 2061 1686 2088 habet

904 2114 979 2133 aures
994 2105 1119 2132 audiendi
1141 2107 1233 2133 audiat
1247 2107 1274 2133 τε
1299 2108 1346 2141 qui
1370 2107 1572 2142 assimilaruntl
1588 2112 1686 2134 semet-

903 2151 977 2185 ipsos
1006 2151 1142 2185 serpenti,
1167 2157 1193 2179 et
1205 2159 1285 2178 aures
1299 2159 1364 2180 suas
1382 2152 1504 2180 fecerunt
1526 2152 1596 2179 sicut
1616 2152 1687 2187 aspi-

903 2196 945 2224 dis
978 2196 1093 2224 surdaaz
1114 2207 1124 2222 ι
1148 2202 1174 2224 et
1189 2206 1250 2233 qua:
1271 2198 1369 2225 exinde
1404 2197 1475 2225 dicta
1508 2202 1579 2224 sunt.
1615 2196 1686 2223 Deus

904 2242 994 2276 itaque
1005 2242 1140 2277 iustorum
1156 2251 1249 2271 revera
1262 2251 1355 2270 curam
1367 2243 1444 2279 gerit,
1459 2247 1539 2278 atque
1548 2243 1613 2279 ipsis
1626 2244 1672 2278 qui

903 2287 964 2315 dem
980 2288 1107 2323 injuriam
1123 2290 1212 2324 passis
1228 2290 1255 2316 in
1274 2295 1344 2317 terra
1354 2290 1399 2325 jus
1411 2289 1492 2322 dicit;
1509 2290 1606 2324 premit
1623 2297 1686 2317 vero

902 2333 964 2360 illos
980 2333 1026 2368 qui
1044 2334 1158 2369 injurias
1172 2334 1238 2369 ipsis
1255 2334 1355 2362 inferre
1367 2340 1542 2369 praesumunt.

905 2442 939 2446 —
953 2426 1052 2454 Contra
1073 2426 1190 2453 Iudaeos.

942 2475 1044 2502 Idcirco
1055 2475 1135 2502 etiam
1151 2483 1236 2509 usque
1249 2475 1275 2502 in
1292 2475 1360 2502 hanc
1379 2476 1450 2502 diem
1461 2476 1582 2502 videntes
1597 2476 1684 2509 regio-

903 2519 945 2547 nis
957 2519 1056 2547 limites
1069 2525 1096 2547 et
1107 2520 1316 2553 circumeuntes,
1329 2520 1435 2548 eminus
1446 2520 1607 2547 consistunt.
1625 2519 1682 2547 Non

904 2566 1020 2599 amplius
1036 2566 1128 2600 itaque
1144 2566 1186 2593 vel
1203 2574 1261 2598 rex,
1281 2567 1321 2593 vel
1335 2565 1466 2600 pontifex.
1489 2566 1529 2592 vel
1542 2565 1682 2601 propheta,

903 2610 950 2637 sed
974 2619 1061 2645 neque
1087 2611 1188 2639 Scriba
1209 2616 1235 2639 et
1261 2611 1390 2640 Pharisaei
1412 2621 1444 2641 ac
1459 2611 1597 2639 Sadductei
1613 2612 1682 2646 apud

905 2657 979 2691 ipsos
999 2662 1071 2684 sunt.
1092 2657 1282 2685 Verumtamen
1302 2666 1354 2685 non
1368 2659 1435 2693 petit
1448 2662 1478 2685 ut
1498 2657 1656 2685 occidantur
1673 2666 1682 2684 :

905 2707 1067 2738 quapropter
1082 2707 1108 2730 et
1125 2711 1209 2738 genus
1224 2711 1316 2732 eorum
1332 2704 1472 2738 subsistit,
1493 2709 1518 2732 et
1536 2704 1684 2732 liberorum
