1860 3051
186 109 238 138 725

562 109 592 137 S.
613 108 791 137 HIPPOLYTI
811 109 884 136 OPP.
907 108 996 136 PARS
1026 109 1045 135 I.
1067 124 1101 128 —
1121 106 1330 135 FRAGMENTA
1352 106 1465 134 DUBIA.

1759 105 1792 131 7?.

186 169 324 197 successio
349 169 552 203 multipliralnr.
576 169 632 196 Non
649 170 722 196 enim
745 169 878 196 interfecti
897 174 956 196 sunt

1048 169 1162 204 ληθύνει.
1185 168 1221 194 Οὐ
1237 167 1290 203 γὰρ
1305 166 1510 201 ἀπεκτάνθησαν
1523 186 1530 199 ,
1548 165 1600 192 οὐδ’
1615 164 1645 196 ἐξ
1660 163 1803 198 ἀνθρώπων

186 223 273 249 neque
288 223 319 241 ex
336 215 491 241 hominibus
510 215 598 244 deleti.
614 215 659 242 sed
675 219 740 242 sunt
755 215 863 249 quidem
876 221 902 242 et
917 223 966 242 ex-

185 261 285 287 sistunt
299 269 304 286 :
318 264 504 287 verumtamen
520 264 648 294 tanquam
669 261 760 295 rejecti
780 269 812 287 ac
831 261 966 288 deturl'ati

186 307 220 332 ab
234 307 344 337 honore,
356 314 436 341 quem
453 296 516 332 olim
530 307 599 341 apud
614 306 696 333 Deum
712 307 879 334 obtinebant.
895 307 966 340 Quin

185 357 222 383 et,
239 363 247 378 ι
266 352 392 386 Disperge
411 351 482 381 illos.
501 352 598 386 inquit,
623 353 648 378 in
663 352 763 380 virtute
779 357 825 379 tua
843 362 849 379 :
867 362 874 378 ι
894 353 966 387 quod

184 401 277 432 utique
297 398 377 424 etiam
399 399 520 432 conligit.
544 397 572 424 In
593 398 746 425 universam
768 399 839 424 enim
868 403 965 426 terram

183 443 298 477 dispersi
323 449 397 475 sunt,
425 443 524 478 ubique
543 442 692 470 servientes
707 448 787 478 atque
808 443 916 471 inlin‘as
935 451 967 471 ac

183 486 295 513 serviles
313 492 384 513 artes
400 494 495 513 omnes
506 507 513 518 ,
530 492 609 522 atque
625 487 775 514 indeeentia
791 488 898 522 opiﬁcia
913 496 967 523 pra:

183 531 254 558 fame
269 532 410 559 obeuntes.

215 577 282 605 Nam
301 579 323 605 si
340 579 420 606 deleti
437 583 529 606 essent
541 587 573 607 ex
587 580 744 607 hominibus
754 602 761 609 .
777 581 814 608 ita
827 585 859 608 ut
871 581 966 608 nullibi

181 625 237 651 nllo
251 626 332 652 modo
355 626 381 652 in
401 625 468 652 vivis
485 625 590 659 essenti,
613 626 834 660 haudquaquam,
857 627 964 661 inquit,

183 675 295 698 nossent
314 672 442 705 populum
468 680 569 703 meum,
599 680 686 706 neque
712 673 856 699 scivissem
879 681 966 699 meam

182 714 331 741 Ecclesiam
346 717 454 743 ﬂorere.
481 715 572 750 Itaque
584 716 708 751 disperge
722 717 783 743 illos
799 717 898 751 ubique
911 722 966 744 ter-

181 768 285 793 rarum,
309 760 353 787 ubi
369 760 487 788 Ecclesia
505 769 564 788 mea
588 762 668 789 etiam
689 763 834 789 constituta
851 768 909 795 est;
937 768 966 790 ut

180 814 243 833 cum
255 807 373 833 viderint
390 806 538 834 Ecclesium
551 815 565 834 a
582 815 625 835 me
641 808 791 840 fundatam,
805 809 838 835 ad
852 809 965 836 aemula-

181 853 283 879 tionem
300 852 383 879 divini
394 854 483 879 cultus
495 853 652 880 ineitcntur.
670 848 793 880 Salvator
806 854 896 889 itaque
909 855 966 882 haec

180 898 263 924 etiam
281 906 329 932 pro
344 899 410 932 ipsis
421 899 534 933 rogavit.

962 947 994 975 ν.

1019 215 1188 250 ἀπέσϐησαν,
1199 213 1255 239 ἀλλ’
1270 213 1322 239 εἰσὶ
1338 212 1386 248 μὲν
1401 212 1447 239 καὶ
1461 211 1646 246 ὑφεστήκασιν
1657 219 1663 225 ·
1682 209 1766 240 οὕτως
1779 209 1802 235 δὲ

1018 261 1056 292 ὡς
1069 259 1312 294 καταϐεϐλημένοι,
1333 258 1379 284 καὶ
1400 256 1644 292 κατανηνεγμένοι,
1668 252 1703 291 ἧς
1728 254 1803 280 πάὶαι

1017 306 1130 341 ἡξὶωντο
1149 305 1223 341 παρὰ
1235 305 1293 339 Θεῷ
1306 304 1397 339 τιμῆς.
1417 302 1495 329 Ἀλλὰ
1509 302 1566 334 καὶ,
1587 311 1596 327 ‹
1611 300 1802 335 Διασκιρπιεον

1017 352 1129 383 αὐτοὺς,
1152 351 1243 386 φησὶν,
1262 352 1290 377 ἐν
1306 351 1339 386 τῇ
1354 349 1466 383 δυνάμει
1487 357 1532 374 σου
1543 357 1549 362 ·
1571 357 1579 373 ι
1596 347 1652 382 ὃδὴ
1669 346 1718 372 καὶ
1733 345 1802 379 γέγο-

1019 405 1074 424 νεν.
1096 398 1143 428 Εἰς
1165 398 1254 423 πᾶσαν
1277 395 1330 431 γὰρ
1347 395 1396 430 τὴν
1418 395 1469 429 γῆν
1491 394 1686 429 διεσπαρμένοι
1708 392 1802 427 τυκίχὰ-

1021 451 1105 473 νουσι,
1118 441 1286 472 δουλεύοντες
1302 439 1450 474 πανταχοῦ,
1469 440 1515 466 καὶ
1530 439 1580 470 τὰς
1592 438 1751 473 ἐλαχίστους
1761 437 1802 462 καὶ

1020 488 1213 523 δουλοπρεπεῖς
1235 487 1342 522 τέχνας,
1367 486 1456 517 πάσας
1467 493 1496 511 τε
1515 484 1564 516 τὰς
1582 485 1718 520 ἀπρεπεῖς
1732 482 1802 518 μεθό-

1020 534 1081 565 δους
1095 533 1174 560 ἕνεκα
1187 532 1233 559 τοῦ
1250 532 1344 567 πεινᾷν
1358 531 1558 566 μετερχόμενοι.

1051 579 1083 607 Εἰ
1099 581 1152 616 γὰρ
1165 578 1233 616 ἦσαν
1251 580 1280 611 ἐξ
1297 576 1445 614 ἀνθρώπων
1467 577 1676 612 ἀφανισθέντες,
1696 574 1801 612 μηδαμῆ

1018 627 1148 662 μηδαμῶς
1165 627 1193 652 ἐν
1214 626 1295 658 ζωσιν
1318 625 1401 657 ὅντες,
1417 625 1467 651 οὐκ
1493 623 1526 651 ἂν
1549 622 1635 655 εἷδδν,
1657 623 1737 658 φησὶ,
1761 622 1800 648 τὸν

1017 673 1082 708 ἐμὸν
1096 671 1170 703 λαὸν,
1188 672 1241 698 οὐδ’
1255 671 1288 698 ἂν
1306 670 1425 704 ἔγνωσαν
1443 668 1575 696 ἀνθοῦσαν
1593 669 1642 705 τὴν
1657 669 1729 704 ἐμὴν
1750 669 1800 694 Ἐχ-

1016 718 1138 753 κλησίαν.
1156 717 1352 753 Διασκόρπισον
1366 716 1453 742 τοίνυν
1467 715 1564 746 αὐτοὺς
1582 715 1727 750 ἁπανταχῇ
1745 715 1799 749 γῆς.

1017 763 1080 789 ἔνθα
1093 763 1183 798 μέλλει
1198 763 1243 789 καὶ
1260 763 1276 797 ὴ
1290 761 1343 797 ἐμὴ
1365 761 1510 796 Ἐκκλησία
1528 760 1722 787 συνίστασθαι·
1733 761 1800 791 ὅπως

1018 809 1160 844 βλέποντες
1181 808 1230 844 τὴν
1251 809 1296 835 ὑπ’
1310 807 1380 844 ἐμοῦ
1395 807 1600 843 θεμελιωθεῐσαν
1630 806 1799 842 Ἐκκλησίαν,

1017 856 1055 886 εἰς
1074 854 1152 890 ζῆλον
1176 854 1296 890 ἔρχοιντο
1311 854 1473 886 θεοσεϐείας.
1495 853 1598 880 Οὐκοῦν
1618 854 1666 880 καὶ
1687 853 1770 880 ταῦτα
1786 854 1800 880 ό

1018 900 1112 936 Σωτὴρ
1127 901 1196 935 ὑπὲρ
1211 900 1300 926 αὐτῶν
1318 899 1425 936 ηὔχετο.

851 993 882 1022 1η
901 995 1031 1030 psalmum
1057 1003 1111 1026 LXI,
1126 995 1152 1022 'l.

213 1041 325 1077 Profugi
349 1043 458 1076 proprie
473 1042 600 1069 dicuntur
612 1063 619 1074 .
639 1043 685 1077 qui
705 1044 739 1070 ab
760 1044 895 1078 aliquibus
911 1044 962 1070 ho-
978 1049 998 1075 Β

179 1089 265 1116 stibus
281 1093 327 1115 aut
349 1088 467 1115 inimicis
479 1089 565 1115 eversi
590 1093 663 1122 sunt,
687 1097 718 1117 ac
740 1090 836 1116 deinde
852 1090 960 1116 exsules

178 1135 242 1161 facti
255 1144 261 1161 :
274 1133 344 1168 quod
361 1134 441 1161 etiam
454 1142 504 1161 nos
518 1143 533 1161 a
552 1135 719 1162 daemonibus
740 1136 814 1170 prius
831 1136 962 1163 tolerave-

178 1187 282 1207 ramus.
299 1179 396 1206 Verum
407 1188 439 1206 ex
450 1187 503 1213 quo
520 1187 569 1206 nos
584 1180 709 1208 Christus
724 1189 771 1215 per
785 1182 864 1208 ﬁdem
883 1189 960 1209 suam

178 1227 297 1260 suscepit
309 1247 316 1258 ,
331 1234 384 1252 non
397 1226 513 1260 amplius
529 1235 543 1253 ιι
559 1234 620 1253 vera
635 1232 728 1254 nostra
743 1228 830 1262 patria
846 1235 963 1262 superna

176 1271 325 1299 Jerusalem
336 1273 470 1303 exsulare,
485 1277 531 1299 aut
549 1280 563 1299 a
577 1273 689 1300 veritate
700 1273 733 1300 ad
748 1281 866 1301 errorem
879 1279 965 1301 trans-

177 1318 240 1345 ferri
257 1318 424 1345 sustinemus
440 1319 488 1353 (l).

950 1408 994 1436 Vl.

1051 1042 1223 1069 Μετανάσται
1236 1042 1337 1079 κυρίως
1351 1040 1472 1076 λέγονται
1482 1040 1507 1067 οἱ
1518 1040 1594 1076 παρά
1606 1049 1691 1067 τινων
1702 1039 1800 1076 ἐχθρῶν

1013 1090 1029 1124 ἢ
1049 1089 1183 1124 πολεμίων
1197 1088 1393 1124 πορθηθὼτες,
1420 1085 1478 1114 εἶτα
1499 1087 1638 1123 γενόμενοι
1668 1087 1799 1122 μέτοικοι-

1013 1135 1081 1170 ὅπερ
1091 1135 1137 1161 καὶ
1151 1135 1231 1169 ἡμεῖς
1245 1133 1319 1169 παρὰ
1328 1134 1382 1160 τῶν
1392 1133 1524 1168 δαιμόνων
1536 1133 1724 1168 ὑπεμείναμεν
1738 1133 1800 1168 πρό-

1015 1188 1101 1216 τερον.
1130 1179 1187 1214 Ἀφ’
1204 1178 1234 1207 οὗ
1254 1180 1282 1206 δὲ
1303 1179 1380 1215 ἡμῶν
1397 1179 1512 1214 Χριστὸς
1533 1178 1576 1205 διὰ
1596 1179 1646 1214 τῆς
1662 1180 1704 1210 εἰς
1723 1178 1801 1204 αὐτὸν

1017 1226 1177 1252 ἀντελάϐετο
1192 1226 1318 1257 πίστεως,
1339 1225 1430 1251 οὐκέτι
1446 1224 1609 1260 μετανάσται
1625 1224 1681 1252 ἀπὸ
1694 1225 1744 1260 τῆς
1757 1225 1800 1250 5v-

1016 1279 1073 1305 τως
1091 1271 1216 1306 πατρίδος
1237 1271 1411 1306 Ἰερουσαλὴμ
1435 1271 1485 1306 τῆς
1503 1271 1559 1297 ἄνω
1580 1270 1726 1305 γινόμεθα,
1742 1271 1800 1297 οὐδὲ

1018 1317 1221 1352 μετοικισθῆναι
1246 1317 1300 1343 ἀπὸ
1328 1317 1377 1352 τῆς
1405 1316 1530 1352 ἀληθείας
1559 1317 1598 1348 είς
1621 1316 1672 1352 τὴν
1699 1316 1800 1351 πλάνην

1016 1362 1176 1398 ἀνεχόμεθα.

573 1456 604 1484 In
621 1458 751 1492 psalmum
776 1465 860 1488 LXVII,
887 1457 932 1485 19.
948 1458 1022 1485 ——l)e
1038 1459 1244 1494 ampliﬁcatione
1260 1458 1395 1486 Ecclesiw.

211 1503 343 1530 Caeterum
361 1504 516 1531 incredulos
530 1512 638 1539 quoque
663 1512 857 1538 nonnunquam
879 1504 961 1531 trahit

173 1555 222 1583 per
233 1549 343 1576 morbos
358 1555 384 1576 et
395 1550 593 1577 alliictationes.
603 1549 674 1582 Quin
685 1550 765 1576 etiam
778 1550 855 1576 multi
866 1557 913 1584 per
922 1550 960 1576 vi-

174 1597 264 1622 siones
271 1597 303 1623 ad
313 1597 363 1623 hoc
371 1601 564 1631 pervenerunt,
578 1601 608 1623 nt
617 1597 686 1631 apud
695 1596 787 1623 Jesum
795 1595 957 1624 habitarent.

1051 1505 1142 1532 ’Ἑλκει
1157 1505 1185 1532 δὲ
1195 1505 1240 1531 καὶ
1254 1506 1316 1536 τοὺς
1332 1504 1510 1536 ἀπειθοῦντας
1525 1505 1580 1531 ἐσθ’
1592 1506 1636 1531 ὅτε
1655 1506 1701 1532 διὰ
1716 1507 1800 1533 νόσων

1013 1552 1060 1578 καὶ
1079 1551 1273 1587 περιστάσεων.
1296 1551 1389 1577 Πολλοὶ
1402 1550 1431 1577 δὲ
1446 1551 1493 1577 καὶ
1508 1550 1540 1577 δι’
1558 1551 1707 1587 ὁραμάτων
1720 1550 1799 1587 ἦλθον

1013 1598 1052 1628 εἱς
1066 1596 1096 1623 τὸ
1109 1596 1316 1631 κατασκηνῶσαι
1332 1596 1405 1632 παρὰ
1420 1595 1457 1631 τῷ
1478 1595 1574 1631 Ἰησοῦ.

957 1651 1010 1683 νη.

644 1704 676 1731 In
691 1705 822 1739 psalmum
855 1712 975 1731 Lxxxvm
986 1725 993 1737 ,

1023 1704 1049 1731 4.
1063 1720 1092 1724 -
1110 1703 1208 1731 Contra
1223 1703 1341 1738 gentiles.

209 1751 236 1777 In
250 1751 364 1778 circuitu
380 1757 469 1778 autem
484 1755 577 1778 nostro
590 1757 653 1778 sunt
665 1759 831 1786 paganorum
844 1752 952 1786 sapien-

1048 1751 1140 1786 Κύκλῳ
1152 1751 1179 1777 δὲ
1195 1750 1273 1786 ήμῶν
1284 1751 1350 1776 εἰσιν
1371 1749 1503 1788 Ἑλλήνων
1518 1749 1542 1775 οἱ
1555 1749 1642 1783 σοφοὶ,
1664 1750 1798 1784 μυκτηρῑ-

172 1802 225 1827 tes.
245 1797 420 1831 explodentes
441 1805 473 1824 ac
492 1797 692 1824 subsannantcs
713 1805 772 1829 nos,
803 1802 894 1832 utpote
909 1797 955 1832 qui

172 1844 232 1870 sine
249 1843 420 1878 indagatione
433 1852 464 1871 ac
477 1845 558 1871 stulte
573 1844 728 1870 credamus.

1011 1797 1102 1829 ζοντες
1120 1797 1167 1823 καὶ
1185 1795 1360 1831 χλευάζοντες
1382 1796 1465 1831 ἡμᾶς,
1486 1796 1524 1826 ὼς
1543 1794 1732 1827 ἀνεξετάστως
1752 1798 1798 1822 καὶ

1012 1842 1110 1878 μωρῶς
1125 1842 1310 1874 πιστεύοντας.

950 1891 1016 1917 'v'lll.

463 1938 495 1966 In
523 1939 591 1966 illud
606 1939 701 1974 psalmi
724 1946 784 1970 xcv,
813 1940 842 1966 Η
864 1949 869 1966 :
887 1948 896 1964 ι
915 1939 1114 1967 Commoveatur
1130 1946 1201 1965 mare
1217 1943 1240 1965 et
1255 1938 1390 1972 plenitudo
1401 1946 1468 1972 ejus.
1487 1948 1496 1964 ι

206 1984 259 2012 Per
270 1985 327 2012 haec
339 1989 428 2012 autem
438 1994 528 2013 sermo
543 1986 678 2019 signiﬁcat
693 1987 874 2021 evangelicam
887 1994 955 2020 prte-

171 2031 344 2064 Jicationem,
362 2037 389 2059 et
402 2032 485 2058 maria
501 2037 528 2058 et
545 2032 648 2058 insulas
663 2032 757 2064 maris,
772 2037 853 2066 atque
870 2032 955 2059 homi-

170 2086 218 2105 nes
238 2078 265 2105 in
282 2079 315 2105 iis
332 2078 502 2110 habitantes,
533 2086 602 2113 quos
618 2088 626 2104 ι
643 2079 836 2113 plenitudinem
859 2079 918 2114 ejus
941 2089 951 2105 ι

170 2128 257 2153 vocat,
271 2131 462 2158 pervasurum;
490 2123 562 2158 quod
585 2123 678 2158 utique
692 2131 721 2150 re
737 2124 793 2158 ipsa
815 2124 952 2159 impletum

169 2173 221 2196 est.
248 2168 387 2203 Siquidem
412 2168 539 2195 Ecclesiae
561 2168 659 2196 Christi
685 2170 786 2196 insulas
803 2178 896 2197 omnes
911 2178 953 2197 re-

168 2215 242 2249 plent
255 2220 281 2241 et
302 2215 328 2241 in
343 2215 400 2242 dies
416 2215 640 2248 multiplicantur,
656 2219 736 2250 atque
754 2216 950 2243 incrementum

169 2260 252 2287 sumit
265 2260 387 2287 doctrina
405 2259 542 2286 salutaris.

1043 1985 1173 2020 Σημαίνει
1194 1984 1222 2011 δὲ
1238 1984 1283 2010 διὰ
1303 1984 1404 2012 τούτων
1432 1985 1447 2011 ὁ
1466 1984 1543 2018 λόγος
1568 1982 1751 2011 διελεύσεσθαι
1767 1984 1797 2011 τὸ

1008 2030 1185 2066 εὐαγγελικὺν
1207 2030 1347 2065 κήρυγμα,
1369 2030 1415 2057 καὶ
1434 2030 1468 2056 τὰ
1488 2028 1603 2065 πελάγη,
1626 2031 1674 2056 καὶ
1688 2031 1738 2062 τὰς
1752 2030 1796 2057 ἐπὶ

1008 2075 1145 2111 θαλάσσης
1166 2074 1275 2111 νήσους,
1300 2074 1362 2106 τούς
1383 2083 1411 2101 τε
1428 2076 1456 2102 ὲν
1472 2075 1582 2107 ταύταις
1601 2075 1796 2106 κατοικοῦντας

1007 2121 1174 2157 ἀνθρώπους,
1206 2131 1215 2147 ι
1241 2121 1375 2157 πλήρωμα
1392 2122 1477 2156 αὐτῆς
1500 2132 1508 2147 ι
1538 2122 1767 2158 ὠνομασμένους·
1783 2122 1796 2148 ὁ

1007 2167 1053 2194 καὶ
1067 2167 1131 2194 αὐτὸ
1144 2167 1220 2198 τέλος
1235 2166 1337 2202 ἔτυχεν.
1356 2167 1409 2193 Καὶ
1426 2167 1479 2203 γὰρ
1502 2167 1660 2202 Ἐκκλησίαι
1678 2159 1794 2203 Χριστοῧ

1005 2212 1053 2244 τὰς
1066 2213 1164 2248 νήσους
1185 2212 1293 2244 ἁπάσας
1312 2212 1453 2247 πληροῦσι1
1475 2211 1587 2247 πληθύει
1604 2221 1634 2239 τε
1647 2213 1793 2248 ὁσημέραι,

1005 2261 1052 2287 καὶ
1071 2259 1223 2286 ἐπιδίδωσιν
1237 2260 1253 2296 ἡ
1270 2259 1401 2295 σωτήριος
1413 2257 1578 2285 διδασκαλία.

953 2308 1000 2335 IX.

766 2356 798 2384 In
818 2357 948 2391 psalmum
975 2363 1070 2386 cxvnl,
1095 2355 1188 2382 50-32.

202 2400 314 2427 Amator
333 2402 464 2433 veritatis,
483 2407 509 2430 et
531 2403 576 2438 qui
601 2409 738 2439 nunquam
755 2413 803 2439 per
825 2413 856 2432 os
872 2413 950 2432 suum
969 2406 990 2433 D

170 2453 320 2473 semionem
346 2446 442 2475 falsum
466 2449 582 2483 profert,
600 2450 689 2477 dicere
706 2451 790 2485 possit
810 2460 816 2477 :
836 2461 845 2476 ι
870 2450 945 2477 Viam

170 2493 291 2520 veritatis
315 2494 393 2528 elegi.
423 2503 431 2520 ι
449 2495 518 2528 Quin
535 2500 561 2522 et
583 2496 605 2522 is
628 2497 672 2530 qui
696 2497 797 2531 judicia
811 2497 857 2523 Dei
877 2504 950 2524 seme-

167 2547 216 2573 per
228 2544 290 2566 ante
301 2540 395 2567 oculos
404 2541 489 2575 ponit,
505 2547 532 2568 et
546 2543 571 2568 in
586 2542 659 2569 omni
671 2543 778 2569 actione
790 2543 948 2570 eorumdetn

170 2586 300 2619 meminit,
327 2586 417 2613 dicet:
437 2596 447 2612 ι
471 2587 574 2616 Judicia
593 2592 639 2614 tua
659 2596 711 2615 non
729 2597 788 2616 sum
807 2589 916 2616 oblitus.
938 2599 947 2614 ι

175 2630 200 2656 ει
220 2631 355 2662 quomodo
368 2639 415 2659 cor
432 2638 553 2660 nostrum
570 2641 618 2668 per
638 2635 798 2661 tentationes
817 2643 848 2661 ac
862 2635 948 2662 tribu-

173 2676 281 2703 uniones
292 2676 438 2704 dilatatur?
452 2677 498 2705 Ha:
514 2679 649 2713 siquidem
667 2679 692 2705 in
709 2680 787 2707 nobis
799 2681 891 2715 spinas
904 2689 949 2708 co-

202 2767 241 2801 (l)
254 2766 291 2803 _ln
305 2767 405 2794 Catena
437 2767 557 2794 Corderii
581 2769 707 2803 anonymi
730 2770 807 2796 titulo
823 2770 948 2798 abrasum

179 2801 337 2837 lippnlytum
354 2803 511 2829 delitescere
523 2803 592 2829 inter
600 2801 696 2830 canora
712 2804 776 2830 illud
792 2806 872 2831 etiam
887 2814 950 2832 sna-

173 2838 206 2863 -‘el
221 2837 291 2870 quod
305 2837 327 2864 is
336 2845 489 2872 anOnymus
500 2844 635 2865 auctorem
645 2838 772 2873 Epistolm
783 2841 814 2865 ad
825 2840 950 2868 Hobra‘os

1046 2404 1074 2430 '0
1090 2403 1250 2439 φιλαλήθης,
1269 2404 1315 2430 καὶ
1336 2405 1439 2439 μήποτε
1453 2402 1597 2438 προφέρων
1616 2401 1702 2438 ψευδῆ
1718 2402 1795 2436 λόγον

1001 2450 1045 2477 διὰ
1059 2450 1202 2486 στόματος,
1211 2451 1282 2477 εἴποι
1293 2449 1350 2482 ἂν,‹
1362 2450 1435 2477 Ὀδὺν
1449 2449 1576 2484 ἀληθείας
1586 2449 1770 2484 ᾑρετισάμην.
1783 2457 1792 2473 ι

1006 2496 1085 2523 Ἀλλὰ
1107 2497 1152 2522 καὶ
1170 2497 1184 2523 ὁ
1204 2495 1346 2527 διαπαντὸς
1367 2495 1418 2531 πρὸ
1431 2494 1578 2530 ὀφθαλμῶν
1601 2494 1744 2530 τιθέμενος
1761 2494 1794 2520 τὰ

999 2542 1045 2569 τοῦ
1062 2541 1128 2568 Θεοῦ
1151 2541 1270 2578 κρίματα
1282 2561 1289 2574 ,
1307 2542 1354 2568 καὶ
1373 2541 1419 2567 ἐπὶ
1442 2541 1517 2577 πάσῃ
1531 2540 1631 2575 πράξει
1649 2540 1793 2575 μεμνημέ-

997 2596 1042 2619 νος
1056 2587 1144 2614 αὑτῶν
1159 2588 1227 2622 ἐρεῖ·
1249 2596 1257 2611 ι
1274 2586 1315 2612 Τὰ
1325 2585 1446 2621 κρίματά
1459 2594 1505 2611 σου
1519 2585 1569 2611 οὐκ
1582 2584 1768 2618 ἐπελαθόμην,
1782 2592 1789 2607 I

998 2634 1054 2661 Καὶ
1069 2633 1126 2664 πῶς
1141 2632 1219 2668 ἡμῶν
1242 2633 1258 2667 ἡ
1272 2623 1369 2667 καρδία
1388 2631 1549 2658 πλατύνεται
1564 2629 1610 2657 διὰ
1630 2629 1792 2665 πειρασμῶν

999 2679 1045 2706 καὶ
1065 2679 1195 2713 autem;
1219 2677 1310 2704 Ταῦτα
1327 2677 1380 2711 γὰρ
1401 2677 1449 2708 τὰς
1469 2677 1498 2703 ἐν
1516 2677 1581 2711 ἡμῖν
1601 2676 1726 2708 ἀκάνθας
1740 2674 1793 2701 τῶν

1004 2771 1086 2799 alium
1101 2769 1165 2797 facit
1179 2768 1286 2796 aPuulo
1301 2769 1424 2803 apostolo
1437 2767 1537 2802 inpsal.
1548 2775 1635 2799 usu,
1647 2775 1674 2803 p.
1689 2765 1792 2803 Htle

1004 2813 1069 2832 vero
1083 2805 1158 2832 lit-uit
1183 2802 1326 2839 Hippolon
1339 2805 1366 2830 in
1388 2803 1544 2839 Occidente,
1558 2802 1790 2838 quemadmodum

1004 2846 1030 2869 et
1047 2842 1161 2873 Iron-mo;
1175 2840 1202 2867 in
1220 2838 1329 2867 Oriente
1342 2847 1393 2866 non
1410 2838 1496 2865 licuit.
1605 2844 1606 2847 ‘
