1860 3051
27 115 91 140 735
592 114 635 142 DE
656 113 805 142 CHRISTO
824 112 868 139 ET
886 109 1131 139 ANTICHRISTO.
1626 105 1679 133 ’154

27 172 152 199 ἐπιδεῖν
179 173 215 199 δι’
238 173 341 202 αὐτῶν.
360 174 402 205 τίς
423 174 468 200 καὶ
491 173 598 208 ποταπὴ
614 174 629 208 ἡ
646 173 692 199 τοῦ
717 173 814 207 Ἀντιχι

933 171 952 196 is
967 169 1107 196 videmnus
1119 167 1181 202 quis
1197 171 1222 194 et
1242 166 1331 200 qualis
1353 163 1512 192 Antichristi
1529 163 1678 198 adventus,

549 211 584 244 Ξὶ
609 210 695 250 νρόνῷ
716 219 730 244 6
749 218 848 250 ἄνομος
899 223 952 250 qua
980 219 1058 242 relate
1081 221 1113 240 ac
1138 218 1257 247 tempore
1286 211 1446 238 revelabitur
1475 209 1585 244 iniquus
1618 209 1677 241 ille;

27 227 106 244 στου
133 219 289 254 παρουσία·
309 218 376 254 ποίῳ
391 219 419 245 δὲ
435 218 523 254 καιρῷ
538 218 584 244 καὶ
609 214 695 254 χρόνῳ
716 219 730 244 6
749 218 848 253 ἄνομος

899 260 1036 287 undenam
1050 264 1076 286 et
1091 267 1123 285 ex
1137 266 1190 293 qua
1207 257 1289 289 tribu,
1307 256 1413 292 quodve
1425 255 1463 282 illi
1479 262 1588 287 nomen,
1604 253 1678 289 quod

25 258 330 300 ἀτέοκαλυξρθήσεταν
346 264 427 291 πόθεν
439 264 466 290 δὲ
483 264 529 290 καὶ
544 265 576 290 ἐκ
593 265 672 296 ποίας
688 264 784 298 φυλῆς,
801 264 848 289 καὶ

25 309 57 336 τί
76 310 197 337 τούτου
219 311 315 346 ὄνομα,
337 310 368 336 τὸ
388 310 431 337 διὰ
455 310 501 336 τοῦ
517 309 632 345 ἀριθμοῦ
654 311 682 336 ὲν
704 311 736 344 τῇ
753 309 847 344 Γραφῇ

28 356 241 392 μηνυόμενον⁸
265 356 322 387 πῶς
347 356 375 382 δὲ
396 356 499 391 πλάνην
522 356 569 390 μὲν
591 355 630 390 τῷ
646 355 703 390 λαῷ
721 355 848 390 ἑγγεννή-

27 409 78 428 σει
90 422 100 434 ,
134 402 310 433 ὲπισυνάξας
330 401 426 433 αὐτοὺς
449 401 481 428 ὲκ
501 401 555 427 τῶν
578 401 702 436 περάτων
722 402 770 435 τῆς
786 400 846 435 γῆς·

27 447 141 481 Θλὶψιν
170 447 204 474 δὲ
228 448 275 474 καὶ
297 448 415 482 διωγμὸν
440 447 571 479 ὲπὶ,τοὺς
593 447 687 480 ἁγίους
710 448 846 482 ἑπεγερεῖ’

898 314 946 340 per
968 313 1112 332 numerum
1130 304 1156 330 in
1181 303 1319 337 Scriptura
1339 302 1519 338 signiﬁcatur;
1542 300 1679 335 quomodo

898 352 1026 386 populum
1046 352 1072 378 in
1086 358 1206 378 errorem
1229 350 1347 381 inducet,
1365 355 1530 383 congregans
1547 355 1561 374 a
1578 347 1678 373 ﬁnibus

899 402 991 429 terrae;
1005 404 1086 431 quam
1104 397 1165 422 item
1193 395 1294 422 sanctis
1316 394 1516 421 tribulationem
1537 392 1634 420 inferet
1649 397 1677 420 et

898 443 1128 477 persecutionem;
1142 447 1168 468 et
1183 442 1320 476 quomodo
1334 441 1390 474 ipse
1405 448 1434 468 se
1453 445 1482 467 ut
1499 439 1581 466 Deum
1596 439 1676 466 clari-

29 494 86 520 καὶ
109 493 182 525 πῶς
209 494 305 520 ἑαυτὸν
328 493 432 525 δοξάσει
453 493 490 525 ὡς
512 494 594 520 Θεόν·
614 494 656 524 τίς
677 493 705 519 δὲ
721 494 737 528 ἡ
753 493 847 518 τούτου

35 539 217 565 συντέλεια’
241 538 297 570 πῶς
321 539 348 564 δὲ
368 539 384 573 ἡ
401 538 543 573 ἐπιφάνεια
562 537 608 564 τοῦ
628 537 729 573 Κυρίου
745 538 848 564 ἀποκα-

28 583 227 619 λυφθήσεται
246 584 292 609 ἀπ’
309 583 439 618 οὐρανῶν·
464 584 510 609 καὶ
526 583 566 614 τίς
583 583 599 618 ἠ
622 582 678 617 τοῦγ
689 582 848 617 ,σύμπαντος

30 628 348 668 κόσμουξρςπιόρὲις·
371 629 413 660 τίς
428 628 455 655 δὲ
477 620 667 664 ἧ-ἶῶννᾶγὶων
683 628 785 661 ἔνδοξος
801 628 848 654 καὶ

30 666 224 710 ἐπῦξῖῥᾶνιος
242 666 363 710 βασιλεία
385 674 439 700 τῶν
457 674 707 709 συμϐασιλευόντων
724 673 762 708 τῷ
780 674 847 709 Χρι-

30 719 111 754 στῷ·
136 719 192 746 καὶ
210 720 251 751 τίς
267 720 282 754 ἡ
302 719 355 745 τῶν
367 719 474 754 ἀνόμων
488 719 532 745 διὰ
543 718 628 754 πυρὸς
639 717 759 748 κόλασις.

76 765 145 792 Τοῦ
165 765 220 800 μὲν
239 763 285 792 οὖν
299 765 400 800 Κυρίου
420 764 506 800 Ἰησοῦ
527 764 643 799 Χριστοῦ
659 763 704 790 τοῦ
721 763 788 790 Θεοῦ
804 763 848 790 διὰ

30 810 66 836 τὸ
84 810 246 845 βασιλικὸν
264 809 309 836 καὶ
325 809 427 841 ἔνδοξον
443 809 480 845 ὡς
501 809 605 848 λέοντος
619 807 846 844 προκεκηρυγμέ-

31 864 98 882 νου·
123 855 170 891 τῷ
200 855 274 890 αὑτῷ
300 854 391 891 τρόπῳ
413 855 459 882 καὶ
479 854 524 881 τὸν
544 855 724 890 Ἀντίχριστον
747 852 846 888 ὁμοίως

32 901 148 928 λέοντα
176 901 416 937 προανηγόρευσαν
429 901 484 935 (23)
504 901 532 927 αἱ
554 900 661 935 Γραφαὶ
682 899 724 926 διὰ
746 899 777 925 τὸ
797 907 844 939 τυ-

36 939 187 982 ραῖῗνικὸν
199 947 282 974 αὑτοῦ
299 948 344 973 καὶ
362 947 455 981 βίαιον.
469 946 547 982 Kac}
562 946 651 981 πάντα
671 945 724 984 γὰρ
743 945 846 980 egurgit-

33 990 146 1017 οὗσθςιι
173 990 298 1025 βούλεται
319 991 332 1017 6
355 990 454 1021 πλάνος
478 989 516 1025 τῷ
534 989 592 1024 Υἱῴ
609 989 655 1016 τοῦ
676 989 753 1016 Θεοῦ.
770 989 845 1016 Λέων

37 1028 131 1071 pri-6
148 1029 282 1071 Χριστῦς,
299 1035 345 1062 καὶ
361 1036 428 1062 λέων
449 1037 464 1063 6
486 1036 676 1071 Ἀντίχριστος·
693 1035 817 1070 βασιλεὺς
831 1036 845 1062 6

35 1080 192 1116 Χριστὸς,
214 1080 261 1106 καὶ
283 1079 407 1114 βασιλεὺς
432 1080 446 1106 ὁ
469 1079 659 1115 Ἀντίχριστος.
687 1078 806 1114 Ἐδείχοη
832 1080 846 1105 6

35 1125 147 1161 Συτὴρ
172 1125 213 1157 ὡς
234 1125 334 1165 ἀρνίον,
358 1126 404 1152 καὶ
426 1125 506 1156 αὐτὸς
525 1125 625 1160 ὁμοίως
645 1125 793 1160 φανήσεται
808 1124 846 1156 ὡς

35 1171 157 1207 ἀρνίον,
189 1171 293 1197 ἔνδοθεν
318 1171 397 1202 λύκος
419 1170 465 1197 ὢν.
491 1171 535 1197 Ἐν
561 1171 692 1206 περιτομῇ
716 1171 730 1197 6
751 1170 845 1204 Σωτὴρ

35 1215 132 1253 ἦλθεν
151 1218 196 1247 είς
218 1217 264 1244 τὸν
287 1217 395 1252 κόσμον,
413 1217 460 1244 καὶ
476 1217 555 1248 αὐτὸς
576 1216 674 1251 ὁμοίως
696 1215 844 1247 ἐλεύσεται.

44 1263 238 1289 Ἀπέστειλεν
250 1263 264 1289 ὀ
275 1263 375 1299 Κύριος
389 1263 551 1294 ἀποστόλους
567 1263 606 1294 εὶς
623 1263 709 1288 πάντα
721 1262 755 1288 τὰ
769 1261 843 1296 ἔθνη,

38 1309 92 1334 καὶ
107 1307 200 1339 αὐτὸς
216 1307 315 1342 ὁμοίως
333 1307 434 1342 πέμψει
453 1307 691 1342 ψευδαποστόλους.
706 1307 845 1342 Συνήγαγε

38 1353 78 1379 τὰ
109 1353 349 1388 διεσκορπισμένα
376 1353 499 1388 πρόϐατα
520 1353 534 1378 6
557 1353 670 1388 Σωτὴρ,
697 1353 742 1379 καὶ
765 1353 845 1384 αὐτὸς

37 1397 154 1433 ὁμοίως
183 1398 338 1430 ἐπισυνάξει
356 1398 400 1424 τὸν
415 1398 654 1434 διεσκορπισμένον
671 1397 744 1424 λαόν.
762 1397 845 1424 Ἔδω-

39 1453 95 1470 κεν
119 1445 135 1470 ὁ
154 1444 261 1480 Κύριος
281 1443 415 1480 σφραγῖδα
432 1447 487 1477 τοῖς
511 1446 551 1477 είς
573 1446 653 1472 αὑτὸν
677 1445 842 1478 πιστεύουσι,

39 1490 95 1516 καὶ
123 1490 212 1521 αὐτὸς
241 1490 320 1517 δώσει
345 1491 453 1526 ὁμοίως.
485 1491 528 1518 ’Ev
558 1493 675 1527 σχήματι
701 1491 844 1527 ἀνθρώπου

41 1535 141 1570 ἐφάνη
168 1536 185 1561 ὁ
208 1535 322 1571 Σωτὴρ,
346 1536 392 1562 καὶ
415 1537 495 1568 αὐτὸς
516 1537 544 1563 ἐν
564 1538 681 1572 σχήματι
702 1536 843 1572 ἀνθρώπου

41 1581 211 1609 ἐλεύσεται.
233 1582 390 1618 Ἀνέστησεν
402 1583 416 1609 ὁ
429 1582 523 1618 Σωτὴρ
538 1584 585 1610 καὶ
602 1583 684 1615 ἔδειξε
698 1584 748 1618 τὴν
765 1584 844 1617 ἁγίαν

42 1628 143 1663 σάρκα
161 1627 201 1658 ὡς
220 1628 293 1659 ναὸν,
317 1629 363 1655 καὶ
385 1629 464 1660 αὐτὸς
483 1629 628 1668 ἀναστήσει
645 1631 674 1667 εν
696 1629 843 1665 Ἰεροσολύ-

45 1683 115 1709 μοις
131 1674 183 1700 τὸν
203 1673 302 1700 λίθινον
317 1675 390 1713 ναόν.
410 1675 464 1701 Καὶ.
478 1674 511 1701 τὰ
534 1675 582 1710 μὲν
597 1668 684 1702 πλάνα
705 1670 787 1702 αὑτοῧ
802 1684 844 1702 τε-

43 1715 185 1756 χνῆμαξα
210 1721 239 1746 ὲν
260 1716 318 1751 τοῖς
340 1719 403 1754 ἑξῆς
424 1720 591 1756 δηλώσομεν·
617 1722 673 1747 νυνὶ
688 1721 716 1747 δὲ
733 1722 799 1756 πρὸς
814 1721 844 1747 τὸ

44 1766 242 1802 προκείμενον
254 1765 411 1801 τραπῶμεν.

84 1812 176 1845 Λέγει
197 1809 246 1838 οὖν
267 1812 281 1837 ὁ
308 1811 441 1847 μακάριος
469 1811 565 1838 Ἰακὼϐ
581 1813 610 1839 ἐν
635 1813 694 1844 ταῖς
709 1811 843 1846 εὐλογίαις

45 1857 264 1895 προαναφωνῶν
292 1857 327 1883 τὰ
355 1857 418 1892 περὶ
444 1856 491 1883 τοῦ
519 1858 619 1893 Κυρίου
647 1858 694 1884 καὶ
720 1858 845 1893 Σωτῆρος

44 1904 145 1940 ἡμῶν,
172 1903 267 1934 οὕτως·
289 1912 298 1928 ι
323 1902 416 1935 Ἰούδα,
442 1903 472 1928 σὲ
494 1903 678 1929 αἱνεσάτωσαν
697 1904 721 1929 οἱ
735 1902 843 1936 ἀδελφοί

45 1959 112 1977 σου.
129 1950 164 1976 Δί
183 1949 273 1984 χεῖρές
288 1957 334 1974 σου
355 1949 402 1974 ἐπὶ
415 1948 499 1975 νώτου
519 1948 573 1975 τῶν
593 1948 708 1984 ἐχθρῶν,
726 1956 845 1984 προσκυ-

44 1995 171 2031 νήσουσί
196 2002 236 2020 σοι
259 1995 284 2020 οὶ
308 1994 359 2021 υἱοὶ
381 1993 426 2020 τοῦ
442 1993 544 2029 πατρός
560 2002 616 2020 σου.
635 1993 757 2029 Σκύμνος
771 1994 845 2020 λέον-

43 2051 96 2074 τος
118 2041 216 2068 Ἰούδα·
235 2041 267 2067 ὲκ
284 2039 408 2075 βλαστοῦ,
432 2040 474 2066 υίέ
491 2048 553 2075 μου,
572 2040 682 2075 ἁνέδης,
700 2040 842 2067 ἀναπεσὼν

46 2086 212 2122 ἐκοιμήθης
226 2085 262 2117 ὡς
276 2085 343 2111 λέων
362 2085 410 2111 καὶ
425 2084 462 2116 ὡς
485 2084 616 2119 σκύμνοςί
635 2085 676 2117 τίς
691 2086 781 2121 ἐγερεῖ
795 2086 844 2112 αὺ-

44 2134 115 2165 τ6ν;
144 2132 204 2158 Οὐκ
221 2131 338 2166 ἐκλείψει
361 2130 453 2167 ἅρχων
474 2130 502 2163 ἐξ
531 2130 614 2157 Ἰούδα
629 2130 675 2156 καὶ
696 2131 844 2166 ἡγούμενος

47 2181 83 2205 ὲκ
97 2177 156 2204 τῶν
175 2174 269 2212 μηρῶν
284 2175 375 2207 αὑτοῦ,
391 2175 443 2206 ἕως
455 2174 493 2220 γᾶν
504 2174 576 2210 ἔλθῃ,
627 2175 776 2202 ἀπόκειται.
789 2176 844 2202 Καὶ
861 2194 882 2220 D

47 2223 138 2254 αὐτὸς
165 2221 243 2248 ἔσται
266 2220 414 2256 προσδοκία
436 2219 530 2247 ἐθνῶν.
552 2220 695 2256 Δεσμεύων
708 2221 775 2256 πρὸς
790 2222 844 2256 ἄμ-

48 2269 137 2296 πελον
166 2267 216 2303 τὴν
237 2266 296 2294 ὄνον
314 2265 406 2299 αὐτοῦ,
422 2266 469 2293 καὶ
489 2268 522 2302 τῇ
540 2265 610 2292 ἕλικι
625 2266 670 2292 τὸν
692 2266 779 2292 πῶλον
794 2266 845 2302 τῆς

48 2314 115 2341 Evoti
133 2311 228 2339 αὑτοῦ.
244 2311 342 2338 Πλυνεί
357 2312 384 2337 ὲν
399 2309 463 2345 οἴνῳ
474 2309 522 2345 τὴν
537 2309 633 2345 στολὴν
648 2309 744 2342 αὑτοῦ,
755 2311 802 2337 καὶ
814 2312 844 2337 ὲν

49 2361 154 2394 αῖμιατι
178 2357 316 2392 σταφυλῆς
339 2356 388 2392 τὴν
411 2355 556 2391 περιϐολὴν
573 2355 669 2382 αὐτοῦ.
683 2356 804 2392 Χαροποὶ
820 2357 844 2383 οξ

48 2404 192 2440 ὀφθαλμοὶ
213 2402 295 2429 αὑτοῦ
310 2402 347 2433 ὼς
369 2401 423 2428 ἀπὸ
438 2401 520 2433 οἴνου,
537 2402 584 2428 καὶ
600 2401 690 2427 λευκοὶ
703 2402 728 2428 οἱ
739 2401 844 2434 ὀδόντες

51 2450 139 2478 αὑτοῦ
157 2449 174 2484 ἦ
191 2449 270 2484 γάλα.
290 2457 300 2474 ι

90 2496 188 2523 Ταῦτα
217 2495 265 2530 μὲν
286 2491 332 2520 οὖν
361 2492 549 2529 παραφράξειν
578 2492 756 2527 ἐπιστάμενός
785 2502 842 2524 σοι,

52 2544 127 2571 αὐτὰ
152 2542 226 2568 δοκεῖ
241 2540 298 2575 ((24)
318 2539 401 2566 τανῦν
423 2537 628 2575 παρατίθεσθαι.
660 2538 727 2564 Ἀλλ’
753 2539 847 2574 ἐπειδὴ

53 2589 129 2616 αὐτὰ
144 2588 179 2614 τὰ
199 2588 310 2623 ῥήματα
331 2585 478 2622 προτρέπει
494 2583 542 2610 τοῦ
565 2583 664 2618 λέγειν,
689 2584 749 2610 οὐδὲ
769 2584 848 2610 τοῦτο

54 2633 273 2671 παραλείψομαι·
299 2632 356 2658 ἐστι
372 2631 426 2666 γὰρ
449 2631 532 2662 ὅντως
550 2629 609 2667 θεῖα
621 2629 667 2656 καὶ
683 2628 784 2667 ἔνδοξα,
800 2629 845 2655 δυ-

327 2713 338 2728 ⁹
353 2712 431 2740 Joan.
455 2711 585 2745 xvm,57.
627 2710 647 2726 ¹⁰
660 2709 736 2738 Joan.
754 2718 773 2742 ι,
785 2709 829 2736 29.

93 2717 104 2732 ⁸
117 2716 204 2750 Apoc.
219 2722 246 2746 v,
263 2713 289 2741 5.

899 487 1005 520 ﬁcabit;
1022 487 1083 522 quis
1100 487 1159 521 ejus
1174 487 1314 518 interitus;
1334 485 1469 520 quomodo
1483 483 1626 512 revelanda
1642 482 1676 510 de

898 534 975 562 caelis
992 533 1099 560 Domini
1115 532 1258 568 apparitio,
1274 540 1305 559 ac
1317 539 1376 566 qua:
1390 531 1508 558 universi
1523 531 1596 558 orbis
1611 537 1676 556 con-

898 579 1035 614 ﬂagratio;
1061 579 1133 613 quod
1152 578 1313 605 Sanctorum
1339 578 1485 612 gloriosum
1510 585 1542 604 ac.
1566 577 1678 604 caeleste

899 633 1012 657 regnum
1027 632 1088 651 eum
1105 624 1215 651 Christo
1232 623 1418 656 regnantium;
1433 631 1465 650 ac
1481 623 1552 658 quod
1570 623 1677 657 iniquo-

899 679 961 698 rum
974 677 1022 705 per
1036 670 1125 705 ignem
1142 670 1312 705 supplicium.

934 759 977 786 Vl.
994 759 1061 787 Nam
1078 767 1140 787 cum
1155 759 1288 787 Dominus
1310 764 1401 786 noster
1414 758 1493 786 Jesus
1506 758 1631 786 Christus
1645 767 1677 786 ac

899 805 981 837 Deus,
997 805 1070 840 regia
1092 805 1214 833 celsitate
1237 810 1317 840 atque
1336 805 1428 840 gloria).
1447 805 1577 836 claritate.
1592 810 1622 831 ut
1635 804 1678 831 leo

897 850 1058 884 prmdieatus
1073 850 1109 877 sit
1122 850 1150 883 a;
1168 849 1262 877 eodem
1280 851 1359 876 modo
1374 854 1401 876 et
1418 849 1613 876 Autichristum
1628 856 1676 883 pa--

895 896 962 922 riter
978 895 1084 922 leonem
1107 895 1253 930 Scriptura:
1271 896 1439 926 vocitarunt,
1454 903 1501 929 pro
1513 895 1572 930 ejus
1587 900 1678 930 tyran-

895 942 957 968 nide
969 941 1162 975 violentiaque.
1177 941 1309 969 Seductur
1324 942 1396 968 enim
1413 950 1460 976 per
1476 942 1566 968 omnia
1581 941 1678 969 similis

895 988 980 1015 videri
996 988 1052 1015 vult
1074 987 1121 1015 Dei
1143 987 1221 1015 Filio.
1238 987 1293 1015 Leo
1311 988 1419 1023 quidem
1434 988 1570 1021 Christus,
1587 993 1614 1015 et
1634 988 1678 1015 leo

895 1034 1098 1065 Antichristus;
1120 1042 1167 1061 rex
1191 1034 1316 1061 Christus
1328 1035 1349 1067 ',
1365 1042 1396 1061 ac
1418 1043 1466 1061 rex
1482 1034 1676 1062 Antichristus.

895 1079 1037 1108 Exhibitus
1060 1084 1102 1107 est
1125 1079 1251 1107 Salvator
1273 1084 1304 1107 ut
1327 1088 1413 1115 agnus
1438 1081 1476 1113 '°;
1492 1081 1550 1115 ipse
1568 1087 1678 1115 quoque

894 1126 995 1160 pariter
1008 1131 1037 1153 ut
1051 1133 1138 1161 agnus
1153 1126 1302 1160 apparebit,
1316 1134 1376 1153 cum
1393 1127 1507 1154 interius
1528 1127 1563 1154 sit
1584 1127 1675 1161 lupus.

895 1171 974 1199 Venit
988 1171 1110 1200 Salvator
1124 1172 1150 1199 in
1168 1173 1374 1200 circumcisione
1388 1174 1413 1200 in
1433 1173 1575 1207 mundum,
1587 1174 1678 1201 veniet

895 1222 922 1245 et
937 1218 982 1244 ille
996 1217 1133 1245 similiter.
1151 1217 1223 1245 Misit
1238 1217 1368 1246 Dominus
1381 1219 1518 1253 apostolos
1534 1218 1561 1245 in
1579 1226 1675 1246 omnes

895 1267 1004 1298 gentes;
1027 1263 1115 1289 mittet
1142 1267 1168 1290 et
1198 1263 1255 1298 ipse
1279 1264 1391 1298 perinde
1419 1263 1673 1298 pseudoapostolos.

894 1308 1073 1342 Cougregavit
1087 1307 1211 1335 Salvator
1229 1316 1293 1336 oves
1304 1329 1312 1341 ,
1326 1316 1386 1343 quin
1402 1309 1531 1343 dispersae
1544 1314 1621 1336 erant
1636 1310 1674 1342 “;

896 1353 952 1387 ipse
966 1361 1074 1388 quoque
1097 1354 1197 1388 pariter
1219 1355 1347 1388 populum
1370 1355 1558 1389 eongregabit,
1572 1355 1618 1389 qui
1634 1355 1676 1382 di-

895 1406 1006 1432 spersus
1022 1404 1072 1426 est.
1091 1399 1168 1427 Dedit
1183 1399 1313 1427 Dominus
1336 1400 1459 1427 ﬁdelibus
1475 1400 1532 1427 suis
1548 1401 1676 1435 signacu-

895 1445 968 1478 lum;
991 1445 1049 1480 ipse
1067 1453 1174 1480 quoque
1197 1445 1322 1472 similiter
1336 1445 1419 1473 dabit.
1435 1446 1565 1480 Apparuit
1583 1445 1676 1472 Salva-

897 1495 939 1518 tor
955 1491 1073 1518 hominis
1086 1491 1195 1524 habitu;
1214 1491 1272 1526 ipse
1286 1499 1395 1526 quoque
1410 1492 1437 1518 in
1452 1491 1570 1518 hominis
1581 1491 1675 1518 habitu

896 1537 995 1563 veniet.
1024 1536 1158 1563 Excitavit
1182 1535 1325 1569 Salvator,
1353 1544 1385 1563 ac
1415 1540 1535 1563 sanetam
1567 1543 1676 1563 carnem

896 1589 974 1609 suam
998 1586 1028 1609 ut
1049 1582 1180 1616 templum
1202 1581 1265 1609 fecit
1292 1583 1328 1615 ";
1353 1583 1409 1616 ipse
1429 1582 1520 1609 itidem
1547 1582 1675 1616 templum

896 1626 1029 1661 lapidibus
1053 1631 1239 1654 constructum
1265 1626 1459 1662 Ilierosolymis
1481 1628 1617 1655 excitabit.
1638 1628 1676 1655 Ac

895 1671 1004 1706 quidem
1026 1671 1085 1705 ejus
1100 1671 1245 1698 seducendi
1263 1671 1378 1699 artiﬁcia
1395 1672 1570 1706 sequentibus
1583 1672 1676 1699 deela-

895 1715 1035 1748 rabimus;
1060 1723 1132 1743 nunc
1158 1723 1224 1743 vero
1249 1716 1282 1744 ad
1310 1717 1462 1751 subjectum
1487 1725 1676 1752 argumentum

895 1765 1042 1787 venamur.

931 1805 986 1833 Vll.
1002 1805 1071 1834 Dicit
1084 1806 1174 1841 itaque
1189 1807 1284 1834 beatus
1297 1806 1380 1835 Jacob
1391 1808 1418 1834 in
1433 1808 1675 1841 benedictionibus,

895 1852 1080 1886 praenuntians
1101 1860 1161 1887 qua:
1180 1853 1212 1880 ad
1229 1852 1372 1880 Dominum
1393 1861 1424 1880 ac
1441 1853 1606 1880 Salvatorem
1625 1862 1674 1881 uo-

896 1902 982 1924 strum
1007 1902 1140 1931 spectant,
1168 1898 1205 1925 ita
1223 1898 1336 1933 loquens
1355 1908 1362 1925 :
1378 1908 1387 1924 ‹
1411 1898 1497 1932 Juda,
1515 1899 1624 1926 laudent
1649 1904 1675 1926 te

895 1943 993 1971 fratres
1009 1943 1059 1972 tui.
1077 1943 1173 1971 Manus
1193 1949 1246 1971 tua:
1258 1945 1285 1971 in
1301 1944 1382 1972 dorso
1405 1945 1592 1976 inimicorum;
1610 1945 1676 1972 ado-

895 1990 994 2017 rabunt
1015 1994 1040 2017 te
1057 1990 1103 2016 ﬁlii
1124 1990 1209 2024 patris
1231 1991 1280 2017 tui.
1306 1990 1418 2018 Catulus
1435 1992 1521 2019 leonis
1537 1991 1605 2018 Juda
1619 2001 1625 2024 ;
1641 1999 1674 2018 ex

895 2036 1025 2071 genuine,
1048 2035 1085 2063 ﬁli
1108 2038 1156 2069 mi,
1179 2037 1336 2064 ascendisti.
1359 2037 1528 2064 Recumbcns
1550 2037 1674 2064 dormisti

895 2087 925 2109 ut
941 2082 992 2113 leo,
1011 2086 1038 2110 et
1055 2087 1085 2109 ut
1105 2083 1211 2110 catulus
1234 2083 1320 2110 leonis
1334 2091 1340 2108 :
1357 2083 1419 2117 quis
1437 2083 1578 2110 suscitabit
1591 2083 1676 2110 eum?

895 2126 954 2154 Non
969 2127 1076 2155 deﬁciet
1091 2127 1215 2162 princeps
1230 2135 1262 2155 ex
1277 2126 1345 2154 Juda
1364 2132 1391 2154 et
1411 2128 1466 2155 dux
1480 2136 1513 2155 ex
1527 2127 1675 2156 femoribus

896 2171 964 2205 ejus,
982 2171 1069 2199 donec
1092 2172 1181 2199 veniat
1195 2172 1238 2198 cui
1261 2173 1408 2206 repositum
1421 2177 1478 2204 est;
1497 2177 1523 2199 et
1546 2172 1603 2207 ipse
1624 2173 1676 2200 erit

896 2217 1063 2251 exspectatio
1090 2217 1219 2252 gentium.
1251 2216 1371 2252 Alligatus
1398 2217 1432 2244 ad
1461 2218 1540 2244 vitem
1569 2217 1674 2244 asinam

897 2269 985 2295 suam,
999 2267 1026 2289 et
1039 2263 1073 2290 ad
1090 2263 1202 2290 helicem
1219 2264 1320 2297 pullum
1337 2263 1419 2290 asinae
1440 2271 1505 2291 suae.
1520 2263 1631 2290 Lavabil
1647 2264 1674 2290 in

897 2307 960 2334 vino
986 2306 1083 2334 stolam
1109 2315 1206 2339 suam,
1227 2312 1254 2335 et
1279 2308 1305 2334 in
1331 2308 1463 2342 sanguine
1486 2316 1544 2335 uvae
1565 2308 1675 2343 pallium

897 2361 988 2381 suum.
1013 2353 1120 2382 Hilares
1143 2354 1214 2381 oculi
1243 2354 1303 2389 ejus
1323 2361 1337 2380 a
1363 2354 1437 2387 vino,
1460 2359 1487 2381 et
1509 2353 1603 2382 dentes
1615 2354 1676 2389 ejus

895 2401 964 2427 lacte
978 2400 1148 2428 candidiores
1163 2400 1193 2427 “³.
1211 2409 1220 2425 ι

934 2493 1000 2521 Vlll.
1018 2493 1081 2522 llaec
1098 2501 1159 2522 cum
1174 2493 1295 2528 pluribus
1314 2501 1346 2521 ac
1358 2493 1473 2522 circuitu
1490 2493 1579 2528 eloqui
1593 2500 1676 2519 nove-

899 2539 961 2572 rim,
974 2540 1062 2574 ipsum
1078 2540 1159 2567 modo
1178 2545 1281 2568 textum
1297 2547 1431 2575 apponere
1446 2539 1534 2566 libuit.
1550 2538 1618 2571 Quia
1633 2543 1675 2565 ιε-

898 2593 959 2612 men
974 2586 1032 2620 ipsa
1044 2587 1134 2614 divina
1152 2587 1234 2613 verba
1248 2587 1363 2613 suadent
1381 2585 1466 2620 loqui,
1481 2593 1513 2612 ne
1529 2584 1554 2611 id
1567 2583 1674 2618 quidem

898 2631 1034 2658 omittam.
1059 2631 1142 2659 Plane
1162 2632 1235 2659 enim
1258 2632 1349 2659 divina
1364 2636 1428 2659 sunt
1447 2635 1473 2657 ct
1496 2630 1621 2661 illustria,
1643 2636 1676 2656 ac

872 2710 891 2727 "
906 2710 984 2738 Joan.
1001 2719 1038 2745 si,
1056 2710 1099 2739 52.
1134 2712 1154 2727 "
1171 2710 1249 2739 Joau.
1267 2719 1297 2743 ll,
1315 2711 1357 2738 l9.
1398 2710 1419 2726 ⁸³
1431 2709 1497 2738 Gen.
1511 2716 1583 2742 XLIX,
1599 2707 1674 2736 ε-η.

92 2792 150 2827 (‘25)
162 2791 442 2827 Hpoarnfdpeuaay.
456 2789 616 2827 geminans,
631 2787 814 2825 προηγόρευσε

933 2797 972 2816 λε.

92 2824 150 2862 ('24)
169 2824 263 2854 Δοκεῖ.
282 2826 346 2860 Leg.
362 2825 439 2853 δοκῶ.
455 2825 518 2852 ΤΑΝ.
535 2824 598 2852 Ρη.
