1860 3051
0 81 44 107 ἵ57
543 84 587 112 DE
604 84 752 113 CHRISTO
769 84 815 112 ET
834 82 1076 112 ANTICHRISTO.

1587 81 1639 109 738

0 141 96 174 ποίας,
115 142 182 170 ἀλλ’
201 144 217 180 ἦ
241 144 291 179 τῆς
303 144 402 181 σαρκὸς
420 145 502 172 αὑτοῦ
514 145 551 178 ὡς
567 147 679 183 βότρυος
694 147 739 174 ἐπὶ
760 147 786 180 ξύ

888 154 920 177 re,
946 153 1007 180 qua:
1030 144 1101 172 botri
1132 143 1217 170 instar
1241 143 1267 169 in
1292 142 1395 177 lignum
1418 140 1502 168 missa
1521 140 1579 168 est?
1599 139 1639 168 Ex

0 196 40 213 ιου
62 187 243 225 βληθείσηςς
267 191 311 223 Ἐξ
330 188 364 227 ἧς
377 191 496 228 πλευρᾶς
511 192 625 220 sexum
641 193 688 219 δύο
705 194 801 228 πηγαὶ,

0 233 119 268 ιῖματος
136 236 191 262 καὶ
207 235 313 269 ὕδατος,
325 238 360 264 δι’
375 235 411 265 ὧν
425 239 460 265 τὰ
473 238 536 274 ἔθνη
552 239 739 274 ὰπολουόμενα
754 249 803 266 κα-

0 278 160 315 )αἰρονται,
177 281 258 309 ἅτινα
272 281 308 314 ὡς
324 283 495 319 περιὸόλαιον
508 284 663 319 λελόγισται
680 285 758 321 ἔχων.

32 335 40 349 ι
61 326 201 361 Χαροποὶ
223 329 247 354 οἱ
267 328 400 364 ὀφθαλμοὶ
420 329 502 356 αὐτοῦ
524 329 578 357 ἀπὸ
600 331 689 357 οἴνου·
710 342 719 357 ι
736 333 803 367 Χρι-

0 371 59 397 ποῧ
75 371 172 404 τίνες,
194 373 283 408 ἀλλ’ἢ
308 375 332 400 οἱ
352 375 480 410 μακάριοι
500 376 658 412 προφῆται;
681 378 705 414 o_l
726 380 802 414 7:99:5-

0 416 89 447 ἱὸντες
106 417 152 452 τῷ
171 418 308 454 πνεύματι
323 420 370 446 καὶ
384 414 607 456 προκηρύξαῦῗες
620 420 655 448 τὰ
669 423 709 453 εἰς
722 421 802 448 αὐτὸν

0 457 209 497 ςυμϐησόξιενα
227 460 314 499 τιν-Γάϐῃ,
335 465 364 491 ὃν
389 465 502 502 δυνάμει
527 466 634 502 ἔχαιρον
658 467 803 502 βλέποντες

0 510 209 550 πνευμέτικοϊς
223 511 381 550 ὀφθαλμοῖς,
408 513 453 539 ὑπ’
477 513 559 550 αὑτοῦ
573 514 620 550 τοᾷ
645 514 731 549 Λργου
756 515 803 550 και).

0 552 44 588 τῆς
57 553 153 580 αὐτοῦ
164 548 536 598 ,χάριτοῖκαταρξιξόμενοῖ
598 548 610 551 γ’
689 548 693 549 7
779 548 797 553 ρ

19 594 70 633 Τῷ
92 594 126 624 δὲ
153 593 257 632 εῐπέῗν,
283 610 292 626 (
307 593 477 629 Καὶ-λευκοὶ
504 604 528 629 οἱ
551 603 656 635 ὀδόντες
681 603 763 631 αὑτοῦ
784 604 800 639 ἢ

0 644 76 677 γάλα,
98 653 109 670 ι
129 644 188 676 τὰς
200 646 313 681 ὲξὰγίου
329 648 462 683 στόματος
477 649 595 684 Χριστοῦ
618 650 803 686 ἐκπορευομέ-

0 699 42 721 va;
59 691 188 723 ἐντολὰς
201 693 331 728 ἐσήμαινε
355 695 420 730 (55),
440 695 622 732 καθαιρούσας
641 696 706 723 ὡσεὶ
721 697 800 731 γάλα.

30 736 143 765 Τοῦτον
171 736 220 765 οὖν
241 738 336 766 λέοντα
358 740 405 766 καὶ
427 740 545 774 σκύμνον
561 741 667 774 λέοντος
686 752 803 778 προανε-

0 781 132 817 ῲνησαν
149 783 184 809 αἱ
196 783 314 818 Γραφαί.
327 785 364 811 Τὸ
378 785 470 820 ὅμοιον
485 786 532 812 καὶ
545 787 591 813 ἐπὶ
603 787 650 813 τοῦ
670 788 803 825 ’Λντιχρί-

0 836 58 853 που
75 827 210 864 εἴρηται.
229 830 297 865 Φησὶ
317 830 370 865 γὰρ
387 831 507 867 Μωῡσῆς
525 831 609 864 οὕτως
622 841 629 848 ’
653 842 662 858 ε
681 834 802 869 Σκύμνος

0 873 105 904 λέοντος
127 873 199 905 Δὰν,
221 875 267 902 καὶ
284 875 466 912 ἐκηδήσεται
481 877 513 903 ἐκ
528 877 627 904 Βασὰν.
645 887 653 902 t
677 878 745 904 Ἀλλ’
758 878 800 904 ἵνα

0 919 33 953 μὴ
56 919 154 956 σφαλῇ
172 929 227 952 τις,
251 921 364 956 νομίσας
385 922 449 957 περὶ
470 922 518 948 τοῦ
533 923 659 959 Σωτῆρος
677 924 800 959 εἰρῆσθαι

0 973 24 991 το
39 965 128 1000 ῥητὸν
148 965 243 997 τοῦτο,
262 968 435 1003 ἐπιστησάτω
454 968 499 995 τὸν
520 968 590 995 νοῦν.
607 979 615 995 ι
638 969 702 1001 Δὰν,
724 971 799 1006 φησὶ,

0 1011 121 1047 σ-ιιὺμνον
150 1013 211 1049 (54)
233 1013 353 1045 λέοντος-
373 1024 382 1039 ι
409 1014 459 1050 τὴν
484 1016 569 1050 φυλὴν
592 1016 729 1051 ὀνομάσας
753 1017 799 1044 τοῦ

0 1055 59 1087 div,
78 1057 265 1092 ἐσαφήνισεν,
279 1058 308 1090 ἐξ
321 1056 354 1094 ἦς
370 1059 460 1094 μέλλει
475 1061 489 1086 ὁ
508 1061 688 1096 Ἀντίχριστος
704 1064 800 1096 γεννᾶ-

0 1100 71 1127 σθαι.
92 1102 209 1138 ’Ὠσπερ
228 1103 282 1140 γὰρ
304 1105 336 1131 ἐκ
360 1105 410 1140 τῆς
438 1106 523 1132 Ἰούδα
546 1107 632 1143 φυλῆς
650 1109 664 1134 6
684 1109 800 1143 Χριστὸς

0 1149 144 1180 γεννᾶτιι,
172 1149 260 1181 οὕτως
281 1151 314 1177 ὲκ
335 1150 384 1185 τῆς
406 1151 459 1178 Δὰν
477 1153 562 1188 φυλῆς
583 1154 597 1179 6
618 1154 800 1189 ’Λντίχριστος

0 1194 217 1229 γεννηθήσεται.
235 1195 296 1222 Ὅτι
318 1195 346 1222 δὲ
359 1196 445 1228 οὔτως
460 1197 527 1233 ἕχει,
542 1199 622 1234 φησιν
643 1200 657 1225 6
684 1199 779 1226 Ἰακώϐ
791 1209 797 1215 ·

3 1248 11 1263 ‹
29 1239 203 1275 Γεννηθήτω
228 1241 282 1267 Δὰν
297 1241 368 1276 ὄφις,
386 1243 431 1268 ἐπὶ
447 1243 495 1278 τὴν
508 1244 558 1279 γῆν
580 1244 742 1280 καθήμενος,
755 1245 800 1272 δά-

0 1294 72 1310 κνων
87 1286 218 1322 πτέρναν
231 1286 325 1314 ἵππου.
340 1288 419 1322 Ὄφις
429 1286 476 1315 οὖν
485 1290 535 1321 τίς,
546 1290 630 1325 ἀλλ’ίῇ
641 1291 655 1316 ὀ
670 1291 800 1327 ’Λντίχρι-

1 1339 82 1363 στος;
108 1331 219 1364 πλάνος
242 1333 256 1358 ὁ
281 1334 310 1359 ἐν
331 1335 364 1369 τῇ
390 1335 496 1361 Γενὲσει
523 1336 578 1371 (55)
604 1337 757 1372 εἰρημένος,
785 1339 799 1364 6

0 1378 146 1414 πλανήτας
165 1379 216 1414 τὴν
234 1378 306 1406 Εὔαν
321 1381 367 1407 καὶ
382 1381 531 1417 ’πτερνίσεις
547 1382 592 1408 τὸν
613 1383 706 1418 Ἀδάμ.
729 1384 798 1410 Ἀλλ’

0 1423 96 1460 ἐπειδὴ
111 1424 162 1451 διὰ
178 1425 308 1452 πλειόνων
325 1427 482 1463 μαρτυριῶν
495 1428 634 1462 ἀποδεῖξαι
653 1429 693 1455 δεῖ
710 1429 744 1456 τὰ
757 1429 799 1456 λε-

0 1470 117 1504 γόμενα,
137 1471 192 1497 οὐκ
207 1472 398 1508 ἀποκνήσομεν
417 1473 482 1509 (56).

37 1517 101 1544 Ὅτι
111 1501 174 1552 νμὲν
188 1518 243 1553 γὰρ
259 1501 388 1550 δντέυςιὲκ
402 1501 451 1555 τῆς
463 1501 521 1546 ’Δὰν
534 1520 620 1555 φυλῆς
638 1521 727 1556 μέλλει
740 1531 800 1556 γεν-
812 1501 834 1529 c

0 1561 100 1588 via-0m
123 1562 177 1588 καὶ
191 1562 351 1590 ἀνίστασθαι
372 1564 503 1600 τύραννος
526 1566 572 1592 καὶ
587 1565 722 1600 βασιλεὺς,
742 1576 801 1603 κρι-

0 1607 48 1643 τὴς
67 1608 176 1640 δεινὸς,
190 1609 250 1640 υἱὸς
272 1609 319 1636 τοῦ
342 1609 476 1643 διαϐόλου,
501 1612 582 1647 φησὶν
604 1612 618 1638 6
640 1614 797 1649 προφήτης·

3 1663 13 1678 ε
30 1653 84 1680 Δὰν
101 1656 200 1691 κρινεῖ
220 1655 266 1681 τὸν
281 1655 344 1683 λαδν
366 1656 459 1689 αὑτοῦ,
475 1657 541 1683 ὡσεὶ
559 1658 606 1685 καὶ
623 1658 671 1693 μία
688 1659 757 1694 φυλὴ
772 1660 800 1686 ἐν

7 1699 129 1735 Ἰσραήλ.
166 1710 175 1725 ι
207 1701 275 1727 Ἀλλ’
299 1702 358 1737 ἐρεῖ
378 1711 430 1734 τις,
455 1702 534 1729 τοῦτο
557 1703 603 1729 ἐπὶ
622 1703 666 1730 τὸν
682 1703 800 1739 Σαμψὼν

2 1746 143 1782 εἰρῆσθαι,
156 1747 187 1778 ὃς
202 1748 234 1774 ὲκ
250 1747 300 1782 τῆς
319 1749 405 1784 φυλῆς
420 1748 466 1775 τοῦ
483 1749 536 1776 Δὰν
548 1749 698 1785 γεννηθεὶς,
711 1750 801 1786 ἔκρινε

0 1791 45 1817 ’τὶν
56 1792 125 1818 λαδν
141 1791 247 1819 εἴκοσιν
265 1793 322 1828 ἔτη.
337 1794 372 1820 Τὸ
395 1793 444 1828 μὲν
458 1794 505 1819 ἐπὶ
523 1793 570 1820 τοῦ
590 1794 709 1829 Σαμψὼν
724 1804 801 1830 μερι-

1 1837 58 1869 κῶς
83 1838 257 1874 γεγένηται·
283 1839 312 1865 τὸ
333 1839 361 1866 δὲ
384 1839 499 1866 καθόλου
522 1840 666 1875 γενήσεται
689 1841 735 1867 ἐπὶ
755 1841 801 1868 τὴν

36 1915 58 1935 η
71 1915 158 1942 Deut.
177 1922 274 1947 xxxul,
286 1915 330 1942 23.

36 1984 96 2018 (55)
120 1983 298 2018 Ἐσήμαινε.
316 1983 451 2016 Combel‘.,
471 1985 601 2018 ὲσήμανε,

35 2021 94 2054 (34)
117 2019 275 2053 Σκύμνον.
288 2018 339 2050 ld.,
352 2019 480 2054 cxﬁpvog.

37 2054 98 2091 (55)
118 2054 242 2091 Πλάνος
255 2055 271 2080 ὁ
286 2054 326 2091 λέν
349 2053 386 2088 τῇ
408 2053 552 2091 Γενέσειη
569 2053 599 2091 Si
621 2062 683 2081 eum
709 2054 798 2089 ipsum

1 2089 178 2124 Serpentem,
193 2089 240 2123 qui
252 2089 355 2123 primos
369 2094 496 2124 parentes
507 2090 614 2116 seduxit
625 2094 652 2116 et
665 2091 797 2124 supplan-

1 2123 68 2152 tavit
90 2125 128 2165 in,
149 2123 290 2165 paradiso,
309 2123 374 2150 velit
389 2124 635 2165 llippolytu_s___esse
660 2123 798 2165 Antichri-

2 2166 88 2192 stum,
102 2163 132 2187 ct
149 2159 178 2186 in
194 2167 328 2193 persona;
343 2159 422 2194 quasi
439 2160 471 2190 is,
491 2160 537 2194 qui
554 2160 597 2187 illa
614 2160 703 2194 specie
715 2168 798 2195 appa-

3 2196 56 2222 ruit
85 2200 114 2222 et
138 2195 252 2222 locutus
275 2198 326 2225 est,
345 2195 402 2228 ipse
426 2199 499 2221 tanta
523 2195 568 2222 illa
587 2203 649 2229 quae
664 2197 698 2222 de
716 2196 796 2222 Anti-

3 2231 109 2257 christo
128 2229 269 2265 feruntur,
284 2229 506 2265 sitAoperalurus,
523 2231 569 2264 qui
586 2238 649 2257 vere
668 2231 726 2265 ipse
740 2231 799 2257 dia-

3 2265 93 2296 bolus,
118 2269 171 2292 aut
194 2264 287 2299 (prout
311 2263 471 2300 Hippolytus
497 2263 584 2300 vocat)
601 2263 702 2292 diaboli
726 2265 798 2293 ﬁlius

5 2301 48 2331 sit,
64 2308 125 2327 non
144 2300 234 2326 solum
252 2299 416 2331 imitatione,
434 2300 480 2327 sed
496 2299 579 2327 etiam
598 2306 713 2333 natura;
726 2309 798 2328 unus

5 2336 110 2362 scilicet
135 2335 201 2369 quis
222 2335 455 2370 nequissimorum
479 2336 645 2369 daemonum,
666 2336 717 2363 etsi
743 2343 798 2363 non

4 2370 72 2397 forte
84 2371 133 2397 ille
148 2370 274 2396 omnium
286 2371 422 2404 princeps,
437 2375 463 2397 et
475 2371 535 2397 κατ’
547 2370 642 2406 ἐξοχὴν
655 2371 796 2398 diabolus:

4 2406 72 2433 nihil
88 2405 315 2433 ecclesiasticum
331 2410 383 2437 est,
409 2406 456 2432 sed
481 2414 593 2439 prorsus
614 2405 765 2433 abhorrens
781 2414 797 2433 a

4 2441 67 2473 ﬁde,
91 2440 156 2468 sive
175 2441 342 2475 intelligatur
365 2440 423 2467 lore
438 2440 598 2468 Antichristi
623 2442 723 2474 anima,
741 2442 798 2469 sive

4 2475 72 2503 alias
95 2476 138 2503 illi
167 2483 295 2512 persona.
313 2475 427 2512 Animos
453 2476 603 2512 hominum
618 2477 691 2503 aliud
713 2484 798 2512 genus

4 2512 160 2545 spirituum
183 2510 307 2545 agnoscit
329 2511 406 2543 ﬁdes,
430 2519 445 2538 a
461 2511 621 2538 substantiis
641 2510 799 2546 quas‘Deus

4 2551 82 2573 extra
101 2553 222 2580 corpora
241 2546 380 2574 condidit:
398 2554 447 2573 nec
463 2554 541 2574 sacra
560 2546 683 2574 doctrina
700 2547 799 2574 admit-

5 2582 46 2613 tit,
70 2586 156 2609 extra
169 2581 277 2608 divinas
300 2581 449 2612 Personas,
473 2589 592 2615 quarum
615 2582 656 2609 vis
679 2582 797 2614 inﬁnita,

5 2624 87 2655 posse
104 2617 287 2655 unum_alteri
302 2625 317 2655 a
330 2624 365 2655 _se
377 2617 490 2655 diverso
503 2624 647 2655 personam
663 2624 733 2655 esse,
749 2625 797 2644 seu

6 2651 42 2678 illi
63 2653 241 2687 hypostatice
265 2652 348 2680 uniri.
373 2651 450 2684 Quod
472 2659 537 2679 vero
552 2651 737 2679 Antichristus
762 2654 798 2679 ita

5 2687 146 2714 da’mouis
170 2688 268 2722 spiritu
291 2687 407 2720 atiletnr,
428 2692 458 2714 ut
481 2687 539 2715 suis
567 2687 694 2714 omnibus
721 2687 797 2714 illum

5 2722 121 2754 referat,
143 2726 170 2749 et
183 2723 263 2757 quasi
278 2723 347 2750 alter
366 2723 410 2750 ille
434 2729 546 2756 serpens
565 2722 693 2757 antiquus
707 2723 800 2750 videa-

5 2761 60 2790 tur,
78 2758 142 2792 ipse
166 2759 293 2785 seductor
315 2758 401 2789 orbis,
419 2758 493 2784 velut
513 2758 558 2784 ille
573 2757 625 2784 fuit
646 2758 797 2792 primorum

6 2797 168 2826 parentum,
191 2800 206 2820 a
231 2792 309 2820 Pauli
331 2793 423 2821 verbis
447 2800 584 2828 sensuque
599 2800 654 2821 non
675 2792 796 2827 abludit;

376 1915 398 1930 ¹⁰
413 1916 482 1943 Gen.
503 1924 576 1948 ιιι-ιχ,
594 1915 637 1942 17.
675 1916 696 1932 ¹¹
711 1915 779 1945 Gen.
795 1925 836 1952 ut,

854 192 933 226 cujus
949 191 1030 218 latere
1053 191 1107 217 duo
1131 189 1314 216 scaturierunt
1339 187 1438 220 fontes,
1459 186 1599 222 sanguinis
1613 191 1640 212 et

854 246 941 273 aquze,
962 237 1062 272 quibus
1078 240 1170 271 gentes
1186 235 1249 262 lota:
1262 234 1458 266 emundantur,
1473 240 1542 268 quas
1565 232 1638 267 pallii

856 283 882 310 in
898 290 1002 310 morem
1021 286 1147 309 censetur
1161 281 1270 307 habere.

889 328 947 355 ΧΠ.
967 337 976 353 ‹
995 327 1099 354 Hilares
1114 326 1185 354 oculi
1205 325 1265 360 ejus
1277 333 1293 353 a
1309 325 1383 352 vino.
1403 334 1412 350 ι
1429 324 1546 358 Quinam
1559 323 1639 350 Chri-

854 373 888 399 sti
905 372 986 404 oculi,
1010 372 1063 399 nisi
1086 371 1158 398 beati
1183 370 1339 406 prophetae?
1353 370 1398 404 qui
1423 369 1563 402 nimirum,
1578 376 1639 403 quae

854 418 892 445 illi
914 422 1052 445 eventura:
1072 422 1150 444 erant
1170 418 1323 452 passiones,
1340 416 1436 450 spiritu
1460 415 1638 450 prtevidentes

854 471 885 491 ac
899 464 1088 498 praedicantes,
1105 463 1268 499 gaudebant,
1288 463 1457 497 spiritalibus
1471 462 1558 489 oculis
1574 469 1637 490 eum

854 511 956 537 virtute
979 514 1121 537 cernentes
1136 530 1144 541 ,
1172 509 1258 544 ipsius
1285 508 1366 536 Verbi
1391 508 1502 536 numine
1524 508 1638 543 ejusque

854 555 940 590 gratia
952 554 1075 589 perfecti.

888 599 956 627 Xlll.
975 600 1093 627 Dicendo
1105 604 1195 626 autem
1210 609 1217 626 :
1234 608 1243 624 ε
1262 598 1295 626 Et
1307 599 1401 627 dentes
1416 599 1475 634 ejus
1488 600 1558 626 lacte
1571 607 1638 626 can—

853 644 984 678 didiores,
1012 655 1021 671 ι
1049 645 1176 672 mandata
1205 644 1379 679 signiﬁcavit,
1407 653 1439 672 ex
1468 651 1564 672 sancto
1590 652 1637 672 ore

853 690 954 718 Christi
969 690 1154 726 procedentia.
1169 691 1248 717 lactis
1262 690 1349 717 instar
1366 691 1477 717 munda.

888 735 958 764 XIV.
974 736 1052 764 Hunc
1067 736 1149 771 igitur
1165 736 1269 763 leonem
1292 740 1320 763 et
1335 736 1455 764 catulum
1471 736 1558 764 leonis
1570 744 1638 771 pra:-

854 782 1049 810 nuntiaverunt
1064 782 1223 818 Scripturae.
1241 782 1372 810 Similiter
1385 787 1412 810 et
1423 783 1456 810 de
1468 782 1638 810 Antichristo

819 829 839 856 Β
852 828 955 855 dictum
979 832 1031 855 est.
1057 828 1103 855 Ait
1118 829 1191 855 enim
1211 828 1317 864 Moyses
1332 828 1384 855 ita:
1396 835 1405 852 ε
1416 827 1529 855 Catulus
1550 828 1638 856 leonis

852 877 920 910 Dan,
938 883 964 904 ct
980 878 1104 912 prosiliet
1127 885 1142 904 a
1158 878 1245 905 Basan
1262 877 1295 905 ".
1315 887 1324 903 ι
1346 876 1444 904 Verum
1468 884 1503 904 ne
1518 876 1580 911 quis
1593 884 1637 903 er-

851 931 913 950 rore
938 924 1098 958 decipiatur,
1125 923 1286 951 existimans
1312 923 1383 950 hanc
1411 923 1572 950 sententiam
1603 922 1637 949 ad

852 971 1018 998 Salvatorem
1035 976 1168 1006 spectare,
1187 970 1309 997 animum
1329 969 1462 996 advertat.
1481 978 1490 994 ‹
1510 968 1577 1001 Dan,
1594 968 1636 995 in-

851 1017 920 1052 quit,
933 1017 1039 1044 catulus
1066 1017 1163 1044 leonis.
1183 1026 1192 1041 ›
1213 1015 1260 1043 Illa
1276 1023 1343 1042 voce
1360 1015 1459 1042 tribum
1475 1014 1532 1041 Dan
1547 1014 1638 1041 decla-

852 1063 930 1094 ravit,
944 1070 975 1089 ex
993 1070 1045 1096 qua
1061 1062 1246 1089 Antichristus
1266 1061 1423 1088 nasciturus
1435 1064 1486 1088 est.
1500 1060 1636 1093 Quemad-

851 1107 962 1134 modum
984 1107 1057 1134 euim
1081 1106 1207 1134 Christus
1222 1114 1255 1132 ex
1274 1106 1346 1132 tribu
1361 1104 1430 1132 Juda
1447 1105 1579 1137 nascitur,
1598 1104 1634 1131 ita

851 1161 882 1180 ex
899 1153 970 1180 tribu
993 1152 1050 1179 Dan
1065 1157 1193 1178 nascetur
1214 1151 1409 1178 Anticltristus.
1427 1149 1506 1182 Quod
1520 1157 1585 1176 vero
1598 1150 1636 1177 ita

851 1207 879 1226 se
896 1206 939 1226 res
960 1199 1066 1231 habent,
1087 1198 1125 1225 ait
1140 1197 1223 1225 Jacoh
1242 1207 1248 1223 :
1272 1206 1281 1222 ι
1299 1196 1358 1223 Fiat
1375 1195 1430 1222 Dan
1451 1203 1574 1230 serpens,
1590 1203 1636 1223 se~

850 1246 916 1273 deus
938 1246 964 1272 iu
983 1250 1066 1278 terra,
1081 1245 1208 1272 mordens
1223 1244 1380 1271 calcaneum
1398 1243 1460 1278 equi
1475 1243 1511 1270 ’°.-
1528 1252 1538 1269 ι
1554 1243 1635 1276 Quis-

850 1299 912 1318 nam
928 1292 1010 1326 igitur
1025 1298 1148 1325 serpens,
1165 1290 1218 1317 nisi
1233 1289 1419 1316 Autichristus
1435 1288 1562 1315 seductor
1580 1287 1634 1319 ille.
1663 1301 1665 1304 ι

850 1338 897 1371 qui
918 1337 1007 1364 dictus
1032 1337 1058 1364 in
1074 1337 1171 1364 Genesi
1198 1340 1240 1363 est
1255 1335 1288 1367 “,
1305 1335 1351 1370 qui
1368 1334 1475 1361 seduxit
1490 1333 1588 1366 Evam,
1608 1337 1638 1361 et

849 1383 982 1410 Adamum
1011 1382 1213 1417 supplantavit?
1241 1381 1311 1414 Quia
1337 1386 1428 1408 tamen
1456 1386 1568 1407 necesse
1593 1383 1635 1407 est

850 1428 974 1463 pluribus
1003 1427 1166 1455 testimoniis
1194 1429 1249 1454 haec.
1274 1427 1344 1454 dicta
1370 1425 1558 1460 comprobare,
1580 1431 1634 1451 non

851 1474 994 1509 gravabor.

886 1520 945 1548 XV.
964 1520 1043 1554 Quod
1058 1521 1130 1548 enim
1147 1528 1180 1547 ex
1205 1519 1278 1546 tribu
1299 1518 1357 1545 Dan
1383 1518 1538 1544 nasciturus
1553 1517 1588 1543 sit
1602 1524 1635 1543 ac

850 1572 1023 1596 surrecturus
1049 1572 1179 1602 tyrannus
1207 1569 1234 1592 et
1260 1572 1318 1596 rex,
1343 1563 1427 1598 judex
1453 1563 1539 1593 dirus,
1563 1561 1635 1589 ﬁlius

850 1613 963 1646 diaboli,
987 1611 1026 1639 ait
1048 1611 1180 1646 propheta
1204 1620 1210 1637 :
1242 1619 1251 1636 ι
1281 1609 1338 1636 Dan
1351 1609 1486 1643 judicabit
1504 1608 1634 1643 populum

852 1666 942 1690 suum,
967 1663 1096 1693 tanquam
1112 1661 1139 1684 et
1159 1664 1213 1683 una
1240 1656 1329 1682 tribus
1355 1655 1382 1681 in
1402 1654 1485 1681 Israel
1499 1655 1533 1681 ".
1552 1664 1561 1679 ι
1582 1653 1634 1680 Sed

851 1705 922 1731 dicet
938 1704 1048 1739 aliquis,
1065 1703 1166 1730 dictum
1180 1702 1206 1729 id
1219 1709 1279 1728 esse
1293 1701 1326 1727 de
1344 1699 1487 1734 Samsone,
1502 1700 1546 1735 qui
1558 1704 1636 1727 ortus

849 1758 882 1777 ex
909 1751 980 1778 tribu
1006 1750 1074 1783 Dan,
1101 1748 1234 1784 judicavit
1259 1747 1391 1782 populum
1420 1747 1516 1782 viginti
1542 1746 1633 1773 annis.

849 1795 962 1831 Nempe,
978 1796 1078 1831 partim
1093 1803 1137 1823 res
1159 1795 1186 1821 in
1208 1794 1340 1821 Samsone
1358 1793 1558 1828 particularitcr
1570 1799 1636 1825 con-

850 1841 921 1877 tigit,
936 1842 1034 1877 partim
1049 1840 1242 1868 universaliter
1260 1840 1286 1867 in
1309 1839 1477 1867 Antichristo
1493 1840 1547 1865 ﬁet.
1565 1837 1634 1866 Nam

856 1918 881 1946 1,
921 1919 943 1934 ”
957 1919 1024 1946 Gen.
1038 1927 1111 1951 xux,
1125 1919 1168 1945 16.

851 1991 978 2022 recteque
995 1988 1081 2015 sensit
1097 1987 1270 2022 Hippolytus,
1286 1986 1307 2014 si
1327 1986 1363 2014 ita
1385 1986 1481 2019 voluit,
1498 1986 1548 2013 etsi
1570 1987 1635 2014 sitn-

801 2030 802 2033 ‘
850 2022 950 2057 plicius
978 2023 1085 2050 locutus
1109 2028 1167 2056 est;
1191 2030 1242 2050 nec
1272 2022 1443 2056 improbabili
1468 2022 1633 2057 conjectura,

851 2058 986 2092 serpentis
1000 2058 1040 2085 sic.
1057 2058 1212 2085 insidiantis
1225 2062 1299 2093 itypo
1316 2058 1486 2093 designatum
1504 2066 1520 2093 a
1533 2057 1634 2093 Jacobo

850 2093 1058 2125 Antichristum,
1073 2093 1202 2120 ostendit.
1225 2092 1314 2120 Verba
1338 2092 1402 2119 Gen.
1420 2099 1492 2125 sunt,
1508 2092 1568 2126 ὄψις
1592 2092 1634 2127 ἐφ’

849 2127 920 2163 ὁδοῦ,
930 2128 1117 2163 ἐγκαθήμενος
1128 2128 1173 2154 ἐπὶ
1182 2127 1285 2163 τρίϐου.
1295 2127 1348 2154 Nec
1362 2127 1429 2154 forte
1436 2128 1513 2154 aliter
1522 2129 1635 2161 scripse-

850 2163 886 2189 rit
908 2162 1088 2198 llippolytus:
1114 2164 1157 2190 ubi
1181 2162 1237 2189 non
1256 2163 1324 2191 satis
1344 2163 1431 2196 probo
1453 2163 1524 2197 quod
1547 2163 1634 2189 reddit

850 2197 983 2230 Nobilius,
1004 2197 1094 2225 sedens
1115 2200 1144 2225 in
1165 2199 1281 2230 semita;
1300 2199 1401 2232 potius,
1417 2205 1449 2224 ea:
1467 2197 1570 2224 insidiis
1591 2206 1633 2223 se-

849 2234 922 2266 dens,
940 2234 996 2261 sive
1014 2234 1155 2266 insidians,
1179 2238 1208 2260 ut
1221 2233 1266 2259 alii
1280 2237 1396 2260 vertunt.
1415 2232 1585 2267 Signiﬁcatur
1599 2233 1633 2260 ad

848 2268 978 2300 litteram,
1004 2269 1055 2296 hac
1078 2270 1212 2303 serpentis
1233 2268 1442 2303 metaphora_ct
1463 2267 1578 2303 colubri,
1601 2275 1634 2295 ac

849 2305 970 2335 cerastis,
997 2308 1026 2331 ut
1048 2301 1138 2339 Vulgi,
1161 2309 1208 2330 aut
1227 2301 1320 2337 reguli,
1340 2307 1370 2329 ut
1394 2301 1508 2339 Syriae,
1522 2302 1633 2330 Dauitas

849 2339 949 2365 astutia
970 2341 1071 2373 potius,
1096 2337 1177 2373 quam
1202 2339 1308 2371 robore,
1331 2337 1448 2364 hostium
1471 2338 1603 2372 potitlltos
1625 2347 1633 2365 :

850 2379 876 2400 et
889 2374 961 2401 docti
977 2373 1152 2401 Hebrazorum
1169 2375 1195 2401 in
1211 2374 1344 2400 Samsone
1366 2373 1503 2407 expletum
1525 2373 1632 2403 volunt.

849 2416 911 2436 cum
937 2411 1077 2437 succussis
1099 2409 1235 2436 columnis
1256 2410 1336 2435 ruina
1359 2408 1457 2435 domus
1481 2407 1634 2435 Philistteos

850 2445 993 2479 oppressit,
1011 2445 1098 2479 deque
1113 2444 1313 2479 illisjudicium
1330 2444 1463 2474 exnttcuit,
1480 2443 1630 2479 ipserjudex

850 2481 878 2505 in
894 2479 974 2506 Israel
990 2490 995 2506 :
1013 2478 1085 2515 quad
1105 2488 1153 2507 nec
1166 2478 1339 2515 Hippolytum
1354 2479 1443 2515 latuit,
1457 2479 1503 2515 sed
1519 2478 1633 2515 ulterius

848 2519 876 2541 et
888 2513 1031 2549 allegorice
1042 2516 1075 2541 ad
1087 2513 1285 2541 Antichristth
1298 2514 1386 2549 ipsum
1399 2514 1523 2540 Danitam
1539 2513 1631 2549 traxit.

849 2548 952 2577 Auctor
973 2550 1104 2577 subdititii
1129 2550 1219 2584 operis
1242 2549 1281 2576 De
1305 2549 1466 2575 Aluic/triste
1491 2553 1516 2575 et
1541 2548 1634 2574 mundi

849 2585 1081 2616 consummatione,
1109 2585 1208 2619 exponi
1235 2592 1288 2611 non
1321 2589 1418 2619 potest,
1443 2584 1509 2618 quin
1536 2590 1634 2619 verum

850 2625 946 2647 natura
965 2621 1113 2647 daemonem
1134 2617 1330 2646 Antichristuni
1355 2617 1498 2652 putaverit,
1516 2619 1562 2653 qui
1579 2617 1633 2646 sibi

849 2663 943 2682 verum
966 2655 1139 2689 Hippolytum
1155 2655 1182 2681 in
1204 2662 1266 2681 eum
1284 2662 1393 2681 sensum
1412 2654 1544 2680 traxerit:
1559 2653 1633 2688 quod

850 2698 914 2717 vero
937 2689 1080 2725 Hippolyto
1103 2697 1157 2717 non
1180 2690 1290 2722 oﬂiciat,
1313 2690 1378 2724 quin
1401 2689 1545 2724 posteriori
1566 2696 1631 2716 vero

851 2733 933 2753 sensu
947 2724 1044 2759 exponi
1061 2729 1153 2759 queat.
1171 2724 1290 2752 Camer.

885 2760 941 2796 (56)
967 2759 1197 2794 Ἀποκνήσομεν.
1213 2759 1347 2793 Combef.,
1363 2760 1561 2796 ἁποκνήσομαι.
