1856 3050
20 70 65 99 7M

546 80 589 107 DE
606 80 755 108 CllRlSTO
774 81 818 109 ET
841 81 1081 111 ANTICHRISTO.

1571 89 1623 116 742

19 129 46 154 ὲν
61 128 126 163 ἡμῖν
139 129 168 156 δὲ
179 130 382 167 κατελογίσθης·
400 133 500 169 κατέϐη
511 135 550 166 εἰς
563 136 613 171 γῆν
628 138 644 172 ἡ
661 137 722 170 δόξα
737 146 771 164 σοε

849 143 944 166 terram
962 140 1045 174 gloria
1059 145 1113 173 tua,
1132 141 1216 169 multa
1225 142 1316 170 laetitia
1333 147 1396 177 tua;
1410 145 1503 172 subter
1517 150 1543 172 te
1556 151 1625 173 star--

19 175 35 209 ὴ
61 174 143 210 πολλὴ
160 176 310 213 εὐφροσύνη
337 186 400 204 σου·
426 179 551 207 ὑποκάτω
576 191 621 208 σου
648 183 795 218 στρώσουσι

20 219 114 254 σῆψιν·
134 221 165 247 τὸ
188 221 216 248 δὲ
232 223 433 259 κατακάλυμμά
455 225 510 262 (40)
538 235 584 253 σου
602 228 717 264 σκώληξ.
734 229 796 260 Πῶς

18 264 113 291 ἔπεσεν
138 266 171 293 ὲκ
191 267 236 293 τοῦ
252 268 384 304 οὐρανοῦὸ
394 270 555 307 Ἑωσφόρος,
571 274 585 299 ὁ
602 274 671 309 πρωῒ
687 274 796 300 ἀνατέλ-

17 310 84 343 λων;
104 311 247 348 Συνετρίΰη
263 314 302 345 εἰς
314 315 362 350 τὴν
374 316 425 350 γῆν
441 317 455 342 ὁ
471 318 639 346 ἀποστέλλων
652 321 691 351 είς
707 321 794 347 πάντα

17 356 48 381 τὰ
65 356 137 392 ἔθνη.
157 358 192 384 Σὺ
208 358 235 384 δὲ
255 357 332 392 εἶπας
357 361 386 387 ὲν
413 363 445 397 τῇ
469 362 570 399 διανοίᾳ
601 373 660 390 σου·
679 365 725 396 Εἰς
749 365 793 392 τὸν

16 402 126 438 οὐρανὸν
147 404 328 440 ἀναϐήσομαι,
355 407 446 434 ἐπάνω
467 408 521 435 τῶν
543 410 648 445 ἄστρων
675 410 729 446 (41)
746 412 792 438 τοῦ

16 447 128 482 οὐρανῡῦ
144 449 216 484 θήσω
230 450 274 477 τὸν
291 451 383 486 ϐρὸνον
402 461 463 487 μου,
480 455 564 481 καθιῶ
576 456 604 482 ὲν
622 455 711 491 ὄρεσιν
725 457 793 492 ὑψη-

15 492 67 524 λοῖς
80 495 136 525 τοῖς
151 495 216 530 πρὸς
232 495 344 531 βορρᾶν·
359 498 531 534 ἀναϐήσομαι
558 501 649 527 ἐπάνω
671 502 723 528 τῶν
747 511 791 529 νε-

17 537 109 571 φελῶν,
129 539 221 575 ἔσομαι
236 542 326 576 ὅμοιος
349 543 388 578 τῷ
407 544 531 581 ’Υψίστῳ.
550 547 616 573 Νυνὶ
629 548 657 574 δὲ
672 549 712 580 είς
726 549 791 584 ᾅδην

15 585 152 622 καταϐήσῃ
173 587 238 622 (42),
256 589 303 615 καὶ
322 591 361 621 είς
377 590 410 617 τὰ
425 591 535 626 θεμέλια
549 593 597 628 τῆς
606 594 665 628 γῆς.
677 595 707 620 Οἱ
723 595 790 621 ἰδόν-

14 638 54 661 τες
72 639 101 657 σε
118 631 298 667 θαυμάσουσιν
328 636 374 662 ἐπὶ
392 637 433 663 σοὶ
461 639 506 664 καὶ
535 639 655 673 ἐροῦσιν·
678 637 760 672 Οὗτος
776 642 790 667 ὁ

15 676 151 711 ἄνθρωπος
168 680 182 705 ὁ
193 680 348 715 παροξύνων
362 682 410 717 τὴν
429 684 489 718 γῆν,
503 684 517 709 ὁ
532 684 610 710 σείων
632 685 757 719 βασιλεῖς,
775 687 789 712 ὁ

14 722 119 759 Θεὶςτὴν
127 726 282 761 οἰκουμένην
295 727 358 762 ὃλην
369 728 480 763 ἔρημον,
498 730 543 756 καὶ
556 731 605 761 τὰς
617 731 707 763 πόλεις
723 732 787 758 καθ-

13 769 71 801 εῖλε,
89 771 150 801 τοὺς
174 772 201 798 ἐν
224 773 353 808 ἐπαγωγῇ
389 774 442 809 (45)
457 775 505 802 οὐκ
534 775 619 802 ἔλυσε.
636 777 737 809 Πάντες
762 779 786 804 οἱ

14 814 126 848 βασιλεῖς
147 818 194 852 τῆς
213 818 265 852 γῆς
291 820 473 856 ἐκοιμήθησαν
490 821 518 848 ὲν
542 823 618 857 τιμῇ,
644 823 785 859 ἄνθρωπος

14 861 38 885 ὲν
53 861 90 896 τῷ
100 861 165 897 οἴκῳ
177 863 257 889 αὐτοῦ
270 872 277 879 ο
303 864 333 890 σὺ
351 864 378 890 δὲ
397 865 512 901 ῥιφθήσῃ
527 866 555 892 ἐν
568 868 622 899 τοῖς
639 867 737 902 ὄρεσιν,
747 869 784 900 ὡς

12 906 99 940 νεκρὸς
117 907 317 943 ὲόδελυγμένος,
341 911 408 945 μετὰ
423 911 525 937 πολλῶν
540 914 718 940 πεπτωκότων
740 916 784 941 ὲκ-

13 952 206 987 κεχεντημὲνων
221 954 350 990 μαχαίρᾳ,
366 956 581 983 καταϐαινόντων
597 959 635 988 εἱς
646 958 721 993 ᾃδην.
736 959 783 984 Ὃν

13 998 101 1033 τρόπον
114 998 216 1033 ἱμάτιον
234 1000 262 1026 ἐν
277 1000 370 1035 αἵματι
389 1002 558 1036 πεφυρμένον
574 1003 622 1029 οὐκ
637 1003 692 1030 ἔστι
705 1005 784 1032 καθα-

12 1043 62 1077 ρὸν,
75 1043 159 1074 οὕτως
167 1043 226 1069 οὐδὲ
237 1045 268 1070 σὺ
285 1044 332 1079 ἔσῃ
349 1045 451 1079 κομψός
468 1046 520 1081 (Μ)
532 1055 538 1062 ·
555 1047 594 1073 ὅτι
610 1047 658 1083 τὴν
668 1049 718 1084 γῆν
731 1058 781 1084 μου

13 1088 153 1121 ἀπώλεσας,
171 1089 273 1116 καὶτὸν
290 1089 352 1116 λαόν
370 1099 418 1125 μου
438 1092 607 1124 ἀπέκτεινας.
618 1094 654 1120 Οὐ
673 1094 709 1129 μὴ
728 1096 783 1129 μει-

11 1143 53 1171 νῃς
77 1136 114 1167 εἰς
129 1135 174 1161 τὸν
190 1135 274 1162 αἰῶνα
288 1136 402 1171 χρόνιος,
421 1137 529 1172 σπέρμα
542 1139 666 1174 πονηρόν.
697 1140 781 1166 Ἑτοί-

12 1189 88 1214 μασον
102 1181 134 1207 τὰ
145 1182 227 1208 τέκνα
242 1190 288 1207 σου
307 1183 346 1213 εἰς
370 1183 475 1218 σφαγὴν
491 1185 549 1215 ταῖς
575 1185 720 1220 ἁμαρτίαις
733 1185 780 1213 τοῦ

10 1227 103 1261 πατρός
116 1236 172 1259 σου,
190 1227 232 1253 ἴνα
250 1228 287 1263 μὴ
316 1227 461 1260 ἀναστῶσι,
485 1229 532 1256 καὶ
557 1229 602 1264 τὴν
618 1230 669 1264 γῆν
684 1239 734 1265 μου
749 1231 779 1258 οὐ

10 1271 255 1308 κληρονομήσουσιν.

45 1318 167 1356 Ἰεζςὲιὴλ
197 1319 226 1345 δὲ
252 1319 351 1354 ὁμοίως
379 1320 452 1353 λέγει
479 1321 541 1356 περὶ
568 1320 648 1347 αὐτοῦ
674 1321 776 1353 οὕτως·

13 1372 21 1388 ι
39 1351 187 1398 τάδῖλέγει
217 1351 317 1401 Κύριος
341 1367 355 1392 ὁ
379 1351 459 1397 eas;-
487 1351 556 1393 Ἀ’νον
584 1364 621 1393 ὧν
641 1367 733 1402 ὑψώθη
750 1351 776 1403 in

11 1409 96 1443 καρδία
124 1419 189 1442 σου,
220 1411 266 1436 καὶ
295 1408 392 1442 εἶπας,
418 1411 482 1443 Θεός
511 1413 568 1446 εἰμι
594 1410 666 1446 ἐγὼ,
692 1421 779 1438 κατοι-

11 1454 64 1480 κίαν
87 1455 150 1482 Θεοῦ
168 1455 293 1491 ὲνῴκήσα
308 1457 336 1482 ὲν
362 1457 459 1492 καρδίᾳ
475 1457 622 1493 θαλάσσης·
642 1459 673 1484 σὺ
690 1458 718 1484 δὲ
731 1458 777 1485 ἅν-

10 1499 104 1534 θρωπος
120 1501 166 1527 καὶ
173 1502 202 1527 οὐ
214 1501 289 1533 Θεὸς,
301 1502 403 1535 ἔδωκας
410 1504 458 1538 τὴν
467 1503 578 1538 καρδίαν
596 1513 641 1530 σου
656 1504 692 1536 ὡς
709 1513 775 1540 καρ-

9 1545 58 1572 δίαν
71 1547 143 1573 Θεοῦ.
164 1548 210 1583 Μὴ
225 1548 376 1584 σοφώτερος
393 1547 418 1575 εἴ
430 1549 476 1576 τοῦ
500 1550 611 1585 Δανιήλ;
635 1550 714 1584 Σοφοὶ
725 1551 774 1577 οὐκ

9 1591 153 1620 ἐπαίδευσαν
176 1602 205 1620 σε
221 1595 254 1629 τῇ
280 1595 415 1630 ἐπιστήμῃ
430 1595 534 1625 αὖτῶνς
563 1596 599 1630 μὴ
620 1597 648 1622 ὲν
661 1597 692 1631 τῇ
716 1597 774 1622 ἑπι-

11 1635 86 1673 στήμῃ
102 1645 156 1670 σου,
176 1638 192 1673 ἤ
221 1638 250 1664 ὲν
268 1639 301 1673 τῇ
315 1640 442 1674 φρονήσει
459 1648 506 1665 σου
527 1640 654 1675 ἐποίησας
671 1641 773 1676 σεαυτῷ

9 1680 104 1717 δύναμιν
113 1683 159 1710 καὶ
175 1684 286 1718 χρυσίον
302 1685 349 1710 καὶ
365 1685 493 1721 ἀργύριον
509 1686 536 1711 ὲν
553 1687 607 1717 τοῖς
629 1686 772 1723 θησαυροῖς

9 1733 62 1758 σον;
77 1728 118 1762 Μὴ
136 1729 164 1754 ἐν
181 1730 213 1763 τῇ
239 1729 322 1764 πολλῇ
339 1729 475 1764 ἐπιστήμῃ
492 1738 548 1761 σου,
566 1731 612 1757 καὶ
625 1731 652 1757 ὲν
672 1733 704 1767 τῇ
723 1732 772 1768 ἑμ-

8 1772 86 1808 πειρία
99 1773 153 1809 (45)
170 1782 215 1800 σου
241 1773 390 1809 ἐπλήθυνας
413 1774 525 1809 δύναμίν
541 1782 606 1808 σονς
630 1775 735 1812 ’Υψώθη
753 1779 769 1812 ἡ

8 1818 89 1852 καρδία
105 1827 150 1845 σου
166 1821 194 1846 ὲν
210 1820 243 1854 τῇ
259 1819 370 1854 δυνάμει
386 1828 440 1846 σου.
460 1820 509 1846 Διὰ
533 1821 611 1847 τοῦτο
624 1821 686 1847 τάδε
699 1822 770 1857 λέγει

8 1862 94 1899 Κύριος
108 1866 122 1891 ὁ
134 1865 198 1896 Θεὸς
209 1873 216 1880 ·
240 1865 348 1901 Ἐπειδὴ
370 1865 472 1897 ἔδωκας
485 1865 533 1901 τὴν
550 1866 662 1902 καρδίαν
678 1875 722 1893 σου
734 1868 771 1899 ὡς

8 1909 103 1944 καρδίαν
121 1911 199 1942 Θεοῦ,
215 1912 276 1937 ἀντὶ
296 1911 400 1943 τούτου,
422 1912 476 1938 ἰδοὺ
498 1911 552 1946 ἐγὼ
569 1913 662 1946 ἐπάγω
682 1914 726 1939 ἐπὶ
740 1914 770 1940 σὲ

8 1952 145 1990 ἀλλοτρίους
157 1955 265 1991 λοιμοὺς
277 1955 330 1982 ἀπὸ
343 1956 425 1982 ἐθνῶν
442 1956 509 1991 (46),
532 1957 578 1983 καὶ
593 1957 769 1984 ἑκκενώσονσι

8 1998 44 2031 τὰς
59 2001 191 2037 μαχαίρας
213 2002 301 2028 αὐτῶν
317 2003 364 2029 ἐπὶ
382 2003 411 2029 σὲ
426 2003 473 2029 καὶ
498 2003 543 2028 ἐπὶ
568 2002 597 2028 τὸ
615 2002 709 2034 κάλλος
722 2004 770 2039 τῆς

8 2044 145 2082 ἐπιστήμης
168 2055 223 2079 σου,
247 2048 293 2074 καὶ
319 2048 466 2083 στρώσουσι
492 2048 521 2074 τὸ
546 2048 642 2079 κάλλος
661 2057 706 2074 σου
730 2050 769 2080 εἰς

8 2090 134 2125 ἀπώλειαν,
147 2093 193 2119 καὶ
219 2093 429 2120 καταϐιϐάσουσί
450 2102 488 2126 σε,
516 2094 561 2120 καὶ
584 2094 703 2128 ἀποθανῇ
721 2094 768 2120 θα-

847 189 912 212 nent
926 187 1040 219 saniem,
1056 191 1083 214 ct
1096 189 1293 222 operimentum
1321 194 1396 216 tuum
1421 192 1530 219 vermis.
1550 191 1624 225 Quo-

846 232 925 259 modo
936 233 1033 260 cecidit
1051 234 1084 260 de
1098 234 1165 262 ccelo
1174 233 1291 268 Lucifer,
1308 236 1354 270 qui
1371 244 1450 263 mane
1465 238 1625 265 oriebatur?

844 277 983 306 Contritus
1006 284 1046 306 est
1072 280 1104 307 ad
1126 285 1236 313 terram.
1262 282 1307 316 qui
1332 283 1454 310 mittebat
1473 284 1506 311 ad
1529 293 1623 312 omnes

844 328 946 358 gentes.
967 324 1007 351 Tu
1029 330 1119 352 autem
1135 327 1242 354 dixeras
1259 328 1285 354 in
1298 333 1387 355 mente
1405 333 1467 356 tua:
1485 330 1512 356 ln
1524 331 1621 358 cmlum

843 370 1040 403 conscendam;
1068 379 1148 405 supra
1171 373 1262 400 stellas
1288 374 1347 400 coeli
1374 383 1470 409 ponam
1496 373 1621 403 thronum

843 422 949 448 meum;
968 416 1066 444 sedebo
1091 417 1117 444 in
1139 419 1276 446 montibus
1293 421 1408 447 excelsis
1435 422 1481 456 qui
1507 427 1569 449 sunt
1587 423 1620 449 ad

842 460 1010 495 aquilonem;
1024 463 1166 490 ascendam
1177 471 1257 498 super
1268 466 1361 500 nubes;
1376 474 1423 494 ero
1433 468 1529 495 similis
1540 469 1621 496 Altis-

841 506 922 533 simo.
941 506 1020 535 Nunc
1050 514 1138 535 autem
1158 508 1185 536 in
1214 509 1347 538 infernum
1360 512 1516 546 descendes,
1542 518 1568 541 et
1584 515 1618 541 ad

840 551 1014 580 fundamenta
1027 559 1113 580 terrm.
1132 554 1182 587 Qui
1196 556 1311 583 viderint
1326 562 1360 588 te,
1387 558 1556 586 mirabuntur
1572 568 1618 587 sn-

839 605 887 631 per
912 602 948 630 te,
960 604 986 625 ct
1008 599 1114 628 dicent:
1135 601 1184 628 Hic
1202 602 1283 629 homo
1300 603 1345 637 qui
1365 603 1486 631 irritabat
1507 610 1616 638 terram,

838 643 883 678 qui
898 645 1070 672 conentiebat
1084 654 1171 682 reges,
1193 648 1238 682 qui
1265 648 1395 675 desolavit
1414 654 1498 677 totum
1512 652 1614 684 orbem,

837 687 950 723 ejusque
967 690 1047 716 urbes
1056 691 1196 722 destruxit.
1214 693 1319 720 vinctos
1332 701 1440 721 carcere
1457 703 1510 721 non
1524 696 1614 724 solvit.

837 733 937 762 Omnes
952 743 1028 770 reges
1042 741 1119 764 terra:
1129 738 1297 765 dormierunt
1318 739 1344 766 in
1362 740 1473 773 honore,
1491 741 1571 768 homo
1587 743 1613 769 in

837 780 918 808 domo
937 789 1003 813 sua;
1020 788 1046 809 tu
1062 791 1125 809 vero
1137 784 1271 818 projectus
1285 786 1338 812 eris
1351 786 1376 812 in
1392 787 1528 814 montibus
1544 789 1615 816 velut

836 827 951 853 cadaver
974 827 1165 861 abominabile,
1179 837 1239 856 cum
1255 831 1347 858 multis
1370 833 1485 859 mortuis
1505 833 1615 862 confos:

835 872 873 899 sis
889 873 987 907 gladio,
1013 874 1234 903 descendentibus
1262 877 1286 903 in
1304 877 1451 905 infernum.
1476 879 1612 911 Quemad-

834 918 943 945 modum
964 920 1152 948 vestimentum
1179 922 1204 948 in
1224 923 1354 956 sanguine
1367 931 1542 957 conspersum
1557 933 1611 952 non

833 969 873 990 cst
885 965 1026 997 mundum,
1045 966 1084 992 sic
1098 974 1185 1001 neque
1204 972 1231 994 tu
1253 968 1307 995 eris
1331 970 1466 1002 mundus;
1482 971 1610 1004 quoniam

833 1013 931 1037 terram
943 1019 1029 1038 meam
1043 1013 1192 1046 perdidisti,
1209 1019 1235 1040 et
1250 1015 1377 1049 populum
1395 1024 1483 1043 meum
1499 1017 1610 1044 interfe-

832 1057 904 1083 cisti.
932 1056 991 1083 Non
1013 1059 1135 1086 manebis
1159 1059 1186 1086 in
1210 1064 1339 1087 aeternum
1354 1061 1500 1096 longmvus,
1519 1071 1608 1090 semen

831 1109 957 1136 nequam.
965 1102 1088 1136 Prtepara
1096 1104 1164 1130 ﬁlios
1172 1110 1231 1131 tuos
1241 1105 1485 1142 ntjugulenturpro
1493 1110 1610 1142 peccatis

830 1148 915 1182 patris
928 1149 978 1179 tui,
990 1157 1024 1176 ne
1037 1155 1203 1185 consurgant
1218 1157 1244 1179 et
1259 1158 1357 1180 terram
1379 1162 1467 1181 meam
1495 1156 1610 1183 haeredi-

832 1197 884 1220 tate
906 1194 1039 1229 accipiant
1051 1195 1082 1222 ”.
1098 1205 1108 1222 ι

864 1316 955 1344 XV'lll.
985 1317 1109 1345 Ezechiel
1138 1326 1246 1354 quoque
1276 1319 1400 1348 similiter
1428 1321 1549 1357 loquitur
1578 1324 1605 1351 in

828 1361 898 1389 hunc
915 1363 1038 1390 modum:
1058 1373 1066 1388 ι
1087 1363 1149 1391 Haec
1167 1365 1232 1391 dicit
1247 1364 1377 1393 Dominus
1398 1366 1482 1394 Deus:
1505 1368 1557 1396 Pro
1574 1378 1606 1397 eo

827 1407 898 1441 quod
923 1408 1067 1435 exaltatum
1092 1413 1133 1436 est
1159 1418 1206 1436 cor
1231 1415 1326 1444 tuum,
1351 1417 1377 1439 et
1393 1413 1501 1440 dixisti:
1533 1414 1605 1442 Deus

827 1459 877 1487 ego
903 1459 990 1486 sum;
1019 1454 1211 1482 habitationem
1244 1457 1290 1483 Dci
1321 1458 1439 1485 habitari
1465 1460 1493 1486 in
1523 1461 1605 1488 corde

825 1498 928 1531 maris;
949 1503 975 1525 tu
991 1505 1080 1526 autem
1097 1501 1188 1532 homo,
1205 1506 1231 1528 et
1247 1510 1300 1529 non
1319 1503 1390 1530 Deus
1403 1524 1410 1536 ,
1439 1505 1534 1532 dedisti
1556 1514 1604 1534 cor

826 1548 901 1570 tuum
915 1544 991 1578 quasi
1004 1553 1051 1572 cor
1062 1545 1117 1572 Dei.
1138 1545 1264 1582 Nunquid
1282 1549 1429 1583 sapientior
1444 1559 1473 1577 es
1499 1556 1526 1578 tu
1552 1552 1604 1578 Da—

824 1589 909 1616 niele?
930 1590 1069 1624 Sapientes
1086 1599 1139 1619 non
1156 1594 1312 1621 erudierunt
1324 1600 1350 1621 te
1373 1595 1514 1630 disciplina
1535 1599 1604 1625 sua?

823 1634 949 1670 Nunquid
964 1637 990 1663 in
1003 1637 1156 1664 eruditione
1168 1643 1224 1671 tua,
1241 1643 1287 1665 aut
1311 1639 1337 1666 in
1360 1641 1501 1674 prudentia
1516 1642 1602 1670 fecisti

823 1680 870 1707 tibi
885 1681 1079 1714 fortitudinem,
1097 1687 1123 1709 et
1134 1691 1229 1710 aurum
1250 1689 1276 1712 et
1293 1693 1433 1720 argentum
1450 1687 1477 1714 in
1494 1688 1602 1716 thesau-

822 1726 860 1753 ris
876 1725 948 1754 tuis?
969 1726 1096 1762 Nunquid
1120 1729 1147 1755 in
1179 1730 1262 1756 multa
1288 1731 1440 1758 eruditione
1461 1737 1507 1760 tua
1525 1738 1552 1760 et
1574 1734 1601 1761 in

822 1771 1003 1804 negotiatione
1014 1777 1058 1799 tua
1084 1774 1269 1808 multiplicasti
1298 1775 1483 1804 fortitudinem
1509 1779 1602 1806 tuam?

822 1815 929 1843 Elatum
941 1822 981 1844 est
1005 1826 1051 1845 cor
1065 1823 1140 1846 tuum
1167 1820 1193 1846 in
1211 1820 1370 1849 fortitudine
1387 1828 1442 1849 tua.
1456 1822 1600 1858 Propterea

820 1862 878 1889 haec
891 1863 955 1890 dicit
976 1863 1107 1892 Dominus
1132 1865 1220 1893 Deus:
1246 1867 1315 1899 Quia
1341 1868 1438 1895 dedisti
1454 1877 1500 1896 cor
1523 1873 1598 1897 tuum

820 1908 896 1942 quasi
913 1917 959 1936 cor
977 1909 1040 1943 Dei;
1054 1918 1117 1938 ecce
1129 1918 1178 1946 ego
1189 1913 1294 1940 adduco
1311 1921 1392 1948 super
1402 1918 1427 1941 te
1443 1915 1544 1942 alienos
1557 1924 1600 1950 pe-

819 1954 949 1988 stilentes,
967 1960 992 1982 et
1013 1957 1191 1991 evaginabunt
1218 1959 1322 1993 gladios
1354 1969 1416 1988 suos
1427 1970 1508 1996 super
1532 1967 1557 1990 te
1573 1968 1600 1991 et

819 2007 900 2038 super
911 2001 1136 2035 pulchritudinem
1150 2004 1278 2032 dOCll‘intB
1292 2012 1353 2038 tuae.
1368 2011 1394 2034 et
1404 2012 1525 2036 sternent
1536 2010 1598 2044 pul-

819 2045 998 2073 chritudinem
1017 2051 1091 2074 tuam
1118 2048 1144 2075 in
1172 2050 1368 2084 perditionem;
1384 2056 1410 2078 ct
1435 2053 1598 2082 descendere

818 2091 918 2118 facient
929 2096 964 2124 te.
983 2096 1009 2118 et
1023 2093 1147 2121 morieris
1163 2100 1250 2123 morte
1264 2096 1463 2124 vulneratorum
1478 2099 1503 2124 in
1516 2101 1597 2126 corde

8 2135 62 2173 νάτῳ
82 2139 253 2174 τραυματιῶν
276 2140 305 2166 ἐν
335 2140 430 2175 καρδίᾳ
458 2138 603 2175 θαλάσσης.
625 2139 670 2174 Μὴ
680 2140 766 2174 λέγων

849 2137 910 2164 aris.
932 2136 1058 2172 Nunquid
1087 2139 1201 2173 ioquens
1228 2141 1350 2170 dicturus
1377 2151 1420 2170 es:
1441 2143 1512 2171 Deus
1535 2153 1594 2171 Slltll

8 2180 77 2215 ἐρεῖς·
90 2183 157 2215 Θεός
171 2184 228 2219 εἰμι
245 2184 310 2218 ἐγω,
322 2184 434 2210 ἐνώπιον
449 2183 513 2219 [τῶν
527 2183 707 2219 ἀναιρούντων
724 2193 769 2218 σε;

9 2226 63 2253 σὺδὲ
76 2226 99 2255 εἴ
110 2228 262 2265 ἄνθρωπος,
279 2229 325 2256 καὶ
337 2230 367 2255 οὐ
386 2229 460 2260 Θεὸς,
481 2231 510 2256 ἐν
523 2231 594 2265 χειρὶ
610 2230 772 2265 τιτρωσκόν-

8 2277 48 2297 των
67 2282 103 2299 σε.
131 2273 262 2305 Θανάτοις
285 2275 477 2310 ἀπεριτμήτων
502 2274 588 2310 ἀπολῇ
612 2276 640 2301 ὲν
655 2275 767 2312 χερσὶν]

9 2315 147 2354 ἀλλοτρίων
171 2320 211 2346 ὃτι
225 2320 279 2354 ἐγὼ
293 2319 419 2355 ἐλάλησα,
435 2319 508 2354 λέγει
527 2320 636 2357 Κύριος.
658 2330 667 2347 t

33 2363 128 2392 Τούτων
134 2365 186 2392 τῶν
192 2364 238 2392 οὖν
247 2366 374 2401 ῥημάτων
380 2365 564 2401 δεδειγμένων,
574 2366 671 2402 ἴδωμεν
678 2367 771 2394 λεπτο-

34 2455 110 2484 "lsa.
122 2464 178 2491 ην,
196 2456 271 2485 μοι.
306 2459 327 2474 ⁸⁷
343 2458 439 2487 Ezech.
451 2468 547 2493 xxviii,
563 2460 642 2488 2-40.

33 2537 79 2580 (ιθ)
91 2539 125 2566 Τὸ
141 2540 174 2580 δὲ
183 2540 406 2580 ειατακᾴλρμμα.
420 2542 484 2580 Erat
497 2543 679 2580 κατάλειμμα,
689 2545 762 2580 quod

9 2573 236 2611 ‘cadaverrreliquiaz,
252 2573 442 2611 reddi'p'osset.
459 2578 511 2605 Sed
525 2586 587 2606 cum
603 2573 643 2606 sic
658 2573 760 2607 ah'lle-

9 2605 214 2649 lmm‘ahhorreat
226 2605 253 2638 et
266 2605 381 2649 vulgatis
405 2612 515 2643 Graecis,
542 2605 646 2641 mutare
660 2605 762 2649 religio

9 2642 118 2683 Maluit.
134 2645 260 2683 Ejusdem
274 2642 379 2683 generis
389 2651 438 2678 est,
450 2642 520 2682 quod
539 2650 609 2682 apud
631 2642 760 2683 Cyrilltim

9 2678 130 2719 ζέιτάλνμα
136 2678 240 2716 legitur,
248 2678 326 2719 qliasi
335 2678 485 2719 hospitium,
501 2678 672 2719 άοηίίείίίιιή,
688 2685 760 2719 quod

8 2716 26 2736 ει
44 2714 193 2751 remotius;
208 2714 367 2751 metaphora
381 2714 432 2744 est.
452 2717 568 2746 Coum-2r.
581 2734 612 2739 —
629 2714 681 2747 Sed
692 2714 759 2748 iam

8 2749 154 2776 mutandum.
171 2750 278 2778 Fanmc.

33 2782 79 2819 (il)
93 2785 232 2820 Ἀστρων.
248 2785 383 2819 Combel'.,
399 2786 527 2822 ἀστέρων.

818 2191 878 2218 ego,
886 2184 912 2210 in
924 2190 1068 2219 conspectu
1078 2186 1294 2215 interﬁcientium
1307 2190 1352 2216 te?
1362 2189 1400 2216 Tu
1411 2194 1500 2217 autem
1513 2190 1595 2219 homo

818 2236 857 2262 es,
874 2234 901 2256 et
915 2237 969 2256 non
990 2230 1070 2263 Deus,
1089 2231 1116 2258 in
1133 2240 1214 2260 manu
1230 2234 1427 2262 vulnerantium
1445 2240 1480 2263 te.
1503 2235 1596 2264 Morti-

819 2275 870 2302 bus
881 2276 1132 2305 incircumcisorum
1147 2279 1268 2307 interibis
1298 2281 1325 2307 in
1352 2282 1476 2309 manibus
1491 2283 1593 2310 alieno-

818 2329 897 2353 rum;
911 2322 972 2356 quia
986 2330 1037 2357 ego
1052 2323 1158 2351 locutus
1171 2331 1242 2357 sum,
1256 2324 1321 2352 dicit
1337 2325 1467 2354 Dominus
1479 2328 1510 2354 ’⁷.
1528 2336 1539 2354 ι

851 2367 923 2394 XIX.
937 2367 1018 2397 Hisce
1035 2370 1073 2397 ita
1092 2371 1210 2398 ostensis
1225 2371 1324 2405 verbis,
1352 2372 1492 2402 videamus
1506 2374 1593 2402 subti-

921 2547 1091 2587 ἕαταϐήσῃ.
1101 2549 1159 2587 Δ[(1..
1173 2551 1323 2587 καταϐήσῃ.

859 2547 893 2573 42
921 2547 1091 2583 Καταϐήσῃ.
1109 2549 1159 2582 ld.,
1173 2551 1323 2587 καταθήση.

858 2546 904 2618 45;
923 2582 1082 2619 Ἐπαγωγῇ.
1101 2584 1189 2612 Malim
1203 2580 1348 2622 ἀπαγωγῇ,
1361 2593 1419 2621 qua
1435 2586 1487 2614 alia
1498 2586 1587 2615 lectio.

811 2615 1046 2721 Οοᾷἒῗίίομψός.
1063 2653 1111 2687 ld.,
1126 2654 1253 2692 καθαρός.
1270 2672 1304 2678 -——
1321 2656 1366 2685 Sic
1377 2661 1404 2685 et
1416 2656 1498 2685 LXX.

858 2686 903 2718 45)
926 2688 1083 2721 Ἐμπειρίᾳ.
1107 2689 1228 2717 Combef.
1252 2692 1380 2721 ἐμπορία.
1402 2707 1437 2716 υ-
1457 2692 1495 2719 lta

858 2686 1083 2728 4§)_"_l§pizstpla.
1107 2686 1380 2727 (ζοιηὺὲΐζὲμπορίᾳ.
1402 2707 1437 2716 ι-
1457 2692 1495 2719 lta
1521 2700 1588 2728 quo-

811 2721 1043 2792 ᾳυῗὸἐςχιὲνιμοὺς
1056 2759 1114 2787 ἀπὸ
1127 2759 1230 2787 ἐθνῶν.
1249 2759 1300 2794 ld.,
1313 2761 1407 2797 λιμοὺς
1426 2762 1479 2789 τῶν
1492 2762 1584 2790 ὲθνῶν.
