1856 3050
43 100 97 128 745

577 95 620 124 DE
639 95 788 124 CHRISTO
808 94 851 122 ET
872 94 1117 124 ANTICHRISTO.

1620 99 1671 126 7.56

42 159 99 194 πῦρ
112 158 221 193 φλέγον.
235 157 361 194 Ποταμὺς
370 157 456 194 πυρὸς
467 155 557 184 εἷλκεν
571 156 726 193 ἔμπροσθεν
736 155 819 184 αὐτοῦ

913 156 955 184 nis
969 156 1078 184 ardens.
1092 155 1203 184 Fluvius
1220 155 1316 191 igneus
1333 156 1458 184 trahebat
1478 161 1541 185 ante
1559 164 1673 193 conspe-

39 203 136 231 Χίλιαι
148 203 267 239 χιλιάδες
278 202 463 239 ἐλειτούργουν
473 202 556 238 αὐτῷ,
565 202 612 229 καὶ
624 202 718 238 μύριαι
733 201 832 238 μυριά-

38 249 85 281 δες
107 250 333 285 περιεστήκεισαν
357 248 441 284 αὐτῷ.
462 249 612 284 Κριτήριον
637 248 758 280 ἐκάθισε,
784 248 832 281 καὶ

40 295 128 329 βίϐλοι
143 295 329 331 ὴνεῲχϐησαν.
360 295 509 331 Ἐθεώρουν
523 295 583 322 τότε
605 295 658 322 ἀπὸ
674 296 765 330 φωνῆς
778 295 832 322 τῶν

38 341 128 375 λόγων
139 341 193 368 τῶν
214 341 348 377 μεγάλων,
359 337 396 368 ὧν
406 341 436 368 τὸ
448 341 531 377 χέρας
542 341 640 372 ἐλάλει,
653 342 704 373 ἕως
713 341 832 377 ἀνῃρέθη

36 387 69 413 τὸ
80 387 175 423 θηρίον
189 388 236 415 καὶ
248 387 382 420 ἀπώλετο,
399 387 447 414 καὶ
462 387 492 414 τὸ
507 387 586 422 σῶμα
607 387 688 415 αὑτοῦ
699 387 776 423 ἐδόθη
792 388 832 419 εἰς

37 434 138 460 καῦσιν
151 434 247 470 πυρός.
265 434 320 462 Καὶ
331 434 386 461 τῶν
401 433 501 461 λοιπῶν
514 434 615 470 θηρίων
629 435 646 470 ἡ
671 434 741 470 ἁρχὴ
754 443 832 470 μετε-

37 481 137 516 σπάθη.

75 535 85 552 ι
108 525 257 562 Ἐθεώρουν
270 527 298 553 ὲν
311 526 430 562 ὁράματι
440 526 490 562 τῆς
505 527 611 559 νυκτὸς,
622 528 669 555 καὶ
686 527 741 555 ἰδοὺ
758 528 829 563 μετὰ

33 572 92 598 τῶν
105 572 225 606 νεφελῶν
243 572 289 599 τοῦ
305 573 435 608 οὐρανοῦ,
450 573 488 605 ὡς
504 573 567 604 Υἱὸς
590 572 735 608 ἀνθρώπου
753 574 832 610 ἐρχό-

34 627 121 654 μενος
136 617 171 654 ἦν
184 627 190 634 ·
203 619 250 645 καὶ
267 619 317 652 ἓως
331 620 379 646 τοῦ
391 619 511 646 Παλαιοῦ
524 619 578 646 τῶν
594 619 704 656 ἡμερῶν
719 619 829 655 ἔφθασε,

33 665 84 691 χαὶ
109 665 282 701 προσηνέχθη
298 665 381 701 αὐτῷ.
401 666 456 693 Καὶ
471 665 545 701 αὐτῷ
570 665 646 702 ἐδόθη
664 667 680 702 ἠ
696 666 766 702 ἁρχὴ
784 667 830 693 καὶ

32 711 50 746 ἡ
69 710 157 746 τιμὴ,
175 712 252 747 καὶὴ
269 711 407 746 βασιλεία·
424 713 472 739 καὶ
489 713 589 744 πάντες
609 713 632 738 οἱ
650 711 725 746 λαοὶ,
748 713 831 747 φυλαὶ

33 757 83 783 καὶ
100 756 225 791 γλῶσσαι
237 757 424 785 δουλεύσουσιν
441 757 525 794 αὐτῷ.
548 759 581 785 Ἤ
598 758 706 791 ἐξουσία
729 759 828 792 αὑτοῦ,

33 802 144 835 ἐξουσία
158 804 283 837 αἰώνιος,
301 805 361 840 ἥτις
377 805 407 832 οὑ
423 805 638 841 παρελεύσεται,
653 805 700 832 καὶ¹
715 806 731 841 ἡ
749 805 827 841 βασι-

32 849 94 876 λεία
107 849 192 876 αὑτοῦ
207 850 237 876 οὺ
253 850 478 887 διαφθαρήσεται.
497 861 506 877 ι

74 897 154 923 Ἐπεὶ
167 894 215 923 οὖν
225 896 357 933 δυσνόητά
371 906 425 924 τισι
443 897 518 924 δοκεῖ
531 895 599 925 εἶναι
616 897 703 925 ταῦτα
722 897 756 925 τὰ
775 907 826 934 μυ-

33 941 136 984 crs-.147);
158 942 312 984 ειρη-ρ-ἐνα,
335 942 412 970 οὐδὲν
428 943 531 970 τούτων
548 935 826 980 eumpse/0957:»?

32 978 184 1022 ἐπῆνωσιν
199 978 256 1020 τᾶξ
273 988 337 1027 ὑγιῆ
355 988 417 1023 νοξν
434 978 628 1024 κεκτημένοις..
641 978 758 1017 Λέαιναν
772 978 826 1027 ¹ιαὶρ

33 1033 110 1061 εἶπεν
126 1026 328 1062 ἀναϐαίνουσαν
347 1035 379 1062 ὲκ
402 1035 452 1068 τῆς
468 1035 620 1071 θαλάσσης·
640 1036 687 1075 την
707 1035 761 1072 τῷν
778 1037 828 1069 Βα-

33 1080 174 1117 δυλωδρων
197 1080 334 1115 βασιλείαν
356 1081 385 1107 ὲν
401 1081 440 1116 τῷ
463 1081 558 1116 κόσμῳ
573 1081 709 1117 ἑσήμανε,
726 1081 826 1117 ταύτης

31 1123 115 1151 οὖσαν
128 1126 178 1161 τῆς
190 1118 294 1158 εἰκένος
305 1126 408 1161 χρυσῆν
424 1127 555 1162 κεφαλήν.
565 1127 602 1155 Τὸ
614 1128 642 1154 δὲ
654 1127 709 1164 (51)
725 1127 823 1162 λέγειν·

33 1180 42 1196 ι
59 1171 155 1206 Πτερᾶ
178 1170 248 1206 αὐτῇ
273 1170 452 1203 ὡσεὶ·ἀετοῦ,
470 1180 479 1197 ι
501 1172 542 1198 ὅτι
559 1171 652 1208 ὑψώθη
670 1173 684 1199 ό
701 1172 826 1208 βασιλεὺς

30 1216 281 1252 Ναϐουχοδονόσορ,
293 1217 341 1243 καὶ
353 1218 424 1244 κατὰ
435 1217 482 1244 τοῦ
493 1217 560 1244 Θεοῦ
573 1217 764 1255 ὲπήρθη.Εἷτά
774 1228 826 1255 φη-

32 1271 91 1289 σιν·
115 1272 124 1288 ι
141 1262 264 1299 Ἐξετίλη
288 1263 323 1291 τὰ
350 1264 439 1300 πτερὰ
465 1265 569 1300 αὐτῆς,
591 1274 600 1290 ›
620 1265 661 1292 ὃτι
685 1265 824 1302 καθῃρέθη

29 1309 112 1335 αὐτοῦ
124 1310 141 1344 ὴ
153 1308 218 1340 δόξα
227 1317 234 1323 ”
244 1308 390 1346 ὲξεδιώχθη
402 1309 457 1345 γὰρ
471 1311 503 1336 ὲκ
514 1311 563 1346 τῆς
579 1310 717 1345 βασιλείας
730 1310 823 1337 αὑτοῦ.

30 1355 65 1381 Τὸ
85 1355 117 1382 δὲ
139 1356 246 1381 εἰπεῖν·
271 1365 280 1380 ι
295 1356 402 1391 Καρδία
421 1355 564 1391 ἀνθρώπου
582 1356 658 1392 ἐδόθη
676 1357 760 1393 αὐτῇ,
778 1358 826 1384 καὶ

31 1401 77 1427 ἐπὶ
91 1401 183 1428 ποδῶν
196 1401 341 1437 ἀνθρώπου
355 1401 456 1438 ἐστάθη
466 1410 473 1417 ·
489 1412 497 1427 ι
511 1403 552 1429 ὅτι
573 1403 734 1438 μετενόησεν
744 1424 751 1436 ,
766 1405 826 1431 ἐπι-

29 1448 111 1482 γνοὺς
122 1448 230 1481 ἑαυτὸν,
239 1449 279 1475 ὅτι
289 1448 432 1484 ἄνθρωπός
440 1451 497 1476 ἐστι
505 1458 512 1465 ·
529 1450 576 1476 καὶ
589 1449 672 1476 ἔδωκε
684 1450 733 1485 τὴν
747 1450 824 1483 δόξαν

28 1494 66 1529 τῷ
84 1493 158 1530 Θεῷ.

62 1540 143 1566 Μετὰ
169 1539 236 1574 γοῦν
263 1540 313 1576 τὴν
341 1540 470 1572 λέαιναν,
497 1532 623 1579 δεύτερον
649 1541 742 1579 θηρίον
772 1543 823 1578 ὁρᾷ

28 1585 120 1620 ὅμοιον
134 1586 241 1622 ἄρκτῳ,
257 1587 325 1622 ὅπερ
336 1584 406 1621 ἦσαν
417 1588 441 1626 ο]
456 1587 568 1623 Πέρσαι.
582 1588 659 1615 Μετὰ
669 1588 722 1624 γὰρ
735 1589 823 1615 Βαϐυ-

28 1631 142 1663 λωνίους
160 1632 266 1668 Πέρσαι
283 1627 532 1668 διεκράτησαν.Ἦ
548 1633 576 1660 δὲ
592 1634 697 1668 λέγειν·
723 1644 732 1660 ‹
754 1635 824 1669 Τρία

29 1676 134 1712 πλευρὰ
160 1678 190 1703 ἐν
206 1677 245 1713 τῷ
270 1678 384 1713 στόματι
405 1678 506 1713 αὐτῆς,
524 1687 532 1703 ι
550 1679 614 1714 τρία
635 1679 698 1714 ἔθνη
722 1679 822 1712 ἔδειξε,

28 1721 155 1761 Πέρσας,
181 1723 227 1749 καὶ
250 1723 376 1761 Μήδους,
401 1724 447 1751 καὶ
469 1724 672 1758 Βαϐυλωνίους,
695 1726 763 1761 ὅπερ
779 1725 822 1752 δέ-

25 1760 131 1795 δεικῖαι
158 1769 228 1804 μετὰ
251 1760 297 1796 τὸν
314 1770 414 1806 χρυσον
435 1772 449 1797 ὁ
470 1771 589 1806 ἄργυρος
614 1772 643 1798 ὲν
664 1773 697 1807 τῇ
727 1760 819 1799 εικόνι.

28 1814 146 1841 Ἔπειτα
161 1814 192 1841 τὸ
207 1815 298 1854 τρῇον
314 1816 408 1852 θηρίον
428 1816 561 1852 πάρδαλις
572 1838 578 1850 ,
596 1817 695 1850 οἵτινες
713 1816 782 1854 ἦσαν
798 1819 821 1845 οἱ

26 1860 172 1895 Ἕλληνες.
188 1852 268 1887 Μετῖ
285 1861 340 1897 γὰρ
358 1863 466 1898 Πέρσας
484 1863 656 1899 Ἀλέξανδρος
669 1852 821 1900 ἐκράτησεν

25 1907 38 1932 ὁ
52 1907 208 1939 Μακεδὼν,
229 1907 351 1935 καθελὼν
372 1910 483 1945 Δαρεῖον
493 1929 499 1941 ,
515 1910 551 1942 ὡς
567 1910 700 1937 δέδεικται
721 1910 776 1947 (52)
792 1913 821 1939 ὲν

23 1954 56 1987 τῇ
84 1953 173 1979 εικόνι
189 1954 203 1980 ὁ
219 1954 328 1989 χαλκός.
346 1955 382 1981 Τὸ
399 1955 427 1982 δὲ
442 1955 532 1990 λέγειν
545 1964 551 1971 ⁸
569 1965 578 1982 ‹
593 1957 684 1992 Πτερὰ
700 1957 821 1993 τέσσαρα

24 1999 165 2031 πετεινοῦ,
180 2009 189 2024 ι
206 2000 360 2035 σαφέστατα
375 2001 488 2035 ἐδίδαξε,
499 2002 556 2034 πῶς
569 2002 727 2039 διεμερίσθη
744 2004 760 2039 ἡ
777 2003 821 2039 βα-

24 2045 115 2072 σιλεία
138 2046 315 2082 Ἀλεξάνδρου
327 2056 334 2062 ·
358 2057 367 2074 ‹
383 2048 519 2085 τέσσαρας
535 2048 589 2085 γὰρ
610 2050 731 2084 κεφαλὰς
749 2060 758 2076 ι
780 2051 820 2077 εζ-

24 2090 95 2124 πὼν,
111 2093 178 2123 τοὺς
191 2092 327 2128 τέσσαρας
345 2093 462 2128 βασιλεῖς
475 2115 482 2126 ,
505 2096 568 2127 τοὺς
592 2095 621 2128 ἐξ
646 2096 731 2131 αὐτῆς
754 2098 820 2124 ἀνα-

24 2136 144 2168 στάντας
154 2138 352 2173 ὲμνημόνευσε.
363 2139 501 2166 Τελευτῶν
513 2140 566 2176 γὰρ
578 2141 750 2178 Ἀλέξανδρος
763 2142 818 2178 (55)

23 2180 106 2208 διεῖλε
119 2182 170 2218 τὴν
185 2183 323 2218 βασιλείαν
339 2185 423 2212 αὐτοῦ
438 2186 477 2218 εἰς
489 2186 611 2223 τέσσαρα
627 2188 708 2224 μέρη.

57 2247 82 2262 ³⁸
100 2247 172 2274 Dan.
187 2256 234 2282 vn,
255 2249 332 2277 9-12.
370 2250 390 2266 “
406 2250 474 2279 Ibid.
491 2259 545 2284 vn,
561 2252 651 2280 15-14.

195 2304 327 2342 ALege
341 2306 379 2342 τῷ
392 2307 432 2334 δέ.
457 2306 501 2334 Sic
515 2312 541 2334 et
562 2316 624 2335 mox
647 2307 727 2336 infra.
743 2308 811 2336 Gen.

58 2339 118 2374 (52)
146 2340 195 2372 Ὡς
211 2339 370 2369 δέδειὶταιξ
383 2341 517 2373 Combef.,
535 2343 563 2374 ὃς
582 2343 725 2370 δέδεικται.

58 2374 118 2409 (55)
138 2376 301 2412 ’Τελευτῶν
323 2377 378 2412 γὰρ
405 2377 605 2411 Ἀλέξανδρος.
636 2378 723 2406 Varia:
749 2383 813 2406 sunt

23 2410 172 2437 sententia:
191 2412 223 2438 de
241 2412 293 2439 hac
311 2410 456 2440 Alexandri
480 2410 602 2440 instituta
628 2415 811 2441 Successione.

20 2445 259 2483 Audaciusculum
273 2452 324 2483 est.
335 2447 406 2482 quod
421 2447 524 2474 Gudius
537 2449 650 2483 margini
666 2449 810 2483 ascripsit:

24 2480 198 2519 ςηὸςείὶυιυηι.
212 2482 256 2519 hic
280 2480 452 2518 Hippolytum
476 2480 666 2519 ἀνιστορησίαν
693 2480 812 2511 auctoris

22 2515 114 2554 libri_l
131 2515 396 2554 Machahmoniinﬁ
414 2526 468 2552 quo
493 2515 639 2554 supercilio
659 2519 699 2546 sie
722 2519 812 2547 brevis

20 2551 112 2577 'etatis
131 2552 222 2583 homo,
239 2553 339 2580 nedum
361 2551 492 2586 divinam,
516 2551 561 2581 sed
576 2559 603 2581 et
619 2555 765 2581 humanam
783 2555 813 2581 li—

21 2589 82 2625 dem
99 2585 142 2625 ill_i
155 2586 283 2625 detrahit.
299 2587 437 2625 Quidquid
451 2585 490 2616 sit
502 2590 536 2616 de
554 2589 705 2625 Hippolyto.
722 2590 768 2624 qui
784 2595 813 2617 ιιι

23 2621 109 2660 homo
124 2620 182 2647 falli
194 2623 290 2660 potuit,
305 2631 355 2660 nec
369 2620 516 2660 illisrebus
526 2620 638 2659 tequaiis
651 2620 698 2651 aut
713 2620 813 2659 suppal-

20 2655 88 2692 Iuit;
113 2655 235 2692 auctoris
251 2655 311 2685 libri
335 2659 345 2684 l
368 2655 582 2686 Machabawruin
596 2679 604 2692 ,
622 2659 689 2686 nihil
706 2655 813 2687 est—cur

20 2691 101 2729 nobis
123 2690 190 2729 Iides
210 2697 257 2729 aut
277 2693 417 2729 diligentia
443 2699 532 2727 nutet;
555 2690 617 2722 cum
640 2695 682 2721 vel
705 2695 728 2721 si
755 2695 813 2729 ipse

19 2727 100 2753 vivus
119 2726 272 2762 Alexander
286 2726 340 2755 non
362 2729 468 2762 divisit,
485 2730 611 2757 divisisse
626 2730 723 2757 merito
737 2726 813 2757 diea-

19 2767 74 2800 tur,
88 2761 170 2796 quod
188 2762 415 2800 saitemrimperio
427 2761 600 2792 dividendum
617 2766 736 2800 reliquit,
747 2765 811 2793 dato

20 2798 45 2823 in
61 2804 128 2834 catn
143 2804 202 2834 rem
217 2797 353 2826 Perdicca:
365 2799 466 2826 annulo
482 2801 630 2834 signatorio
643 2822 650 2833 ,
673 2797 734 2828 eum
748 2808 810 2827 eum

19 2839 72 2859 vox
92 2832 238 2866 deﬁceret,
256 2838 284 2860 ut
300 2838 395 2861 auctor
411 2839 451 2862 est
462 2832 585 2864 Justinus
596 2832 686 2864 lib.7tt.
700 2836 810 2872 Aliquid

167 2879 302 2910 Pnaoc.
324 2880 384 2911 Gn.
404 2881 446 2913 X.

884 207 958 230 etum
982 202 1053 237 ejus.
1077 201 1149 228 Mille
1171 202 1254 228 millia
1277 201 1470 229 ministrabant
1482 202 1518 235 ei,
1536 206 1563 229 et
1582 203 1673 231 decies

883 253 997 276 centena
1009 248 1093 275 millia
1105 248 1271 276 assistebant
1283 247 1462 276 eiJudieium
1477 249 1557 281 sedit,
1569 254 1595 276 et
1610 249 1671 276 litui

883 296 969 331 aperti
981 301 1055 323 sunt.
1064 295 1312 331 Aspiciebanttunc
1324 304 1338 323 a
1351 303 1417 323 voce
1424 304 1580 324 sermonum
1594 304 1673 332 gran-

883 342 970 374 dium,
987 349 1057 376 quos
1068 349 1154 369 cornu
1171 342 1237 369 illud
1251 342 1424 376 loquebatur,
1438 342 1618 377 quoadusque
1632 342 1673 369 iu-

882 388 994 415 terfecta
1013 392 1056 415 est
1072 388 1159 415 bestia
1174 393 1200 414 et
1212 388 1307 422 periit;
1327 393 1353 415 et
1383 396 1484 423 corpus
1499 390 1559 424 ejus
1575 390 1668 416 datum

880 439 923 462 est
938 434 965 461 in
981 434 1199 462 combustionem
1219 434 1299 469 ignis.
1320 434 1352 461 Et
1380 432 1539 462 eteterarum
1569 434 1670 462 bestia-

881 487 943 507 rum
958 480 1106 506 translatus
1120 483 1162 506 est
1176 479 1346 514 principatus
1359 480 1392 507 '°.

916 524 998 552 XXII.
1015 534 1024 551 ‹
1035 524 1206 560 Aspiciebam
1221 525 1247 551 in
1264 525 1368 552 visione
1384 525 1486 552 noctis:
1497 529 1524 552 et
1535 533 1598 554 ecce
1605 534 1669 554 cum

882 572 999 599 nubibus
1022 572 1084 600 cteli
1102 571 1181 606 quasi
1206 570 1292 598 Filius
1315 571 1435 598 hominis
1457 582 1464 598 :
1485 577 1513 599 et
1529 580 1614 608 usque
1634 573 1668 600 ad

880 617 1028 652 Antiquum
1045 618 1152 645 dierum
1173 617 1313 653 pervenit,
1336 623 1363 645 et
1384 618 1491 645 oblatus
1513 622 1555 645 est
1578 619 1613 646 ei.
1636 618 1670 646 Et

880 665 973 692 datum
996 668 1038 691 est
1060 664 1085 691 ei
1111 664 1256 699 imperium
1278 668 1305 691 et
1329 664 1415 691 honor
1437 669 1464 691 et
1487 672 1618 700 regnum;
1642 669 1669 692 et

881 718 976 738 omnes
991 710 1102 745 populi,
1114 710 1201 737 tribus
1213 714 1240 737 et
1249 710 1348 745 lingua:
1362 710 1482 737 Servient
1492 710 1527 737 ei.
1544 710 1668 738 Potestas

880 757 956 792 ejus,
982 761 1102 792 potestas
1125 761 1244 788 aeterna,
1271 764 1332 791 quae
1358 764 1412 784 non
1430 757 1621 792 pertransibit,
1642 762 1669 786 et

880 811 994 839 regnum
1010 803 1070 838 ejus
1087 810 1141 830 non
1157 803 1277 830 interibit
1289 802 1320 829 ³¹.
1339 812 1349 828 ι

912 892 1007 921 XXIII.
1028 892 1098 926 Quia
1120 893 1203 928 igitur
1222 900 1284 927 qua:
1307 892 1347 920 sic
1367 900 1468 920 arcano
1489 901 1570 921 sensu
1594 893 1666 920 dicta

877 945 957 973 sunt,
982 939 1122 968 nonnullis
1149 940 1276 967 videntur
1301 944 1381 974 captu
1406 939 1539 973 difﬁcilia;
1570 947 1665 967 eorum

876 986 944 1013 nihil
964 985 1180 1017 abscondemus,
1202 990 1232 1012 ut
1248 984 1401 1020 intelligant
1419 986 1466 1020 qui
1484 993 1551 1013 sarta
1575 990 1666 1012 mente

876 1032 980 1068 praediti
997 1036 1071 1059 sunt.
1085 1031 1210 1058 Lemnam
1226 1031 1299 1058 enim
1315 1031 1430 1058 dicendo
1442 1032 1633 1058 ascendentem
1650 1039 1666 1058 e

876 1078 956 1112 mari,
971 1078 1183 1114 Babyloniorum
1200 1085 1313 1111 regnum
1329 1078 1356 1104 in
1370 1077 1473 1104 mundo
1489 1077 1664 1112 signiﬁcavit,

876 1124 950 1159 quod
966 1124 1049 1159 hujus
1064 1124 1204 1151 simulacri
1217 1127 1276 1150 erat
1288 1127 1370 1158 caput
1385 1131 1510 1150 aureum.
1527 1122 1604 1156 Quod
1616 1131 1666 1150 au-

877 1176 930 1200 tem
948 1172 1033 1200 dicit:
1054 1181 1063 1197 ι
1076 1171 1134 1199 Alae
1149 1171 1209 1206 ejus
1229 1170 1309 1206 quasi
1325 1171 1438 1205 aquilat;
1458 1179 1467 1195 ›
1484 1171 1549 1205 quia
1561 1172 1666 1199 exalta-

877 1223 921 1248 tus
935 1224 977 1247 est
990 1227 1037 1247 rex
1054 1218 1307 1246 Nabuchodonosor
1321 1222 1348 1245 et
1360 1218 1490 1245 adversus
1506 1217 1591 1245 Deum
1606 1219 1663 1246 ela-

877 1270 931 1293 tus.
947 1265 1016 1293 Tum
1033 1266 1072 1293 ait
1087 1274 1093 1291 :
1115 1275 1124 1291 ι
1140 1265 1246 1293 Evulsa:
1263 1269 1328 1292 sunt
1343 1265 1392 1292 alae
1409 1265 1483 1299 ejus;
1501 1275 1510 1290 ι
1524 1266 1588 1300 quia
1604 1266 1664 1300 ejus

876 1312 966 1340 ablata
986 1312 1069 1348 gloria
1086 1316 1128 1340 est
1145 1320 1152 1339 :
1171 1311 1222 1339 fuit
1241 1312 1312 1339 enim
1340 1310 1442 1345 ejeelus
1467 1319 1482 1338 e
1502 1319 1586 1346 regno
1602 1320 1662 1339 suo.

876 1357 996 1386 Dicendo
1020 1363 1111 1385 autem
1130 1367 1136 1384 :
1158 1367 1167 1383 ‹
1182 1357 1235 1384 Cor
1255 1356 1375 1384 hominis
1405 1356 1497 1383 datum
1518 1361 1560 1384 est
1576 1357 1616 1389 ei,
1637 1361 1664 1384 et

876 1412 959 1439 super
972 1404 1054 1439 pedes
1072 1404 1190 1431 hominis
1203 1403 1294 1436 stetit;
1316 1412 1325 1428 ι
1339 1402 1402 1437 quia
1419 1402 1516 1430 ductus
1529 1402 1663 1437 pmniten-

877 1450 913 1477 tia
929 1455 980 1482 est,
996 1450 1054 1485 ipse
1071 1457 1100 1477 se
1113 1451 1203 1484 ipsum
1217 1456 1379 1484 agnoscens,
1392 1448 1464 1482 quod
1478 1448 1559 1475 homo
1571 1454 1661 1481 esset;

838 1508 859 1536 ο
876 1501 903 1524 et
916 1496 989 1523 dedit
1003 1496 1117 1531 gloriam
1137 1495 1201 1523 Deo.

912 1542 1004 1570 XXIV.
1026 1543 1091 1570 Post
1103 1542 1214 1569 leaenam
1227 1550 1302 1577 ergo,
1313 1542 1462 1569 secumdum
1474 1542 1572 1569 animal
1591 1541 1662 1568 videt

874 1597 939 1618 urso
950 1590 1049 1622 simile,
1063 1589 1134 1624 quod
1150 1593 1214 1616 sunt
1226 1588 1325 1616 Persas.
1339 1588 1405 1616 Post
1416 1588 1576 1624 Babylonios
1586 1589 1657 1615 enim

873 1635 963 1663 Persae
985 1643 1076 1662 rerum
1102 1635 1178 1669 potiti
1204 1639 1278 1661 sunt.
1301 1634 1420 1662 Dicendo
1439 1639 1548 1662 autem:
1564 1643 1573 1660 ι
1593 1634 1661 1662 Tres

873 1686 955 1709 costae
972 1681 1040 1714 (sive
1052 1681 1174 1714 ordines)
1187 1681 1213 1707 in
1229 1688 1276 1707 ore
1291 1681 1360 1715 ejus,
1379 1690 1387 1706 ι
1403 1685 1457 1708 tres
1470 1686 1564 1716 gentes
1576 1681 1661 1716 signi--

873 1724 970 1756 ficavit,
981 1723 1089 1755 Persas,
1102 1724 1195 1751 Medos
1209 1729 1236 1751 et
1247 1724 1409 1760 Babylonios
1422 1733 1430 1753 ε
1446 1725 1527 1760 idque
1541 1727 1660 1753 ostendit

872 1776 1015 1806 argentum
1032 1770 1192 1805 adjunctum
1208 1778 1276 1798 auro
1300 1771 1327 1798 in
1349 1771 1506 1799 simulacro.
1531 1772 1660 1807 Sequitur

873 1817 950 1843 tertia
975 1816 1076 1849 bestia,
1103 1817 1220 1851 pardus,
1241 1824 1339 1852 nempe
1361 1816 1458 1846 Graeci.
1481 1816 1546 1845 Post
1560 1817 1659 1844 Persas

872 1863 944 1890 enim
955 1863 1108 1890 Alexander
1119 1863 1229 1890 Macedo
1240 1871 1330 1891 rerum
1347 1863 1449 1898 potitus
1463 1869 1514 1896 est,
1525 1863 1660 1890 debellato

873 1909 954 1937 Dario
966 1930 973 1941 ,
989 1910 1037 1945 qui
1053 1910 1080 1936 in
1102 1911 1251 1938 simulacro
1273 1911 1335 1938 aeris
1351 1910 1441 1945 specie
1463 1915 1589 1938 ostensus
1605 1917 1656 1938 est.

872 1955 991 1983 Dicendo
1018 1960 1108 1983 autem
1125 1964 1132 1983 :
1152 1965 1161 1981 ε
1177 1957 1300 1989 Quatuor
1321 1957 1380 1984 alas
1394 1957 1529 1989 volueris,
1546 1965 1555 1981 ι
1580 1963 1659 1991 aper-

871 2003 977 2030 tissime
998 2002 1091 2030 doeuit
1106 2003 1245 2037 quomodo
1266 2003 1412 2030 Alexandri
1428 2003 1573 2038 imperium
1589 2003 1658 2030 divi-

871 2056 932 2076 sum
962 2048 1023 2076 fuit.
1046 2048 1166 2076 Dicendo
1181 2049 1254 2076 enim
1280 2059 1288 2075 ‹
1305 2053 1423 2084 quatuor
1440 2049 1539 2083 capita,
1562 2058 1571 2074 ι
1589 2057 1657 2084 qua-

871 2100 933 2122 tuor
955 2096 1001 2130 qui
1025 2103 1058 2123 ex
1083 2096 1130 2122 illo
1156 2100 1349 2129 surrexerunt,
1382 2103 1459 2130 rcges
1483 2096 1655 2123 memoravit.

870 2142 1022 2169 Alexander
1041 2142 1114 2169 enim
1149 2141 1288 2174 moriens,
1312 2141 1455 2176 imperium
1481 2141 1600 2168 solidum
1627 2141 1655 2168 in

832 2188 854 2215 Ι)
869 2193 986 2224 quatuor
1000 2193 1091 2223 partes
1101 2188 1202 2215 divisit.

868 2308 1011 2347 certeqejus
1026 2310 1319 2347 nutusinterccssisse,
1332 2316 1362 2338 ut
1374 2311 1400 2338 in
1414 2317 1514 2345 tantos,
1527 2311 1604 2347 quasi
1619 2319 1653 2338 ex

867 2345 993 2372 condicto
1004 2364 1011 2375 ,
1026 2350 1098 2372 tanta
1115 2345 1172 2372 inec
1187 2346 1292 2380 imperii
1317 2347 1402 2374 moles
1416 2345 1591 2379 divideretur,
1607 2348 1652 2374 cui

868 2387 948 2416 nemo
969 2388 1040 2407 unus
1054 2386 1150 2414 praeter
1165 2381 1349 2412 Alexandrum
1363 2390 1411 2416 par
1429 2382 1487 2409 fore
1503 2383 1652 2412 videretur.

868 2414 968 2441 indicio
980 2419 1032 2447 est,
1053 2416 1126 2450 quod
1144 2417 1217 2443 nullo
1231 2417 1280 2444 sibi
1295 2414 1480 2444 monarchiam
1497 2418 1652 2446 universam

866 2455 1026 2486 usurpante,
1042 2451 1158 2486 quisque
1174 2457 1249 2485 parte
1263 2457 1418 2486 contentus,
1441 2453 1540 2480 aemulo
1556 2452 1653 2480 Cedere

865 2485 940 2512 visus
961 2490 1003 2512 est
1018 2494 1023 2512 :
1039 2485 1165 2523 etsith
1189 2487 1382 2523 πολυκοιρανίη
1393 2508 1400 2520 ,
1418 2489 1489 2516 inter
1506 2488 1653 2515 Alexandri

866 2528 1039 2548 successores
1052 2521 1184 2549 bellorum
1201 2521 1381 2550 seminarium
1394 2523 1455 2551 fuit.
1469 2523 1580 2550 Curtius
1593 2523 1610 2549 l.
1624 2531 1651 2554 κ,

866 2563 896 2593 ο..
912 2555 964 2582 1οι
979 2566 990 2593 5
1005 2556 1200 2593 Crediderunt,
1227 2558 1331 2592 inquit,
1354 2559 1465 2593 quidam
1491 2563 1652 2586 testamento

865 2590 1010 2629 Alexandri
1026 2591 1186 2629 distributas
1200 2590 1444 2628 csse—provincias;
1460 2604 1469 2620 ι
1484 2594 1565 2629 idque
1578 2601 1593 2620 a
1606 2602 1653 2620 va-

866 2626 914 2664 riis
931 2626 1097 2664 auctoribus_
1105 2629 1233 2664 traditum
1251 2626 1367 2662 asserit,
1388 2626 1450 2657 licet
1468 2626 1527 2664 ipse
1539 2633 1651 2656 contra-

868 2661 937 2688 rium
955 2662 1063 2689 sentiat.
1080 2662 1159 2695 Quod
1173 2664 1215 2690 vel
1229 2664 1251 2690 si
1269 2665 1306 2691 ita
1323 2661 1437 2693 dikisset
1453 2661 1530 2693 sacer
1546 2671 1652 2696 auctor.

866 2697 954 2735 major
966 2697 1045 2735 nobis
1056 2697 1122 2724 lides
1134 2705 1217 2735 esset,
1232 2707 1314 2732 quam
1325 2708 1421 2728 eorum
1435 2701 1481 2735 qui
1495 2710 1509 2727 a
1521 2700 1653 2727 Perdicca

865 2730 1076 2768 factamyolunt
1091 2740 1150 2759 eam
1168 2730 1347 2768 divisionem,
1366 2730 1451 2763 modo'
1470 2737 1517 2762 il-lo
1533 2743 1547 2762 a
1572 2736 1654 2762 nobis

865 2773 896 2793 ex
908 2765 1017 2794 Justino
1035 2768 1171 2805 iudicato,
1183 2776 1210 2796 et
1226 2770 1323 2805 abiillo
1338 2765 1462 2805 pluribus
1483 2771 1583 2801 tradito
1601 2778 1607 2795 :
1627 2771 1652 2796 in

864 2809 945 2836 quant
969 2803 1129 2838 sententiam
1151 2804 1240 2831 ierunt
1264 2803 1415 2838 Diodorus,
1438 2806 1567 2837 Curtius,
1585 2805 1650 2832 Oro-

864 2838 940 2872 sius,
953 2843 1005 2866 etc.
1023 2837 1113 2874 Ipsum
1128 2838 1312 2867 Alexandrum
1330 2849 1442 2876 regnum
1457 2841 1587 2868 divisisse
1608 2848 1653 2867 as-

1431 2889 1469 2919 2'4
