1856 3050
39 116 99 144 7'33

39 177 140 203 πάντα
150 185 158 192 ⁵

38 222 96 263 ἦιξη
121 222 260 260 βλέπομεν
280 224 349 262 αὐτὰ
363 225 456 261 ἡμεῖς·
472 218 523 263 ἦξη
544 221 689 260 δοξάζομεν
709 225 755 257 τρν
771 224 836 259 Θερν

38 267 99 294 ὑπὸ
117 268 168 295 σοῦ
184 268 382 304 διδασκόμενοι.
607 263 621 267 ”

86 313 164 340 Ἀλλ’
196 310 289 350 ἐπειδὴ
304 315 450 350 προῦκειτο
475 316 540 351 ἡμῖν
567 315 630 351 περὶ
656 314 704 350 τῆς
735 314 837 350 πόρνης

39 359 150 390 εἰπεῖν,
183 361 316 396 πάρελθε,
340 358 362 388 ὦ
388 361 506 397 μακάριε
538 361 644 388 Ἦσαῖα.
674 360 788 396 Ἴδωμεν
811 360 838 387 τί

38 403 142 438 λέγεις
163 406 227 440 περὶ
249 406 415 438 Βαϐυλῶνος.
442 417 451 433 ι
470 407 628 442 Κατάϐηθι,
658 405 768 433 κάθισον
792 406 838 432 ἐπὶ

38 449 99 484 γῆς
110 470 117 481 ,
137 450 262 487 θυγάτηρ
278 452 411 487 παρθένος
427 452 599 484 Βαϐυλῶνος⁸
617 452 742 485 κάθισον,
753 451 838 486 θυγά-

39 503 100 530 τηρ
130 495 294 523 Χαλδαίων·
341 497 432 524 οὐκέτι
465 497 598 533 προστεθῇ
635 506 675 524 σοι
707 497 838 532 κληθῆναι

39 540 142 576 ἁπαλὴ
161 542 208 568 καὶ
226 541 354 578 τρυφερά.
372 542 445 569 Λάϐε
464 542 589 578 μύλωνα,
606 542 699 569 ἄλεσον
714 542 837 577 ἄλευρον,

38 586 230 621 ἀποκάλυψαι
249 587 280 613 τὸ
299 587 429 623 κάλυμμά
454 596 512 620 σου,
536 587 698 623 ἀναξύρισον
717 588 772 623 (72)
790 587 839 619 τὰς

39 632 165 664 πολιὰς,
181 632 347 668 ἅνακάλυψαι
361 633 410 666 τὰς
425 634 542 669 κνήμας,
558 633 665 669 διάϐηθι
683 633 820 669 ποταμούς
830 641 837 649 ·

37 678 310 714 ἀνακαλυφοήσεται
331 681 347 715 ἡ
367 679 553 715 αἰσχημοσύνη
580 688 644 712 σου,
676 682 840 715 φανήσονται

38 726 64 751 οἱ
81 725 240 760 ὁνειδισμοί
263 733 325 751 σουο
347 725 378 752 τὸ
398 726 500 752 δίκαιον
520 727 552 752 ἐκ
571 725 617 752 σοῦ
635 725 753 761 λήψομαι
773 725 839 762 (75),

37 771 142 797 οὐκέτι
164 771 195 797 οὐ
219 771 256 806 μὴ
276 771 388 806 παραδῶ
408 780 438 798 σε
459 771 620 807 ἀνθρώποις.
645 772 673 798 '0
690 772 840 808 ῥυσάμενός

40 825 74 843 σε
92 817 204 852 Κύριος
229 816 358 850 Σαϐαὼθ,
388 817 473 853 ὅνομα
501 817 573 852 αὑτῷ
595 818 689 852 ’Ἄγιος
721 817 838 853 ’1σραήλ’

599 120 642 148 DE
660 118 809 148 CHRISTO
829 118 872 146 ET
890 115 1130 145 ANTICHRISTO.

255 177 403 216 ὑποτέισσει
431 178 532 210 πάντας
552 180 614 211 τοὺς
640 179 676 215 μὴ
694 179 837 215 θέλοντας

932 176 1092 204 comminuit
1102 174 1210 206 omnia;
1224 173 1280 208 jam
1293 171 1393 200 invitos
1404 179 1499 200 omnes
1515 172 1566 200 sub
1574 171 1673 207 jugum

1617 113 1674 142 751'

891 223 982 250 mittit.
1001 221 1063 249 Haec
1077 228 1126 248 uos
1139 220 1194 255 jam
1208 219 1348 251 videmus;
1363 218 1419 254 jam
1435 222 1489 246 ate
1505 218 1576 246 docti
1587 218 1672 246 Deum

890 269 1083 303 gloriﬁcamus.

924 315 1045 342 XXXIV.
1075 313 1208 348 Quoniam
1224 321 1289 341 vero
1305 312 1474 348 propositum
1492 312 1569 339 nobis
1586 311 1675 339 fuerat

892 367 921 390 ut
940 362 973 390 de
992 362 1136 390 meretrice
1159 361 1344 396 loqueremur,
1367 360 1472 392 adesto,
1494 359 1571 386 beate
1591 358 1672 386 Isaia.

891 408 1039 436 Videamus
1063 408 1127 443 quid
1152 407 1226 435 dicas
1251 406 1284 434 de
1307 405 1454 441 Babylone.
1488 414 1498 431 ι
1525 404 1672 438 Descende,

892 455 955 482 sede
980 454 1006 481 in
1032 458 1119 486 terra,
1145 453 1198 480 ﬁlia
1223 452 1298 487 virgo
1320 451 1482 487 Babylonis;
1513 450 1593 482 sede,
1619 449 1673 477 ﬁlia

891 499 1099 533 Chaldaeorum;
1122 507 1176 526 non
1196 498 1313 533 amplius
1335 497 1476 532 adjicietur
1499 496 1547 524 tibi
1575 500 1604 523 ut
1626 503 1675 522 vo-

892 545 963 573 ceris
982 545 1071 572 mollis
1089 548 1117 572 et
1135 544 1259 571 delicata.
1281 543 1357 570 Tolle
1376 543 1477 570 molam
1499 551 1505 569 :
1523 541 1594 569 mole
1608 540 1675 568 fari-

892 599 965 625 nam,
988 591 1075 618 revela
1096 591 1293 625 operimentum
1319 593 1407 621 tuum,
1425 589 1489 616 rade
1508 595 1602 619 canos,
1619 588 1675 615 dis-

893 636 1001 671 cooperi
1025 636 1115 667 tibias,
1138 636 1222 663 transi
1246 635 1375 669 ﬁumina;
1404 634 1567 662 revelabitur
1587 634 1674 668 turpi-

892 682 958 710 tudo
978 686 1040 715 tua;
1059 682 1225 717 apparebunt
1243 681 1388 716 opprobria
1411 686 1476 713 tua;
1495 680 1625 707 ultionem
1641 687 1675 706 ex

892 733 919 756 te
932 736 1055 761 sumam;
1074 736 1244 762 neeuaquam
1261 727 1332 755 ultra
1347 732 1373 754 te
1386 727 1542 754 hominibus
1558 726 1674 754 tradam.

894 774 945 808 Qui
961 775 1032 802 eruit
1052 778 1078 802 te
1091 773 1221 801 Dominus
1238 773 1373 806 Sabaoth,
1391 781 1489 800 nomen
1514 772 1538 800 ei
1559 771 1676 799 Sanctus

893 818 985 846 Israel.
1014 819 1083 846 Sede
1107 823 1286 855 compuncta;
1319 818 1459 854 ingredere
1487 818 1514 845 in
1536 818 1674 851 tenebras,

39 862 168 889 κάθισον
197 863 435 899 κατανενυγμένη,
472 863 577 890 εἴσελθε
611 865 651 895 είς
678 863 708 890 τὸ
735 863 840 896 σκότος,

927 866 947 892 ia
962 864 1170 898 Chaldaeorum;
1188 872 1359 900 nequaquam
1378 864 1449 892 ultra
1463 863 1604 892 vocaberis
1619 863 1676 891 for-

40 909 180 944 Θυγάτηρ
205 909 355 943 Χαλδαίων,
383 909 474 936 οὐκέτι
501 909 531 936 οὗ
559 909 596 945 μὴ
618 909 742 946 κληθήσῃ
765 908 841 944 ίοχὺς

41 956 206 991 βασιλείας.

83 1010 94 1027 ε
113 1001 302 1037 Παρωξύνθην
319 1002 365 1029 ἐπὶ
380 1001 425 1028 τὸν
439 1002 502 1029 λαόν
517 1010 567 1038 μου
578 1010 585 1017 ’
604 1002 703 1038 ἐμίανα
722 1002 776 1039 (74)
793 1003 842 1039 τὴν

39 1047 239 1083 κληρονομίαν
263 1056 323 1083 μου.
352 1047 423 1082 Ἐγὼ
447 1047 534 1074 ἔδωκα
556 1049 595 1080 είς
615 1049 665 1084 τὴν
687 1049 764 1084 χεῖρά
782 1058 840 1075 σου·

40 1094 77 1120 σὺ
105 1094 137 1120 δὲ
162 1095 214 1120 οὐκ
236 1094 339 1126 ἔδωκας
366 1094 457 1126 αὐτοῖς
482 1094 573 1122 ἔλεον·
604 1094 636 1121 σὺ
660 1095 688 1121 δὲ
711 1095 758 1121 ἐπὶ
780 1095 843 1127 τοὺς

39 1139 258 1176 πρεσϐυτέρους
278 1139 411 1176 ἐϐάρυνας
432 1140 478 1167 τὸν
499 1139 589 1174 ζυγὸν,
614 1140 662 1167 καὶ
683 1138 779 1174 εἶπας,
795 1141 842 1173 Εἰς

38 1185 92 1211 τὸν
117 1184 209 1210 αἰῶνα
233 1185 329 1219 ἔσομαι
350 1185 480 1221 ἄρχουσα.
502 1186 559 1212 Οὐκ
579 1185 693 1221 ἐνόησας
712 1186 797 1212 ταῦτα
814 1187 842 1213 ἐν

38 1231 78 1266 τῇ
97 1229 204 1266 καρδίᾳ
227 1237 284 1261 σου,
302 1229 362 1256 οὐδὲ
384 1230 522 1266 ἐμνήσθης
535 1230 570 1257 τὰ
588 1230 689 1266 ἔσχατά
708 1240 765 1258 σου.
786 1231 843 1258 Νῦν

39 1275 72 1303 εὲ
95 1276 186 1302 ἄκουε
205 1275 301 1308 ταῦτα,
319 1277 335 1311 ἡ
351 1276 483 1312 τρυφερὰ,
507 1277 523 1312 ἡ
540 1277 697 1312 καθημένη,
717 1278 733 1312 ἡ
749 1286 844 1304 πεποι-

41 1321 133 1354 θυῖα,
153 1322 172 1356 ἡ
192 1321 308 1356 λέγουσα
323 1323 352 1348 ἐν
368 1323 399 1357 τῇ
420 1322 534 1358 καρδίᾳ·
557 1322 626 1357 Ἐγώ
644 1324 712 1359 είμι,
730 1324 777 1351 καὶ
792 1323 843 1351 οὐκ

41 1367 126 1393 ἐστιν
154 1367 251 1402 ἑτέρα·
286 1367 314 1393 οὐ
344 1366 431 1394 καθιῶ
451 1368 533 1402 χήρα,
555 1368 615 1394 οὐδὲ
632 1368 770 1404 γνώσομαι
795 1369 843 1405 ὀρ-

42 1413 125 1448 φανή
152 1412 221 1447 (75).
250 1413 317 1439 Νυνὶ
337 1413 365 1439 δὲ
387 1413 446 1448 ἥξει
466 1413 513 1440 ἐπὶ
536 1414 566 1440 σὲ
590 1414 624 1441 τὰ
641 1414 687 1441 δύο
706 1415 793 1442 ταῦτα
815 1416 843 1442 ὲν

43 1459 146 1494 ἡμέρᾳ
164 1459 224 1494 μιᾷ,
241 1459 337 1494 χηρεία
356 1460 403 1486 κα),
422 1459 542 1486 ἀτεχνία.
558 1460 635 1492 Ἥξει
655 1461 783 1497 ἐξαίφνης
798 1462 844 1488 ἐπὶ

43 1505 78 1531 σὲ
94 1505 133 1530 ἐν
145 1505 181 1539 τῇ
207 1506 364 1540 φαρμακείᾳ
381 1513 440 1538 σου,
455 1505 484 1530 ἐν
496 1506 529 1540 τῇ
546 1505 617 1540 ἰσχύϊ
636 1505 688 1532 τῶν
711 1506 843 1533 ἑπαοιδῶν

43 1560 98 1578 σου
122 1551 244 1586 σφόδρα,
267 1553 299 1586 τῇ
321 1551 408 1577 ἐλπίδι
431 1552 481 1586 τῆς
502 1551 630 1587 πορνείας
653 1561 709 1579 σου.
735 1553 771 1579 Σὺ
791 1553 845 1588 γὰρ

42 1594 152 1628 εἶπας,
179 1595 249 1630 Ἐγώ
269 1597 335 1631 εἰμι,
356 1596 401 1622 καὶ
426 1596 475 1622 οὐκ
496 1596 568 1623 ἔστιν
583 1597 673 1632 ἐτέρα-
698 1597 752 1623 Kal
767 1597 844 1623 ἐσται

44 1641 62 1676 ὴ
85 1640 207 1675 πορνεία
227 1649 274 1667 σου
293 1641 333 1667 σοὶ
349 1641 478 1676 αἰσχύνη,
500 1642 540 1668 ὃτι
554 1639 634 1672 εἶπας
653 1642 682 1668 ἐν
699 1643 731 1678 τῇ
749 1642 846 1678 καρδίᾳ

45 1696 112 1720 σου,
123 1688 197 1722 Ἐγώ
207 1689 275 1723 εἰμι.
291 1688 345 1715 Καὶ
360 1688 419 1722 ἥξει
434 1688 480 1714 ἐπὶ
498 1688 528 1714 σὲ
544 1687 681 1720 ἀπώλεια,
698 1689 746 1714 καὶ
760 1688 790 1715 οὐ
808 1688 845 1724 μὴ

44 1734 137 1769 γνῷς.
154 1733 292 1769 [Βόθυνος,
308 1734 355 1760 καὶ
368 1735 474 1769 ἐμπεσῇ
488 1734 527 1765 εἰς
541 1733 630 1760 αὐτόν.
652 1734 707 1760 Καὶ
724 1733 783 1769 ἥξει
799 1735 845 1760 ἐπὶ

46 1780 80 1806 σὲ
96 1779 290 1815 ταλαιπωρία,
311 1780 357 1806 καί
368 1780 398 1805 οὺ
415 1779 451 1814 μὴ
464 1779 566 1816 δυνήσῃ
584 1779 691 1815 καθαρὰ
706 1780 844 1814 γενέσθαι.

44 1827 109 1853 Καὶ
133 1826 196 1862 ἥξει
225 1826 271 1852 ἐπὶ
297 1827 327 1853 σὲ
355 1825 484 1861 ἐξαπίνης
511 1826 651 1860 ἀπώλεια,
680 1828 726 1854 καὶ
751 1828 780 1854 οὐ
809 1828 846 1864 μὴ

44 1871 176 1908 γνώσῃ]
194 1871 277 1906 Στῆθι
295 1871 342 1898 νῦν
357 1873 386 1898 ἐν
406 1873 464 1903 ταῖς
479 1872 618 1904 ἐπαοιδαῖς
634 1881 693 1904 σου,
708 1873 755 1900 καὶ
770 1873 799 1899 ἐν
812 1874 845 1909 τῇ

44 1916 141 1952 πολλῇ
158 1916 318 1952 φαρμακείᾳ
333 1925 390 1950 σου,
404 1917 421 1944 ἃ
437 1917 586 1952 ἐμάνθανες
602 1918 634 1944 ὲκ
647 1918 772 1953 νεότητός
787 1926 845 1950 σου,

44 1963 73 1989 εί
94 1962 205 1997 δυνήσῃ
221 1961 402 1997 ὠφεληθῆναι.
426 1962 601 1994 Κεκοπίακας
615 1963 645 1989 ἐν
665 1964 726 1994 ταῖς
739 1962 847 1998 βουλαῖς

45 2017 100 2035 σου
112 2016 121 2022 ⁸
141 2007 284 2042 στήτωσαν
298 2007 345 2033 καὶ
365 2007 528 2035 σωσάτωσάν
541 2016 570 2034 σε
589 2008 614 2035 οι
628 2007 785 2044 ἀστρολόγοι
800 2008 846 2035 τοῦ

45 2054 174 2090 οὐρανοῦ
185 2062 191 2068 ·
217 2054 242 2080 οἰ
263 2053 379 2090 ὁρῶντες
397 2055 460 2086 τοὺς
475 2054 593 2090 ἀστέρας
608 2054 847 2089 ἀναγγειλάτωσάν

49 2110 108 2133 σοι,
136 2100 163 2126 τί
193 2099 283 2135 μέλλει
309 2100 355 2126 ἐπὶ
377 2099 406 2126 σὲ
430 2099 566 2135 ἔρχεσθαι.
597 2100 662 2127 Ἰδοὺ
687 2101 788 2132 πάντες
810 2100 847 2131 ὡς

48 2146 187 2182 φρύγανα
221 2145 324 2181 πυρὸς,
353 2144 424 2171 οὕτω
451 2145 650 2180 καυθήσονται,
680 2146 726 2172 καὶ
751 2145 780 2172 οὺ
811 2145 847 2181 μὴ

892 908 978 936 titudo
992 909 1079 943 regni.

927 994 1035 1023 XXXV.
1067 1005 1076 1021 ι
1096 997 1186 1023 Iratus
1217 1003 1279 1024 sum
1310 1003 1392 1032 Super
1417 996 1545 1031 populum
1567 1004 1674 1029 meum;

892 1039 1076 1066 contaminavi
1097 1040 1282 1068 litereditatem
1307 1048 1405 1068 meam.
1429 1040 1486 1076 Ego
1507 1041 1567 1068 dedi
1584 1048 1631 1068 eos
1648 1041 1675 1068 in

893 1091 974 1111 manu
992 1089 1054 1118 tua;
1073 1090 1100 1112 tu
1115 1093 1180 1113 vero
1199 1094 1252 1113 non
1266 1086 1363 1114 dedisti
1379 1087 1418 1114 eis
1439 1087 1672 1120 misericordiam;

893 1135 921 1156 tu
934 1138 999 1158 vero
1012 1139 1093 1166 super
1105 1132 1227 1160 seniores
1241 1133 1391 1168 aggravasti
1403 1133 1510 1168 jugum,
1524 1138 1550 1161 et
1563 1134 1670 1164 dixisti:

893 1175 921 1204 In
948 1181 1077 1204 aeternum
1103 1185 1151 1205 ero
1174 1178 1292 1207 domina.
1319 1178 1378 1206 Non
1403 1172 1527 1214 cogitasti
1558 1181 1615 1208 haec
1647 1181 1673 1208 in

893 1223 976 1250 corde
995 1227 1054 1256 tuo,
1069 1231 1120 1251 nec
1140 1225 1352 1252 novissimorum
1378 1226 1518 1254 recordata
1534 1234 1574 1254 es.
1600 1226 1679 1255 Nunc

894 1274 983 1298 autem
998 1271 1060 1298 audi
1074 1271 1141 1305 haec,
1156 1271 1281 1304 delicata,
1298 1281 1359 1308 quae
1374 1274 1463 1306 sedes,
1477 1283 1538 1309 quae
1551 1275 1677 1307 conﬁdis,

894 1324 954 1351 qua:
966 1316 1035 1345 dicis
1049 1317 1076 1344 in
1091 1318 1171 1345 corde
1185 1324 1248 1346 tuo:
1260 1319 1315 1354 Ego
1327 1327 1398 1352 sum,
1413 1324 1439 1347 et
1453 1328 1508 1347 non
1524 1325 1565 1348 est
1577 1321 1677 1355 altera;

894 1368 921 1390 et
937 1370 991 1389 non
1004 1363 1103 1390 sedebo
1119 1364 1208 1397 vidua,
1223 1373 1310 1400 neque
1324 1365 1408 1393 sciam
1421 1366 1574 1394 orbitatem.
1600 1366 1678 1394 Nunc

894 1413 984 1435 autem
1006 1409 1117 1436 venient
1132 1417 1215 1444 super
1235 1415 1260 1438 te
1276 1411 1333 1438 haec
1347 1410 1401 1439 duo
1418 1412 1444 1438 in
1467 1420 1518 1439 una
1532 1412 1586 1443 die,
1605 1413 1678 1447 quod

894 1454 975 1481 vidua
988 1454 1027 1482 sis
1046 1461 1078 1481 ac
1094 1455 1158 1482 orba
1177 1455 1280 1483 liberis.
1294 1455 1408 1483 Venient
1428 1461 1538 1492 repente
1555 1457 1581 1484 in
1598 1466 1679 1485 vene-

895 1499 956 1527 ﬁcio
982 1504 1048 1531 tuo,
1078 1500 1105 1527 in
1132 1500 1289 1528 fortitudine
1323 1502 1535 1530 incantationum
1569 1508 1678 1531 tuarum

896 1545 983 1578 valde,
1001 1553 1048 1580 spe
1062 1545 1249 1574 fornicationis
1266 1551 1326 1574 tum.
1345 1546 1384 1574 Tu
1402 1548 1473 1575 enim
1490 1548 1581 1576 dixisti
1599 1557 1605 1576 :
1621 1549 1678 1584 Ego

896 1597 967 1623 sum,
992 1595 1019 1618 et
1039 1599 1092 1618 non
1115 1596 1157 1618 est
1180 1592 1274 1619 altera.
1297 1591 1330 1619 Et
1345 1593 1395 1620 erit
1411 1592 1553 1621 fornicatio
1567 1598 1613 1621 tua
1630 1594 1678 1621 tibi

895 1635 1030 1668 confusio,
1058 1638 1132 1671 quod
1155 1637 1247 1664 dixisti
1276 1638 1304 1664 in
1329 1640 1410 1666 corde
1434 1643 1480 1666 tuo
1501 1648 1508 1666 :
1530 1639 1586 1674 Ego
1606 1648 1676 1668 sutn.

895 1680 929 1708 Et
946 1682 1036 1709 veniet
1059 1690 1141 1716 super
1163 1686 1188 1709 te
1212 1683 1336 1718 perditio,
1354 1688 1381 1711 et
1395 1684 1517 1718 nescies;
1540 1689 1566 1712 et
1588 1685 1676 1719 fovea,

896 1732 923 1756 et
937 1729 1038 1756 incides
1066 1730 1093 1756 in
1116 1737 1185 1757 eam.
1211 1730 1244 1757 Et
1267 1731 1356 1758 veniet
1379 1739 1459 1766 super
1475 1735 1499 1759 te
1515 1732 1634 1764 miseria,
1652 1737 1679 1760 et

896 1781 950 1800 non
963 1775 1064 1808 poteris
1080 1776 1181 1802 munda
1196 1776 1263 1803 ﬁeri.
1278 1775 1310 1803 Et
1321 1777 1411 1804 veniet
1426 1785 1508 1812 super
1525 1781 1551 1805 te
1568 1782 1678 1812 repente

896 1818 1038 1853 interitus,
1056 1825 1083 1847 et
1099 1828 1152 1848 non
1170 1821 1312 1857 intelliges.
1326 1822 1373 1849 Sta
1386 1830 1457 1850 nunc
1473 1823 1499 1850 in
1515 1824 1677 1852 incantatio-

896 1864 977 1892 nibus
994 1866 1058 1898 tuis,
1074 1870 1101 1893 et
1121 1866 1147 1893 in
1166 1867 1258 1894 multis
1273 1868 1411 1896 veneﬁciis
1432 1869 1497 1902 tuis,
1512 1877 1573 1904 quae
1590 1870 1673 1897 disce-

897 1911 946 1938 bas
966 1919 980 1938 a
992 1911 1134 1946 iuventute
1147 1917 1208 1946 tua,
1228 1913 1250 1940 si
1265 1914 1366 1948 poteris
1383 1914 1516 1949 adjuvari.
1534 1915 1679 1944 Laborasti

898 1956 925 1984 in
940 1958 1060 1985 consiliis
1076 1959 1130 1986 tuis
1144 1968 1150 1986 :
1165 1963 1237 1986 stent
1258 1963 1285 1987 et
1304 1960 1406 1987 salvam
1423 1964 1449 1988 te
1463 1960 1564 1989 faciant
1585 1966 1678 1990 astro-

897 2004 950 2039 logi
976 2005 1036 2032 coeli
1059 2014 1065 2032 :
1088 2006 1133 2040 qui
1157 2006 1375 2041 eontemplantur
1396 2008 1498 2040 stellas,
1517 2009 1680 2037 annuntient

898 2051 946 2078 tibi
968 2051 1032 2086 quid
1053 2051 1173 2079 futurum
1194 2052 1229 2079 sit
1249 2053 1331 2087 super
1352 2057 1387 2081 te.
1409 2053 1479 2081 Ecce
1500 2062 1595 2083 omnes
1619 2060 1680 2083 tan-

897 2105 979 2132 quam
993 2098 1092 2133 stipula
1109 2099 1189 2133 ignis,
1204 2099 1243 2127 sic
1259 2100 1462 2133 comburentur,
1476 2106 1567 2128 etnon
1582 2106 1680 2129 ornent.

898 2145 1016 2172 animam
1042 2153 1119 2172 suam
1146 2145 1179 2173 de
1201 2145 1318 2174 ﬂamma.
1346 2146 1570 2181 Quandoquidem
1594 2147 1679 2175 habes

49 2193 204 2226 ἰξέλωνται
231 2193 278 2227 τὴν
300 2192 388 2227 ψυχὴν
410 2192 498 2218 αὐτῶν
521 2192 553 2219 ἐκ
570 2192 677 2227 φλογός.
699 2192 759 2219 Ὅτι
776 2191 841 2227 ἔχεις

927 2191 1030 2219 irbones
1046 2192 1126 2226 ignis,
1142 2192 1205 2220 sede
1219 2199 1300 2228 super
1312 2201 1358 2221 eos
1372 2201 1378 2219 :
1398 2193 1438 2221 sic
1458 2193 1519 2221 inde
1529 2193 1678 2228 juvaberis.

49 2239 201 2274 ἄνθρακας
219 2237 317 2273 πυρὸς,
335 2237 445 2264 κάθισαι
468 2237 511 2263 ἐπ’
529 2237 636 2270 αὺτούς.
659 2237 753 2269 Οὕτως
769 2237 845 2264 ἔσται

50 2293 101 2312 σου
122 2283 180 2319 (76)
201 2284 241 2314 εἰς
262 2282 397 2318 βοήθειαν.
422 2283 587 2315 Ἑκοπίασας
608 2284 638 2310 ἐν
657 2284 690 2319 τῇ
711 2282 845 2319 μεταϐολῇ

88 2353 116 2370 ⁸⁸
127 2352 184 2381 lsa.
197 2360 279 2386 van,
295 2352 363 2380 1-15.

88 2425 152 2462 (72)
171 2424 372 2464 ᾉναξύρισον.
387 2423 472 2457 Quasi
487 2433 498 2451 ‹
509 2424 640 2464 novacula
654 2424 731 2464 rade;
745 2433 754 2450 ι
770 2423 844 2464 quod

51 2459 219 2496 expressius
233 2464 284 2496 est,
301 2460 442 2496 majusque
465 2459 603 2496 servitutis
618 2467 650 2496 ac
669 2459 845 2496 luctusindi-

52 2493 144 2524 cium.
163 2494 270 2529 Reliqui
286 2493 374 2521 tamen
393 2493 572 2528 ἁνακάλυψαι,
592 2503 601 2519 ι
618 2494 734 2526 denuda,
751 2494 844 2528 detege

53 2538 167 2558 comam
192 2535 283 2561 tuam;
305 2538 314 2555 ι
344 2537 394 2556 nec
420 2530 497 2556 aliter
512 2529 637 2560 Hebr:ea;
666 2533 695 2555 ut
716 2529 751 2555 sit
773 2529 844 2556 istud

53 2565 198 2600 Hippolyti
215 2565 310 2600 scribze
327 2565 464 2592 mendum.
481 2563 635 2600 Hpoateoﬁ
651 2571 710 2590 σοι.
726 2563 807 2600 [forte
817 2567 845 2590 et

54 2598 170 2636 ipsum'
190 2599 363 2634 expressius,
396 2607 478 2634 quam
507 2598 677 2635 προστεθήσῃ
716 2598 842 2626 aliorum.

52 2639 179 2665 Conaer.

91 2671 151 2706 (73)
172 2669 208 2696 Τὸ
223 2668 340 2696 δίκαιον
352 2668 387 2695 ἐκ
398 2668 455 2696 σοῦ
467 2668 608 2706 λήψομαι.
626 2667 708 2695 Plana
725 2667 843 2706 phrasis,

53 2702 152 2742 quam,
170 2705 212 2733 sic
241 2712 400 2742 expressere
420 2702 525 2742 _omnes
543 2702 841 2742 LipterpretesﬂVulg.

57 2736 70 2767 ἕ
85 2740 201 2775 Capiam
222 2736 365 2767 ultionem.
380 2748 398 2775 ιν
420 2738 530 2775 Τιιιεκ(
543 2736 678 2775 Ultionem
694 2736 842 2775 perfectam

56 2773 165 2811 capiam
193 2783 226 2802 ex
243 2779 307 2811 te.)
324 2774 454 2811 Syriam
467 2773 669 2811 Supplicium
682 2773 724 2811 Δ(1ο
749 2777 774 2800 te
796 2780 844 2800 su-

58 2808 142 2843 mam,
161 2819 170 2837 ι
189 2816 244 2838 etc.
263 2808 309 2837 Sic
324 2809 392 2844 belle
406 2808 549 2837 Nobilius}
565 2818 573 2834 ι
588 2808 666 2842 Quod
679 2808 783 2844 justum
802 2811 844 2834 est

58 2850 91 2876 de
113 2852 138 2875 te
160 2845 299 2874 auferam.
314 2853 324 2871 ι
354 2843 494 2879 Signiﬁcat
519 2844 668 2879 propheta,
682 2843 844 2878 'ipsummet

898 2236 1041 2264 Laborasti
1063 2238 1091 2265 in
1108 2238 1259 2265 mutatione
1286 2242 1331 2266 tua
1355 2246 1370 2266 a
1382 2238 1532 2274 juventute.
1552 2238 1640 2265 Homo
1651 2238 1680 2266 in

899 2283 1045 2318 semetipso
1065 2284 1165 2312 erravit
1183 2293 1190 2312 :
1208 2285 1256 2312 tibi
1274 2289 1363 2312 autem
1390 2292 1444 2312 non
1459 2284 1511 2311 erit
1531 2284 1605 2312 salus
1615 2283 1648 2311 “.
1666 2292 1677 2311 ι

897 2423 981 2451 Deum
1009 2425 1124 2450 ultorem
1151 2421 1219 2455 fore,
1235 2430 1286 2450 nec
1303 2423 1364 2451 aliis
1385 2423 1515 2450 tradendo
1541 2422 1681 2451 ulturum:

896 2459 969 2494 quod
983 2459 1091 2493 gravius
1108 2458 1141 2485 ad
1159 2458 1364 2494 terrorem.VSic
1375 2458 1476 2494 Paulus
1489 2457 1571 2486 Hebr.
1589 2466 1617 2490 ιι,
1627 2458 1659 2485 21
1672 2467 1679 2486 :

897 2493 909 2555 li
925 2493 1094 2521 Horrendqu
1112 2497 1153 2521 est
1170 2493 1289 2521 incidere
1305 2493 1332 2520 in
1349 2501 1445 2522 manus
1463 2493 1510 2521 Dei
1524 2494 1649 2521 viventis.
1668 2502 1678 2519 ι

908 2537 971 2555 neu.

908 2537 971 2556 DEM.

932 2564 988 2599 (74)
1006 2563 1134 2598 Ἐμιανα.
1151 2563 1196 2591 Sic
1210 2563 1298 2598 palam
1313 2561 1424 2590 Hebraea
1438 2571 1469 2591 ac
1483 2563 1580 2598 reliqui
1595 2564 1683 2599 Inter:

898 2603 1004 2632 pretes;
1036 2607 1085 2626 nec
1111 2599 1164 2626 nisi
1189 2606 1282 2633 errore
1311 2599 1441 2633 scriptum
1466 2598 1590 2633 ἐμίανας,
1608 2598 1681 2632 quod

898 2633 991 2661 Graeca
1005 2632 1083 2668 Vulg.
1092 2634 1210 2668 rhabent.
1233 2632 1339 2660 Passim
1354 2632 1472 2661 occurrit
1484 2632 1487 2633 ⁷
1498 2634 1525 2660 in
1540 2633 1681 2667 Scriptura

895 2669 922 2696 in
944 2667 1069 2704 persona
1089 2667 1137 2704 Dei
1170 2668 1390 2704 sic_ulciscentis
1404 2689 1412 2702 ,
1448 2674 1474 2696 et
1497 2668 1680 2704 permittentis

896 2701 990 2731 sancta
1006 2702 1194 2730 contaminari.
1216 2701 1291 2730 locu.

896 2739 986 2800 mg?)
1010 2736 1146 2773 Ὀρφανή.
1172 2737 1307 2772 Combcf.,
1324 2737 1466 2773 ὀρφανίαν.
1495 2737 1541 2766 Sic
1556 2742 1586 2766 et
1607 2737 1677 2773 apu'l

931 2807 986 2844 (76)
1002 2808 1104 2836 Ἔσται
1125 2815 1193 2837 σου.
1206 2806 1344 2842 1(].,ἐσται
1361 2815 1412 2834 σοι.
