1856 3050
46 103 102 130 757

604 102 648 130 DE
667 101 816 130 CHRISTO
836 100 880 128 ET
900 100 1140 130 ANTICHRISTO.

1630 105 1681 134 758

47 163 190 191 λευόντων
210 163 286 191 ἐστί·
306 162 353 190 καὶ
364 162 388 189 οἱ
407 163 464 198 μετ’
480 160 573 194 αὑτοῦ,
591 161 693 197 κλητοὶ,
711 162 756 188 καὶ
772 161 843 187 ἐκλε-

931 169 981 194 m;
1005 166 1032 189 et
1055 162 1102 196 qui
1129 169 1190 189 cum
1217 161 1274 196 illo,
1297 163 1401 196 vocati,
1429 164 1507 194 electi
1531 170 1558 193 et
1590 166 1682 196 ﬁdeles

47 211 124 242 κτοὶ,
141 210 191 237 καὶ
206 210 309 237 πιστοί.

41 263 47 270 “
90 266 100 282 ι
121 258 180 284 Καὶ
205 257 280 292 λέγει
297 265 353 292 μοι·
371 256 412 283 Τὰ
427 255 510 283 ὕδατα
525 255 543 283 ἃ
557 253 635 287 εἶδες,
653 251 683 281 οὗ
701 255 843 290 κάθηταιὴ

47 304 156 340 πόρνη,
174 304 235 330 λαοὶ
261 303 308 330 καὶ
324 303 396 338 ὅχλοι
417 303 464 329 καὶ
492 303 555 338 ἔθνη
572 302 626 328 εἰσὶ
648 302 695 329 καὶ
713 301 844 335 γλῶσσαι.

48 350 109 376 Καὶ
123 350 161 377 τὰ
187 349 253 377 δέκα
283 349 388 386 κέρατα
403 349 421 376 ἃ
444 347 525 381 εἶδες,
541 349 589 375 καὶ
603 348 633 374 τὸ
656 347 759 384 θηρίον,
773 343 846 374 οὗτοι

49 397 206 431 μισήσουσι
242 395 292 431 τὴν
320 395 442 432 πόρνην,
472 395 519 422 καὶ
545 395 730 431 ἠρημωμένην
760 393 846 429 αὐτὴν

48 443 204 477 ποιήσουσι
221 442 268 469 καὶ
295 442 411 478 γυμνὴν,
426 441 474 468 καὶ⁸
495 441 545 473 τὰς
567 441 671 476 σάρκας
693 440 778 475 αὐτῆς
792 439 845 474 φά.-

47 496 164 522 γονται,
181 489 227 514 καὶ
253 488 338 524 αὐτὴν
361 487 580 514 κατακαύσουσιν
597 487 625 512 ὲν
647 485 723 522 πυρί.
744 486 772 512 '0
791 485 846 520 γὰρ

46 533 122 565 Θεὸς
137 534 238 560 ἔδωκεν
254 534 293 566 είς
307 533 355 569 τὴν
370 533 481 568 καρδίαν
494 532 583 559 αὐτῶν
595 532 706 567 ποιῆσαι
719 531 768 567 τὴν
778 531 846 566 γνώ-

49 589 111 616 μην
128 579 225 611 αὑτοῦ,
250 579 298 606 καὶ
326 579 438 614 ποιῆσαι
455 578 567 614 γνώμην
597 578 672 614 μίαν.
689 579 736 605 καὶ
755 578 845 605 δοῦναι

45 626 103 661 τὴν
120 625 262 660 βασιλείαν
277 625 367 652 αὐτῶν
382 625 420 660 τῷ
436 624 533 660 θηρίῳ,
546 624 610 660 ἄχρι
637 623 845 660 τελεσθήσονται

45 672 73 698 οἱ
91 672 173 706 λόγοι
187 671 233 698 τοῦ
249 671 326 698 Θεοῦ.
347 671 402 698 Καὶ
415 671 432 706 ἡ
446 670 514 705 γυνὴ
529 670 562 706 ῆν
575 667 655 702 εἶδες,
684 670 784 705 ἐστὶνὴ
799 670 847 696 πό-

45 720 96 749 λις
112 718 130 754 ἡ
148 717 266 754 μεγάλη,
283 719 300 753 ἡ
315 717 413 752 ἔχουσα
432 716 569 752 βασιλείαν
583 716 630 743 ἐπὶ
644 715 697 743 τῶν
715 715 846 751 βασιλέων

46 765 104 800 τῆς
124 765 190 800 γῆς-

89 820 99 835 (
117 809 198 837 Μετὰ
211 809 297 836 ταῦτα
310 807 377 836 εἶδον
390 809 468 837 ἄλλον
479 809 593 844 ἄγγελον
606 808 803 836 καταϐαίνοντα
813 808 846 835 ἐκ

46 856 100 883 τοῦ
119 855 250 892 οὐρανοῦ,
266 855 360 891 ἔχοντα
388 856 513 888 ἐξουσίαν
537 854 666 890 μεγάλην·
699 854 746 880 καὶ
769 855 786 889 ἡ
810 853 846 889 γῆ

47 901 195 937 ἐφωτίσθη
212 902 244 928 ὲκ
273 902 323 937 τῆς
340 901 418 938 δόξης
440 901 533 929 αὐτοῦ.
556 901 612 928 Καὶ
636 900 749 936 ἔκραξεν
771 901 847 934 ισχυ-

49 949 86 984 ρᾷ
105 948 164 982 (81)
183 949 258 984 φωνῇ
274 948 388 983 μεγάλῃ,
402 947 498 982 λέγων·
517 948 643 980 Ἔπεσεν,
661 947 742 973 ἔπεσε
756 947 846 974 Βαϐυ-

47 994 106 1021 λὼν
119 995 137 1030 ἡ
155 994 272 1029 μεγάλη,
290 995 337 1021 καὶ
351 994 460 1028 ἐγένετο
479 994 688 1030 κατοικητήριον
700 993 845 1028 δαιμόνων,

48 1041 101 1068 καὶ
114 1040 225 1075 φυλακὴ
248 1039 349 1071 παντὸς
364 1039 517 1075 πνεύματος
546 1039 701 1075 ἀκαθάρτου
724 1038 782 1074 [καὶ
797 1048 847 1073 φυ-

47 1087 125 1122 λακὴ
146 1087 248 1119 παντὸς
278 1086 372 1122 ὀρνέου
389 1085 568 1122 ἀκαθάρτου],
583 1086 630 1112 καὶ
647 1086 844 1121 μεμισημένοψ

47 1134 92 1159 ὅτι
107 1134 142 1160 ἐκ
157 1133 205 1159 τοῦ
232 1133 304 1159 οἴνου
318 1132 365 1159 τοῦ
380 1131 467 1168 θυμοῦ
482 1132 532 1167 τῆς
558 1132 685 1168 πορνείας
699 1132 783 1167 αὐτῆς
797 1132 846 1158 πέ-

49 1188 132 1206 πωκε
149 1179 239 1206 πάντα
260 1178 294 1205 τὰ
309 1179 382 1215 ἔθνη.
399 1179 455 1205 Καὶ
468 1179 493 1205 οί
516 1178 634 1214 βασιλεῖς
650 1179 700 1213 τῆς
713 1178 765 1214 γῆς
788 1179 846 1213 μετ’

48 1225 144 1259 αὐτῆς
171 1224 350 1260 ἐπόρνευσαν,
367 1224 415 1251 καὶ
433 1225 456 1251 οί
481 1224 599 1261 ἔμποροι
615 1225 664 1260 τῆς
678 1224 731 1260 γῆς
752 1225 785 1252 ὲκ
798 1225 847 1260 τῆς

48 1270 200 1305 δυνάμεως
226 1269 274 1297 τοῦ
307 1271 439 1306 στρήνους
467 1270 553 1306 αὐτῆς
585 1270 763 1306 ἐπλούτησαν.
792 1271 847 1298 Καὶ

49 1316 163 1351 ἥκουσα
177 1316 260 1351 ἄλλην
275 1316 365 1352 φωνὴν
378 1318 412 1344 ὲκ
426 1317 480 1345 τῶν
495 1317 617 1354 οὐρανῶν
627 1317 768 1352 λέγουσαν
789 1317 847 1350 Ἐξ-

50 1362 150 1389 έλθετε
162 1362 192 1395 ἐξ
203 1362 299 1397 αὐτῆς,
314 1363 328 1390 ὁ
346 1363 410 1395 λαός
428 1372 490 1399 μου,
505 1364 547 1391 ἵνα
561 1363 597 1400 μὴ
612 1365 846 1400 συγκοινωνήσητε

48 1409 115 1440 ταῖς
129 1407 280 1444 ἁμαρτίαις
293 1409 387 1444 αὐτῆς,
402 1409 449 1436 καὶ
461 1410 493 1436 ὲκ
510 1409 564 1436 τῶν
579 1409 689 1445 πληγῶν
703 1409 788 1444 αὐτῆς
803 1409 847 1436 ἴνα

53 1454 94 1490 μὴ
117 1454 232 1489 λάῧητε¹
249 1455 289 1481 ὅτι
304 1455 488 1491 ἐκολλήθησαν
505 1455 561 1492 (82)
589 1457 618 1482 αί
639 1455 773 1492 ἁμαρτίαι
791 1455 845 1491 (85)

896 211 969 234 sunt.

934 254 1054 282 XXXIX.
1075 265 1084 282 ι
1104 255 1136 284 Et
1150 256 1219 284 dixit
1233 257 1299 284 mihi
1314 265 1320 283 :
1337 258 1422 293 Aquze
1443 266 1512 293 quas
1531 259 1623 288 vidisti
1636 260 1682 287 ubi

898 303 1028 329 meretrix
1044 302 1131 335 sedet,
1159 303 1252 338 populi
1268 308 1333 331 sunt
1363 310 1389 332 et
1405 305 1490 332 turba:
1503 309 1530 333 et
1549 310 1642 341 gentes
1656 311 1684 334 et

898 348 1008 383 linguae.
1024 348 1057 375 Et
1068 349 1160 376 decem
1176 357 1278 376 cornua
1294 358 1355 384 qua:
1372 350 1474 383 vidisti,
1491 355 1519 378 et
1536 351 1638 385 bestia,
1655 352 1682 379 hi

899 393 993 421 odicnt
1009 395 1190 427 meretricem,
1202 400 1230 423 et
1245 395 1394 423 desolatam
1408 404 1468 423 eam
1481 396 1581 424 facient
1592 403 1618 425 et
1632 407 1683 425 nu-

898 439 971 472 dam,
984 444 1010 466 et
1024 447 1121 467 carnes
1146 439 1206 474 ejus
1228 441 1381 472 comedent,
1404 446 1430 468 et
1448 441 1532 476 ipsam
1549 443 1602 478 igni
1617 451 1683 470 con-

898 485 1069 512 cremabunt.
1087 483 1158 512 Deus
1189 485 1261 512 enim
1279 486 1352 513 dedit
1367 486 1393 512 in
1418 495 1465 514 cor
1483 495 1576 516 eorum
1592 494 1620 516 ut
1642 487 1682 516 la-

898 531 972 558 ciant
987 530 1060 566 quod
1075 532 1113 559 illi
1130 531 1271 568 placuerit,
1287 535 1314 558 ct
1341 531 1442 560 faciant
1459 542 1539 561 unam
1557 535 1682 562 volunta-

899 578 963 611 tem;
975 583 1002 605 et
1024 578 1089 606 dent
1102 586 1214 614 regnum
1229 586 1308 606 suum
1324 579 1426 612 bestize,
1456 580 1542 607 donec
1555 588 1682 608 consum-

899 628 1010 651 mentur
1036 623 1117 651 verba
1142 624 1198 652 Dei.
1226 624 1260 651 Et
1287 625 1384 651 mulier
1410 633 1492 660 quam
1515 626 1616 659 vidisti,
1641 631 1682 654 est

898 670 996 698 civitas
1029 678 1144 705 magna,
1178 678 1239 706 quae
1269 670 1350 699 habet
1374 679 1486 707 regnum
1505 680 1585 706 super
1606 681 1682 708 reges

896 720 976 744 terrae
988 717 1021 744 ιδ.

933 807 990 834 XL.
1009 816 1018 833 ι
1029 806 1092 835 Post
1112 807 1169 834 haec
1182 807 1235 835 vidi
1251 807 1364 836 alterum
1378 808 1502 842 angelum
1517 808 1683 837 descenden-

899 859 952 881 tem
967 854 1000 882 de
1026 854 1107 888 emlo,
1137 854 1279 882 habentem
1303 860 1463 889 potestatem
1488 863 1631 891 magnam;
1656 860 1684 884 et

899 904 970 927 terra
989 900 1138 927 illuminata
1156 905 1197 928 est
1211 908 1226 927 a
1243 900 1367 928 claritate
1379 901 1448 936 ejus.
1468 900 1501 928 Et
1513 901 1640 929 clama-vit
1655 903 1683 929 in

897 945 1058 974 fortitudine
1087 946 1154 974 voce
1181 954 1289 982 magna,
1317 947 1411 975 dicens
1429 956 1436 974 :
1457 947 1570 981 Cecidit,
1587 948 1685 975 cecidit

899 991 1019 1027 Babylon
1034 999 1143 1026 magna,
1153 996 1180 1019 et
1194 991 1263 1020 facta
1275 996 1318 1020 est
1331 993 1460 1020 habitatio
1474 993 1682 1021 daemoniorum:

898 1042 925 1065 et
938 1038 1062 1065 custodia
1080 1038 1171 1065 omnis
1201 1038 1315 1074 spiritus
1338 1039 1482 1073 immundi,
1507 1042 1534 1066 et
1557 1039 1683 1067 custodia

897 1083 988 1111 omnis
1001 1084 1119 1111 volucris
1146 1084 1293 1112 immundae
1305 1089 1332 1112 et
1342 1092 1449 1118 exosae;
1479 1085 1543 1120 quia
1567 1085 1600 1113 de
1619 1086 1683 1113 vino

897 1129 944 1156 irae
959 1129 1133 1157 scortationis
1145 1129 1204 1165 ejus
1217 1131 1344 1158 biberunt
1367 1138 1462 1159 omnes
1477 1136 1580 1167 gentes.
1596 1131 1630 1158 Et
1641 1140 1683 1159 re-

873 1179 881 1187 ‘
897 1182 945 1210 ges
957 1179 1035 1202 terrm
1064 1182 1126 1202 cum
1152 1175 1198 1202 illa
1212 1175 1339 1204 fornicati
1365 1181 1439 1210 sunt,
1463 1182 1490 1204 et
1515 1181 1683 1206 mercatores

898 1224 977 1248 teme
994 1220 1028 1247 de
1043 1220 1145 1248 virtute
1159 1221 1317 1248 deliciarum
1342 1221 1402 1257 ejus
1416 1222 1515 1250 divites
1527 1222 1592 1250 facti
1606 1228 1681 1250 sunt.

897 1265 1032 1294 Etaudivi
1048 1266 1129 1294 aliam
1145 1275 1238 1294 vocem
1255 1267 1288 1295 de
1301 1267 1371 1295 cmlo
1391 1267 1524 1295 dicentem
1537 1277 1544 1295 :
1557 1267 1636 1296 Exite
1647 1267 1682 1296 de

897 1312 953 1344 illa,
969 1313 1086 1349 populus
1103 1321 1191 1345 meus.
1216 1321 1251 1340 ne
1275 1313 1421 1349 participes
1439 1313 1499 1342 sitis
1519 1314 1680 1342 delictorum

897 1359 968 1394 ejus,
982 1363 1010 1386 et
1023 1359 1057 1387 de
1073 1359 1158 1394 plagis
1175 1359 1234 1394 ejus
1250 1366 1285 1386 ne
1308 1359 1457 1394 accipiatis.
1483 1359 1618 1393 Quoniam
1631 1360 1682 1388 ad—

897 1405 1034 1432 haeserunt
1049 1409 1158 1439 peccata
1185 1404 1245 1439 ejus
1267 1412 1354 1439 usque
1374 1404 1408 1432 ad
1420 1404 1530 1438 coelum,
1546 1410 1573 1433 et
1587 1411 1680 1432 recor-

898 1450 978 1478 datus
991 1455 1033 1478 est
1046 1449 1178 1478 Dominus
1191 1450 1365 1485 iniquitatum
1380 1450 1451 1485 ejus.

863 830 885 857 Β

49 1499 108 1531 ἕως
121 1499 172 1526 τοῦ
189 1499 317 1535 οὐρανοῦ,
328 1501 374 1527 καὶ
384 1501 585 1536 ἐμνημόνευσεν
598 1502 612 1528 ὁ
622 1501 687 1533 Θεὸς
701 1501 735 1528 τὰ
750 1501 845 1537 ἁδική-
858 1504 882 1536 c

52 1555 130 1581 ματα
147 1546 247 1581 αὐτῆς.

89 1602 99 1618 ι
117 1593 246 1619 Ἀπόδοτε
258 1593 326 1629 αὐτῇ
341 1593 379 1625 ὡς
393 1593 440 1620 καὶ
459 1593 527 1629 αὐτὴ
539 1593 662 1621 ἀπέδωκε
674 1594 740 1630 (84),
749 1595 795 1621 καὶ
805 1595 845 1622 δι-

49 1639 177 1666 πλάσατε
191 1639 227 1666 τὰ
242 1639 324 1666 διπλᾶ
336 1639 452 1681 κατὰοτὰ
470 1640 538 1675 ἔργα
550 1641 645 1676 αὐτῆς·
663 1641 692 1667 ὲν
707 1640 746 1676 τῷ
762 1649 845 1676 ποτη-

51 1686 105 1721 ρίῳ
117 1682 141 1719 ᾧ
154 1685 282 1721 ἐκέρασε,
297 1685 432 1721 κεράσατε
446 1686 514 1722 αὐτῇ
529 1686 649 1714 διπλοῦν.
668 1686 739 1713 Ὅσα
755 1686 845 1720 ἐδόξα-

49 1740 97 1758 σεν
109 1731 222 1767 ἑαυτὴν,
243 1732 289 1758 καὶ
304 1733 475 1769 ὲστρηνίασε,
499 1732 625 1760 τοσοῦτον
638 1733 696 1760 δότε
710 1734 778 1769 αὐτῇ
795 1734 844 1769 βα-

50 1777 188 1813 σανισμὸν
205 1778 252 1804 καὶ
267 1777 374 1810 πένθος·
393 1778 433 1805 ὅτι
448 1778 478 1805 ὲν
500 1780 534 1814 τῇ
548 1779 646 1815 καρδίᾳ
660 1779 746 1815 αὐτῆς
760 1780 842 1815 λέγει·

47 1823 187 1859 Κάθημαι
204 1823 346 1858 βασίλισσα
367 1823 416 1850 καὶ
431 1824 502 1859 χήρα
516 1825 567 1851 οὐκ
596 1825 664 1860 εἰμὶ,
685 1826 732 1852 καὶ
745 1826 845 1857 πένθος

46 1870 79 1896 οὐ
96 1869 136 1905 μὴ
157 1869 215 1895 ἴδω.
229 1868 278 1895 Διὰ
301 1869 380 1896 τοῦτο
402 1870 431 1897 ὲν
448 1871 496 1905 μιᾷ
508 1870 600 1906 ἡμέρᾳ
610 1871 720 1906 ἥξουσιν
731 1873 758 1898 αί
776 1872 844 1907 πλη-

45 1915 96 1950 γαὶ
113 1915 203 1950 αὐτῆς
228 1914 352 1949 θάνατος,
365 1915 412 1943 καὶ
433 1915 542 1948 πένθος,
570 1917 618 1943 καὶ
636 1916 724 1952 λιμὸς,
753 1918 800 1944 καὶ
814 1919 843 1944 ὲν

46 1963 119 1998 πυρὶ
136 1961 392 1998 κατακαυθήσεται·
417 1962 458 1989 ὃτι
475 1963 585 1998 ἰσχυρὸς
607 1963 710 2000 Κύριος
725 1964 740 1990 ό
765 1964 841 1996 Θεὸς,

44 2009 59 2035 ό
79 2008 182 2044 κρίνας
209 2007 303 2043 αὑτήν.
321 2008 376 2035 Καὶ
405 2008 567 2036 κλαύσονται
587 2010 633 2037 καὶ
657 2010 784 2046 κόψονται
799 2011 841 2038 ἐπ’

45 2054 137 2090 αὐτὴν
155 2055 180 2080 οἱ
194 2053 313 2089 βασιλεῖς
325 2054 374 2090 τῆς
385 2055 446 2090 γῆς,
463 2055 487 2081 σί
509 2055 567 2090 μετ’
581 2055 668 2090 αὐτῆς
682 2055 843 2092 πορνεύσαν-

45 2110 94 2133 τες
106 2100 157 2127 καὶ
173 2100 394 2135 στρηνιάσαντες,
408 2101 472 2127 ὅταν
494 2100 613 2136 βλέπωσι
623 2101 668 2128 τὸν
680 2102 782 2130 καπνὸν
793 2102 842 2138 τῆς

47 2146 205 2182 πυρώσεως
221 2147 316 2182 αὐτῆς,
334 2146 388 2173 ἀπὸ
405 2146 541 2182 μακρόθεν
556 2147 711 2183 ἑστηκότες,
737 2147 782 2175 διὰ
796 2147 842 2175 τὸν

48 2193 136 2227 φόϐον
151 2192 200 2219 τοῦ
219 2191 386 2228 βασανισμοῦ
403 2193 498 2228 αὐτῆς,
513 2193 646 2227 λέγοντες
677 2194 755 2227 Οὐαὶ,
768 2196 839 2228 οὐαὶ,

49 2240 66 2274 ἡ
83 2238 164 2270 πόλις
176 2239 194 2274 ἡ
210 2238 325 2274 μεγάλη,
353 2238 492 2270 Βαὸυλὼν,
511 2240 528 2275 ἡ
544 2239 620 2272 πόλις
637 2240 654 2276 ὴ
676 2240 782 2276 ίσχυράο
800 2242 842 2268 ὅτι

51 2286 103 2320 μιᾷ
129 2284 192 2319 ὥρᾳ
206 2282 287 2319 ἦλθεν
307 2284 428 2320 ἠκρίσις
453 2293 510 2312 σου.
539 2285 594 2312 Καὶ
609 2286 634 2312 οί
663 2285 778 2323 ἔμποροι
792 2287 842 2322 τῆς

48 2331 103 2366 γῆς
117 2329 269 2356 κλαύσουσι
281 2330 328 2356 καὶ
354 2329 531 2366 πενθήσουσιν
548 2331 592 2356 ἐπ’
605 2330 705 2367 αὐτήν·
733 2332 774 2358 ὅτι
796 2332 842 2359 τὸν

48 2377 136 2412 γόμον
150 2375 240 2403 αὐτῶν
252 2375 339 2408 οὐδεὶς
354 2375 486 2411 ἀγοράσει
498 2375 601 2403 οὺκέτι”
614 2376 698 2412 γόμον
717 2377 840 2412 χρυσίου,

48 2423 97 2450 καὶ
113 2423 259 2459 ἀργυρίου,
275 2422 322 2449 καὶ
341 2422 415 2449 λίθου
426 2422 528 2458 τιμίου,
542 2422 589 2449 καὶ
603 2424 784 2459 μαργαρίτου,
794 2424 841 2451 καὶ

50 2468 163 2503 βύσσου,
181 2468 230 2495 καὶ
245 2467 399 2503 πορφύρας,
418 2468 465 2495 καὶ
495 2467 620 2504 σηρικοῦ,
639 2468 687 2495 καὶ
702 2470 839 2496 κοκκίνου·

50 2516 99 2543 καὶ
113 2516 169 2543 πᾶν
186 2515 264 2548 ξύλον
276 2514 376 2548 ούῖνον,
400 2515 447 2542 καὶ
468 2516 522 2542 πᾶν
540 2514 637 2548 σκεῦος
657 2515 840 2551 ἐλεφάντινον,

85 2607 109 2624 ⁸⁸
126 2607 211 2643 Apoc.
224 2614 294 2639 xvu,
309 2605 384 2634 1-18.

85 2690 141 2726 (81)
165 2688 296 2725 Ὶσχυρᾷ.
321 2689 374 2723 ld.,
396 2690 427 2717 ἐν
449 2689 530 2725 ἰσχύϊ.
549 2689 596 2718 Sic
618 2693 707 2718 textus
728 2691 838 2719 Grmcus

49 2727 399 2796 ⁸Ἧίὲἕξυξέκολλήθησαν.
429 2769 438 2786 ι
455 2760 659 2788 Adhteserunt.)
673 2754 773 2788 Eadem
788 2761 838 2796 Sy-

52 2796 114 2824 riae.
127 2801 154 2824 et
168 2796 281 2823 Arabic.
297 2795 391 2823 Graeca
411 2796 484 2857 vulg.
499 2795 695 2857 ὴκολθύθησαν,
714 2806 723 2821 ι
748 2795 837 2824 secuta

52 2836 113 2857 sunt
135 2836 247 2857 neecala
261 2838 352 2857 usuue
370 2831 403 2857 ad
416 2838 457 2857 cm
470 2839 540 2857 um.i
580 2831 634 2857 ulc.
652 2841 660 2857 ι
679 2841 688 2856 ι
704 2831 837 2857 Pervene-

52 2836 113 2860 sunt
134 2836 247 2868 peccata
261 2838 352 2866 usque
370 2831 403 2859 ad
416 2831 540 2858 coelum.)
558 2831 634 2866 Vulg.
652 2841 660 2860 :
679 2841 688 2856 ι
704 2831 837 2860 Pervene-

932 1582 1000 1610 χιι.
1016 1593 1026 1609 ‹
1043 1581 1155 1610 Reddite
1170 1582 1208 1609 illi
1222 1582 1293 1610 sicut
1305 1585 1332 1609 et
1344 1581 1401 1617 ipsa
1413 1581 1529 1610 reddidit
1539 1582 1617 1611 vobis
1632 1590 1640 1610 :
1654 1585 1682 1611 et

896 1629 1034 1665 duplicate
1050 1629 1168 1664 duplicia
1183 1629 1331 1656 secundum
1354 1636 1436 1664 opera
1446 1629 1515 1664 ejus.
1532 1628 1561 1656 In
1582 1629 1681 1664 poculo

897 1684 952 1711 quo
968 1675 1088 1709 miscuit,
1115 1675 1228 1703 miscete
1250 1675 1289 1702 illi
1302 1674 1425 1710 duplum.
1440 1674 1576 1708 Quantum
1598 1675 1682 1710 glori-

897 1723 989 1750 ficavit
1002 1730 1030 1750 se
1041 1726 1068 1750 et
1085 1722 1111 1749 in
1124 1722 1228 1749 deliciis
1242 1721 1303 1753 fuit,
1322 1726 1426 1749 tantum
1438 1721 1500 1749 date
1514 1721 1552 1748 illi
1565 1727 1682 1749 tormen-

897 1775 954 1797 tum
969 1774 996 1797 et
1009 1770 1129 1800 luctum;
1147 1768 1210 1803 quia
1226 1768 1253 1794 in
1268 1767 1350 1795 corde
1367 1775 1417 1795 suo
1429 1767 1513 1794 dicit:
1536 1766 1622 1794 Sedeo
1639 1775 1682 1795 re-

897 1817 970 1852 gina,
987 1820 1014 1842 et
1029 1815 1110 1842 vidua
1142 1821 1196 1841 non
1229 1821 1305 1847 sum;
1331 1818 1357 1841 et
1378 1813 1482 1841 luctum
1498 1820 1551 1841 non
1571 1813 1679 1840 videbo.

896 1861 958 1890 Ideo
970 1862 996 1888 in
1008 1869 1062 1888 una
1091 1861 1134 1888 die
1148 1860 1258 1887 venient
1275 1860 1360 1895 plagze
1375 1859 1446 1894 ejus,
1464 1867 1538 1887 mors
1551 1864 1578 1887 et
1590 1860 1681 1888 luctus

895 1912 923 1934 ct
937 1906 1034 1940 fames,
1049 1911 1076 1933 et
1087 1905 1142 1941 igni
1155 1904 1344 1938 comburetur;
1362 1904 1426 1939 quia
1450 1904 1529 1932 fortis
1542 1909 1584 1932 est
1596 1903 1678 1938 Deus,

894 1954 940 1989 qui
950 1953 1082 1989 judicavit
1101 1960 1172 1980 eam.
1197 1951 1230 1979 Et
1255 1951 1384 1987 lugebunt
1407 1956 1434 1979 et
1452 1951 1580 1987 plangth
1599 1959 1681 1986 super

894 2008 954 2029 eam
972 2007 1051 2036 reges
1066 2004 1155 2033 terrm,
1171 1999 1217 2034 qui
1231 2006 1292 2026 eum
1316 1998 1362 2025 illa
1384 1997 1511 2025 fornicati
1528 2002 1602 2032 sunt,
1614 1998 1679 2025 etin

894 2047 998 2075 deliciis
1010 2046 1146 2077 vixerunt,
1156 2053 1218 2073 cum
1229 2045 1346 2072 viderint
1359 2044 1463 2072 fumum
1476 2043 1592 2072 incendii
1609 2045 1679 2079 ejus,

895 2095 975 2130 longe
999 2098 1102 2121 stantes
1121 2096 1231 2128 propter
1257 2096 1360 2119 metum
1389 2096 1588 2119 tormentorum
1607 2091 1679 2126 ejus,

893 2140 1015 2168 dicentes
1035 2148 1042 2167 :
1058 2138 1115 2170 Vae,
1128 2146 1178 2171 vae,
1195 2137 1291 2165 civitas
1305 2137 1350 2165 illa
1368 2144 1476 2172 magna,
1490 2136 1622 2171 Babylon,
1638 2137 1680 2163 ci-

895 2186 966 2214 vitas
979 2186 1024 2213 illa
1041 2184 1130 2219 fortis,
1143 2184 1271 2220 quoniam
1295 2191 1350 2211 una
1372 2183 1440 2211 hora
1456 2183 1530 2210 venit
1544 2183 1679 2218 judicium

894 2238 984 2261 tuum.
1010 2232 1044 2260 Et
1066 2233 1249 2268 negotiatores
1272 2235 1351 2259 terrae
1369 2229 1471 2257 ﬂebunt
1496 2234 1524 2257 et
1549 2230 1679 2266 lugebunt

896 2287 978 2315 super
991 2286 1061 2312 eam,
1090 2279 1220 2314 quoniam
1248 2283 1353 2305 merces
1378 2283 1473 2303 eorum
1499 2284 1580 2304 nemo
1607 2280 1678 2303 emet

896 2327 1013 2362 amplius
1030 2333 1156 2354 :merces
1174 2324 1244 2357 auri,
1266 2329 1293 2352 et
1317 2323 1432 2358 argenti,
1449 2328 1476 2350 et
1492 2322 1589 2357 lapidis
1613 2330 1677 2358 pre-

895 2373 970 2407 tiosi,
983 2377 1010 2400 et
1025 2371 1188 2408 margaritae,
1203 2374 1230 2398 et
1242 2370 1327 2406 byssi,
1342 2374 1370 2398 et
1393 2377 1529 2405 purpurae,
1545 2373 1572 2397 et
1585 2369 1677 2404 serici,

895 2426 923 2449 et
935 2420 1039 2449 coccini
1056 2420 1094 2454 (et
1107 2425 1188 2447 omne
1201 2418 1304 2454 lignum
1323 2417 1458 2453 thyinum,
1472 2421 1498 2444 et
1509 2417 1599 2444 omnia
1611 2424 1675 2445 vasa

895 2466 998 2499 eboris,
1012 2469 1039 2493 et
1051 2472 1133 2493 omne
1142 2471 1191 2492 vas
1205 2472 1238 2492 ex
1255 2464 1329 2499 ligno
1345 2463 1554 2499 pretiosissima,
1567 2468 1594 2490 et
1606 2470 1676 2490 mra-

894 2517 996 2545 mento,
1010 2517 1037 2540 et
1053 2511 1135 2544 ferro,
1150 2515 1177 2539 et
1191 2518 1347 2544 marmore;
1364 2514 1392 2538 et
1415 2510 1629 2543 cinnamomum,
1650 2515 1677 2537 et

892 2694 965 2718 runt.
989 2697 998 2714 ι
1030 2687 1096 2720 Quae
1116 2693 1171 2714 non
1199 2685 1314 2713 multum
1337 2684 1541 2713 sensu-absunt.
1558 2683 1676 2720 cortem.

928 2724 983 2760 (85)
1010 2718 1052 2750 Αἵ
1063 2721 1209 2756 ἁμαρτίαι.
1234 2720 1284 2754 ld.,
1306 2720 1391 2756 αὐτῆς
1414 2721 1442 2748 αἱ
1458 2721 1561 2757 ἁμαρτ.
1587 2718 1624 2747 Ut
1650 2719 1685 2766 in}

892 2759 983 2833 (frg?)
1004 2793 1155 2833 ‘Aqéawxs.
1178 2790 1230 2824 1d,,
1246 2789 1384 2818 ἀπέδωκεν
1405 2791 1480 2827 ὑμῖν.
1492 2789 1587 2825 Neque
1600 2789 1673 2818 alitt‘

892 2830 995 2859 Graeca.
