1856 3050
199 93 250 121 759

516 93 545 120 S.
566 92 749 120 HIPPOLYTI
769 92 844 121 OPP.
865 93 1009 128 PARS_1I.
1029 109 1064 114 —
1085 93 1239 121 DOGMAT.
1259 93 1305 121 ET
1324 93 1494 123 HISTORIC.

1767 95 1812 124 760

199 160 349 186 amomum,
365 157 390 180 et
401 152 620 187 odoramentum,
637 157 663 180 et
675 158 854 188 unguentum,
870 158 896 181 et
908 155 952 182 thu

1047 156 1081 181 εαὶ
1094 157 1147 182 πᾶν
1163 155 1260 187 σκεῦος
1276 156 1308 182 ὲκ
1325 155 1402 188 ξύλου
1425 155 1599 191 τιμιωτάτδυ,
1631 156 1682 183 καὶ
1706 156 1810 191 χαλκοῦ,

198 204 224 226 et
242 200 346 231 vinum,
361 203 388 226 et
401 199 502 232 oleum,
518 202 545 225 et
560 199 676 226 similam
687 219 694 232 ,
712 204 739 226 et
753 200 884 233 triticum,
897 206 952 235 etp

1047 202 1082 227 ιαὶ
1100 201 1219 237 σιδήρου,
1245 202 1291 228 καὶ
1322 202 1477 238 μαρμάρου”
1504 202 1550 228 καὶ
1572 202 1746 237 κιναμώμου·
1770 203 1810 229 καὶ

197 253 272 278 cura,
288 250 315 272 et
330 253 402 278 oves,
426 249 454 273 et
483 245 605 280 hatdos);
622 249 649 272 et
675 253 819 280 equorum,
837 250 863 274 et
882 247 982 274 rheda—

196 299 268 324 rum,
278 298 304 319 et
316 293 523 326 mancipiorum,
536 298 562 320 et
574 293 680 321 animas
691 294 842 321 hominum.
858 293 890 321 Et
902 301 982 328 poma

195 337 322 365 desiderii
349 339 447 367 anima:
470 343 524 366 tuze
552 345 724 367 recesserunt
743 348 758 367 a
781 344 817 370 te.
838 344 865 367 et
887 341 981 368 omnia

194 384 305 418 pinguia
323 389 350 411 et
367 385 440 411 clara
456 385 598 419 perierunt
612 393 627 412 a
643 390 679 417 te,
696 390 723 413 ct
732 386 848 419 amplius
864 386 908 413 illa
920 386 977 420 jam

193 437 246 456 non
275 430 407 457 invenies.
431 430 595 459 Mercatorcs
613 431 710 458 horum
736 433 783 466 qui
808 432 904 459 divites
915 432 980 460 facti

193 479 280 508 erant,
295 483 310 502 a
333 476 411 510 longe
434 476 555 510 stabunt,
570 482 680 512 propter
702 483 804 505 metum
830 482 979 505 tormento-

191 529 252 548 rum
267 522 337 556 ejus,
353 522 448 550 ﬂentes
461 527 488 550 et
511 523 644 558 lugentes,
668 528 749 558 atque
765 524 903 552 dicentes:
919 523 976 557 Vm,

191 576 240 600 vae,
257 569 353 596 civitas
369 569 414 596 illa
432 577 539 603 magna,
558 578 618 604 qua:
643 570 740 597 amicta
758 575 816 597 erat
833 570 924 606 bysso,
951 575 978 598 et

191 622 323 649 purpura,
338 620 365 642 et
390 616 511 649 coccino,
528 621 554 643 et
575 616 703 643 deaurata
723 621 782 643 erat
806 624 873 644 auro
890 621 917 644 et
935 617 976 643 la—

189 661 252 696 pide
274 661 395 695 pretioso
409 665 436 688 et
452 662 620 696 margaritis,
639 662 710 697 quod
725 670 778 690 una
801 662 868 690 hora
890 663 976 690 desti-

189 710 254 733 tuta:
266 710 330 733 sunt
354 711 436 734 tanta:
458 707 568 734 divitim.
592 707 626 735 Et
640 708 728 735 omnis
751 708 931 744 gubernator,
948 713 976 736 et

1034 246 1159 282 ἄμωμον,
1176 248 1222 273 καὶ
1241 246 1375 282 θυμίαμα,
1403 247 1450 274 καὶ
1465 247 1558 283 μύρον,
1573 248 1620 274 καὶ⁸
1638 247 1758 280 λίϐανον,
1771 248 1811 274 καὶ

1032 290 1113 325 οἶνον,
1142 293 1189 319 καὶ
1217 292 1321 325 ἔλαιον,
1346 293 1393 320 καὶ
1406 293 1557 328 σεμίδαλιν,
1587 293 1635 319 καὶ
1661 294 1746 325 σῖτον,
1771 293 1811 319 καὶ

1032 340 1128 375 κτήνη,
1143 339 1192 366 καὶ
1207 339 1340 374 πρόϐατα,
1358 339 1405 365 καὶ
1427 339 1552 374 τράγους·
1566 339 1613 365 καὶ
1641 338 1745 369 ἵππων,
1769 340 1811 365 καὶ

1032 386 1126 422 ῥεδῶν,
1140 386 1186 412 καὶ
1203 386 1346 421 σωμάτων,
1362 385 1409 412 καὶ
1428 384 1516 420 ψυχὰς
1542 383 1705 420 ἀνθρώπων.
1729 385 1782 412 Καὶ
1796 386 1811 420 ﬁ

1029 430 1124 466 ὀπώρα
1142 431 1191 466 τῆς
1216 431 1361 466 ἐπιθυμίας
1377 431 1425 466 τῆς
1448 430 1534 466 ψυχῆς
1557 438 1603 456 σου
1617 430 1741 466 ἀπῆλθεν
1763 431 1812 458 ἀπὸ

1030 476 1088 508 σοῦ,
1104 477 1151 502 καὶ
1164 476 1251 503 πάντα
1266 475 1299 502 τὰ
1315 476 1417 512 λιπαρὰ
1431 476 1477 503 καὶ
1503 477 1537 503 τὰ
1561 476 1677 512 λαμπρὰ
1693 476 1812 504 ἀπώλετο

1027 521 1082 548 ἀπὸ
1097 521 1155 554 σοῦ,
1173 522 1219 548 καὶ
1245 521 1336 548 οὐκέτι
1353 522 1383 548 οὐ
1400 521 1436 557 μὴ
1448 521 1516 548 αὑτά
1530 521 1623 558 εὕρῃς.
1638 523 1671 548 Οἱ
1699 522 1810 558 ἔμποροι

1026 567 1128 594 τούτων
1149 569 1173 594 οἱ
1198 567 1407 600 πλουτίσαντες,
1436 567 1490 594 ἀπὸ
1505 568 1641 603 μακρόθεν
1658 569 1810 604 στήσονται,

1026 612 1069 639 διὰ
1080 613 1125 639 τὸν
1141 613 1282 647 φόϐοντοῦ
1296 613 1462 648 βασανισμοῦ
1477 613 1571 648 αὐτῆς,
1588 613 1744 646 κλαίοντες,
1770 615 1812 641 καὶ

1025 659 1195 692 πενθοῦντες,
1212 660 1259 686 καὶ
1276 659 1408 693 λέγοντες·
1420 660 1492 693 οὐαὶ,
1505 660 1583 693 Οὐαὶ,
1599 661 1616 696 ἡ
1633 660 1713 692 πόλις
1729 662 1746 696 ή
1769 669 1811 696 με-

1024 705 1105 741 γάλη,
1129 707 1146 741 ἡ
1175 705 1391 741 περιϐεϐλημένη
1414 704 1548 740 βύσσινον,
1578 705 1625 732 καὶ
1641 706 1810 742 πορφυροῦν,

188 751 278 778 omnis
295 752 322 778 in
353 752 468 779 navibus
484 753 652 780 versantium
683 754 762 780 turba
779 759 806 781 et
825 758 924 786 nauta),
947 763 952 780 1

1047 752 1071 778 1i.
1083 751 1219 783 κόκκινον,
1234 751 1281 778 καὶ
1295 751 1489 786 κεχρυσωμένη
1502 752 1530 777 ὲν
1554 751 1670 787 χρυσίῳ,
1688 753 1738 779 καὶ
1751 752 1813 787 λίθῳ

186 797 233 830 qui
253 805 329 824 mare
341 802 469 825 exercent
487 806 592 832 omnes,
609 807 624 826 a
638 799 718 834 longe
731 803 865 827 steterunt
877 805 904 827 et
917 800 975 828 cla-’

186 848 330 870 maveruut
347 843 468 871 videntes
485 843 590 871 fumum
610 845 728 872 incendii
742 845 812 881 ejus,
828 846 948 874 dicentes
963 856 970 874 :

185 889 252 921 Qua:
276 888 373 916 similis
403 889 504 917 civitati
530 890 594 917 huic
612 891 737 926 magna?
771 890 804 917 Et
837 891 970 918 miserunt

184 934 321 968 pulverem
342 943 424 970 super
439 935 527 970 capita
544 939 612 970 sua,‘
624 941 651 963 et
672 937 859 965 clamaverunt
875 939 969 966 ﬂentes

185 984 212 1006 et
225 979 359 1014 lugentes,
373 981 515 1008 dicentes:
538 980 596 1014 Vae,
623 990 673 1016 vat,
689 982 785 1010 civitas
796 983 842 1009 illa
858 991 967 1017 magna,

185 1024 212 1051 in
238 1032 291 1060 qua
309 1025 405 1053 divites
420 1026 482 1054 facti
499 1032 563 1054 sunt
579 1035 674 1055 omnes
694 1028 741 1062 qui
768 1028 904 1056 habebant
919 1037 968 1056 na-

182 1078 229 1098 ves
243 1071 270 1097 in
289 1072 368 1105 mari,
398 1073 430 1099 de
457 1073 620 1109 pinguedine
649 1074 728 1109 ejus;
755 1075 886 1109 quoniam
913 1083 966 1103 una

181 1117 248 1143 hora
260 1117 380 1145 desolata
392 1123 442 1145 est.

1023 797 1114 833 τιμίῳ,
1122 797 1168 824 καὶ
1177 797 1368 833 μαργαρίταις·
1378 798 1418 824 ὅτι
1428 798 1476 832 μιᾷ
1483 797 1542 833 ὦρᾳ
1550 798 1688 833 ἠρημώθη
1697 799 1712 824 ὁ
1721 798 1812 824 τοσοῦ-

1023 850 1068 873 τος
1082 841 1205 874 πλοῦτος.
1228 843 1282 869 Καὶ
1293 844 1347 874 πᾶς
1360 843 1537 879 κυϐερνήτης,
1557 844 1603 870 καὶ¹
1617 844 1674 875 πᾶς
1695 845 1744 871 ἐπὶ
1761 844 1811 870 τῶν
1835 870 1839 874 ,

1024 888 1124 914 πλοίων
1140 890 1154 915 ὁ
1167 888 1269 924 ὅμιλος,
1285 889 1331 916 καὶ
1345 889 1452 921 ναῦται,
1469 890 1515 916 καὶ
1537 890 1593 916 ὅσοι
1608 890 1658 925 τὴν
1674 890 1810 917 θάλασσαν

1022 935 1192 970 ἐργάζονται,
1209 935 1262 961 ἀπὸ
1276 935 1410 971 μακρόθεν
1424 935 1541 971 ἔστησαν
1556 937 1603 963 καὶ
1616 937 1739 972 ἔκραξαν
1753 935 1810 971 βλέ-

1021 988 1116 1011 ποντες
1134 980 1179 1006 τὸν
1203 980 1304 1006 καπνὸν
1318 980 1367 1015 τῆς
1387 980 1535 1016 πυρώσεως
1560 981 1655 1015 αὐτῆς,
1672 980 1807 1014 λέγοντες·

1020 1027 1067 1058 Τίς
1079 1026 1160 1062 ὁμοία
1186 1027 1218 1062 τῇ
1245 1026 1320 1052 πόλει
1342 1028 1376 1062 τῇ
1401 1027 1522 1062 μεγάλης
1550 1027 1605 1053 Καὶ
1633 1026 1734 1053 ἔϐαλον
1746 1026 1806 1061 χοῦν

1019 1073 1066 1099 ἐπὶ
1076 1072 1125 1104 τὰς
1140 1072 1259 1107 κεφαλὰς
1276 1072 1376 1104 αὐτῶν,
1405 1074 1451 1099 καὶ
1468 1072 1586 1108 ἔκραξαν
1609 1073 1753 1104 κλαίοντες
1763 1073 1805 1099 καὶ

1018 1120 1189 1152 πενθοῦντες,
1214 1120 1348 1154 λέγοντες·
1366 1120 1443 1149 Οὐαὶ.
1459 1120 1530 1152 οὐαὶ,
1556 1121 1573 1155 ἡ
1600 1120 1679 1151 πόλις
1713 1121 1731 1155 ἡ
1759 1128 1804 1154 με-

177 1163 259 1199 γάλη,
282 1165 310 1191 ὲν
359 1166 537 1203 ’ἐπλούτησαν
559 1167 658 1200 πάντες
684 1169 708 1195 οἱ
732 1168 837 1204 ἔχοντες
852 1169 886 1196 τὰ
920 1169 999 1197 πλοῖα
1019 1169 1046 1196 ἐν
1063 1170 1095 1204 τῇ
1115 1168 1235 1204 θαλάσσῃ
1252 1170 1284 1195 ὲκ
1295 1168 1345 1204 τῆς
1368 1168 1495 1203 πιότητος
1511 1168 1564 1204 (85)
1583 1168 1679 1203 αὐτ-ἦς’
1691 1168 1734 1194 ὄτι
1759 1168 1806 1202 μιᾷ

177 1211 236 1248 ὥρᾳ
252 1212 397 1249 ἠρημώθη-

212 1259 292 1286 XLII.
316 1270 325 1286 ‹
347 1261 450 1289 Lmtare
463 1270 543 1297 super
560 1271 631 1295 eam,
649 1265 759 1296 coelum,
781 1269 807 1292 et
824 1265 923 1301 angeli,
937 1270 963 1293 et

179 1307 305 1340 apostoli,
322 1311 348 1334 et
368 1308 516 1343 prophetae,
540 1310 668 1344 quoniam
684 1310 815 1344 judicavit
831 1309 902 1338 Deus
916 1311 963 1346 ju-

178 1353 279 1380 dicium
304 1358 423 1381 vestrum
444 1354 477 1381 de
495 1354 550 1382 illa.
580 1355 611 1382 Et
633 1356 743 1383 sustulit
766 1365 836 1385 unus
851 1357 962 1391 angelus

173 1400 252 1427 fortis
268 1400 383 1434 lapidem
397 1401 475 1435 quasi
494 1402 626 1429 molarem
645 1411 785 1436 magnum,
805 1407 830 1430 et
846 1403 919 1431 misit
935 1403 961 1430 in

175 1453 261 1479 mare,
278 1445 372 1473 dicens
389 1455 394 1472 :
412 1445 457 1473 Sic
470 1446 571 1481 impetu
592 1448 715 1475 mittetur
730 1447 848 1483 Babylon
865 1449 962 1476 civitas

173 1490 217 1518 illa
232 1498 342 1526 magna,
356 1496 384 1518 et
399 1491 466 1518 ultra
483 1492 536 1525 iam
552 1500 606 1519 non
621 1493 782 1520 invenietur.
804 1493 837 1520 Et
854 1502 906 1521 vox
921 1494 961 1522 ci-

171 1536 357 1564 tharoedorum
381 1540 408 1563 et
434 1538 601 1564 musicorum
621 1542 648 1565 ct
663 1538 730 1565 tibia
753 1539 909 1566 canentium
935 1543 961 1566 et

171 1583 247 1617 tuba,
267 1591 319 1610 non
335 1583 461 1610 audietur
476 1583 503 1610 in
523 1588 548 1610 te
562 1584 696 1618 amplius;
714 1589 741 1611 et
758 1585 847 1612 omnis
862 1585 960 1612 artifex

169 1629 259 1657 omnis
282 1629 349 1656 artis
371 1636 425 1656 non
453 1629 607 1656 invenietur
623 1630 649 1656 in
668 1634 693 1657 te
707 1630 840 1665 amplius,
858 1636 885 1659 et.
907 1639 958 1658 vox

169 1676 248 1702 molze
270 1683 324 1702 non
350 1675 476 1702 audietur
491 1675 517 1702 in
537 1681 563 1702 te
578 1676 713 1711 amplius;
732 1681 759 1704 et
777 1676 823 1703 lux
841 1677 958 1705 lucernae

168 1728 223 1747 non
240 1719 341 1747 lucebit
358 1720 385 1748 in
407 1724 432 1747 te
447 1720 584 1755 amplius;
609 1725 637 1748 et
657 1729 709 1749 vox
725 1722 818 1756 sponsi
833 1726 860 1749 et
877 1730 959 1757 spon—

167 1773 204 1793 sae
218 1773 272 1792 non
287 1765 414 1793 audietur
441 1766 531 1794 adhuc
553 1767 579 1794 in
595 1771 632 1799 te,
659 1767 722 1802 quia
738 1772 902 1795 mercatores
918 1768 957 1795 tui

168 1816 247 1838 erant
264 1811 402 1847 principes
418 1817 513 1845 terrm;
537 1812 601 1847 quia
616 1813 642 1839 in
658 1813 796 1842 veneﬁciis
813 1815 866 1842 tuis
882 1822 957 1842 erra—

168 1863 266 1885 verunt
278 1865 374 1885 omnes
388 1863 497 1892 gentes;
508 1863 534 1897 et
548 1859 574 1885 in
588 1867 620 1886 ea
637 1860 748 1895 sanguis
762 1862 954 1895 prophetarum

167 1907 195 1929 et
207 1907 364 1929 sanctorum
386 1903 511 1932 inventus
527 1908 586 1938 est,
609 1909 635 1932 et
650 1905 770 1932 omnium
785 1906 832 1940 qui
847 1905 956 1933 interfe-

166 1948 203 1975 cti
216 1952 281 1975 sunt
294 1949 320 1975 in
337 1954 408 1975 terra
425 1949 458 1975 ⁸⁸.
479 1958 488 1974 ›

201 1993 293 2022 XLIII.
314 1994 493 2030 Apertissime
517 1995 543 2021 in
567 1995 610 2023 his
633 1996 796 2025 testimoniis
816 1998 953 2034 sigillatim

976 1419 996 1446 C

1054 1273 1064 1289 ί
1078 1261 1229 1298 Εὐφραίνου
1243 1260 1286 1287 ἐπ’
1301 1260 1382 1295 αὐτῇ,
1399 1259 1507 1295 οὐρανὲ,
1524 1259 1570 1285 καὶ
1583 1259 1607 1285 οἱ
1623 1259 1746 1292 ἄγγελοι,
1759 1259 1805 1285 καὶ

1015 1311 1040 1337 οἱ
1057 1307 1209 1340 ἀπόστολοι,
1228 1307 1276 1333 καὶ
1294 1307 1318 1332 oi
1338 1306 1490 1341 προφῆται,
1512 1305 1553 1332 ὅτι
1574 1304 1682 1340 ἔκρινεν
1708 1306 1723 1331 ὁ
1738 1304 1804 1335 Θεὸς

1015 1353 1045 1379 τὸ
1063 1353 1151 1388 κρῖμα
1171 1351 1247 1386 ὑμῶν
1274 1349 1305 1381 ἐξ
1330 1349 1424 1384 αὐτῆς.
1448 1349 1503 1376 Καὶ
1528 1347 1594 1385 ἦρεν
1620 1346 1660 1380 εἷς
1687 1349 1804 1382 ἄγγελος

1017 1398 1125 1434 ίσχυρδς
1139 1397 1222 1429 λίθον,
1241 1396 1278 1428 ὡς
1300 1395 1381 1431 μύλον
1398 1395 1494 1430 μέγαν,
1516 1396 1564 1422 καὶ
1584 1395 1680 1421 ἔϐαλεν
1698 1396 1740 1426 εἰς
1755 1394 1803 1430 τὴν

1013 1444 1161 1477 θάλασσαν,
1176 1442 1273 1477 λέγων·
1294 1441 1388 1472 Οὕτως
1404 1441 1545 1477 ὁρμήματι
1569 1440 1735 1476 βληθήσεται
1751 1441 1805 1466 Βα-

1011 1489 1099 1517 ϐυλὼν
1114 1491 1131 1525 ἡ
1151 1488 1254 1525 μεγάλη
1274 1487 1359 1519 πόλις,
1378 1488 1425 1514 καὶ
1447 1488 1478 1514 οὐ
1502 1487 1538 1522 μὴ
1553 1486 1651 1522 εὑρεθῇ
1672 1486 1726 1513 ἐτι.
1748 1487 1804 1513 Καὶ

1011 1536 1085 1572 φωνὴ
1104 1533 1271 1570 κιθαρῳδῶν,
1293 1534 1340 1560 καὶ
1365 1532 1512 1569 μουσικῶν,
1531 1532 1578 1559 καὶ
1596 1531 1734 1567 αὐλητῶν,
1754 1534 1803 1559 καὶ

1011 1581 1191 1616 σαλπιγκτῶν,
1215 1580 1246 1606 οὐ
1274 1580 1311 1615 μὴ
1334 1579 1453 1615 ἀκουσθῇ
1481 1580 1510 1606 ὲν
1536 1579 1577 1605 σοὶ
1599 1578 1655 1605 ἔτι·
1681 1579 1731 1606 καὶ
1746 1581 1803 1611 πᾶς

1009 1627 1134 1663 τεχνίτης
1155 1627 1244 1661 πάσης
1263 1626 1375 1660 τέχνης,
1395 1625 1425 1651 οὺ
1444 1625 1484 1663 μὴ
1507 1624 1603 1660 εὑρεθῇ
1626 1626 1654 1651 ὲν
1673 1625 1717 1652 σοὶ
1743 1625 1799 1651 ἔτι·

1009 1673 1056 1700 καὶ
1072 1673 1147 1708 φωνὴ
1162 1672 1245 1708 μύλου
1259 1672 1289 1699 οὐ
1307 1672 1344 1708 μὴ
1360 1670 1479 1707 ἀκουσθῇ
1495 1671 1525 1698 ὲν
1540 1671 1580 1697 σοι
1594 1670 1634 1697 ἔτι
1645 1680 1652 1686 ·
1675 1672 1725 1698 καὶ
1742 1672 1801 1706 φῶς

1008 1717 1104 1753 λύχνου
1124 1719 1155 1745 οὐ
1178 1718 1215 1753 μὴ
1237 1718 1306 1752 φανῇ
1330 1718 1359 1744 ὲν
1381 1717 1422 1743 σοὶ
1442 1717 1496 1743 ἔτι·
1519 1716 1565 1743 καὶ
1585 1716 1661 1752 φωνὴ
1679 1717 1800 1752 νυμφίου

1008 1764 1055 1790 καὶ
1071 1763 1180 1799 νύμφης
1198 1763 1230 1790 οὺ
1247 1763 1284 1799 μὴ
1307 1762 1428 1798 ἀκουσθῇ
1449 1763 1477 1788 ὲν
1499 1761 1540 1788 σοὶ
1559 1761 1616 1787 ἔτι·
1640 1762 1682 1788 ὅτι
1703 1762 1731 1787 οἱ
1750 1762 1802 1797 Eia-

1009 1810 1087 1846 ποροί
1112 1818 1158 1836 σου
1177 1807 1248 1845 ἦσαν
1270 1810 1295 1836 οἱ
1316 1809 1475 1844 μεγιστᾶνες
1496 1807 1546 1842 τῆς
1569 1807 1637 1843 γῆς·
1655 1808 1698 1835 ὅτι
1719 1809 1750 1834 ἐν
1765 1810 1799 1844 τῇ

1008 1855 1167 1892 φαρμακείᾳ
1183 1864 1230 1882 σου
1244 1855 1434 1891 ἐπλανήθησαν
1451 1854 1540 1881 πάντα
1554 1855 1589 1881 τὰ
1605 1855 1684 1890 ἔθνη·
1702 1855 1750 1881 καὶ
1769 1856 1799 1882 ἐν

1005 1903 1039 1937 τῇ
1056 1901 1123 1937 αὐτῇ
1138 1899 1205 1936 αἷμα
1222 1900 1277 1927 τῶν
1292 1900 1438 1936 προφητῶν
1457 1900 1503 1927 καὶ
1517 1900 1601 1934 ἁγίων
1616 1900 1730 1936 εὑρέθη,
1748 1901 1798 1928 καὶ

1006 1947 1114 1974 πάντων
1126 1946 1180 1973 τῶν
1194 1946 1374 1982 ἐσφαγμένων
1389 1945 1436 1972 ἐπὶ
1451 1946 1500 1980 τῆς
1514 1946 1575 1981 γῆς.
1590 1954 1600 1971 ι

1040 2003 1108 2039 Περὶ
1135 2002 1184 2038 μὲν
1207 2003 1256 2038 τῆς
1281 2001 1335 2028 τῶν
1361 2001 1495 2037 βασάνων,
1523 2001 1576 2028 τῶν
1599 2001 1797 2037 ἐπερχομένων

165 2040 332 2067 declaratum
355 2045 397 2069 est
419 2041 453 2068 de
478 2045 673 2069 tormentorum
695 2043 808 2078 judicio,
832 2053 892 2079 quae
906 2053 952 2072 ex-

1047 2051 1073 2085 ιῇ
1090 2049 1133 2075 ἐπ’
1147 2048 1269 2088 ἐσχάτων
1291 2048 1343 2075 ὑπὸ
1363 2048 1418 2083 (86)
1434 2048 1489 2075 τῶν
1509 2048 1568 2074 τότε
1589 2048 1730 2082 ἐσομένων
1749 2057 1797 2075 τυ.

165 2087 259 2113 tremis
274 2087 441 2121 temporibus
451 2107 458 2120 ,
476 2095 524 2122 per
540 2092 718 2123 tyrannorum
731 2090 776 2124 qui
795 2095 858 2118 tunc
873 2096 952 2119 erunt

1047 2102 1109 2121 NmV
1129 2087 1245 2130 μερικῆς
1265 2093 1396 2129 κρίσεως,
1418 2093 1572 2127 σαφέστατα
1585 2093 1615 2119 ἐν
1627 2095 1686 2124 τοῖς
1700 2095 1796 2129 ῥητοῖς

163 2132 305 2167 injuriam,
322 2133 395 2160 illam
410 2133 552 2161 incessura
567 2138 632 2176 sunt
648 2143 655 2161 :
672 2142 761 2170 operre
773 2137 890 2171 pretium
906 2146 952 2166 ve-

166 2186 197 2205 ro
210 2183 262 2212 est,
287 2184 318 2206 ut
330 2183 357 2207 et
369 2183 477 2214 tempus
491 2180 613 2215 diligenti
632 2182 757 2209 examine
770 2191 950 2218 exponamus,

163 2225 273 2258 quando
287 2225 530 2253 scilicet‘futurum
547 2226 583 2253 sit
596 2230 624 2253 ut
637 2227 694 2255 haec
704 2229 839 2262 eveniant,
855 2234 881 2257 et
890 2238 951 2258 cor-

164 2277 200 2296 nu
221 2269 288 2297 illud
302 2278 418 2304 parvum
441 2272 511 2298 inter
526 2279 573 2299 eos
588 2277 717 2308 emergat.
745 2273 847 2309 Nempe
860 2283 949 2310 quan-

161 2316 195 2343 do
211 2324 290 2343 crura
316 2315 405 2343 ferrea
429 2324 489 2351 qua:
511 2317 658 2346 etiamnum
682 2327 772 2346 rerum
794 2321 945 2355 potiuntur,

161 2363 195 2390 ad
207 2362 320 2397 vestigia
336 2359 437 2397 pedum
452 2363 606 2399 digitosque
617 2366 763 2400 evaserint,
775 2366 853 2402 juxta
863 2368 945 2396 simu-

195 2466 218 2482 “
236 2467 322 2502 Apoc.
341 2475 420 2500 xvtu,
437 2468 511 2497 1-24.

194 2557 249 2600 (85)
272 2559 322 2586 Ἐκ
336 2559 391 2593 τῆς
418 2561 744 2600 πιότητοςτνείηκιιῐοτίε
762 2565 819 2593 lucc
844 2566 940 2600 lectio;

157 2599 219 2626 apta
236 2599 325 2621 tamen
338 2603 369 2635 ea
379 2603 444 2635 _vox,
462 2597 526 2635 siet
539 2599 584 2635 alii
600 2600 709 2626 codices
720 2597 940 2635 astipularentur,

159 2635 220 2670 curn
236 2636 330 2670 omnes
342 2630 469 2670 habeant,
485 2632 518 2658 ὲκ
539 2633 590 2668 τῆς
613 2630 781 2669 τιμιότητος,
812 2644 873 2670 quae
888 2630 940 2664 vox.

158 2664 224 2706 satis
235 2664 392 2706 dura,_hncc
415 2667 449 2693 ad
479 2664 588 2706 sensum
615 2664 845 2706 ex‘peditafNain
866 2672 940 2706 quod

159 2696 342 2740 Yulgzrredd‘it
358 2709 368 2726 ‹
385 2702 530 2740 ex_pr_etii_s
542 2703 611 2740 suis.
626 2713 634 2728 ι
646 2696 722 2740 quasi
735 2696 935 2740 remotius‘lest;

157 2734 207 2771 etsi
234 2734 270 2771 ita
287 2735 368 2762 etiam
398 2734 545 2771 Ethiopic.
573 2737 630 2764 Non
654 2734 728 2765 'male
747 2740 857 2767 Arabic.
882 2734 939 2768 «ei

157 2766 228 2809 fistu
246 2769 322 2809 ejus;
347 2779 356 2795 ι
385 2766 521 2809 est_cniirr
540 2781 571 2799 ea
588 2774 657 2800 ratio
673 2773 761 2801 facilis
782 2766 938 2802 distractior-7

156 2808 200 2830 ms
226 2806 368 2838 mercium,
397 2806 443 2833 scd
472 2809 611 2842 supposita
640 2809 775 2843 opulentia
803 2809 940 2846 civitatis,

1000 2140 1107 2172 τούτοις
1126 2140 1286 2176 δεδήλωται⁶
1303 2138 1384 2165 δεῖδὲ
1400 2139 1474 2174 ἡμᾶς
1492 2138 1539 2166 καὶ
1555 2138 1600 2165 τὸν
1617 2140 1716 2175 χρόνον
1732 2139 1795 2176 ἐξη-

1000 2186 1186 2223 κριὸωμένους
1211 2186 1266 2222 (87)
1291 2185 1435 2216 ἐκθέσθαι,
1460 2186 1489 2212 ἐν
1509 2182 1551 2217 οἷς
1572 2187 1679 2221 καιροῖς
1703 2187 1796 2214 ταῦτα

1000 2233 1181 2268 συμϐήσεται,
1204 2233 1251 2260 καὶ
1273 2232 1310 2263 ὡς
1328 2231 1358 2258 τὸ
1379 2231 1462 2268 κέρας
1479 2232 1509 2258 τὸ
1530 2233 1626 2267 μικρὸν
1649 2234 1678 2260 ὲν
1697 2233 1794 2265 αὐτοῖς

998 2278 1211 2314 ἀναφανήσεται.
1235 2277 1296 2304 Τῶν
1317 2277 1371 2314 γὰρ
1393 2277 1505 2313 κνημῶν
1525 2277 1579 2304 τῶν
1599 2278 1721 2314 σιδηρῶν
1736 2279 1793 2316 τῶν

999 2323 1047 2351 νῦν
1067 2324 1106 2350 ἔτι
1129 2323 1296 2360 κρατουσῶν,
1323 2323 1370 2350 ἐπὶ
1392 2323 1425 2350 τὰ
1449 2323 1513 2359 ῐχνη
1539 2323 1594 2350 τῶν
1617 2324 1720 2355 ποδῶν,
1742 2325 1793 2352 καὶ

998 2370 1061 2402 τοὺς
1079 2363 1429 2406 δακτύλουξίχωρησάντων
1450 2370 1522 2397 κατὰ
1541 2369 1591 2405 τὴν
1613 2370 1665 2406 τῆς
1683 2370 1794 2403 εἰκόνος

997 2575 1079 2605 quam
1095 2573 1217 2605 nostrum
1233 2569 1298 2596 illud
1313 2568 1363 2596 rite
1379 2569 1519 2604 designat;
1543 2577 1667 2605 veraque
1683 2576 1711 2599 ct
1735 2574 1789 2599 tor-

997 2603 1076 2640 malis
1093 2604 1161 2640 ratio
1186 2609 1225 2630 cst
1250 2603 1576 2640 constituendiieelebris
1602 2603 1733 2640 einporii,
1761 2612 1786 2634 rt

995 2638 1068 2671 quod
1092 2639 1129 2665 ita
1157 2643 1321 2666 mercatores
1349 2639 1395 2666 illo
1427 2639 1584 2667 ditescant:
1614 2638 1746 2669 [nobilitas
1759 2647 1788 2669 ct

994 2673 1092 2704 fastus,
1107 2673 1185 2707 quasi
1201 2679 1302 2701 remota
1326 2679 1353 2701 et
1370 2675 1534 2702 communis.
1552 2675 1674 2704 COIBEF.

1029 2708 1083 2741 (86)
1110 2708 1175 2734 Ὑπὸ
1188 2708 1255 2735 τῶν.
1272 2709 1407 2742 Combei’.,
1420 2710 1474 2736 ἀπὸ
1486 2711 1549 2736 τῶν.

1030 2743 1085 2778 (87)
1113 2743 1391 2779 Ἐξηκριϐωμένους.
1412 2744 1462 2772 Ms.
1476 2744 1607 2780 Elimia,
1637 2747 1785 2783 ἐξακριϐα-

994 2777 1132 2810 ζομένους.
1146 2778 1214 2806 Guo.

1010 2786 1132 2813 ομενους.
1146 2786 1214 2806 uno.
