1856 3050
43 113 94 141 7θι

599 112 643 140 DE
662 112 812 141 CHRISTO
831 113 875 141 ET
895 112 1138 141 ANTICHRISTO.

1630 114 1683 142 τω

41 172 218 209 φανέρωσιν,
237 171 285 200 καὶ
300 171 349 209 τὴν
370 171 416 199 τοῦ
433 172 529 208 θηρίου
549 172 596 199 τοῦ
615 172 730 209 φοϐεροῦ
751 172 832 206 δεῖξιν

934 174 961 200 :ri
979 181 1026 201 seu
1051 172 1177 208 imaginis
1195 177 1223 200 et
1238 176 1336 200 stature
1349 172 1609 206 manifestationem,
1634 173 1683 200 he-

41 218 142 251 καθὼς
172 219 342 255 σεσήμανται
365 221 394 246 ὲν
417 220 473 251 τοῖς
498 219 661 255 ἔμπροσθεν,
680 217 722 251 οἷς
737 221 843 255 καιροῖς

39 265 54 292 ὁ
68 265 188 300 σίδηρος
203 265 251 292 καὶ
267 265 297 292 τὸ
310 265 443 301 ὄστρακον
461 266 500 297 εὶς
516 266 613 292 ταυτὸν
631 266 842 301 ἀναμιγήσεται.

39 310 139 344 Δείξει
162 311 191 338 δὲ
209 312 274 346 ἡμῖν
296 311 396 347 Δανιὴλ
411 311 447 338 τὰ
466 311 644 347 προκείμενα.
671 312 751 346 Λέγει
772 313 841 348 γάρ·

43 367 52 383 ε
72 359 137 384 Καὶ
152 357 275 393 διαθήσει
289 357 341 393 (88)
355 357 486 394 διαθήκην
508 358 616 390 πολλοῖς
638 358 756 393 ἑϐδομὰς
780 358 846 394 μιαί

40 403 94 430 καὶ
122 403 212 434 ἔσται.
232 404 260 430 ὲν
278 403 317 439 τῷ
336 403 429 439 ἡμίσει
451 404 501 439 τῆς
525 403 671 439 ἑϐδομάδος
694 404 844 440 ἀρθήσεται

42 459 101 485 μου
131 450 215 476 ουσία
238 450 285 476 καὶ
311 451 421 486 σπονδή.
438 459 448 476 ι
478 450 550 477 Μίαν
571 451 620 486 μὲν
635 448 681 477 οὖν
710 451 845 487 ἑϐδομάδα

40 496 121 522 ὲτῶν
141 496 193 531 τὴν
209 496 325 532 ἐσχάτην
342 496 389 532 τὴν
404 497 451 523 ἐπὶ
468 496 507 532 τῷ
522 497 637 532 τέρματι
657 497 704 523 τοῦ
722 497 846 532 σύμπαν-

40 551 91 574 τος
116 542 224 577 κόσμου
246 542 378 577 ἐσομένην
400 543 443 569 ἐπ’
468 542 592 578 ἐσχάτων
612 543 668 579 (89)
691 543 843 579 ἐσήμανεν·

39 585 76 623 ἦς
99 588 252 623 ἑϐδομάδος
272 588 303 614 τὸ
325 588 373 623 μὲν
389 588 475 623 ἥμισυ
495 589 625 624 λήψονται
640 590 665 626 o_l
681 589 727 626 δύρ
741 590 846 625 προφῆ-

40 641 104 665 ται,
122 632 212 671 Ἐνῲχ
224 633 271 673 καὶ
285 633 386 673 Ἠλίας.
397 629 477 660 Οὗτοι
493 633 548 669 γὰρ
561 633 724 669 κηρύξουσιν
740 627 846 670 ἡμέρας

41 673 143 713 χιλίας
158 671 299 709 διακοσίας
313 671 453 713 ἐξήκοντα,
471 679 697 716 περιϐεϐλημένοι
717 680 844 713 σάκκους,

43 725 203 760 μετάνοιαν
225 724 264 759 τῷ
285 724 341 760 λαῷ
362 725 409 752 καὶ
425 726 492 752 πᾶσι
506 727 564 758 τοῖς
583 725 672 754 ἔθνεσι
695 727 847 762 καταγγέλ-

41 770 157 802 λοντες.

81 816 196 852 Ὠσπερ
210 815 264 852 γὰρ
281 816 328 843 δύο
348 817 495 852 παρουσίαι
509 816 556 844 τοῦ
569 817 672 853 Κυρίου
691 818 739 845 καὶ
756 818 847 854 Σωτῆ-

43 869 95 897 po;
118 849 202 896 ἡμῶν
217 849 265 888 διά
285 861 339 888 τῶν
355 849 471 898 Γράφῶν
493 849 666 898 ἐδείχθησαν·
687 864 737 899 μία
759 865 808 899 μὲν
862 849 882 877 Β

42 906 149 942 πρώτη
174 907 244 934 κατὰ
265 907 353 943 σάρκα
372 907 505 944 γενομένη
523 907 620 944 ἄτιμος
637 907 680 935 διὰ
695 909 725 936 τὸ
739 908 847 941 ἐξουθε-

42 955 168 991 ηθῆναι
189 955 244 991 (90)
268 955 365 989 αὐτὸν,
400 955 492 987 καθὼς
516 955 703 992 προανεφώνει
733 956 847 988 Ἡσαΐας

42 1001 158 1034 λέγων·
192 1010 202 1026 ι
217 1000 328 1036 Εἴδομεν
352 1000 432 1027 αὐτὸν
459 1001 507 1027 καὶ
523 1001 574 1027 οὐκ
597 1000 669 1036 εἶχεν
694 999 764 1033 εἶδος
787 1001 847 1028 οὐδὲ

42 1047 150 1078 κάλλος
163 1055 171 1062 ·
188 1047 256 1074 ἀλλὰ
272 1047 302 1073 τὸ
317 1044 385 1078 εἶδος
403 1046 486 1073 αὑτοῦ
511 1046 618 1082 ἄτιμον,
633 1047 756 1074 ἐκλεῖπον
771 1047 847 1084 παρὰ

43 1094 158 1124 πάντας
182 1093 246 1124 τοὺς
269 1091 438 1128 ἀνθρώπους.
460 1092 618 1128 Ἄνθρωπος
640 1093 668 1119 ὲν
688 1093 778 1129 πληγῇ
796 1093 845 1125 ὢν,

43 1139 95 1165 καὶ
120 1138 204 1170 εἰδὼς
228 1139 321 1174 φέρειν
346 1138 494 1173 μαλακίαν,
526 1138 577 1174 [ὅτι
600 1139 792 1174 ἀπέστραπται
814 1139 845 1166 τὸ

43 1185 201 1220 πρόσωπον
227 1184 334 1220 αὺτοῦ,]
360 1184 499 1220 ὴτιμάσθη
523 1185 571 1211 καὶ
595 1185 646 1211 οὐκ
672 1185 814 1220 ἐλογίσθη·
832 1194 842 1212 ι

43 1231 60 1266 ἡ
70 1231 102 1257 δὲ
115 1230 236 1266 δευτέρα
248 1231 383 1266 παρουσία
394 1230 477 1257 αὑτοῦ
488 1231 655 1266 κεκήρυκται
666 1231 768 1263 ἔνδοξος
776 1231 844 1267 (9i),

42 1277 84 1309 ὡς
114 1278 339 1313 παραγενήσεται
375 1277 422 1304 ἀπ’
450 1277 572 1313 οὐρανῶν
607 1278 676 1313 μετὰ
704 1278 844 1313 δυνάμεως

41 1322 178 1357 ἀγγέλων
192 1323 258 1359 (92),
276 1324 322 1350 κα)⁴
339 1324 478 1360 [ἰατρικῆς
495 1324 584 1360 δόξης,
598 1324 637 1356 ὥς
656 1333 737 1360 φησιν
753 1325 767 1351 ὁ
779 1333 847 1360 προ-

84 1419 109 1434 ιτ
131 1418 203 1445 Dan.
221 1426 258 1450 ix,
275 1418 320 1446 9.7.
359 1421 382 1437 ιι
400 1420 485 1456 Apoc.
501 1427 539 1453 ιιι,
558 1420 585 1447 5.
622 1419 645 1437 δ’
665 1418 718 1448 lsa.
737 1428 796 1454 Lm,
808 1420 835 1454 2,
852 1421 880 1449 5.

895 220 1008 253 stiaequc
1032 218 1214 247 formidabilis
1240 219 1359 254 speciem
1371 239 1378 250 ,
1401 219 1439 246 uti
1454 219 1481 245 in
1496 218 1683 253 superioribus

894 266 1066 301 designatum
1080 270 1138 298 est;
1157 265 1266 298 quando
1282 264 1405 292 futurum
1420 268 1478 298 est,
1495 268 1525 291 ut
1540 263 1643 291 ferrum
1656 269 1684 291 et

895 316 965 338 testa
982 311 1009 338 in
1024 318 1107 338 unum
1123 311 1298 338 misceantur.
1315 310 1445 338 Ostendet
1457 317 1522 337 vero
1537 310 1616 337 nobis
1627 309 1682 336 Da-

895 356 950 384 niel
968 357 1026 383 haec
1040 356 1076 383 ita
1090 356 1239 390 proposita.
1256 356 1301 382 Ait
1315 356 1386 382 enim
1407 365 1413 382 :
1434 364 1443 381 ‹
1459 354 1491 382 Ει
1505 355 1631 389 disponet
1645 359 1684 381 te-

898 406 1062 430 stamentum
1081 402 1175 429 multis
1189 401 1358 428 hebdomada
1377 409 1440 428 una.
1460 400 1493 428 Et
1505 401 1556 428 crit
1574 410 1581 428 :
1598 401 1624 428 in
1642 401 1685 427 di-

895 449 979 476 midio
1006 448 1184 475 hebdomadas
1203 447 1343 474 auferetur
1368 447 1531 474 sacrilicium
1551 454 1641 474 meum
1657 451 1684 473 et

896 495 991 522 libatio
1016 494 1051 521 ⁸⁷.
1082 504 1092 521 ι
1129 493 1216 521 Unam
1240 501 1305 528 ergo
1331 501 1464 520 annorum
1486 493 1683 520 hebdomadam

895 545 1046 569 extremam
1064 541 1237 576 signiﬁcavit,
1255 548 1313 574 qure
1328 540 1354 567 in
1367 540 1420 567 ﬁne
1436 541 1519 567 totius
1534 540 1627 567 mundi
1641 540 1685 567 fu—

897 592 957 615 tura
975 588 1027 617 sit:
1055 588 1134 622 cujus
1153 586 1329 614 hebdomade:
1349 587 1491 614 dimidium
1507 592 1615 614 sument
1629 587 1684 614 duo

896 634 1045 668 prophetae,
1059 632 1152 660 Enoch
1166 638 1192 660 et
1203 633 1286 661 Elias.
1304 632 1336 660 lli
1347 633 1418 660 enim
1430 633 1615 668 praedicabunt
1625 633 1684 661 dies

896 679 970 706 mille
995 679 1128 706 ducentos
1160 679 1317 714 sexaginta,
1345 679 1438 706 amicti
1464 679 1551 706 saccis
1566 679 1610 712 ⁸⁸;
1637 679 1684 714 qui

897 725 1026 752 nimirum
1049 725 1150 760 populo
1175 725 1336 760 cunctisque
1356 725 1481 761 gentibus
1497 726 1685 760 poanitentiam

896 771 1028 798 indicant.

934 817 1027 845 XLIV.
1048 817 1281 851 Quemadmodum
1296 818 1367 845 enim
1382 818 1481 852 duplex
1498 818 1577 845 nobis
1595 817 1686 845 Domi-

897 864 924 892 ni
938 872 970 891 ac
987 863 1137 891 Salvatoris
1150 864 1284 891 adventus
1304 862 1509 898 Scripturarum
1529 863 1686 891 testimonio

897 910 1022 946 proditus
1044 914 1101 943 est;
1134 917 1205 937 unus
1226 909 1335 944 quidem
1360 917 1391 937 ac
1413 910 1518 944 primus
1541 911 1568 937 in
1594 918 1684 942 carne,

897 957 971 985 nulla
987 957 1121 983 honorum
1145 963 1243 991 pompa
1260 964 1291 984 ac
1307 957 1446 989 claritate,
1471 962 1501 984 ut
1514 957 1685 992 despicabilis

898 1003 979 1036 foret,
1003 1006 1033 1029 ut
1056 1003 1120 1030 olim
1146 1003 1310 1037 vaticinatus
1335 1002 1423 1029 fuerat
1446 1002 1540 1034 Isaias,
1566 1003 1683 1031 dicens:

901 1058 911 1075 ‹
927 1048 1052 1076 Vidimus
1067 1056 1140 1081 cum,
1157 1053 1182 1076 ct
1198 1056 1251 1075 non
1269 1048 1386 1075 habebat
1403 1048 1519 1083 speciem
1536 1057 1623 1083 neque
1639 1050 1686 1077 de—

898 1103 989 1123 corem
1006 1104 1013 1122 :
1028 1094 1074 1123 sed
1094 1094 1198 1131 species
1211 1095 1270 1130 ejus
1286 1099 1441 1129 contempta
1458 1100 1485 1122 et
1499 1095 1627 1123 deﬁciens
1640 1103 1686 1122 su-

895 1150 946 1178 pra
967 1150 1063 1170 omnes
1093 1141 1228 1169 homines.
1263 1141 1351 1169 llomo
1373 1142 1399 1168 in
1423 1142 1500 1177 plaga
1524 1141 1645 1176 positus,
1660 1147 1686 1169 et

897 1187 987 1215 sciens
1011 1187 1082 1214 ferre
1105 1187 1306 1221 inﬁrmitatem;
1335 1187 1397 1222 quia
1421 1195 1515 1214 aversa
1541 1191 1583 1214 est
1601 1187 1685 1215 facies

895 1234 971 1269 ejus,
998 1233 1139 1269 despecta,
1163 1234 1319 1269 nulliusque
1346 1234 1459 1261 rationis
1488 1235 1581 1261 habita
1602 1235 1646 1268 “;
1673 1244 1683 1261 ι

897 1279 966 1306 alter
983 1287 1048 1307 vero
1065 1280 1124 1315 ejus
1142 1279 1274 1307 adventus
1288 1280 1315 1307 in
1332 1279 1474 1314 majestate
1491 1279 1599 1308 futurus
1615 1287 1686 1316 prat-

898 1325 1006 1353 dicatus
1020 1329 1071 1358 est,
1098 1325 1208 1361 quando
1221 1326 1255 1353 de
1269 1325 1345 1353 ctelis
1357 1325 1448 1353 veniet
1462 1326 1619 1361 angelorum
1635 1327 1685 1354 sti-

84 1501 143 1536 (88)
165 1500 222 1527 Kal
241 1499 392 1537 διαθήσει,
416 1511 426 1527 ι
442 1502 577 1536 disponet.
604 1512 614 1528 ι
639 1503 745 1537 Reliqui
765 1503 846 1530 δυνα-
860 1505 881 1534 c
898 1502 1036 1537 majestas,
1051 1501 1198 1537 sitChristi
1215 1501 1343 1536 majestas
1357 1505 1383 1528 et
1398 1501 1483 1536 gloria
1496 1509 1544 1528 seu
1560 1501 1682 1534 claritas,

47 1535 160 1571 μώσει,
186 1535 261 1570 quod
285 1538 465 1564 communiter
478 1535 593 1565 reddunt
610 1548 619 1563 «
634 1535 815 1566 conﬁrmabit.
834 1548 843 1563 ι

45 1572 136 1604 Quasi
161 1571 305 1608 robustum
332 1572 495 1608 ﬁrmumque
510 1573 619 1608 reddet,
640 1573 754 1600 devictis
768 1574 847 1608 plane

46 1615 135 1643 grave
159 1616 165 1632 :
191 1606 263 1643 unde
284 1607 437 1643 etVSyriac.
450 1606 462 1635 7;
483 1616 492 1634 ι
507 1607 594 1636 Grave
609 1609 703 1635 reddet
717 1606 814 1636 fmd'us.
833 1618 842 1634 ι

46 1642 133 1669 Nullo
150 1641 238 1679 modo
262 1641 414 1679 audiendus
426 1643 532 1679 videtur
547 1643 708 1679 Hippolytus
719 1664 726 1676 ,
751 1644 798 1678 qui
812 1644 846 1671 ad

47 1677 208 1705 secundum
225 1679 282 1705 haec
293 1678 437 1705 adventurm
450 1678 551 1706 Christi
564 1677 590 1705 et
601 1677 637 1706 ad
647 1677 845 1706 Antichristum

47 1713 163 1745 trahat;
192 1720 255 1741 cum
277 1713 373 1747 reliqui
395 1714 492 1740 melius
508 1714 540 1740 ad
554 1714 654 1742 Christi
670 1715 787 1749 primum
803 1715 847 1741 ad-

46 1752 305 1784 yentnmrspectare
320 1749 404 1784 Velint
416 1769 422 1780 ,
451 1748 565 1784 ejusque
581 1748 677 1777 mortis
691 1757 800 1784 poenam
819 1754 845 1777 ct

46 1782 308 1818 Hierosolymorum
325 1782 472 1817 excidium,
486 1782 671 1811 Romanorum
684 1782 752 1812 duce
764 1784 843 1812 Tito:

46 1818 168 1853 quando
183 1823 279 1846 exusto
294 1819 404 1853 templo.
421 1819 461 1853 sic
478 1819 586 1846 victima
611 1820 727 1847 cessavit
740 1824 767 1847 et
781 1820 846 1846 liba-

47 1850 244 1890 tiotdesolato
260 1854 329 1884 loco,
346 1850 401 1888 quo
415 1850 502 1890 solum
518 1853 607 1890 facere
624 1855 730 1882 licebat.
747 1855 845 1890 Capta-

48 1890 89 1916 tio
107 1888 169 1915 hac
186 1890 251 1916 certi
270 1890 398 1923 temporis
413 1888 584 1922 Antichristi,
607 1895 636 1917 ut
650 1894 676 1917 et
689 1888 794 1917 Christi
811 1890 845 1917 ad

43 1923 189 1959 judicium
205 1924 312 1959 venturi
328 1924 439 1951 omnino
456 1925 586 1954 cavenda.
602 1925 674 1959 quod
692 1933 772 1952 nosse
788 1926 846 1952 haec

48 1958 188 1986 mortales
206 1958 379 1987 Providentia
410 1959 536 1986 noluerit.
575 1958 713 1987 Videndus
741 1959 840 1988 Chrvs.

48 1995 131 2031 hom.
145 1993 164 2020 2
179 1993 453 2031 οιιυςνδοδλλιιιιιζοδ,
484 1999 511 2022 et
536 1995 717 2031 Hieronymus
739 1996 768 2022 in
792 1993 845 2022 Da-

47 2028 118 2055 m’el.
137 2037 177 2066 ιιι,
193 2030 294 2064 aliique
309 2029 375 2056 ibid.
391 2029 512 2066 Scaliger
530 2031 548 2058 ι.
565 2039 592 2058 νι
613 2028 724 2059 Emend.
746 2036 844 2066 tempo—

48 2072 125 2090 rum.
141 2063 263 2091 Conseri

88 2099 150 2134 (89)
167 2100 241 2137 ΔἘπ’
257 2100 410 2137 ἐσχάτων,
430 2099 475 2128 Sic
489 2101 580 2134 modo,
598 2101 675 2129 initio
689 2101 771 2136 hujus
783 2109 842 2137 cap.

47 2134 240 2162 Combeﬁsius
252 2141 353 2166 tamen.
369 2136 411 2162 ἐπ’
427 2137 552 2166 ὲσγάτου.

173 2169 435 2208 ουρενηᾷῆνίέι.
447 2168 569 2199 Cbmbef.
575 2192 581 2202 ,
592 2171 810 2208 ἐξουδένωοῆναι.

89 2205 149 2239 (9t)
173 2205 328 2242 Ἐνδοξος.
341 2205 385 2242 lla_
393 2206 574 2235 Combeﬁsius
589 2216 596 2234 :
611 2207 684 2242 quod
699 2205 792 2241 postea
805 2207 846 2234 vi-

49 2248 116 2277 sum
131 2241 340 2277 probatumque
365 2240 468 2276 Tanaq.
483 2242 582 2270 Fabro.
599 2240 669 2269 Edit.
687 2240 757 2270 Gud.
774 2243 846 2277 apud

49 2275 225 2308 Fabricium,
240 2275 363 2308 ἐνδόξως.

70 2346 76 2351 ¹
89 2310 150 2345 (92)
172 2309 255 2338 Μετὰ
267 2311 420 2351 δυνᾴμεως
433 2311 699 2351 ἀγγέᾼῳν.-ῐ]ι)ὶ‹ιιιο
712 2313 846 2351 quasive-

50 2347 96 2382 gia
113 2353 214 2383 pompa
225 2367 232 2378 ,
261 2347 560 2383 angelorumrsatellitio
575 2348 704 2383 frequens
715 2347 847 2376 describi-

50 2380 100 2408 tur
115 2381 253 2419 gloriong
270 2380 428 2419 hicfihristi
443 2383 574 2419 adventus
590 2393 598 2410 :
613 2380 662 2410 n'cc
674 2383 753 2411 aliter
768 2391 848 2419 expo-

51 2416 147 2454 nenda
166 2416 193 2442 in
209 2416 362 2454 Evangeliis
374 2424 425 2454 vox
441 2417 569 2454 δύναμις,
584 2418 683 2454 ubiiila
699 2416 847 2454 usurpatur

51 2453 86 2479 ad
117 2451 302 2487 propositum.
329 2451 436 2485 Matth.,
451 2451 524 2485 xxiv,
539 2454 591 2480 50:
608 2463 617 2479 ι
634 2451 791 2482 Venientcin
819 2454 847 2481 iu

51 2487 178 2525 nubibus
201 2487 275 2525 geli,
306 2487 374 2525 μετὰ
396 2487 535 2524 δυνάμεως
560 2489 607 2515 καὶ
628 2489 711 2525 δόξης
736 2490 845 2525 πολλῆς.

54 2521 138 2557 Vulg.
171 2531 181 2547 ι
197 2522 265 2549 Cum
289 2523 389 2549 virtute
409 2521 506 2558 magna
533 2528 558 2551 et
581 2521 738 2558 majestate,
756 2535 765 2551 ι
790 2521 847 2552 sive

52 2558 187 2595 gloriaret
199 2558 337 2595 claritate;
362 2557 409 2595 cui»
425 2557 521 2595 r_eliqui
544 2557 848 2595 cumCt‘aacisjungunt

52 2592 232 2627 adjectivum.
264 2592 313 2622 At.
338 2593 410 2626 quod
432 2592 498 2621 Luc.
522 2602 566 2626 ix,
589 2594 642 2627 26,
662 2595 697 2621 ita
711 2592 845 2622 habetur:

52 2629 147 2666 ’ξΟταν¹
157 2627 223 2666 ἔλθῃ
230 2629 260 2666 ἓν
274 2628 308 2663 τῇ
322 2627 385 2663 δόξῃ
396 2628 538 2666 αὐτοῦ-κα).
551 2629 598 2656 τοῦ
613 2630 720 2666 Harpe;
733 2631 779 2658 καὶ
793 2631 847 2657 τῶν

53 2664 143 2697 ἁγίων
165 2663 301 2698 ἀγγέλων·
328 2669 354 2690 et
371 2665 408 2690 ita
425 2669 455 2691 ut
473 2664 566 2692 Graeca
590 2663 706 2697 habent,
732 2666 848 2693 reddidit

56 2698 137 2733 Vulg.
164 2707 175 2724 ι
193 2699 263 2725 Cum
285 2699 390 2726 venerit
412 2698 439 2725 in
453 2700 592 2734 majestate
615 2709 663 2728 sua
678 2705 705 2728 et
718 2700 806 2728 Patris
820 2705 848 2728 et

55 2734 394 2770 sanctorumrangelorttm
410 2753 417 2766 ,
435 2743 445 2759 ι
468 2736 532 2762 mihi
549 2743 660 2770 prorsus
679 2741 846 2770 suspectum,

57 2776 143 2804 exque
155 2768 286 2796 Matthiae
304 2773 331 2795 et
343 2768 451 2802 Marco,
468 2768 592 2798 eumdem
608 2775 710 2798 textum
728 2768 845 2799 referen-

59 2805 146 2841 tibus,
171 2804 396 2841 emendandum;
418 2808 449 2831 ut
471 2806 572 2839 ubique
583 2807 672 2841 angeli
685 2807 787 2834 Christi
803 2814 847 2834 sa-

58 2840 152 2868 tellitio
166 2839 286 2868 mutiles
299 2839 500 2874 describantur,
516 2849 570 2869 non
584 2839 701 2877 quorum
715 2842 800 2878 gloria
818 2848 844 2869 et

898 1538 968 1565 sicut
984 1539 1041 1572 ipsa
1058 1545 1108 1564 sua
1121 1541 1148 1563 et
1163 1536 1268 1569 Patris,
1282 1537 1320 1563 uti
1337 1537 1432 1563 horum
1450 1538 1593 1563 verborum
1611 1541 1684 1564 totus

898 1577 987 1604 tenor,
1017 1580 1098 1599 sensu
1117 1572 1208 1598 minus
1232 1572 1373 1606 apposito,
1399 1572 1552 1606 stgnilicare
1567 1572 1682 1599 videtur.

898 1607 944 1635 Sic
968 1611 1041 1634 certe
1064 1608 1159 1641 reliqui
1186 1607 1355 1641 interpretes.
1376 1607 1436 1642 Syr.
1468 1616 1477 1632 ι
1496 1606 1564 1633 Cum
1578 1608 1683 1634 venerit

897 1643 924 1669 in
940 1642 1024 1678 gloi'ia
1048 1642 1139 1669 Patris
1164 1643 1217 1672 sui,
1236 1650 1297 1678 cum
1311 1643 1414 1677 angelis
1431 1642 1517 1676 ipsius
1540 1650 1685 1678 sacrosan-

897 1677 966 1705 ctis’:
987 1687 996 1703 ι
1024 1685 1084 1711 qtae
1105 1682 1170 1704 sunt
1192 1677 1356 1712 ipsailllarci
1378 1678 1458 1704 verba
1472 1685 1529 1709 vuI,
1546 1677 1590 1708 58,
1605 1679 1633 1703 ὲν
1650 1678 1682 1712 τῇ

896 1713 959 1750 δόξῃ
986 1713 1032 1750 τοᾷ
1058 1713 1164 1748 Πατρὸς
1188 1711 1287 1750 αυτοῦ,
1315 1713 1385 1750 μετά
1407 1712 1607 1750 τῷνιὰγγέλων
1630 1711 1683 1738 τῶν

897 1747 992 1782 ἁγίὼν,
1008 1747 1102 1774 Matth.
1117 1747 1172 1774 itvu
1184 1769 1190 1778 ,
1206 1748 1239 1774 27
1257 1757 1263 1774 :
1290 1757 1299 1773 ι
1317 1747 1344 1774 ln
1362 1748 1446 1783 gloria
1462 1747 1555 1783 Patris,
1565 1748 1606 1775 sui
1621 1755 1682 1774 cum

897 1784 999 1818 angelis
1016 1783 1083 1815 suis,
1102 1793 1111 1809 ι
1134 1783 1202 1818 μετὰ
1216 1783 1269 1809 τῶν
1285 1782 1406 1817 ἀγγέλων
1418 1783 1511 1809 αὐτοῦ.
1536 1782 1591 1810 Ncc
1606 1783 1684 1809 aliter

897 1819 923 1845 in
942 1819 1014 1845 Luca
1030 1819 1111 1845 etiam
1133 1819 1266 1845 Arabicus
1289 1824 1315 1844 et
1334 1818 1460 1846 Persicus
1484 1818 1658 1845 reddiderunt
1675 1827 1682 1844 :

896 1861 949 1880 non
963 1855 1014 1880 alia
1031 1854 1109 1888 plane
1123 1854 1239 1886 ratione,
1256 1861 1337 1888 quam
1355 1855 1419 1888 quia
1434 1853 1559 1880 meliores
1573 1853 1683 1880 Graecos

896 1889 1003 1916 codices
1017 1889 1088 1916 nacti
1102 1893 1182 1920 sunt,
1196 1889 1246 1915 etsi
1269 1889 1349 1923 modo
1367 1896 1421 1915 non
1435 1893 1596 1923 suppetunt,
1613 1895 1682 1922 quos

895 1925 1029 1956 noverim,
1043 1924 1088 1958 qui
1105 1924 1142 1950 ita
1158 1923 1284 1951 habeant.
1305 1922 1441 1958 Obrepere
1461 1925 1541 1950 etiam
1560 1923 1684 1957 Scriptu—

895 1959 933 1986 ris
947 1959 1100 1991 canonicis,
1125 1960 1242 1985 humana
1259 1958 1298 1986 vel
1313 1958 1456 1993 fragilitate
1468 1960 1509 1986 vel
1525 1959 1682 1993 oscitantia,

896 1994 1004 2021 fallente
1029 2002 1111 2021 manu
1132 1994 1246 2025 scribae,
1272 1994 1371 2021 menda
1395 1995 1502 2028 aliqua,
1523 1994 1615 2021 notius
1628 1999 1679 2026 est,

895 2037 976 2064 quam
991 2034 1021 2056 ut
1035 2033 1112 2064 egeat
1127 2029 1180 2055 ulla
1195 2030 1354 2063 probatione
1364 2049 1372 2061 ,
1397 2030 1467 2064 apud
1482 2037 1529 2056 eos
1545 2030 1591 2064 qui
1609 2028 1683 2056 Scri-

895 2063 988 2098 pturas
1005 2063 1097 2091 sacras
1117 2070 1146 2091 ut
1162 2065 1317 2099 apographa
1332 2063 1505 2096 venerantur,
1533 2063 1573 2091 vel
1600 2065 1683 2090 etiam

895 2104 925 2126 ut
941 2100 1079 2127 versiones
1090 2120 1097 2132 ,
1115 2107 1169 2126 non
1185 2104 1213 2125 ut
1234 2100 1291 2133 ipsa
1307 2100 1386 2134 quasi
1411 2099 1457 2126 Dei
1482 2100 1567 2134 digito
1581 2099 1683 2133 scripta.

895 2135 1080 2169 autographa,
1107 2142 1138 2162 ac
1164 2135 1355 2169 prophetarum
1379 2142 1461 2161 manu
1478 2139 1606 2166 exarata,
1633 2141 1681 2161 seu

860 2174 885 2204 υ
898 2171 979 2197 ctiam
1004 2170 1056 2210 illis
1080 2170 1171 2210 divino
1192 2170 1298 2210 ἒβη-ιιι]
1324 2175 1354 2210 εει.¹
1372 2170 1529 2210 prophetico
1544 2169 1682 2210 recognita

898 2210 979 2239 atque
994 2206 1157 2239 subscripta.
1190 2205 1316 2232 Ecclesia;
1333 2204 1384 2236 sit,
1400 2205 1519 2231 virorum
1536 2204 1682 2231 doctorum.

896 2248 978 2274 opera
999 2248 1030 2267 ac
1052 2240 1161 2267 solertia
1172 2260 1179 2272 ,
1194 2240 1265 2266 κατὰ
1281 2241 1391 2276 καιροὺς
1407 2241 1568 2276 emendare,
1585 2239 1680 2266 melio-

897 2283 957 2302 rum
975 2275 1099 2303 codicum
1114 2283 1165 2310 ope
1177 2283 1209 2302 ac
1227 2275 1373 2310 antiquiori
1392 2275 1551 2307 traditione,
1579 2282 1632 2301 non
1648 2282 1682 2301 ex

897 2318 948 2338 suo
962 2311 1058 2345 capite,
1074 2312 1146 2346 quod
1161 2311 1241 2338 nulla:
1254 2310 1310 2345 jam
1323 2314 1429 2337 exstent
1442 2310 1501 2346 ejus
1511 2310 1681 2346 generisrno-

896 2354 937 2373 va:
953 2346 1147 2379 reVelationes;
1166 2346 1297 2381 nullaque
1312 2346 1347 2372 sit
1365 2345 1436 2372 illius
1451 2345 1527 2378 ﬁdes,
1546 2345 1592 2379 qui
1609 2345 1683 2371 dicat

897 2389 927 2408 se
940 2381 1040 2408 habere
1055 2389 1062 2407 ι
1077 2381 1161 2408 divini
1178 2380 1382 2415 vero'Spiritus
1406 2380 1528 2407 muneris
1551 2381 1586 2407 sit
1600 2385 1681 2414 atque

897 2416 1019 2444 numinis
1031 2424 1086 2451 quo
1101 2423 1207 2451 semper
1229 2416 1377 2443 Ecclesiam
1399 2416 1485 2450 regit,
1507 2421 1537 2442 ut
1557 2422 1605 2450 per
1619 2422 1679 2451 eam

897 2450 1078 2484 occasionem,
1094 2450 1166 2478 nihil
1177 2459 1232 2486 quo
1245 2451 1335 2478 divina
1352 2451 1418 2478 ﬁdes
1430 2451 1559 2484 hedatur,
1575 2451 1601 2477 in
1621 2450 1682 2476 uui-

896 2495 1002 2514 vcrsam
1027 2487 1175 2514 Ecclesium
1201 2491 1228 2513 et
1250 2487 1410 2514 catholicam
1431 2487 1561 2520 obrepere
1582 2486 1653 2513 sinat
1671 2494 1679 2512 :

897 2522 960 2549 aliis
974 2523 1082 2549 interim
1097 2521 1288 2548 minutioribus
1301 2521 1440 2548 hominum
1456 2520 1631 2556 disputationi
1647 2527 1681 2547 ac

897 2558 998 2584 critica
1013 2557 1123 2584 relictis.
1152 2556 1263 2591 Hocque
1280 2557 1398 2583 maxime
1417 2557 1483 2583 satis
1506 2561 1682 2591 prospectum

898 2591 1101 2626 Scripturarum
1118 2592 1263 2627 integritati
1281 2599 1312 2619 ac
1329 2592 1440 2626 puritati
1457 2601 1463 2619 ε
1480 2592 1577 2626 vixque
1595 2591 1681 2627 addu-

897 2632 976 2655 catur
992 2632 1021 2654 ut
1031 2627 1110 2654 aliter
1125 2626 1216 2654 credat
1229 2632 1310 2662 atque
1323 2627 1432 2660 sentiat,
1447 2627 1494 2662 qui
1508 2628 1588 2654 conte
1598 2626 1680 2653 docili

897 2671 929 2690 ac
942 2662 1049 2690 erudito
1074 2663 1203 2698 praaditus
1228 2661 1280 2695 sit;
1307 2663 1431 2696 maleque
1445 2661 1554 2690 sectarii
1571 2661 1683 2696 quidvis

897 2698 970 2725 aliud
984 2698 1126 2726 catholicis
1139 2698 1287 2732 objectant,
1305 2698 1378 2732 quod
1395 2698 1555 2725 modestiam
1569 2698 1681 2732 pluscu-

897 2733 953 2760 lum
968 2734 1069 2766 colant,
1092 2741 1142 2761 nec
1165 2733 1244 2760 facile
1258 2737 1348 2768 vetera
1362 2733 1431 2767 (ipsa
1443 2741 1491 2760 sua
1506 2733 1681 2768 simplicitate

897 2769 1050 2796 veneranda
1062 2789 1069 2801 ,
1097 2769 1239 2804 magisque
1259 2776 1293 2795 ex
1308 2767 1435 2804 Ecclesiae
1449 2767 1595 2796 traditione
1606 2787 1614 2800 ,
1632 2776 1680 2795 cu-

897 2803 984 2839 jusvis
998 2805 1074 2832 scioli
1090 2802 1304 2839 opiliationibus,
1322 2802 1465 2831 Vatiniano
1475 2803 1681 2839 inrpontiﬁcios,

899 2838 927 2867 ut
940 2839 1043 2868 insulse
1056 2838 1163 2873 vocant.
1177 2838 1250 2876 odio)
1261 2838 1374 2866 convelli
1387 2839 1486 2867 sinant.
1503 2838 1610 2866 Utinam
1625 2845 1682 2866 uno
