1856 3050
50 119 101 146 765

595 124 638 152 DE
658 124 808 153 CHRISTO
828 125 870 152 ET
891 126 1131 156 ANTICHRISTO.
1158 146 1165 153 .

1623 133 1672 160 766

51 187 91 204 σει
107 177 234 212 δικαίων,
249 179 352 215 μήποτε
377 179 459 207 ἐλθὼν
476 181 587 215 πατάξω
601 182 651 219 τὴν
663 183 713 218 γῆν
725 183 816 219 ἄρδην.

912 185 1116 213 Linobedientes
1130 184 1163 212 ad
1179 185 1350 220 prudentiam
1375 187 1512 221 justorum
1531 197 1538 215 :
1554 196 1587 216 ne
1604 189 1672 218 forte

50 221 128 251 Οὗτοι
151 221 200 251 οὖν
224 225 440 261 παραγενόμενοι
463 227 609 263 κηρύξουσι
625 228 674 264 τὴν
690 229 836 264 μέλλουσαν

52 268 160 295 ἔσεσθαι
181 269 241 296 ἀπὸ
264 270 384 305 οὐρανῶν
405 271 523 306 Χριστοῦ
547 273 721 308 ἐπιφάνειαν·
742 274 768 302 οἳ
790 275 836 301 καὶ

50 314 191 348 ποιήσουσι
224 315 324 349 σημεῖα
351 315 397 342 καὶ
424 315 525 351 τέρατα
550 318 589 349 εἰς
614 318 644 344 τὺ
669 319 720 345 κᾶν
751 319 836 351 οὕτως

49 358 209 394 δυσωπῆσαι
242 360 290 386 καὶ
321 360 481 396 ἐπιπρέψαι
517 362 580 393 τοὺς
610 361 768 398 ἀνθρώπους
795 364 835 395 εἰς

51 402 210 438 μετάνοιαν,
234 404 278 431 διὰ
298 405 347 441 τὴν
367 405 587 442 ὑπερϐάλλουσαν
609 407 698 434 αὐτῶν
719 408 833 444 ἀνομίαν

48 458 77 475 τε
95 449 142 475 καὶ
159 449 302 477 ἀσέϐειαν.

80 495 161 530 Λέγει
172 495 230 532 γὰρ
256 496 397 533 Ἰωάννηςν
419 506 428 523 ‹
448 498 503 525 Καὶ
517 498 594 526 δώσω
611 501 666 532 τοῖς
682 501 742 528 δυσὶ
762 501 832 537 μάρ-

48 540 104 567 τυσί
118 549 180 576 μου,
199 542 250 568 καὶ
261 542 494 577 προφητεύσουσιν
508 544 613 580 ἡμέρας
630 545 717 580 χιλίας
740 546 831 573 διακο-

49 588 106 620 σίας
118 587 264 624 ἐξήκοντα,
281 588 504 624 περιϐεϐλημένοι
518 590 651 623 σάκκους·
665 601 674 617 ι
693 593 829 626 Τουτέστι,

47 633 75 659 τὸ
88 633 173 668 ἥμισυ
189 634 242 668 τῆς
251 634 405 670 ἑϐδομάδος,
419 633 454 671 ἦς
474 636 569 672 εῐρηκε
591 637 699 673 Δανιήλ.
726 647 735 664 ι
753 636 831 666 Οὗτοί

49 679 111 704 είσιν
126 679 152 706 αἱ
167 678 216 706 δύο
232 680 321 706 ἐλαῖαι
334 680 380 707 καὶ
392 681 420 707 αἱ
436 680 484 707 δύο
495 681 598 717 λυχνίαι
612 683 639 709 αί
656 682 769 710 ἐνώπιον
784 683 829 710 τοῦ

49 724 145 760 Κυρίου
161 726 212 761 τῆς
226 726 278 761 γῆς
291 726 406 753 ἑστῶσαι
416 735 422 742 ·
438 727 484 754 καὶ
498 727 525 754 εί
537 737 578 760 τις
601 728 699 761 αὐτοὺς
723 729 830 766 θελήσει

49 768 180 804 ἀδικῆσαι,
195 769 254 806 πῦρ
269 770 437 803 ἐξελεύσεται
456 772 488 799 ἐκ
505 772 552 799 τοῦ
571 773 703 809 στόματος
727 775 828 808 αὐτῶν,

49 812 92 839 Ital.
101 814 240 841 κατεσθίει
253 815 317 847 τοὺς
328 815 440 851 ἐχθροὺς
455 817 544 844 αὐτῶν
554 826 560 832 ·
576 818 623 844 καὶ
635 818 663 845 εί
671 827 712 850 τις
722 819 828 855 θελήσει

888 231 993 257 veniam
1007 252 1015 263 ,
1044 236 1071 258 et
1087 231 1236 266 percutiam
1255 238 1352 259 terram
1368 233 1476 267 penitus
1492 234 1523 261 “.
1540 244 1549 260 I
1579 234 1611 262 Hi
1623 236 1674 263 ita-

886 283 940 310 que
955 277 1094 304 venientes
1110 277 1293 312 przedicahunt
1312 278 1431 306 futuram
1454 279 1555 307 Christi
1568 288 1583 308 e
1594 283 1671 309 caelis

886 322 1100 356 apparitionem;
1125 322 1278 358 faciemque
1299 324 1376 359 signa
1390 329 1417 351 et
1438 325 1570 361 prodigia,
1587 331 1616 354 ut
1628 328 1671 355 vel

884 366 925 394 sic
941 366 1078 395 inﬂectant
1089 373 1170 403 atque
1188 373 1346 396 convertant
1361 369 1500 398 hominum
1513 372 1619 398 animos
1635 371 1669 398 ad

884 413 1084 446 paenitentiam,
1098 413 1132 440 ob
1146 414 1257 441 nimiam
1276 414 1476 450 improbitatem
1497 425 1529 444 ac
1545 417 1669 452 impieta-

884 461 938 484 tem
955 465 1008 491 qua
1021 458 1156 485 laborant.

919 502 1022 530 XLVll.
1037 503 1080 530 Ait
1094 504 1166 531 enim
1183 503 1319 532 Joannes:
1340 515 1349 531 ι
1366 505 1399 532 Ει
1415 507 1485 535 dabo
1502 508 1608 537 duobus
1628 514 1668 537 te-

883 549 970 577 stibus
995 549 1078 581 meis,
1099 555 1126 577 et
1150 551 1350 585 prophetabunt
1370 553 1427 580 dies
1444 554 1516 581 mille
1537 555 1668 583 ducentos

882 594 1037 630 sexaginta,
1063 595 1155 622 amicti
1178 597 1265 624 saccis
1283 597 1316 623 ⁵⁷.
1336 607 1345 623 ι
1371 597 1429 626 lloc
1447 603 1504 626 est:
1524 601 1666 629 dimidium

881 639 953 668 istud
979 640 1165 673 hebdomadae,
1194 642 1227 669 de
1248 650 1301 677 qua
1325 642 1417 670 Daniel
1444 644 1550 673 locutus
1571 647 1593 665 ⁸⁵³
1614 653 1666 676 est.

884 694 894 710 ‹
910 684 954 712 Isti
977 689 1041 713 sunt
1053 686 1113 713 duae
1128 687 1204 714 oliva:
1220 692 1247 714 et
1263 688 1317 715 duo
1330 689 1491 716 candelabra
1511 691 1537 717 in
1554 699 1668 727 conspe-

880 736 924 758 ctu
936 731 982 758 Dei
999 736 1078 759 terrae
1091 733 1200 760 stantia.
1213 733 1247 760 Et
1261 734 1284 761 si
1297 734 1358 768 quis
1374 735 1490 762 voluerit
1502 736 1542 763 eis
1556 745 1665 771 nocere,

880 778 950 813 ignis
967 778 1037 805 exiet
1051 779 1084 806 de
1100 787 1146 806 ore
1160 787 1269 812 eorum,
1287 785 1314 807 et
1325 780 1465 809 devorabit
1479 782 1605 811 inimicos
1619 792 1667 811 eo-

880 832 952 851 rum.
968 823 1001 851 Et
1013 825 1034 852 si
1051 825 1112 860 quis
1123 826 1238 854 voluerit
1251 835 1297 855 eos
1312 828 1416 862 l:ctlere,
1430 829 1470 857 sic
1486 835 1591 865 oportet
1603 839 1665 858 eum

50 857 76 884 ὲν
87 859 188 890 τούτοις
200 859 342 894 ἀδικῆσαι,
354 860 440 892 οὕτως
458 861 499 888 δεῖ
517 862 598 889 αὐτὸν
617 862 817 899 ἀποκτανθῆναι

913 868 976 896 cidi.
1000 869 1032 896 Hi
1049 855 1149 898 habent
1166 876 1324 906 potestatem
1339 873 1481 901 claudendi
1497 855 1594 902 «malum
1606 896 1613 907 ,
1632 884 1666 903 ne

50 899 122 930 Οὗτοι
137 903 246 939 ἔχουσιν
261 904 382 937 ἐξουσίαν
396 906 499 934 κλεῖσαι
511 906 557 934 τὸν
573 908 702 944 οὐρανὸν,
725 909 768 936 ἵνα
793 910 829 946 μὴ

49 949 119 981 ὑετὸς
132 950 214 986 βρέξῃ
229 950 281 982 τὰς
295 952 401 988 ἡμέρας
411 953 461 988 τῆς
477 955 643 990 προφητείας
658 955 747 982 αὐτῶν
758 976 766 988 ,
783 958 829 984 καὶ

50 995 162 1027 ἐξουσίαν
177 996 285 1031 ἔχουσιν
302 998 348 1023 ἐπὶ
362 998 416 1025 τῶν
430 999 534 1026 ὑδάτων
555 1000 680 1036 στρέφειν
700 1001 770 1028 αὐτὰ
790 1003 829 1034 είς

50 1039 121 1077 αἷμα,
140 1042 187 1069 καὶ
199 1043 320 1075 πατάξαι
336 1043 383 1080 τὴν
399 1044 451 1080 γῆν
465 1046 494 1072 ἐν
511 1045 584 1082 πάσῃ
608 1047 716 1083 πληγῇ,
735 1048 828 1081 ὁσάκις

51 1087 92 1114 ἐὰν
105 1087 267 1124 [θελήσωσι.
286 1099 295 1115 ι
307 1091 363 1116 Καὶ
376 1089 460 1126 ὅταν]
471 1091 598 1119 τελέσωσι
612 1093 657 1120 τὸν
670 1094 767 1129 δρόμον
777 1095 827 1122 αὑ-

51 1134 97 1160 τῶν
108 1135 152 1161 καὶ
164 1135 213 1171 τὴν
229 1135 383 1171 μαρτυρίαν
396 1137 495 1170 αὐτῶν,
509 1138 535 1165 τί
548 1147 628 1174 φησιν
639 1140 653 1166 ό
667 1141 807 1176 προφήτης
819 1150 826 1174 ;

53 1189 62 1204 ι
75 1180 107 1206 Τὸ
119 1180 208 1216 θηρίον
235 1181 267 1207 τὸ
289 1181 432 1209 ἀναϐαῖνον
445 1183 477 1209 ἐκ
505 1183 555 1219 τῆς
577 1184 695 1212 ἀϐύσσου
719 1187 826 1222 ποιήσει

53 1225 103 1259 μετ’
115 1226 201 1253 αὐτῶν
223 1227 356 1263 πόλεμον,
370 1229 417 1255 καὶ
433 1230 537 1265 νικήσει
558 1231 656 1263 αὐτοὺς
667 1251 674 1263 ,
696 1232 743 1259 καὶ
759 1233 827 1260 ἁπο-

53 1273 130 1298 κτενεί
140 1273 248 1306 αὐτοὺς,
261 1283 274 1305 ,ι
290 1274 335 1301 διὰ
347 1275 377 1301 τὸ
395 1275 431 1310 μὴ
447 1275 532 1302 θέλειν
541 1277 639 1309 αὐτοὺς
647 1277 723 1310 δόξαν
734 1278 825 1306 δοῦναι

51 1315 84 1350 τῷ
101 1317 283 1358 ’Λντιχρίστιμ
295 1320 434 1353 Τουτέστι,
447 1321 606 1360 tilde/193w
619 1324 716 1360 μικβὲν
730 1325 823 1361 κέρας.

54 1361 95 1393 ⁸ος
107 1363 230 1398 ἐπαρθεὶς
243 1365 336 1392 λοιπὸν
345 1367 378 1401 τῇ
393 1367 499 1402 καρδίᾳ,
511 1368 621 1403 ἄρχεται
635 1370 728 1397 ἑαυτὸν
742 1371 825 1406 ὑψοῦν

53 1407 92 1433 καὶ
103 1408 217 1442 δοξάζειν
230 1410 271 1443 ὠς
282 1411 357 1444 Θεὸν,
372 1412 476 1440 διώκων
489 1414 550 1445 τοὺς
566 1415 676 1449 ἁγίους,
691 1417 738 1444 καὶ
758 1417 823 1453 βλα-

54 1455 153 1499 σφημῶν
165 1455 210 1482 τὸν
220 1457 348 1493 Χριστὸν,
366 1458 456 1491 καθὼς
472 1459 544 1494 λέγει
559 1462 657 1498 Δανιήλ
669 1470 676 1477 ·
695 1472 704 1488 ι
719 1464 822 1499 Προσε-

52 1498 116 1525 νόουν
129 1500 165 1536 τῷ
179 1501 292 1538 κέρατι,
307 1504 354 1529 καὶ
368 1504 422 1531 ίδοὺ
443 1505 575 1541 ὀφθαλμοὶ
590 1507 656 1534 ὡσεὶ
679 1498 822 1544 ἀνθρώπου

53 1544 76 1569 ὲν
86 1544 119 1580 τῷ
129 1546 232 1582 κέρατι,
252 1548 300 1574 καὶ
313 1549 401 1584 στόμα
418 1549 514 1577 λαλοῦν
529 1552 649 1586 μεγάλα,
665 1554 712 1580 καὶ
733 1555 821 1590 ἤνοιξε

52 1588 76 1614 τὸ
89 1591 166 1625 στόμα
179 1592 264 1619 αὐτοῦ
278 1594 318 1625 εἰς
333 1594 505 1630 βλασφημίαν
520 1597 587 1632 πρὸς
605 1598 650 1625 τὸν
666 1588 750 1626 Θεόνί
776 1588 822 1628 καὶ

53 1633 77 1660 τὸ
88 1635 163 1671 κέρας
177 1637 266 1664 ἐκεῖνο
282 1639 367 1665 ἐποίει
382 1640 498 1675 πόλεμον
513 1642 582 1676 μετὰ
594 1642 647 1670 τῶν
663 1644 759 1678 ἁγίων,
775 1646 821 1673 καὶ

54 1679 131 1715 ἴσχυσε
144 1683 209 1718 πρὸς
218 1685 330 1717 αὐτοὺς,
343 1685 395 1717 ἕως
409 1686 441 1713 ἂν
456 1687 576 1723 ἀνῃρέθη
591 1689 621 1715 τὸ
636 1690 729 1727 θηρίον
741 1712 748 1725 ,
775 1693 821 1718 καὶ

54 1726 175 1761 ἀπώλετο,
188 1730 235 1757 καὶ
250 1730 282 1757 τὸ
297 1731 375 1766 σῶμα
390 1731 472 1758 αὐτοῦ
495 1733 572 1769 ἐδόθη
599 1736 639 1767 εἰς
655 1736 753 1764 καῦσιν
769 1747 820 1764 πυ-

53 1771 99 1804 ρός.
117 1781 125 1798 ι

86 1817 146 1844 Ἀλλ’
161 1819 219 1846 ἐπεὶ
233 1821 275 1848 δεῖ
288 1820 533 1859 λεπτομερέστερον
551 1825 614 1861 περὶ
628 1826 710 1853 αὐτοῦ
726 1827 820 1864 διηγή-

53 1862 145 1896 σασθαι,
157 1865 213 1898 πῶς
222 1875 254 1892 τε
266 1866 385 1901 τὺζᾶγιον
404 1869 516 1904 Πνεῦμα
532 1870 564 1905 δι’
583 1871 698 1907 ἀριθμοῦ
720 1862 767 1900 καί
789 1862 820 1900 τὸ

52 1907 123 1943 δνομα
132 1910 208 1938 αὑτοῦ
225 1909 504 1949 μυσωιῶςᾼὲδήλωσε,
521 1916 688 1955 σαςἨτερον
709 1918 743 1944 τὰ
757 1920 820 1955 περὶ

53 1953 121 1998 τε)τοῦ
129 1955 318 1993 διηγησόμεθα.
330 1959 411 1994 Λέγει
427 1960 480 1996 γὰρ
493 1952 618 1998 Ἰωάννῆς
629 1952 713 1996 οὕτως
722 1972 729 1979 ·
743 1974 752 1990 ι
765 1952 820 1992 καὶ

53 1996 109 2026 εἶδον
121 2001 179 2028 ἄλλο
193 2003 287 2039 θηρίον
301 2005 443 2033 ἀναϐαῖνον
459 2007 490 2033 ἐκ
503 2008 551 2043 τῆς
566 1996 627 2044 γῆς,
641 2009 688 2036 καὶ
704 2008 760 2046 εἵχε
773 2011 820 2038 κέ-

54 2047 165 2093 ραταλδύο
176 2068 184 2080 ,
208 2050 289 2092 ὅμοια
302 2051 397 2086 ἀρνίῳ,
414 2053 462 2079 καὶ
472 2053 560 2081 ἐλάλει
576 2054 614 2086 ὡς
625 2055 742 2093 δράκων.
763 2057 818 2084 Καὶ

53 2090 92 2125 τὴν
100 2091 213 2125 ἐξουσίαν
225 2087 274 2121 eo?)
283 2097 389 2131 πρώτου
401 2097 495 2133 θηρίου
509 2100 597 2126 πᾶσαν
606 2087 698 2127 ἐποίεῖ
704 2100 817 2128 ἐνώπιον

53 2134 130 2169 αὑτοῦ,
144 2139 188 2165 καὶ
200 2139 287 2167 ἐποίει
302 2141 353 2177 τὴν
369 2142 420 2177 γῆν
429 2134 489 2169 ’καί
509 2144 572 2176 τοὺς
590 2146 619 2171 ὲν
640 2147 707 2182 αὐτῇ
727 2155 817 2174 κατοι-

878 914 953 949 pluat
968 914 1062 943 diebus
1077 917 1225 951 prophetia:
1242 917 1382 952 ipsorum:
1401 923 1428 947 et
1442 925 1600 954 potestatem
1618 922 1666 950 ha-

878 960 943 988 bent
956 969 1037 996 super
1051 970 1146 997 aquas,
1161 964 1281 991 vertendi
1299 972 1345 992 eas
1362 965 1389 992 in
1405 966 1575 1000 sanguinem,
1593 972 1621 994 et
1636 972 1665 994 ut

878 1009 978 1032 terram
999 1007 1151 1041 percutiant
1171 1008 1244 1035 omni
1264 1009 1358 1045 plaga,
1381 1011 1595 1046 quotiescunque
1617 1021 1666 1039 vo-

877 1051 978 1079 luerint
997 1053 1031 1081 ¹⁵⁹.
1057 1062 1066 1079 ι
1095 1053 1146 1081 Ubi
1160 1059 1250 1082 autem
1269 1063 1378 1083 eursum
1402 1065 1481 1084 suum
1501 1058 1665 1092 perfecerint

877 1104 1012 1133 Suumque
1038 1099 1242 1134 testimonium,
1272 1101 1401 1136 quidnam
1424 1101 1489 1129 dicit
1511 1097 1664 1138 propheta?

880 1154 889 1171 ι
908 1145 998 1173 Bestia
1016 1154 1077 1181 qua:
1098 1147 1219 1174 ascendit
1239 1148 1273 1175 de
1287 1149 1396 1184 abysso,
1426 1148 1507 1177 faciet
1534 1151 1664 1178 adversus

876 1200 923 1220 eos
944 1193 1054 1226 bellum,
1073 1197 1100 1220 et
1116 1193 1206 1221 vincet
1229 1194 1306 1227 illos,
1332 1200 1359 1221 et
1379 1196 1485 1223 Occidet
1511 1196 1572 1224 illos
1596 1197 1634 1229 θος
1651 1206 1660 1222 ι

875 1239 947 1274 quod
963 1239 1091 1266 nimirum
1116 1240 1260 1275 noluerunt
1273 1241 1337 1268 dare
1355 1242 1467 1277 gloriam
1483 1244 1661 1271 Antichristo.

876 1284 932 1312 lloc
953 1286 1024 1312 enim
1056 1292 1099 1313 est
1126 1294 1210 1314 cornu
1237 1287 1301 1314 illud
1333 1295 1445 1322 parvum
1477 1297 1661 1318 succreseens.

875 1328 901 1356 Is
925 1337 1042 1364 namque
1053 1329 1109 1364 jam
1125 1330 1211 1358 elatus
1235 1331 1331 1364 corde,
1347 1331 1467 1366 seipsum
1483 1333 1601 1361 exaltare
1618 1334 1662 1361 in-

874 1375 955 1410 cipiet
967 1380 994 1402 et
1008 1380 1036 1403 ut
1050 1375 1133 1402 Deum
1147 1376 1309 1411 gloriﬁcare,
1326 1385 1490 1413 persequens
1505 1384 1613 1407 sanctos
1630 1388 1662 1408 ac

873 1420 1013 1448 Christum
1028 1420 1234 1455 hlasphemans,
1251 1423 1478 1456 quemadmodum
1494 1424 1532 1450 ait
1549 1423 1658 1452 Daniel:

877 1474 886 1490 ι
903 1464 937 1492 Ει
957 1465 1162 1493 considerabam
1186 1474 1288 1500 cornu;
1308 1471 1335 1494 et
1355 1475 1417 1495 ecce
1438 1468 1508 1495 oculi
1530 1473 1661 1504 tanquam

837 1530 857 1559 Ο
874 1512 992 1540 hominis
1007 1513 1033 1539 in
1051 1521 1146 1545 cornu,
1161 1518 1187 1540 et
1201 1521 1232 1541 os
1245 1513 1358 1548 loquens
1370 1515 1491 1549 grandia.
1509 1515 1540 1542 Et
1555 1517 1661 1551 aperuit

873 1564 905 1584 os
921 1565 1000 1584 suum
1017 1557 1043 1584 in
1061 1557 1257 1592 blasphemiam
1274 1558 1402 1585 adversus
1417 1557 1514 1586 Deum.
1531 1559 1564 1586 Et
1575 1567 1660 1587 cornu

873 1602 938 1629 illud
952 1601 1068 1630 faciebat
1082 1602 1180 1629 bellum
1196 1603 1327 1630 adversus
1341 1608 1448 1631 sanctos
1458 1625 1465 1636 ,
1481 1609 1506 1631 et
1521 1605 1661 1638 praevaluit

872 1650 1002 1677 adversus
1023 1657 1087 1682 eos;
1104 1650 1281 1684 quoadusque
1296 1650 1437 1677 interfecta
1452 1654 1493 1678 est
1515 1651 1600 1679 bestia
1610 1672 1617 1684 ,
1630 1657 1659 1679 et

871 1695 960 1729 periit,
976 1699 1004 1721 et
1022 1702 1121 1729 corpus
1133 1694 1192 1730 ejus
1205 1695 1332 1723 traditum
1343 1699 1384 1723 est
1398 1695 1425 1723 in
1442 1696 1657 1726 combustionem

871 1740 942 1775 ignis
956 1741 988 1768 “.
1007 1750 1016 1767 ι

905 1827 1022 1855 XLVlll.
1044 1826 1095 1855 Sed
1109 1828 1173 1863 quia
1193 1836 1303 1856 necesse
1321 1833 1363 1857 est
1380 1830 1506 1859 subtilius
1521 1831 1554 1858 de
1563 1838 1596 1859 eo
1607 1831 1659 1859 dis-

868 1875 982 1906 putare,
1022 1877 1049 1900 et
1065 1873 1200 1908 quomodo
1223 1874 1339 1909 Spiritus
1359 1880 1468 1904 sanctus
1492 1883 1524 1903 ex
1544 1885 1656 1904 numero

870 1918 951 1945 etiam
971 1918 1029 1953 ejus
1055 1926 1153 1946 nomen
1179 1919 1390 1953 significaverit,
1422 1929 1483 1956 quae
1506 1922 1539 1949 ad
1567 1922 1655 1956 ipsum

869 1964 1000 1997 attinent,
1025 1965 1126 1992 clarius
1147 1965 1337 1994 edisseremus.
1363 1967 1409 1994 Sic
1422 1968 1493 1995 enim
1512 1968 1550 1994 ait
1572 1968 1653 1996 Joan-

869 2018 936 2037 nes:
956 2020 965 2036 ε
984 2009 1017 2037 Et
1026 2010 1080 2038 vidi
1093 2010 1172 2037 aliam
1190 2010 1304 2038 bestiam
1319 2013 1507 2040 ascendentem
1525 2013 1558 2041 de
1573 2018 1654 2046 terra,

868 2061 895 2083 et
917 2056 1031 2083 habebat
1052 2064 1153 2083 cornua
1177 2057 1230 2083 duo
1258 2057 1357 2084 similia
1378 2058 1456 2092 agni,
1478 2063 1504 2085 et
1528 2059 1654 2093 loqueba-

868 2105 913 2128 tur
922 2101 992 2128 sicut
1006 2101 1097 2128 draco.
1111 2100 1144 2128 Et
1157 2106 1314 2136 potestatem
1328 2103 1426 2137 prioris
1440 2103 1533 2130 bestiae
1546 2111 1653 2130 omnem

868 2147 984 2175 faciebat
1005 2147 1033 2174 in
1055 2153 1200 2183 conspectu
1222 2149 1301 2183 ejus:
1327 2153 1354 2176 et
1372 2148 1487 2176 faciebat
1508 2154 1605 2176 terram
1626 2154 1654 2176 et

54 2179 160 2215 κοῦντας,
176 2184 218 2212 ἴνα
231 2188 440 2223 προσκυνήσωσι
454 2189 484 2215 τὸ
499 2188 592 2225 θηρίον
605 2191 634 2217 τὸ
648 2192 765 2227 πρῶτον,
784 2189 814 2219 οὗ

912 2193 1019 2220 )itantes
1041 2193 1069 2220 in
1093 2201 1124 2220 ea
1144 2194 1258 2221 adorare
1275 2194 1391 2229 primam
1418 2194 1549 2227 bestiam,
1574 2195 1652 2229 cujus

54 2223 200 2265 ἐθεραπεύθη
217 2231 233 2267 ὴ
247 2231 336 2268 πληγὴ
349 2231 395 2258 τοῦ
419 2223 540 2260 θανάτου
553 2234 646 2262 αὑτοῦζ
664 2223 719 2263 Καὶ
731 2223 817 2264 ἐποίει

55 2275 138 2307 σημεῖα
149 2277 250 2311 μγάλα
259 2297 266 2310 ,
279 2278 322 2305 ἵνα
342 2279 389 2306 καὶ
405 2278 460 2315 πῦρ
472 2281 534 2316 ποιῇ
547 2281 698 2317 καταϐῆναι
718 2283 750 2310 ἐκ
768 2283 816 2310 τοῦ

54 2316 149 2352 οὐρανοῦ
163 2323 201 2353 είς
213 2323 262 2358 τὴν
276 2323 327 2358 γῆν
341 2324 506 2352 κατενώπιον
521 2327 575 2354 τῶν
586 2327 747 2364 ἀνθρώπων.
761 2331 817 2357 Καὶ

55 2363 126 2411 litavi
138 2368 196 2400 τοὺς
211 2369 402 2403 κατοικοῦντας
416 2373 461 2399 ἐπί
477 2373 525 2409 τῆς
538 2373 590 2409 γῆς
597 2363 643 2401 sta;
654 2375 688 2402 τὰ
704 2377 814 2411 σημεῖα,

54 2408 68 2434 ἃ
80 2410 145 2449 ἐδόθη
159 2415 229 2451 αὐτῷ
237 2417 348 2452 ποιῆσαι
359 2417 474 2445 ἐνώπιον
489 2419 535 2446 τοῦ
550 2420 655 2455 θηρίου,
671 2408 750 2456 λέγον
759 2424 815 2454 τοῖς

55 2459 187 2502 κατοικοῦσι
196 2462 244 2497 τὴν
258 2462 320 2498 γῆν,
336 2464 448 2500 ποιῆσαι
462 2464 554 2491 εἰκόνα
568 2465 606 2500 τῷ
621 2465 716 2502 θηρίῳ,
731 2466 745 2493 ὃ
759 2467 815 2502 ἔχει

55 2500 199 2550 τὴν-πληγὴν
212 2508 262 2543 τῆς
270 2509 406 2545 μαχαίρας
422 2509 469 2536 καὶ
481 2510 571 2546 ἔζησε.
585 2511 640 2538 Καὶ
652 2500 727 2549 ἐδόθη
741 2500 814 2550 αὐτῷ

158 2549 246 2580 δοῦναι
258 2554 291 2588 τῇ
301 2554 384 2581 είκδνι
398 2554 444 2581 τοῦ
460 2545 554 2591 θηρίου
568 2554 629 2591 [ἵνα
645 2557 693 2583 καί¹
710 2545 814 2595 λαλήσῂ

56 2589 145 2623 ὴείκὼν
161 2597 206 2623 τοῦ
226 2598 318 2634 θηρίου
325 2598 346 2635 ],
370 2600 418 2628 καὶ
436 2589 536 2637 ποιήσῃ
551 2589 622 2633 ,ἶνα
644 2602 700 2629 ὅσοι
709 2603 757 2630 ἐὰν

56 2642 236 2682 Ϊροσκυνήσωσι
256 2646 289 2681 τῇ
315 2645 398 2672 είκόνι
419 2646 468 2673 τοῦ
479 2647 590 2682 θηρίου,
610 2647 808 2676 ἀποκτανθῶσι.

57 2679 99 2729 Κξὶ
111 2689 174 2714 ποιεῖ
188 2679 296 2723 πάντας,
309 2692 371 2724 τοὺς
387 2679 566 2728 μικροὺς-καὶ
585 2693 647 2725 τοὺς
667 2695 809 2729 μεγάλους,

57 2725 94 2751 κιὶ
103 2729 156 2762 τοὺς
169 2732 307 2767 πλουσίους
320 2737 367 2763 καὶ
376 2737 438 2768 τοὺς
453 2739 586 2773 πτωχοὺς,
600 2738 646 2765 καὶ
659 2739 721 2771 τοὺς
735 2740 810 2767 ἐλευ-

864 2244 958 2266 curata
977 2243 1019 2267 cst
1032 2240 1110 2274 plaga
1129 2240 1224 2267 mortis
1242 2240 1310 2274 ejus.
1327 2240 1361 2267 Et
1375 2240 1488 2267 faciebat
1502 2240 1578 2276 signa
1594 2249 1652 2268 ma-

864 2293 927 2321 gna,
948 2290 978 2313 ut
993 2286 1074 2313 etiam
1091 2287 1179 2320 ignem
1198 2286 1298 2314 faceret
1312 2287 1344 2314 de
1358 2287 1427 2314 cmlo
1443 2287 1608 2314 descendere
1624 2288 1650 2314 in

863 2335 963 2357 terram
979 2331 1006 2357 in
1024 2336 1170 2366 conspectu
1187 2331 1347 2369 hominum,
1360 2331 1392 2358 Et
1406 2332 1509 2359 seducit
1526 2332 1652 2360 habitan-

864 2380 903 2404 tes
920 2377 946 2402 in
963 2382 1044 2408 terra,
1061 2381 1171 2411 propter
1187 2376 1266 2411 signa
1277 2384 1336 2411 quae
1355 2375 1418 2403 data
1432 2381 1495 2404 sunt
1509 2377 1548 2404 illi
1562 2376 1651 2404 facere

864 2420 892 2447 in
907 2425 1053 2456 conspectu
1073 2421 1179 2453 bestiae,
1201 2421 1295 2449 dicens
1315 2421 1498 2450 habitantibus
1519 2422 1545 2449 in
1567 2427 1649 2456 terra,

863 2471 894 2493 ut
907 2466 1008 2494 faciant
1022 2466 1167 2501 imaginem
1184 2466 1277 2494 bestia:
1295 2474 1356 2501 quae
1377 2466 1457 2494 habet
1471 2467 1577 2502 plagam
1592 2468 1649 2502 gla-

862 2511 911 2545 dii,
925 2516 953 2539 et
966 2512 1042 2539 vixit.
1059 2511 1092 2539 Et
1102 2511 1195 2539 datum
1210 2516 1251 2539 est
1264 2512 1302 2539 illi
1318 2516 1347 2539 ut
1357 2512 1434 2540 daret
1443 2513 1567 2548 spiritum
1584 2514 1650 2541 ima-

862 2557 917 2592 gini
932 2557 1041 2590 bestiae,
1060 2561 1091 2585 ut
1108 2562 1135 2585 et
1149 2558 1277 2593 loquatur
1289 2558 1380 2593 imago
1392 2558 1497 2593 bestia,
1514 2562 1540 2586 et
1557 2558 1648 2593 faciat,

862 2607 893 2630 ut
915 2603 1072 2638 quicunque
1091 2611 1145 2631 non
1169 2603 1340 2631 adoraverint
1364 2604 1508 2639 imaginem
1535 2605 1647 2637 bestiae,

862 2648 1031 2676 occidantur.
1054 2649 1088 2676 Et
1106 2649 1186 2677 faciet
1206 2657 1317 2684 omnes,
1335 2650 1448 2686 pusillos
1467 2655 1495 2677 et
1515 2658 1648 2685 magnos,

863 2695 960 2722 divites
977 2699 1005 2721 et
1028 2702 1177 2730 pauperes,
1198 2696 1297 2724 liberos
1316 2701 1342 2724 et
1362 2704 1471 2730 servos,
1492 2700 1522 2724 ut
1542 2697 1586 2724 det
1606 2697 1647 2725 eis

864 2741 1050 2777 characterem
1072 2742 1132 2777 ejus
1152 2742 1178 2769 in
1199 2751 1281 2771 manu
1297 2752 1391 2771 eorum
1407 2744 1534 2777 dextera,
1553 2750 1599 2773 aut
1619 2746 1646 2773 in

87 2827 170 2860 "Luc.
187 2836 262 2868 1,17.
299 2837 322 2853 ⁸⁷
335 2838 417 2874 Apoc.
435 2848 472 2872 XI,
485 2840 510 2867 5.
549 2841 571 2856 ⁵³
585 2840 651 2868 Dan.
668 2850 704 2876 -τ,
722 2842 755 2869 27
805 2843 814 2858 ⁵

940 2853 977 2876 ιι,
993 2845 1051 2874 4-6.
1089 2846 1110 2862 ⁵ο
1126 2846 1192 2874 ibid.
1209 2847 1232 2873 7.
1274 2847 1293 2862 ⁶¹
1309 2847 1375 2875 Dan.
1389 2856 1435 2882 ru,
1456 2848 1482 2880 8,
1497 2847 1524 2874 9.
