1856 3050
180 116 230 144 767

499 115 528 143 S.
552 115 731 143 HlPPOLYTl
751 115 826 143 OPP.
847 114 938 142 PARS
958 115 989 143 ll.
1011 131 1044 136 —
1063 113 1215 143 DOGMAT.
1236 112 1280 140 ET
1301 112 1470 141 HISTORIC.

1754 108 1812 136 768

179 175 270 202 fronte
284 181 378 202 eorum
392 183 399 202 :
412 177 442 201 ut
455 181 488 200 ne
500 174 562 208 quis
575 174 662 209 possit
675 181 765 201 emere
781 178 828 201 aut
843 173 965 206 vendere,

1061 180 1116 204 »ους
1130 172 1177 199 καὶ
1192 172 1256 203 τοὺς
1267 170 1385 201 δούλους.
1401 169 1443 196 ἴνα
1466 168 1538 205 δώσῃ
1555 169 1649 200 αὐτοῖς
1675 167 1813 203 χάραγμα

181 221 233 248 nisi
248 221 295 255 qui
316 220 397 247 habet
412 220 607 252 characterem,
629 227 726 247 nomen
746 219 848 247 scilicet
866 219 967 252 bestiae,

179 267 239 293 sive
254 273 397 293 numerum
410 265 528 292 nominis
543 265 613 299 ejus.
634 265 683 292 Hic
701 266 833 300 sapientia
849 270 900 292 est.
916 264 969 298 Qui

183 313 262 340 habet
277 312 440 340 intellectum
452 332 459 342 ,
483 317 617 346 computet
632 320 776 339 numerum
792 312 893 339 bestiae.
914 311 969 338 Nu-

183 367 273 387 merus
291 360 364 386 enim
381 359 498 386 hominis
513 363 570 392 est,
587 365 615 386 et
630 367 760 387 numerus
773 359 831 394 ejus
848 359 969 387 sexcenti

182 404 321 440 sexaginta
336 412 383 431 sex
400 404 433 431 “.
452 413 461 430 ι

217 541 312 570 XLIX.
341 542 457 570 Bestiam
484 543 565 577 igitur
593 543 782 571 ascendentem
814 543 848 571 de
876 547 968 575 terra,

182 587 303 615 futurum
319 593 396 614 vocat
407 587 567 615 Antichristi
581 596 705 623 regnum.
728 587 786 615 Duo
802 592 891 616 autem
906 595 969 615 cor-

183 642 253 666 nua,
273 634 360 668 ipsum
372 655 379 667 ,
398 642 430 661 ac
445 635 491 669 qui
507 635 544 661 illi
565 642 656 662 comes
667 654 674 666 ,
694 635 968 670 pseudoprophetam.

183 680 261 711 Quod
281 684 370 706 autem
394 680 453 714 ejus
477 689 485 705 t
507 687 625 712 cornua,
651 681 713 716 agni
734 681 831 708 similia
851 690 861 706 ι
886 681 968 713 dicit;

184 726 236 752 ilttC
249 725 393 760 significat,
413 726 470 753 fore
485 731 515 753 ut
531 727 574 753 ille
588 727 702 754 similem
716 734 746 753 se
760 726 806 754 Dei
821 726 889 753 Filio
902 734 970 761 pra:-

184 770 270 804 lerat,
293 779 375 806 seque
396 779 485 806 regem
506 772 642 799 exhibeat.
656 771 733 804 Quod
756 781 765 797 ι
792 772 862 800 sicut
887 772 970 800 draco

184 817 313 852 loquitur,
333 827 343 844 ›
362 818 412 845 hoc
423 823 473 850 est,
488 819 558 853 quod
576 819 703 845 seductor
717 823 758 845 est
773 823 799 846 et
810 827 862 846 non
876 827 967 847 verax.

183 861 261 894 Quod
281 867 370 889 autem
389 872 398 888 (
421 867 578 897 potestatem
601 863 700 898 prioris
721 864 812 891 bestia:
835 863 972 898 faciebat,

184 907 301 942 facitque
327 913 356 934 ut
377 912 447 934 terra
464 913 489 934 et
515 908 562 942 qui
584 909 609 936 in
641 916 672 935 ea
698 909 839 943 habitant,
862 911 972 938 adorent

184 953 299 988 primam
319 954 449 986 bestiam,
469 954 548 989 cujus
567 955 643 990 plaga
663 956 758 982 mortis
771 960 863 982 curata
883 961 943 987 est;
961 967 971 983 ι

185 999 236 1026 hoc
259 999 410 1034 significat,
428 1007 462 1027 ex
479 1001 595 1036 Augusti
618 1001 705 1036 legum
731 1002 902 1035 rationibus,
926 1011 975 1038 per

184 1054 264 1080 quem
289 1045 440 1073 Romanum
465 1047 604 1074 conditum
631 1048 774 1082 imperium
799 1052 858 1081 est,
885 1049 973 1083 ipsum

184 1098 295 1126 quoque
320 1092 513 1126 imperaturum
543 1100 604 1120 csse
633 1093 760 1128 legesque
785 1095 972 1129 sanciturum;

185 1145 238 1172 qua
270 1138 381 1166 solertia
408 1139 550 1166 confirmet
579 1140 690 1173 omnia,
713 1141 899 1176 majoremque
922 1142 973 1170 sibi

184 1185 334 1212 claritatem
359 1185 484 1212 asciscat.
508 1185 569 1212 llaec
594 1186 665 1213 enim
687 1191 783 1220 quarta
806 1187 890 1214 bestia
914 1193 973 1219 est,

185 1231 266 1266 cujus
283 1231 363 1266 capiti
379 1232 482 1258 illatum
500 1232 608 1264 vulnus,
627 1238 652 1260 et
669 1240 763 1260 rursus
781 1238 904 1260 curatum
915 1238 972 1267 est;

184 1278 258 1312 quod
277 1278 380 1305 Scilicet
398 1286 482 1313 prope
495 1279 645 1306 conciderit
666 1280 808 1314 imperium
831 1280 897 1312 hoc,
918 1280 974 1307 sive

184 1324 267 1351 etiam
281 1325 307 1351 in
321 1329 505 1359 contemptum
520 1325 626 1358 abierit,
639 1326 702 1352 etin
718 1326 810 1352 decem
822 1326 974 1353 diademata

185 1370 337 1397 resolutum
354 1371 403 1397 sit:
420 1376 485 1398 tunc
496 1378 559 1398 vero
572 1371 755 1399 Anticlirislus
769 1372 874 1407 sagacis
891 1373 973 1399 humo

188 1416 286 1450 ingenii
305 1424 336 1444 ac
357 1421 493 1449 versutus,
518 1417 590 1444 velut
614 1417 701 1452 ipsum
717 1423 862 1445 curaturus
878 1426 910 1445 ac
929 1426 973 1445 re-

188 1466 337 1489 novaturus
355 1463 400 1490 sit.
419 1461 475 1490 Hoc
487 1463 558 1490 enim
571 1468 611 1491 est
622 1464 692 1498 quod
705 1464 808 1490 dictum
825 1469 865 1491 est
882 1472 895 1491 a
910 1472 974 1499 pro-

1019 219 1066 245 ἐπὶ
1079 218 1128 254 τῆς
1139 218 1228 254 χειρὸς
1247 217 1335 244 αὐτῶν
1355 217 1404 252 τῆς
1419 215 1517 247 δεξιᾶς,
1533 215 1549 250 ἢ
1565 215 1612 241 ἐπὶ
1629 214 1662 241 τὸ
1683 214 1812 249 μέτωπον

1018 263 1123 290 αὐτῶν·
1139 255 1182 290 ἵνα
1196 263 1233 298 μή
1251 271 1292 294 τις
1310 261 1420 297 δύνηται
1432 261 1565 296 ἀγοράσαι
1577 260 1594 295 ἢ
1613 259 1759 294 πωλῆσαι,
1783 260 1812 285 εἰ

1020 307 1058 344 μὴ
1071 309 1086 334 ὁ
1101 308 1170 343 ἔχων
1182 308 1213 334 τὸ
1227 307 1368 343 χάραγμα,
1384 306 1416 332 τὸ
1426 306 1510 341 ὄνομα
1526 305 1572 331 τοῦ
1590 304 1688 340 θηρίου
1705 305 1776 340 (97),
1791 304 1811 339 ἢ

1018 355 1064 381 τὸν
1077 353 1192 390 ἀριθμὸν
1206 353 1253 380 τοῦ
1268 353 1398 388 ὀνόματος
1411 351 1503 380 αὺτοῦ.
1519 349 1583 378 Ὧδε
1594 352 1611 386 ἡ
1624 351 1707 386 σοφία
1722 352 1810 377 ἐστίν.

1025 400 1053 427 '0
1067 400 1136 435 ἔχων
1158 399 1220 426 νοῦν
1231 419 1239 432 ,
1256 399 1406 435 ψηφισάτω
1419 399 1465 425 τὸν
1485 397 1601 434 ἀριθμὸν
1621 397 1670 423 τοῦ
1692 397 1789 432 θηρίου
1800 405 1809 411 ε

1019 447 1134 483 ἀριθμὸς
1160 446 1215 483 γάρ
1242 445 1384 482 ἀνθρώπου
1407 445 1475 478 ἐστὶ,
1499 444 1546 471 καὶ
1565 444 1578 470 ὁ
1592 443 1712 479 ἀριθμὸς
1725 443 1810 470 αὐτοῦ

1019 494 1093 520 ἐστιν
1109 492 1181 528 χξςα

1054 539 1090 566 Τὺ
1106 539 1154 575 μὲν
1168 536 1214 566 οὖν
1229 538 1322 574 θηρίον
1335 538 1477 565 ἁναόαῖνον
1491 538 1523 564 ἐκ
1538 537 1587 572 τῆς
1608 536 1672 571 γῆς,
1689 536 1741 571 τὴν
1758 535 1811 570 βα-

1020 585 1122 612 σιλείαν
1133 585 1183 621 τὴν
1203 584 1250 611 τοῦ
1271 583 1455 620 Ἀντιχρίστου
1469 582 1600 617 ἐσομένην
1613 581 1703 616 λέγει·
1729 581 1764 607 τὰ
1781 581 1811 607 δὲ

1019 632 1065 659 δύο
1079 632 1194 668 κέρατα,
1208 631 1310 658 καὶτὸν
1329 631 1386 666 μετ’
1400 631 1481 658 αὐτὸν
1496 629 1551 664 (98)
1566 629 1793 664 ψευδοπροψήτην
1802 636 1810 642 ·

1019 679 1049 705 τὺ
1064 679 1091 705 δὲ
1107 679 1206 705 εἰπεῖν·
1224 687 1233 704 t
1251 677 1285 704 τὰ
1300 678 1400 713 κέρατα
1414 677 1496 703 αὑτοῦ
1511 677 1592 711 ὃμοια
1612 675 1698 712 ἀρνίῳ
1708 683 1716 690 ο
1736 684 1745 700 ι
1768 675 1813 701 ὃτι

1020 724 1206 760 ἐξομοιοῦσθαι
1222 723 1311 759 μέλλει
1321 723 1360 759 τῷ
1371 722 1427 758 Υἱῷ
1435 721 1481 749 τοῦ
1497 721 1574 752 Θεοῦ,
1590 722 1638 748 καὶ
1646 721 1729 752 αὐτὸς
1748 714 1815 747 ὲαιῖ-

1019 771 1064 797 τὸν
1077 770 1186 806 βασιλέα
1198 764 1377 797 ὲπιδὲικνύέιν
1387 778 1393 784 ”
1409 765 1443 796 Tro
1455 763 1482 795 δὲ
1494 778 1503 793 ι
1518 767 1608 795 λαλεῖν
1621 768 1660 799 ὡς
1673 767 1811 802 opimant,-

1020 817 1062 843 ὅτι
1086 817 1185 848 πλάνος
1204 816 1263 842 ἐστὶ
1286 816 1332 842 καὶ
1353 816 1402 842 οὐκ
1419 815 1536 850 ἀληθής·
1557 814 1587 840 τὸ
1613 813 1641 839 δὲ
1663 814 1711 840 καὶ
1735 823 1744 838 ι
1761 805 1816 848 τῆν

1026 863 1148 896 ἐξουσίαν
1165 861 1211 888 τοῦ
1230 861 1336 897 πρώτου
1349 861 1441 897 θηρίου
1451 860 1504 895 (99)
1521 859 1675 890 ὲποίει,καὶ
1685 858 1817 893 ποιεῖτὴν

1025 910 1077 944 γῆν
1091 909 1137 935 καὶ
1151 909 1214 940 τοὺς
1231 909 1259 934 ὲν
1274 908 1341 943 αὐτῇ
1355 906 1564 937 κατοικοῦντας,
1588 905 1631 931 ἵνα
1656 909 1819 940 προσκυνή-

1026 955 1132 982 σωσιτὺ
1145 954 1238 990 θηρίον
1251 953 1281 980 τὸ
1294 953 1416 994 πρῶτον,
1434 948 1464 978 οὒ
1485 951 1654 987 ὲθεραπεῦθη
1681 952 1698 985 ἠ
1722 951 1818 985 πληγὴ

1024 1001 1070 1028 τοῦ
1082 1000 1196 1027 Θανάτου
1221 999 1319 1026 αὑτοῦ·
1336 1008 1345 1024 ι
1367 997 1445 1024 τοῦτο
1459 997 1595 1033 σημαίνει,
1620 997 1661 1028 ὅτι
1675 996 1746 1026 κατὰ
1769 996 1819 1032 τρν

1025 1046 1178 1084 Αὑγοέστου
1195 1046 1288 1083 νόμον,
1316 1045 1360 1079 ἀφ’
1377 1041 1407 1070 οὗ
1419 1043 1465 1070 καὶ
1484 1044 1500 1078 ἡ
1524 1041 1644 1078 βασῦιεία
1670 1043 1819 1078 Ῥωμαίων

1026 1094 1158 1128 συνέστη,
1183 1091 1254 1118 οὕτω
1277 1091 1324 1118 καὶ
1359 1091 1440 1122 αὐτὸς
1461 1089 1583 1117 κελεύσει
1606 1090 1654 1116 καὶ
1681 1088 1818 1120 διατάξει,

1025 1140 1133 1167 ἅπαντα
1157 1137 1297 1174 ὲπικυρῶν
1325 1137 1368 1164 διὰ
1394 1136 1509 1168 τούτου,
1533 1136 1579 1163 καὶ
1607 1135 1686 1168 δόξαν
1716 1134 1818 1161 ἑαυτοῦ

1025 1186 1135 1212 πλείονα
1153 1184 1387 1221 περιποιούμενος.
1403 1183 1488 1210 Τοῦτο
1501 1183 1553 1218 γάρ
1565 1183 1623 1208 ἐστι
1636 1182 1666 1208 τὸ
1681 1181 1780 1217 θηρὶον
1789 1181 1820 1207 τὺ

1024 1232 1166 1267 τέταρτον,
1186 1227 1216 1257 οὗ
1239 1231 1343 1266 ἐπλήγη
1366 1231 1382 1265 ἡ
1407 1229 1510 1265 κεφαλὴ
1523 1249 1530 1260 ,
1549 1229 1595 1255 καὶ
1614 1228 1695 1255 πάλιν
1717 1227 1819 1262 ἐθερα-

1024 1278 1112 1314 πεύθη
1123 1286 1129 1293 ·
1143 1277 1186 1304 διὰ
1200 1277 1230 1303 τὸ
1247 1276 1429 1311 καταλυθῆναι
1444 1276 1528 1311 αὐτὴν
1545 1275 1592 1310 (Ι),
1608 1275 1624 1310 ἢ
1642 1275 1690 1301 καὶ
1714 1275 1820 1309 ἀτιμαρ

1025 1325 1130 1360 σθῆναι,
1144 1324 1191 1350 καὶ
1203 1324 1242 1355 εις
1256 1323 1321 1350 δέκα
1333 1322 1484 1358 διαδήματα
1501 1321 1667 1356 άναλυθῆναι
1678 1329 1684 1336 ο
1701 1321 1734 1352 ὃς
1754 1321 1819 1347 τότε

1024 1370 1176 1406 πανοῦργος
1190 1369 1237 1403 ὢν,
1250 1368 1342 1405 ὥσπερ
1355 1368 1517 1404 θεραπεύσει
1532 1368 1616 1404 αὐτὴν
1629 1369 1675 1395 καὶ
1691 1368 1818 1395 ἀνανεώ-

1026 1426 1075 1444 σει.
1090 1416 1174 1443 Τοῦτο
1187 1416 1242 1452 γάρ
1255 1417 1313 1442 ἐστι
1325 1415 1354 1442 τὸ
1367 1415 1510 1451 εἰρημένον
1526 1415 1578 1441 ὑπὸ
1589 1415 1635 1441 τοῦ
1659 1416 1817 1451 προφήτου,

1024 1463 1064 1489 ὅτι
1079 1472 1087 1488 ι
1101 1461 1185 1489 Δώσει
1200 1462 1307 1497 πνεῦμα
1318 1463 1351 1497 τῇ
1366 1461 1461 1494 εἰκόνι,
1487 1461 1533 1488 καὶ
1557 1461 1669 1496 λαλήσει
1689 1461 1706 1496 ἡ
1720 1452 1818 1487 ’.εῐκὼν

187 1507 284 1540 pheta:
303 1517 313 1533 ‹
337 1507 465 1535 Daturum
481 1509 583 1535 scilicet
601 1517 663 1536 eum
686 1510 810 1543 spiritum
827 1509 965 1544 flatumqm

1061 1509 1190 1546 Ξθηρίου.
1208 1519 1217 1535 ι
1240 1508 1463 1545 Ἐνεργήσειγὰρ
1477 1508 1523 1534 καὶ
1543 1508 1645 1543 ἰσχύσει
1667 1507 1752 1534 πάλιν
1774 1508 1820 1534 διὰ

187 1551 308 1587 imagini,
324 1561 356 1580 ac
371 1553 523 1580 locuturarn
540 1561 601 1581 esse
618 1554 710 1581 bestiae
724 1554 879 1589 imaginem.
903 1565 911 1580 ι
927 1554 972 1581 Vi-

187 1599 260 1633 gcbit
281 1600 352 1626 enim
369 1604 396 1626 ct
416 1600 562 1627 invalescet
579 1607 684 1633 rursus,
705 1601 740 1627 ob
756 1601 875 1628 sancitas
890 1601 924 1627 al)
941 1609 973 1628 eo

187 1644 278 1681 leges:
305 1645 438 1679 facietque
465 1650 494 1672 ut
523 1654 618 1673 omnes
645 1646 691 1681 qui
720 1654 772 1673 non
802 1647 974 1675 adoravcrint

188 1690 333 1725 imaginem
348 1691 452 1722 bestiae,
466 1691 634 1718 occidantur.
654 1691 702 1718 Hic
718 1691 783 1719 fides
799 1700 831 1718 ac
844 1693 973 1727 patientia

189 1740 345 1762 sanctorum
366 1736 504 1763 clarescet.
527 1736 570 1763 Ait
584 1737 673 1763 enim:
693 1746 702 1762 ‹
722 1736 754 1764 Et
774 1737 853 1765 faciet
868 1743 898 1765 ut
916 1747 975 1766 om-

191 1790 250 1814 nes,
266 1782 353 1816 pusilli
369 1787 395 1809 et
414 1783 514 1817 magni,
533 1783 628 1810 divites
646 1787 672 1810 et
693 1791 836 1818 pauperes,
853 1785 929 1812 liberi
948 1790 975 1812 et

190 1828 260 1855 servi
271 1847 278 1859 ,
295 1828 387 1855 bestia!
401 1829 584 1856 characterem
602 1829 627 1856 in
646 1836 727 1856 manu
744 1838 791 1857 sua
806 1830 915 1858 dextera
930 1835 977 1858 aut

190 1875 217 1901 in
235 1874 322 1902 ft'onte
338 1875 486 1910 accipiant;
510 1880 538 1902 ut
553 1884 632 1903 nemo
646 1878 731 1912 possit
748 1885 837 1904 emere
852 1883 898 1904 aut
912 1885 976 1905 ven-

190 1920 265 1954 dere,
280 1921 329 1948 nisi
348 1922 393 1955 qui
414 1921 506 1948 bestiae
520 1922 688 1956 signaculum
711 1923 823 1955 habeat;
843 1923 902 1958 ejus
924 1924 977 1951 sci-

189 1965 253 1992 licet
270 1973 384 1998 nomen,
408 1974 454 1993 seu
476 1974 620 1994 numerum
646 1968 763 1995 nominis
783 1968 864 1996 illius.
885 1978 895 1994 ›
909 1969 977 1996 Cum

190 2012 263 2039 cnim
275 2011 345 2039 dolis
357 2017 488 2041 consutus
504 2013 555 2045 sit,
575 2017 600 2040 et
613 2013 742 2041 adversus
756 2013 803 2041 Dei
821 2021 915 2042 servos
930 2022 978 2042 su-

229 2086 252 2102 "
266 2085 377 2121 Apocal.
397 2093 456 2118 xm,
475 2085 567 2112 ‘ll-l8.

227 2143 282 2177 (97)
305 2142 340 2168 Τὸ
352 2142 444 2177 ὄνομα
456 2143 507 2170 τοῦ
518 2142 631 2176 θηρίου.
646 2141 691 2170 Sic
705 2144 785 2170 etiam
800 2144 883 2170 codex
897 2144 974 2172 Alex.

191 2179 250 2207 sine
274 2178 404 2212 particula
417 2183 464 2205 aut
479 2179 616 2205 dividente
638 2183 685 2205 aut
701 2179 859 2213 copulante:
882 2184 911 2206 ut
929 2187 977 2205 no-

192 2222 252 2240 men
263 2214 334 2240 istud
345 2214 445 2245 bestia},
468 2214 631 2248 intelligatur
651 2214 739 2247 ipsum
750 2214 811 2249 ejus
826 2215 956 2249 χάραγμα
968 2234 976 2247 ,

195 2259 205 2275 ι
224 2249 383 2281 character,
410 2249 580 2283 obsignatio,
612 2258 621 2274 ι
649 2249 721 2275 velut
745 2248 798 2275 fere
821 2248 979 2284 obsignatur

192 2292 340 2315 nummus,
366 2291 522 2318 quanquam
552 2290 602 2319 nec
633 2284 671 2310 illi
702 2285 799 2318 saepius
823 2285 880 2318 ipsa
907 2285 978 2319 regis

193 2320 282 2354 imago
299 2320 384 2346 deest.
401 2319 538 2354 Χάραγμα
556 2318 662 2354 θηρίου,
682 2321 753 2354 quod
769 2319 907 2346 Barborila
923 2318 980 2346 vult

193 2362 254 2382 esse
270 2355 424 2381 unctionem
444 2355 471 2381 in
489 2354 578 2380 fronte
597 2359 624 2381 et
646 2362 728 2381 manu
752 2362 832 2388 quam
858 2354 979 2382 Ecclesia

195 2389 364 2424 frequentat,
379 2389 486 2425 egregie
503 2388 625 2425 confutat
641 2388 718 2425 Hugo
734 2389 844 2417 Grotius
861 2390 978 2425 Append.

195 2432 243 2451 sua
258 2424 289 2451 de
303 2424 482 2460 Amic/triste,-
500 2424 544 2450 ulti
562 2431 673 2460 suorum
685 2445 691 2456 ,
713 2425 769 2452 sive
786 2425 811 2451 in
831 2425 889 2452 suis
906 2426 980 2460 capi-

194 2459 325 2487 t0siorum
337 2479 344 2491 ,
371 2459 499 2495 ineptiam
515 2459 586 2486 serio
607 2460 738 2494 exagitat:
755 2461 800 2495 qui
820 2460 979 2487 Antichristi

194 2495 355 2530 imaginem.
379 2502 432 2521 non
446 2495 478 2530 ad
493 2494 604 2521 Romam
628 2495 807 2526 idololatram,
825 2496 913 2530 qualis
931 2496 981 2523 fuit

196 2531 247 2557 sub
269 2529 436 2562 Domitiano,
458 2529 590 2565 Trojano,
606 2530 751 2558 Aureliano
772 2529 886 2565 aliisijue
907 2531 981 2565 priri-

196 2565 322 2599 cipibus;
350 2564 399 2600 sed
413 2566 446 2591 ad
462 2564 575 2591 Romam
595 2565 777 2592 Christianam
789 2586 797 2598 ,
816 2564 867 2592 sub
883 2564 981 2600 papatu

208 2607 316 2628 stlinmo
342 2599 445 2627 scilicet
466 2599 536 2626 Petri
562 2602 735 2628 successione
759 2599 928 2633 sacerdotio,
955 2605 982 2628 et

221 2635 297 2662 ltristi
317 2635 445 2668 peculiari
463 2636 525 2669 jure
548 2635 660 2670 vicario)
677 2640 731 2663 tam
754 2637 903 2670 procaciter
927 2640 982 2663 tra-

199 2671 276 2702 hunt,
291 2677 372 2704 quam
391 2670 508 2702 insulse;
525 2675 555 2697 ut
569 2671 646 2705 cujus
664 2671 770 2698 Iaudem
786 2672 923 2702 ambiunt,
940 2679 983 2698 re-

196 2705 249 2732 bus
266 2705 351 2732 sacris
370 2710 397 2733 et
419 2705 610 2733 ecclesiasticis
628 2706 851 2735 eruditiuneultc.
875 2707 915 2733 vel
940 2707 984 2734 hic

199 2741 448 2776 maxirnerctecante
469 2741 565 2768 ali'ectu
577 2761 585 2772 ,
604 2744 631 2776 et
656 2744 684 2767 ut
701 2742 794 2767 rudem
815 2741 982 2776 plebeculam

200 2775 292 2802 secum
313 2775 466 2803 dementent
492 2784 524 2803 ac
549 2775 693 2803 seditionis
707 2775 865 2802 taedam'illi
888 2784 984 2804 accen-

200 2809 276 2843 dant,
290 2810 344 2837 vim
359 2818 468 2838 omnem
481 2811 617 2845 depulisse
628 2810 783 2838 ostendant.
799 2810 918 2838 Conon.

235 2845 290 2882 (98)
309 2846 362 2874 Καὶ
378 2846 509 2881 τὸνμετ⁷
526 2846 628 2873 αὐτόν.
645 2845 707 2881 Leg.
727 2845 774 2873 καὶ
790 2846 870 2874 αὐτόν
885 2855 914 2873 τε
937 2846 984 2873 καὶ

1023 1558 1068 1585 τὸν
1083 1558 1128 1584 ὑπ’
1146 1556 1229 1583 αὑτοῦ
1240 1555 1397 1592 ὁριζόμενον
1411 1555 1491 1590 νόμον
1503 1564 1509 1571 ·
1521 1555 1568 1582 καὶ
1581 1555 1689 1589 ποιήσει
1702 1555 1749 1581 ἵνα
1760 1556 1821 1581 ὅσοι

1024 1604 1070 1630 ἐὰν
1086 1603 1122 1639 μὴ
1137 1603 1388 1638 προσκυνήσωσιτῇ
1402 1601 1486 1628 εἰκόνι
1496 1601 1542 1628 τοῦ
1556 1601 1662 1637 Θηρίου,
1674 1602 1820 1628 ἀποκταν-

1024 1648 1116 1675 θῶσιν.
1136 1645 1199 1674 Ὧδε
1215 1647 1334 1683 ήπίστις
1346 1646 1421 1682 καὶὴ
1437 1646 1558 1681 ὑπομονὴ
1577 1645 1630 1671 τῶν
1650 1646 1740 1680 ἁγίων
1768 1655 1823 1680 g1.—

1025 1695 1150 1730 νήσεται·
1169 1693 1236 1728 φησὶ
1248 1683 1324 1729 γάρΤ
1343 1703 1352 1719 t
1373 1693 1427 1719 Καὶ
1439 1693 1545 1728 ποιήσει
1559 1692 1676 1725 πάντας,
1693 1693 1762 1723 τοὺς
1773 1701 1821 1727 μι-

1026 1741 1109 1776 κροὺς
1125 1740 1172 1767 καὶ
1196 1740 1260 1770 τοὺς
1275 1739 1407 1774 μεγάλους
1419 1759 1427 1771 ,
1450 1738 1497 1765 καὶ
1516 1739 1579 1770 τοὺς
1602 1738 1749 1769 πλουσίους
1773 1739 1822 1764 καὶ

1027 1786 1089 1816 τοὺς
1101 1786 1235 1820 πτωχοὺς,
1250 1785 1296 1812 καὶ
1310 1786 1373 1817 τοὺς
1386 1785 1544 1820 ἐλευθέρους
1559 1784 1679 1816 καὶτοὺς
1696 1783 1820 1815 δούλους,

1027 1832 1071 1858 ἵνα
1085 1831 1158 1868 δώσῃ
1173 1831 1264 1863 αὐτοῖς
1283 1829 1413 1867 χάραγμα
1429 1831 1474 1857 ἐπὶ
1490 1830 1540 1865 τῆς
1555 1830 1644 1865 χειρὸς
1659 1829 1755 1856 αὐτῶν
1770 1830 1822 1864 τῆς

1028 1876 1127 1909 δεξιᾶς,
1142 1877 1158 1912 ἦ
1174 1878 1220 1904 ἐπὶ
1232 1877 1261 1904 τὸ
1274 1877 1397 1912 μέτωπον
1407 1885 1413 1891 ·
1432 1876 1476 1903 ἵνα
1491 1876 1527 1912 μή
1537 1885 1578 1907 τις
1592 1875 1704 1911 δύνηται
1716 1876 1823 1911 ἀγορά-

1029 1931 1074 1949 σαι
1089 1923 1105 1958 ἢ
1120 1923 1252 1959 πωλῆσαι,
1267 1924 1290 1950 εἰ
1308 1923 1345 1959 μὴ
1359 1924 1372 1949 ό
1390 1922 1458 1958 ἔχων
1471 1923 1500 1949 τὺ
1515 1923 1645 1958 χάραγμα
1656 1943 1664 1953 ,
1682 1921 1711 1948 τὸ
1734 1922 1823 1957 δνομα

1028 1969 1074 1996 τοῦ
1091 1968 1196 2005 θηρίου,
1210 1969 1226 2005 ἢ
1241 1969 1285 1996 τὸν
1297 1969 1412 2005 ἀριθμὸν
1427 1969 1473 1995 τοῦ
1488 1969 1618 2004 ὀνόματος
1634 1967 1728 1995 αὐτοῦ.
1749 1977 1759 1994 ι
1771 1969 1822 1994 Δό-

1028 2015 1084 2047 λιος
1099 2014 1153 2050 γὰρ
1173 2014 1211 2042 ὣν
1228 2015 1276 2042 καὶ
1291 2015 1467 2051 ἐπαιρόμενος
1489 2014 1559 2041 κατὰ
1579 2013 1632 2040 τῶν
1651 2013 1756 2041 δούλων
1772 2014 1821 2041 τοῦ

1029 2145 1075 2171 τδν
1091 2144 1255 2180 μετάὒτδν,
1275 2144 1316 2171 vel
1330 2143 1420 2180 potius
1436 2142 1602 2180 μετξαῦτοῦ,
1627 2142 1745 2180 quodet
1765 2142 1823 2180 Gu-

1029 2178 1277 2214 dius'conjiciebat.
1294 2179 1360 2206 mihi
1375 2179 1464 2213 aptius
1478 2178 1593 2210 videtur,
1605 2183 1635 2205 ut
1649 2178 1823 2214 Antichrism

1030 2216 1075 2250 qui
1097 2213 1175 2250 quaSi
1199 2223 1246 2242 rex
1270 2214 1452 2250 Romanorum
1476 2217 1573 2250 teneat»
1592 2213 1759 2250 imperium,
1784 2215 1821 2240 illi

1030 2248 1112 2277 adsit‘
1126 2250 1375 2285 pseudopropllcta,
1400 2249 1445 2285 qui
1464 2256 1547 2283 regno
1568 2248 1660 2285 bestiae
1681 2250 1822 2285 constabi-

1029 2283 1240 2312 liendo'omnem
1256 2283 1366 2319 operam
1381 2283 1515 2316 conferat;
1532 2283 1675 2319 utscilicet
1690 2284 1737 2319 ille
1750 2283 1821 2312 Deus

1030 2320 1178 2353 habeatur;
1207 2318 1281 2348 velut
1305 2319 1360 2346 fere
1384 2318 1543 2354 Apollonius
1564 2318 1699 2354 Tyameus
1728 2318 1821 2346 Domi-

1030 2355 1113 2382 tiano.
1142 2354 1178 2383 Ut
1193 2355 1283 2383 omnia
1305 2362 1365 2389 qua:
1386 2354 1557 2389 contigerunt
1581 2353 1622 2381 vel
1644 2354 1671 2380 in
1690 2353 1820 2382 Antiochi

1030 2392 1236 2431 persecutione,
1263 2390 1311 2431 vel.
1323 2391 1350 2416 in
1374 2389 1504 2431 Romanis
1519 2389 1820 2431 principibustll'iristo

1030 2424 1163 2459 infensis,
1188 2426 1282 2453 eadem
1306 2425 1364 2460 ipsa
1388 2429 1577 2458 exspectentur
1600 2425 1627 2451 in
1651 2424 1820 2452 Antichristo

1030 2462 1159 2489 extremis
1187 2461 1367 2496 temporibus,
1395 2459 1492 2496 majori
1508 2459 1589 2496 etiam
1609 2460 1722 2487 cumulo
1742 2461 1819 2486 exhi-

1031 2496 1130 2528 benda,
1146 2504 1200 2531 quo
1212 2494 1254 2523 ille
1267 2496 1389 2531 absolute
1399 2494 1585 2531 Antichristus
1597 2500 1650 2527 est,
1662 2495 1818 2531 mortalium

1031 2529 1226 2565 nequissimus.
1252 2531 1338 2558 Etiam
1354 2530 1522 2557 Diocletiano
1545 2530 1709 2564 imperatore
1730 2529 1819 2556 Roma:

1031 2567 1196 2601 prohibitum
1212 2574 1300 2594 emere
1313 2570 1359 2592 aut
1375 2565 1498 2601 vendere,
1514 2565 1565 2591 nisi
1586 2566 1665 2592 thure
1684 2566 1753 2592 focis
1771 2566 1818 2591 im-

1031 2600 1138 2636 posito,
1155 2610 1202 2629 seu
1222 2602 1274 2628 alia
1294 2602 1320 2627 in
1340 2601 1446 2636 signum
1467 2600 1626 2627 idulolatrici
1645 2601 1736 2627 cultus
1764 2601 1818 2627 lita-

1031 2635 1118 2672 tione,
1140 2644 1200 2672 quae
1222 2637 1319 2672 bestia;
1334 2635 1464 2672 χάραγμα
1481 2641 1554 2662 esset
1572 2643 1605 2662 ac
1624 2635 1792 2672 signaculum
1808 2644 1815 2661 :

1033 2671 1124 2699 Romae
1144 2671 1254 2699 Christo
1279 2671 1411 2704 infensa),
1438 2671 1552 2705 ejusque
1578 2678 1690 2698 omnem
1717 2671 1818 2697 cultum

1032 2707 1106 2742 omni
1122 2715 1202 2742 opera
1216 2707 1348 2734 studentis
1365 2706 1480 2742 abolere.
1499 2707 1575 2742 lusit.

1068 2741 1124 2776 (99)
1140 2740 1201 2769 Tot";
1225 2741 1340 2776 πρώτου
1362 2741 1474 2775 θηρίου.
1502 2741 1541 2767 lta
1563 2740 1756 2776 Combeﬁsius.
1779 2744 1818 2767 ιον

1032 2780 1108 2839 €an
1124 2775 1324 2812 Apocalypseos
1339 2784 1403 2810 xm,
1419 2776 1453 2802 12
1467 2780 1589 2804 secutus.
1604 2775 1712 2804 Omittit
1725 2776 1817 2811 θηρίου

1059 2820 1073 2839 υ
1095 2820 1146 2839 ius.

1059 2820 1146 2839 "(IIIIS-

1069 2847 1106 2884 (l)
1122 2846 1231 2882 Αὐτήν.
1254 2846 1376 2875 Combef.
1387 2867 1395 2881 ,
1413 2845 1523 2882 ταύτην.
