1856 3050
202 87 252 116 771

524 89 554 117 S.
574 88 754 117 ﬂlPPOLYTl
773 89 848 118 OPP.
867 89 958 119 PARS
977 90 1010 118 ll.
1029 106 1066 112 —
1082 89 1235 120 DOGMAT.
1257 91 1301 119 ET
1320 91 1490 120 HISTORIC.

1774 92 1823 120 779.

199 149 296 184 gratia,
313 152 356 176 est
369 156 467 176 nomen
483 148 572 182 Titan,
594 148 666 185 quod
681 157 778 177 nomen
792 151 935 186 antiquum
953 159 975 179 ιο

1058 152 1117 188 ήφῳ
1137 152 1331 188 ἐμπεριέχεται
1343 172 1351 184 ,
1373 152 1421 178 καὶ
1441 152 1523 187 ’ἐτερα
1543 151 1656 179 πλείονα
1680 150 1822 187 εὑρεθῆναι

198 194 305 222 illustre
319 199 375 228 est;
400 194 442 222 vel
458 193 610 228 Evam/ras;
633 203 696 222 nam
721 196 773 224 hoc
793 204 901 232 quoque
923 197 982 232 pari

198 240 436 274 comprehenditur
454 245 600 275 computo,
624 241 731 276 aliaque
748 249 802 269 non
823 250 909 277 pauca
923 251 983 277 qua;

200 286 263 314 licet
283 287 413 314 invenire.
431 286 500 320 Quia
522 291 613 314 tamen
639 288 695 322 jam
717 288 837 316 diximus
850 309 857 320 ,
884 288 983 323 prioris

201 333 292 360 bestia:
305 333 410 368 plagam
428 336 549 360 curatam
562 340 632 365 esse,
649 341 681 361 ac
693 334 767 368 loqui
783 333 928 369 imaginem
942 333 983 361 fe-

198 378 285 410 cisse,
302 378 375 412 quod
390 383 431 405 est
445 379 528 405 robur
545 379 583 405 illi
597 379 722 414 viresque
735 379 876 407 tribuisse:
892 380 982 414 palam

197 423 322 450 omnibus
332 427 382 454 est,
395 423 441 458 qui
453 424 603 450 etiamnum
617 432 706 451 rerum
719 425 864 459 potiantur,
874 424 983 453 Latinos

195 475 266 496 esse.
287 467 316 495 Si
340 469 421 504 igitur
437 473 465 496 ut
479 469 561 497 unius
580 470 697 497 hominis
719 478 818 498 nomen
837 471 983 498 transfera-

195 519 254 548 tur,
272 515 385 542 Latinus
406 515 545 543 ellieietur.
572 515 661 549 Quare
685 524 735 543 nec
761 517 982 551 pradicandum,

195 562 274 596 quasi
287 562 339 589 hoc
353 562 388 589 sit
405 562 477 590 illius
493 570 602 595 nomen,
618 570 667 590 nec
683 571 779 591 rursus
794 564 980 598 nesciendum,

194 606 275 641 posse
286 615 348 633 eum
361 607 438 634 aliter
449 609 614 643 nuncupari:
631 609 677 636 sed
689 616 750 636 cum
763 608 809 636 Dei
824 609 980 644 mysterium

194 651 222 678 in
237 652 319 678 corde
331 653 490 686 habeamus,
507 661 569 685 cum
583 654 681 681 timore
699 654 749 681 [ide
763 655 905 688 servanda,
923 663 983 690 quae

194 705 211 724 a
230 697 315 724 beatis
331 699 469 733 prophetis
481 699 608 734 prazdicta
624 705 703 734 sunt;
722 705 750 727 ut
765 708 826 728 cum
847 702 892 729 illa
907 703 981 737 ﬁent,

193 743 385 778 prospiciendo
397 744 509 772 solerter
523 753 576 772 non
593 745 770 781 decipiantur.
787 746 983 782 Supervenien-

194 789 231 815 tia
251 789 323 816 enim
346 794 485 824 tempora,
511 790 593 817 etiam
619 791 691 818 hunc
710 791 744 818 de
765 800 819 826 quo
835 793 892 820 haec
910 794 982 821 dicta

193 841 266 867 sunt,
282 835 503 864 manil‘estabunt.

228 879 271 907 ιι.
290 881 343 908 Sed
358 889 392 908 ne
406 882 449 908 his
464 881 596 910 duntaxat
613 884 755 911 sententiis
767 884 901 920 dictisque
922 886 981 914 illos

192 925 372 959 inducamus,
390 927 436 961 qui
460 927 615 955 divinorum
630 929 800 963 eloquiorum
821 931 894 958 cultu
910 932 982 959 dele-

193 975 312 1004 ctantur,
335 972 396 999 aliis
417 972 541 1007 pluribus
556 974 835 1002 demonstrationibus
856 978 980 1004 ostende-

192 1023 265 1042 mus.
290 1015 334 1043 Ait
356 1016 428 1044 enim
454 1016 562 1044 Daniel:
589 1027 598 1043 α
623 1017 656 1044 Et
679 1018 725 1045 isti
748 1019 924 1046 salvabuntur
947 1021 980 1047 de

193 1068 276 1088 manu
290 1061 349 1096 ejus
359 1083 366 1095 ,
384 1061 469 1089 Edoni
483 1067 510 1090 et
526 1062 622 1096 Moab,
643 1069 669 1090 et
683 1064 845 1099 principium
861 1066 978 1093 filiorum

191 1107 308 1135 Ammon
328 1108 360 1135 ⁵⁵.
386 1118 395 1134 ›
412 1111 526 1136 Ammon
547 1114 574 1136 et
590 1109 669 1137 Moab
689 1110 737 1137 lilii
753 1110 805 1138 Lot
822 1119 855 1138 ex
874 1112 979 1141 ﬁliabus

192 1153 326 1188 progeniti
349 1154 371 1169 σε
384 1175 391 1187 ,
414 1162 530 1188 quorum
547 1155 696 1183 etiamnum
714 1164 798 1192 genus
813 1163 978 1192 perseverat.

174 1198 238 1226 'Ait
261 1199 333 1226 enim
353 1199 455 1228 Isaias:
474 1210 482 1225 ι
504 1200 535 1227 Ει
551 1201 680 1228 volabunt
697 1202 724 1229 in
748 1203 862 1230 navibus
881 1205 977 1231 alieni-

192 1253 338 1280 genarum;
356 1253 431 1273 mare
453 1246 535 1273 simul
556 1247 768 1281 prtedabuntur,
790 1254 816 1276 et
834 1257 881 1276 eos
896 1250 942 1285 qui
961 1259 976 1277 a

191 1291 258 1318 solis
281 1296 352 1318 ortu.
373 1291 406 1318 Et
430 1292 456 1318 in
480 1291 558 1319 Moab
578 1293 696 1327 primum
719 1301 816 1322 manus
836 1295 975 1330 injicient;

190 1337 239 1373 lilii
263 1342 352 1364 autem
367 1338 482 1365 Ammon
500 1339 577 1373 primi
591 1339 718 1367 obedient
732 1340 764 1368 ⁵⁷.
778 1350 787 1366 ι

225 1383 279 1410 Lll.
304 1383 353 1411 llic
374 1385 456 1419 igitur
475 1385 528 1413 illis
544 1387 712 1420 temporibus
725 1394 866 1422 emergens
880 1395 976 1416 occur-

189 1434 244 1457 ret:
265 1430 403 1465 triumque
424 1439 556 1459 cornuum
572 1440 605 1459 ex
618 1433 711 1460 decem
727 1441 824 1468 pugna:
846 1435 904 1462 acie
925 1443 975 1470 po-

189 1477 274 1510 titus,
294 1477 401 1511 illisque
421 1478 551 1506 radicitus
569 1479 687 1512 evulsis,
712 1480 829 1515 ASgypto
851 1482 973 1514 scilicet,
989 1501 1009 1529 C

188 1522 271 1558 Libya
287 1528 313 1550 et
332 1523 481 1558 Ethiopia,
505 1525 622 1559 acceptis
645 1533 739 1552 eorum
754 1527 847 1561 spoliis
866 1535 897 1554 ac
916 1535 975 1554 ma-

188 1569 290 1601 nubiis,
305 1569 417 1604 reliquis
429 1570 511 1596 etiam
526 1571 654 1598 cornibus
670 1579 730 1606 quae
746 1580 795 1599 nec
808 1573 866 1607 ipsa
881 1573 977 1600 immu-

188 1615 233 1642 nia
246 1616 387 1646 exsistant,
400 1616 559 1651 oblaesisque
571 1616 670 1644 ﬁnibus
679 1616 729 1651 (δ’)
741 1625 769 1644 se
784 1617 822 1644 illi
834 1618 977 1652 subjicien-

187 1661 280 1694 tibus,
303 1662 418 1689 exaltari
441 1663 532 1690 animo
559 1663 670 1698 incipiet
693 1669 720 1691 et
736 1664 866 1692 adversus
889 1664 973 1692 Deum

186 1706 291 1739 ell'erri,
317 1708 364 1741 qui
390 1707 471 1735 totius
497 1707 570 1735 orbis
596 1711 730 1735 terrarum
754 1709 882 1743 potiatur.
909 1709 974 1744 Ejus

187 1752 275 1786 prima
291 1753 428 1787 aggressio
446 1753 497 1780 erit
520 1754 649 1781 adversus
663 1753 765 1788 Tyrum
781 1758 808 1780 et
828 1754 953 1790 Berytum
965 1777 972 1789 ,

187 1805 220 1824 ac
233 1797 454 1825 circumvieinam
476 1798 624 1833 regionem.
641 1799 689 1826 llis
703 1799 775 1826 enim
791 1799 903 1827 urbibus
918 1800 973 1835 pri—

188 1851 264 1870 mum
287 1844 460 1879 expugnatis,
479 1845 538 1871 aliis
561 1849 692 1872 terrorem
716 1845 828 1880 injiciet,
843 1846 973 1881 quemad—

187 1889 297 1916 modum
314 1890 395 1917 lsaias
413 1890 465 1917 ait:
493 1899 502 1916 ι
527 1890 678 1923 Erubesce,
698 1890 791 1924 Sidon,
804 1892 873 1919 dixit
887 1899 971 1920 mare.

185 1934 326 1962 Fortitudo
343 1938 408 1963 vero
423 1936 505 1963 maris
524 1936 608 1963 dixit:
632 1936 690 1964 Non
711 1938 859 1971 parturivi,
884 1945 972 1973 neque

186 1981 296 2016 peperi,
314 1989 364 2008 nec
377 1981 488 2009 educavi
502 1982 631 2017 juvenes,
647 1990 697 2009 nec
714 1983 828 2010 exaltavi
842 1983 970 2019 virgines.

186 2026 301 2059 Quando
316 2032 406 2053 autem
421 2027 543 2055 auditum
560 2027 640 2054 fuerit
655 2027 771 2062 Egypto
782 2047 789 2059 ,
812 2028 899 2062 capiet
923 2035 971 2055 eos

185 2072 262 2099 dolor
281 2079 329 2106 pro
345 2071 417 2107 Tyro
433 2071 464 2098 ⁸³.
484 2081 494 2097 ›

219 2117 287 2144 Lill.
303 2117 350 2145 llis
366 2118 402 2144 ita
417 2116 532 2149 futuris,
546 2116 720 2144 dilectissime
731 2135 738 2149 ,
755 2124 787 2143 ac
804 2116 891 2144 tribus
906 2123 969 2143 cor—

185 2163 266 2190 nibus
280 2164 314 2191 ab
327 2172 359 2191 eo
376 2164 492 2197 excisis,
514 2167 576 2198 post
588 2162 645 2189 hate
661 2169 690 2189 se
708 2167 736 2189 ut
749 2162 829 2190 Deum
844 2162 971 2190 exhibere

185 2209 313 2244 incipiet,
337 2209 566 2244 quemadmodum
588 2209 711 2243 prmrlixrt
728 2208 866 2236 Ezechiel:
889 2218 898 2234 ι
917 2209 970 2236 Pro

184 2262 217 2281 eo
231 2255 303 2290 quod
317 2255 465 2281 exaltatum
481 2258 522 2281 est
538 2262 584 2281 cor
600 2258 674 2281 tuum
689 2276 695 2287 ,
721 2259 748 2281 et
763 2255 874 2282 dixisti:
897 2254 970 2283 Deus

185 2307 245 2327 sum
260 2307 309 2334 ego
321 2300 353 2325 σθ.
374 2309 383 2326 ›
402 2299 532 2326 Similiter
549 2307 657 2334 quoque
671 2300 770 2327 lsaias:
790 2309 799 2326 ‹
818 2300 858 2328 Tu
878 2306 968 2329 autem

220 2356 242 2372 “
254 2356 321 2383 Dan.
338 2365 376 2391 χι,
393 2357 436 2383 Ill.

184 2415 258 2452 enim
274 2423 385 2452 nomen,
408 2416 491 2452 habet
515 2424 658 2444 numerum
684 2417 718 2444 de
740 2425 794 2452 quo
816 2419 964 2452 quaeritur:

185 2451 232 2487 sed
255 2451 321 2487 nihil
342 2451 376 2477 de
394 2451 616 2487 eoiailirmamus.
646 2462 655 2478 ι
684 2451 833 2487 Statimque
848 2454 961 2481 subdit:

187 2494 198 2512 τι
216 2485 267 2512 Sed
289 2490 316 2513 et
337 2486 505 2512 ΛᾹΤΕῘΝΟΣ
528 2495 625 2514 nomen
638 2507 646 2520 ,
667 2487 749 2514 habet
773 2485 962 2516 séxcentorum

186 2521 326 2554 sexaginta
348 2529 395 2548 sex
418 2529 578 2555 numerum;
604 2528 631 2549 et
647 2523 722 2550 valde
742 2523 889 2551 verisimile
910 2529 963 2556 est,

184 2556 313 2592 quoniam
327 2557 502 2583 novissimum
517 2565 629 2592 regnum
638 2558 689 2586 hoc
701 2558 781 2585 habet
789 2557 962 2586 vbcabulum.

185 2590 275 2628 Latini
290 2592 361 2628 enim
377 2594 441 2619 sunt
451 2590 584 2628 quiinunc
600 2594 784 2628 regnant;sed
800 2602 854 2620 non
872 2594 898 2620 in
913 2594 964 2620 hoe

185 2633 235 2662 nos
251 2625 435 2659 gloriabimur.
457 2625 467 2652 ἱ
483 2627 544 2654 Hazc
554 2625 643 2654 autern
652 2632 791 2662 propterea
809 2629 963 2656 inmedium

185 2660 362 2698 adduximus,
385 2668 411 2689 ut
432 2663 517 2697 magis
538 2663 601 2689 inde
616 2660 730 2694 constet,
747 2663 840 2690 Irenaei
863 2664 963 2698 scripta

186 2694 356 2730 Hippolytum
377 2705 432 2732 pra:
448 2694 536 2725 oculis
552 2698 690 2725 habuisse.
710 2698 778 2725 llinc
793 2699 875 2725 etiam
889 2694 964 2725 coin—

184 2736 287 2764 pertum
303 2733 332 2759 lit
344 2753 351 2765 ,
369 2733 420 2760 tria
434 2733 484 2760 ista
496 2733 606 2760 nomina
616 2740 756 2767 perperam
768 2733 852 2761 fuisse
864 2735 892 2760 in
905 2741 964 2760 ver-

184 2766 261 2803 sione
272 2767 345 2794 hisce
356 2769 451 2795 litteris
474 2766 647 2802 consignata,
663 2766 758 2803 Titan,
781 2768 914 2795 Eeanthas
938 2772 965 2794 et

184 2800 314 2829 Latinus:
327 2811 414 2838 neque
427 2804 497 2831 enim
510 2804 542 2831 ad
551 2800 668 2831 mentem
679 2802 815 2839 Hippolyti
829 2812 958 2831 numerus

476 2357 498 2372 ⁵⁵
516 2357 584 2385 Gen.
601 2365 664 2390 xix,
682 2358 726 2392 57,
742 2358 786 2386 58.
825 2359 846 2374 ⁸⁷
859 2358 911 2387 lsa.
924 2367 962 2393 xl,
975 2359 1020 2387 ll.

1032 198 1179 233 δυνάμενα.
1219 199 1288 225 Ἀλλ’
1309 199 1401 234 ἐπειδὴ
1426 199 1601 235 προέφθημεν
1619 198 1657 233 (9)
1680 197 1821 231 λέγοντες,

1032 243 1073 269 ὅτι
1087 243 1283 280 ἐθεραπεύθη-1]
1299 243 1389 279 πληγὴ
1399 245 1446 270 τοῦ
1460 244 1553 280 θηρίου
1571 244 1617 270 τοῦ
1636 243 1763 278 πρώτου,
1779 244 1822 270 καὶ

1033 289 1140 324 ποιήσει
1150 288 1204 324 (10)
1217 289 1306 316 λαλεῖν
1317 290 1366 325 τὴν
1380 290 1481 321 ε1κόνα,
1489 290 1638 320 τουτέστιν,
1650 289 1748 324 ἴσχυσε
1760 289 1820 324 (11)·

1033 335 1149 370 φανερὸν
1162 335 1184 361 δ’
1201 336 1259 362 ἐστὶ
1275 336 1368 368 πᾶσιν,
1381 336 1421 362 ὅτι
1437 336 1461 362 οἱ
1475 336 1639 370 κρατοίντες
1652 336 1695 361 ἔτι
1709 336 1759 361 νῦν
1775 337 1821 362 εἰσι

1034 382 1141 408 Λατῖνοι
1151 390 1158 396 ·
1176 381 1216 413 εἰς
1229 381 1288 414 ἐνὸς
1301 380 1346 408 οὖν
1357 381 1499 417 ἀνθρώπου
1520 382 1605 417 ὄνομα
1626 383 1819 417 μεταγόμενον.

1032 417 1137 461 γίνεται
1154 427 1303 464 ΛαῑΞῖγος.
1328 428 1407 454 Ὥστε
1428 427 1489 453 οὔτε
1513 428 1720 464 προκηρύσσειν
1737 428 1778 453 δεῖ
1788 427 1821 458 ὡς

1032 472 1107 504 ὄντος
1128 462 1373 509 reason-tegare;
1383 494 1390 505 ,
1407 473 1468 499 οὔτε
1483 473 1563 500 πάλιν
1581 474 1692 507 ἀγνοεῖν
1705 493 1713 505 ,
1729 474 1770 499 ὃτι
1787 474 1818 508 μὴ

1032 515 1118 551 ἄλλως
1133 520 1243 546 δύναται
1253 520 1378 554 λέγεσθαι
1390 529 1396 535 ·
1415 520 1523 555 ἔχοντες
1574 519 1819 556 τρμυσψνεζξί

1032 564 1098 591 Θεοῦ
1115 567 1142 592 ἐν
1154 567 1185 601 τῇ
1203 566 1309 602 καρδίᾳ,
1329 567 1396 601 μετὰ
1410 566 1491 601 φόδου
1508 566 1656 603 φυλάἑςειν
1672 566 1777 603 marg);
1788 566 1819 591 τὰ.

1032 609 1308 647 ὑπὸᾟῦιῖζὶἆῐᾶρῖὀὶι
1323 612 1467 648 προφητῶν
1476 621 1588 649 arpqu
1593 613 1675 647 μένα,
1693 612 1739 638 ἵνα
1753 621 1818 646 γινο-

1033 657 1121 692 μένων
1137 657 1236 689 αὐτῶν,
1255 658 1410 695 προῖδρῃες
1427 658 1465 693 μῂ
1480 657 1673 695 σφαλλώξιεθα.
1691 658 1753 683 Τῶν
1768 659 1817 691 γὰρ

1032 703 1134 739 καιρῶν
1149 704 1354 737 ἐπιγινομένων,
1371 704 1416 731 καὶ
1428 703 1509 735 αὐτὸς
1520 703 1584 739 περὶ
1597 700 1628 729 οὗ
1639 703 1732 730 ταῦτα
1749 703 1818 738 εἴρη-

1031 758 1085 782 ται,
1100 750 1327 784 φανερωθήσεται.

1074 878 1143 904 Ἀλλ’
1159 878 1201 904 ἵνα
1222 878 1258 913 μὴ
1278 878 1367 913 μόνοις
1385 879 1439 909 τοῖς
1454 879 1545 913 ῥητοῖς
1560 877 1666 908 τούτοις
1683 877 1820 911 πείσωμεν

1031 925 1093 956 τοὺς
1115 924 1148 951 τὰ
1169 925 1215 951 τοῦ
1232 925 1394 959 Θξοᾷηὶρρμα
1407 924 1631 961 φιλοπονοῦντας,
1645 924 1772 958 δείξομεν
1788 923 1818 948 δι’

1031 962 1312 1006 ἑτέρωνΑᾶποδείξεων
1339 962 1482 997 πλειόνωνξ
1508 971 1588 1004 Λέγει
1621 970 1679 1006 γὰρ
1702 970 1818 1004 Δανιήλ-

1032 1027 1042 1043 ‹
1064 1018 1118 1044 Καὶ
1131 1014 1202 1043 οὗτοι
1216 1017 1382 1052 σωθήσονται
1396 1018 1427 1043 ὲκ
1440 1016 1530 1051 χειρὸς
1547 1015 1640 1047 αὐτοῦ,
1661 1015 1754 1050 Ἐδῲμ
1773 1016 1819 1041 καὶ

1029 1064 1126 1097 Μωὰὸ,
1139 1063 1186 1090 καὶ
1201 1063 1271 1099 ἁρχὴ
1280 1063 1346 1089 υἱῶν
1366 1062 1486 1103 Ἄρρων.
1500 1072 1509 1087 ι
1529 1062 1641 1099 Ἀμψν
1656 1062 1705 1089 καὶ
1720 1062 1817 1099 Μρὰϐ,

1029 1110 1052 1136 οἱ
1069 1102 1101 1136 ἷῖι
1114 1109 1167 1136 τῶν
1189 1109 1344 1144 θυγατέρων
1361 1109 1407 1135 τοῦ
1422 1102 1482 1134 Ᾰὼτ
1502 1109 1554 1135 υἱοὶ
1575 1108 1773 1143 γεγενημένοι,
1792 1107 1818 1140 ἐξ

1029 1151 1065 1181 ὦν
1081 1154 1111 1180 τὺ
1124 1154 1201 1188 γένος
1213 1154 1263 1185 ἓως
1270 1153 1317 1180 τοῦ
1331 1153 1378 1180 νῦν
1389 1153 1520 1188 διαμένει.
1530 1153 1609 1186 Λέγει
1619 1153 1675 1189 γὰρ
1693 1153 1808 1184 “suis;

1031 1210 1040 1226 1
1060 1201 1114 1226 Καὶ
1129 1200 1344 1234 πετασθήσονται
1361 1201 1390 1226 ὲν
1406 1199 1507 1232 πλοίοις
1523 1199 1678 1233 ἀλλοφύλων
1692 1220 1699 1232 ,
1718 1198 1818 1225 θάλατ-

1028 1255 1077 1273 σαν
1093 1246 1151 1281 ἅμα
1164 1245 1392 1280 προνομεύοντες,
1417 1246 1464 1272 καὶ
1479 1246 1540 1277 τοὺς
1555 1246 1600 1279 ἀφ’
1618 1245 1693 1280 ἡλίου
1719 1246 1817 1272 ἀνατο-

1027 1292 1090 1325 λῶν,
1107 1292 1154 1319 καὶ
1167 1292 1213 1318 ἐπὶ
1229 1291 1316 1318 Μωὰϐ
1333 1291 1439 1327 πρῶτον
1449 1292 1499 1323 τὰς
1517 1293 1610 1327 χεῖρας
1627 1291 1816 1318 ἐπιϐαλοῦσιν*

1026 1339 1051 1365 οἱ
1067 1339 1094 1364 δὲ
1110 1339 1162 1365 υἱοὶ
1184 1337 1297 1375 Ἀμμξὼν
1314 1337 1415 1373 πρῶτοι
1430 1338 1637 1364 ὑπακούσονται.
1660 1347 1670 1363 ι

1061 1381 1145 1416 Οὗτος
1173 1382 1219 1411 οὖν
1247 1386 1301 1416 τοῖς
1327 1385 1387 1411 τότε
1410 1385 1514 1420 καιροῖς
1538 1383 1707 1418 ἀναδειχθεὶς
1733 1385 1819 1411 ὑπαν-

1025 1431 1067 1456 τεῖ
1083 1431 1156 1465 (12)·
1181 1431 1228 1456 καὶ
1248 1430 1388 1465 κρατήσας
1411 1430 1439 1456 ὲν
1453 1429 1603 1464 παρατάξει
1625 1430 1747 1465 πολέμου
1763 1430 1817 1456 τῶν

1025 1475 1108 1511 τριῶν
1129 1476 1252 1511 κεράτων
1266 1477 1298 1502 ὲκ
1316 1475 1370 1502 τῶν
1386 1476 1451 1501 δέκα
1462 1475 1535 1507 ,ικαὶ
1558 1475 1713 1511 ὲκριςὼσας
1735 1476 1817 1505 αὐτὰ,

1026 1521 1094 1556 ὅπερ
1109 1521 1181 1548 ἐστὶν
1196 1521 1333 1557 Αἰγιζιῐτου
1345 1541 1353 1553 ,
1375 1521 1422 1547 καὶ
1443 1521 1549 1559 Λιὸύων
1563 1541 1569 1554 ,
1597 1522 1643 1548 καὶ
1664 1521 1815 1561 Αιθέπων,

1025 1566 1115 1593 λαϐὼν
1131 1566 1165 1592 τὰ
1179 1566 1265 1592 σκύλα
1280 1567 1326 1592 καὶ
1340 1565 1374 1592 τὰ
1388 1565 1495 1601 λάφυρα
1506 1586 1513 1598 ,
1531 1566 1726 1600 ὑποταγέντων
1743 1567 1816 1602 αὐτῷ

1025 1612 1072 1639 καὶ
1088 1612 1141 1638 τῶν
1155 1611 1254 1638 λοιπῶν
1269 1612 1392 1647 κεράτων
1404 1612 1457 1638 τῶν
1471 1612 1733 1647 περιϐλαπτομένων
1745 1633 1752 1645 ,
1767 1614 1818 1648 ἀρ»

1025 1659 1066 1692 ξει
1086 1658 1217 1693 ὐψοῦσθαι
1236 1659 1268 1693 τῇ
1291 1658 1406 1694 καρδίᾳ,
1428 1658 1475 1685 καὶ
1495 1658 1653 1695 ἐπαίρεσθαι
1675 1662 1749 1685 κατὰ
1768 1659 1814 1684 τοῦ

1024 1705 1103 1736 Θεοῦ,
1121 1705 1210 1739 πάσης
1223 1704 1271 1740 τῆς
1287 1705 1448 1740 οἰκουμένης
1464 1704 1572 1740 κρατῶν
1582 1713 1588 1719 ·
1605 1705 1634 1730 τὸ
1649 1705 1678 1730 δὲ
1697 1705 1814 1740 ὅρμημα

1024 1750 1104 1777 αὐτοῦ
1116 1751 1222 1785 πρῶτον
1236 1750 1309 1776 ἔσται
1327 1751 1373 1776 ἐπὶ
1389 1750 1476 1785 Τύρον
1492 1751 1538 1777 καὶ
1555 1750 1688 1787 Βήρξτον,
1698 1751 1748 1777 καὶ
1765 1751 1814 1785 τὴν

1024 1796 1103 1832 πέριξ
1118 1796 1218 1832 χώραν.
1237 1796 1343 1827 Ταύτας
1358 1796 1412 1831 γὰρ
1422 1795 1529 1832 πρῶτον
1545 1795 1594 1827 τὰς
1606 1796 1698 1827 πόλεις
1713 1797 1815 1832 ἐκπορ-

1024 1842 1119 1878 θήσας,
1138 1843 1198 1874 ταῖς
1214 1842 1320 1878 ἑτέραις
1333 1842 1414 1877 φόὸον
1426 1842 1597 1877 ὲγγεννήσει,
1616 1843 1707 1875 καθώς
1732 1853 1813 1879 φησιν

1029 1889 1157 1920 Ἡσαΐας·
1174 1898 1183 1914 ‹
1197 1888 1369 1924 Αἱσχύνθητι,
1384 1887 1480 1920 Σιδὼν,
1498 1887 1575 1914 εἶπεν
1599 1889 1615 1924 ἡ
1633 1888 1759 1916 θάλασσα
1772 1898 1779 1904 ·
1797 1891 1812 1924 ἡ

1022 1933 1050 1960 δὲ
1067 1934 1142 1969 ἰσχὺς
1155 1933 1205 1968 τῆς
1221 1933 1357 1969 θαλάσσης
1373 1931 1464 1960 εἶπενο
1481 1933 1537 1959 Οὐκ
1552 1933 1645 1960 ὧδινον
1657 1953 1666 1965 ,
1684 1934 1741 1960 οὐδ’
1756 1934 1812 1960 ἐτε-

1022 1988 1069 2006 κον
1080 2000 1087 2012 ,
1113 1979 1166 2005 οὐδ’
1181 1979 1312 2015 ἐξέθρεψα
1323 1979 1488 2011 νεανίσκους,
1505 1978 1565 2006 οὐδὲ
1585 1978 1681 2013 ὖψωσα
1706 1980 1811 2015 παρθέ-

1020 2032 1091 2056 νους.
1117 2024 1200 2050 Ὅταν
1215 2024 1244 2051 δὲ
1262 2024 1393 2051 ἀκουστὸν
1410 2023 1660 2059 γένηταιΔίγύπτῳ
1673 2044 1680 2055 ,
1695 2024 1811 2060 λήῴται

1020 2070 1119 2101 αὐτοὺς
1135 2069 1215 2105 ὀδύνη
1231 2070 1295 2105 περὶ
1310 2069 1408 2105 Τύρου.
1429 2079 1439 2095 ι

1056 2117 1165 2143 Τούτων
1174 2115 1260 2147 οὕτως
1275 2115 1420 2151 ἐσομένων,
1437 2115 1572 2150 ἀγαπητὲ,
1590 2115 1637 2141 καὶ
1653 2115 1710 2142 τῶν
1726 2115 1809 2152 τριῶν

1022 2164 1145 2198 κεράτων
1161 2162 1206 2188 ὑπ’
1221 2161 1304 2188 αὑτοῦ
1318 2162 1498 2194 ὲκκοπέντων,
1512 2161 1581 2197 μετὰ
1593 2161 1681 2188 ταῦτα
1695 2161 1807 2197 ἄρξεται

1023 2209 1060 2240 ὡς
1073 2208 1138 2235 Θεὸν
1154 2208 1249 2235 ἑαυτὸν
1262 2207 1452 2241 ἐπιδεικνύναι,
1464 2208 1502 2239 ὠς
1515 2209 1645 2243 προεῖπεν
1665 2208 1806 2244 Ἰεζεκιήλ·

1025 2264 1034 2280 ι
1058 2254 1128 2281 Ἀνθ’
1138 2250 1175 2280 ὧν
1191 2253 1285 2289 ὑψώθη
1297 2255 1314 2289 ἡ
1328 2255 1424 2290 καρδία
1435 2263 1492 2287 σου,
1508 2254 1553 2281 καὶ
1564 2251 1655 2286 εἶπας,
1674 2254 1743 2286 Θεὸς
1752 2256 1807 2289 ειμι

1021 2299 1088 2335 ἐγώ.
1108 2299 1184 2326 »Καὶ
1212 2301 1325 2340 Ἡσαΐας
1345 2300 1459 2336 ὁμοίως·
1484 2310 1494 2326 ι
1511 2301 1547 2327 Σὺ
1562 2299 1590 2327 δὲ
1615 2298 1697 2333 εἴπας
1721 2303 1751 2328 ὲν
1773 2303 1804 2336 τῇ

1059 2359 1082 2374 ⁸⁸
1100 2357 1152 2385 lsa.
1168 2367 1248 2391 xxul,
1265 2359 1292 2392 4,
1309 2359 1334 2386 5.
1372 2359 1394 2374 ⁸³
1410 2358 1508 2387 Ezech.
1523 2367 1621 2392 xxvm,
1634 2358 1661 2386 6.

1019 2417 1222 2458 ap0ealypticus
1233 2417 1358 2457 666_inde
1366 2425 1510 2452 exsurgere
1520 2421 1610 2459 potest
1620 2426 1627 2450 ;
1636 2422 1674 2457 ,ιιι
1691 2418 1804 2460 proinde

1019 2460 1059 2479 ste
1066 2452 1241 2479 exprimenda
1255 2453 1379 2479 inissent.
1396 2453 1533 2479 'l‘ElTAN.
1548 2452 1729 2479 ΕῚΑΙΧΘΑΣ.
1749 2455 1804 2479 ΛΑ-

1019 2460 1241 2486 Stcexpnmenaa
1255 2460 1379 2484 luissem,
1400 2460 1533 2483 unum,
1548 2460 1729 2483 humu-3;,
1749 2460 1801 2479 AA<

1017 2487 1157 2514 ΤΕΙΝΟΣε
1185 2495 1239 2521 quo
1260 2488 1369 2522 quidem
1398 2488 1478 2514 modo
1500 2488 1545 2514 illa
1572 2488 1710 2522 expressit
1727 2493 1801 2514 vetus

1014 2522 1108 2550 lrenaei
1123 2523 1269 2556 interpres.

1051 2557 1100 2593 (8‘)
1115 2557 1237 2584 Finibus.
1258 2557 1284 2583 ln
1300 2556 1393 2593 (ξι-αιοο
1400 2557 1537 2593 κεράτων·
1550 2557 1625 2584 unde
1642 2558 1749 2586 videtur
1760 2558 1800 2586 in-

1017 2591 1120 2627 terpres
1135 2593 1233 2626 legisse
1248 2592 1383 2627 περάτων.
1399 2591 1478 2619 Eoir.
1499 2591 1621 2620 Ρειτιιοι..

1013 2662 1034 2689 F
1051 2627 1088 2663 (9)
1104 2628 1305 2662 Προέφθημεν.
1322 2628 1359 2654 lta
1376 2627 1517 2662 legendum
1528 2647 1535 2659 ,
1560 2635 1610 2662 pro
1628 2629 1797 2664 προέφημεν.

1036 2671 1123 2689 Λοιιιο.

1036 2671 1123 2690 ABRIC.

1049 2698 1106 2734 (10)
1123 2697 1254 2730 Ποιήσει.
1270 2696 1403 2734 C_.nmbel‘.,
1416 2697 1536 2734 εποῐηαε.

1051 2732 1107 2768 (ll)
1127 2734 1259 2766 Ἰσχιισε.
1277 2732 1356 2768 Εοι-ιθ
1371 2732 1483 2767 ἰσχύσει.
1499 2733 1567 2760 Geo.

1049 2769 1104 2802 (12)
1118 2767 1269 2804 βὶίπαντεζ
1283 2767 1435 2804 Leggndum
1452 2768 1614 2804 ὑπαντήσει,
1627 2770 1703 2797 unde
1711 2768 1796 2803 sequi-

1013 2801 1067 2838 tur,
1083 2801 1128 2830 καὶ
1145 2803 1230 2838 ἄρξει.
1249 2802 1314 2830 Tm.
1332 2801 1394 2829 Fas.
