1856 3050
46 99 90 128 775

579 97 622 125 DE
641 97 792 126 CllRlSTO
813 98 857 126 ΕΤ
877 98 1118 127 ANTICHRISTO.

1603 101 1654 129 774

44 153 133 192 καρδίᾳ.
142 163 198 182 σου·
211 155 258 187 Εἰς
271 153 316 181 τὸν
328 153 442 191 οὐρανὸν
457 153 640 190 ἀναϐήσομαι,
653 155 746 183 ὲπάνω
760 155 796 182 τῶ

897 156 959 184 xisti
981 156 1007 183 in
1033 156 1115 184 corde
1135 159 1201 183 tuo:
1225 154 1378 183 Ascendam
1399 155 1426 182 in
1448 154 1558 187 coelum,
1574 163 1655 191 super

42 201 140 237 ἄστρων
155 201 201 228 τοῦ
218 200 332 237 οὐρανοῦ
349 200 424 235 Θήσω
443 200 490 227 τὸν
514 200 607 237 θρόνον
627 210 693 237 μου·
721 201 817 237 ἔσομαι

42 249 124 283 ὅμοιος
134 247 172 283 τῷ
189 247 317 282 ’Υψίστῳ.
335 247 392 274 Νυν
410 247 438 274 δὲ
454 248 494 279 είς
507 247 572 283 ᾅδην
597 247 753 284 καταϐήσῃ,
777 249 816 279 είς

41 293 70 320 τὰ
83 292 190 328 θεμέλια
204 292 252 327 τῆς
262 293 312 328 γῆς
322 313 329 319 .
350 301 360 319 ι
381 292 516 324 Ὡσαύτως
528 293 574 320 καὶ
584 292 714 329 Ὶεζεκιήλ
724 302 730 308 ·
742 303 751 318 ι
771 293 816 328 Μὴ

41 340 119 373 λέγων
135 339 206 374 ἐρεῖς
218 340 273 370 τοῖς
284 338 426 374 ἀναιροῦσί
440 348 481 372 σε,
496 339 563 371 Θεός
573 340 630 374 εἰμι
643 338 714 373 ὲγώ;
730 339 766 366 Σὺ
788 338 816 365 δὲ

42 385 181 420 ἄνθρωπος,
197 385 244 412 καὶ
260 385 290 411 οὐ
306 385 381 417 Θεός.
401 395 411 411 ι

71 430 248 465 Δεδειγμένων
262 428 308 457 οὖν
317 430 361 458 διὰ
375 430 428 457 τῶν
442 430 532 466 ῥητῶν
539 429 641 457 τούτων
656 430 704 466 τῆς
717 429 814 465 φυλῆς,

40 477 80 504 καὶ
98 477 144 512 τῆς
159 476 316 510 ἀναδείξεως
327 475 421 508 αὐτοῦ,
438 476 485 503 καὶ
500 476 550 511 τῆς
563 476 747 513 ἀναιρέσεως,
767 475 814 502 τοῦ

40 532 65 550 τε
74 523 197 558 ὀνόματος
213 523 351 558 μυστικῶς
362 522 580 558 σεσημασμένον),
597 523 695 558 ἴδωμεν
710 523 755 548 καὶ
766 522 815 557 τὴν

40 557 128 605 πρᾶξιν
143 557 226 596 αὐτου
322 569 407 601 Αὐτὸς
423 569 477 605 γὰρ
494 569 705 605 προσκαλέσεται
728 569 815 595 πάντα

40 616 78 643 τὸν
90 616 149 642 λαὸν
165 616 234 651 πρὸς
247 615 341 642 ἑαυτὸν
366 616 398 641 ἐκ
416 615 505 650 πάσης
522 614 612 650 χώρας
633 614 683 649 τῆς
702 615 814 641 διασπο-

40 663 91 698 ρὶς,
107 661 314 696 ὶδιοποιούμενος
333 661 370 693 ὡς
385 661 468 687 τέκνα
483 661 537 687 ἴδια
549 680 556 691 ,
581 660 814 695 ἐπαγγελλόμενος

39 707 261 742 ἀποκαταστήσειν
272 706 321 742 τὴν
345 705 436 741 χώραν
449 726 456 739 ,
475 705 522 732 καὶ
544 705 705 740 ἀναστήσειν
725 704 814 731 αὐτῶν

38 751 229 788 τὴννβασιλείαν
244 751 348 778 καὶτὸν
365 752 438 784 λαὸν,
453 752 499 778 ἵνα
515 752 560 777 ὑπ’
575 750 664 778 αὐτῶν
686 752 723 783 ὠς
748 750 813 782 Θεὸς

38 796 209 832 προσχυνηθῇ,
225 797 265 828 ὡς
278 796 352 830 λέγει
364 797 378 823 ὁ
389 797 531 832 προφήτης
542 805 549 812 ν
570 805 579 822 ι
595 796 707 829 Συνάξει
722 797 812 823 πᾶσαν

868 202 959 229 stellas
973 201 1034 230 coeli
1050 209 1147 237 ponam
1161 201 1258 228 solium
1276 209 1383 234 meum;
1398 208 1446 229 ero
1459 201 1560 229 similis
1573 201 1656 229 Altis-

867 248 947 275 simo.
960 246 1037 275 Nunc
1049 251 1138 274 autem
1155 247 1183 274 in
1202 246 1338 274 infernum
1363 247 1521 279 descendas,
1543 247 1577 274 ad
1592 247 1656 274 fun—

866 294 993 321 damenta
1017 298 1095 321 terra:
1116 293 1150 320 τα.
1176 302 1185 319 ›
1213 292 1299 320 Simili
1321 300 1431 328 quoque
1465 293 1571 320 ratione
1589 293 1657 320 Eze—

866 339 955 366 chiel:
987 348 997 365 ι
1024 338 1151 374 Nunquid
1173 339 1266 366 dicens
1289 339 1408 373 loqueris
1430 338 1656 366 interticientihus

865 388 905 411 te:
922 383 993 411 Deus
1007 391 1068 410 sutn
1084 384 1150 418 ego?
1165 382 1206 410 Tu
1218 390 1282 411 vero
1300 383 1394 417 homo,
1405 387 1432 410 et
1445 391 1498 410 non
1514 383 1584 411 Deus
1597 384 1629 411 ⁷¹.
1643 393 1653 410 ι

900 429 967 456 LIV.
985 429 1054 457 Cum
1069 429 1111 457 his
1130 429 1214 462 locis,
1231 429 1391 457 Antichristi
1408 434 1466 457 tum
1485 430 1572 457 tribus
1590 437 1655 464 pro-

865 476 928 503 bata
949 476 1002 509 sit,
1028 480 1084 503 tum
1105 476 1164 511 ejus
1182 476 1313 503 exhibitio
1337 484 1368 504 ac
1390 476 1532 510 interitus;
1555 485 1654 505 nomen

865 526 975 554 quoque
990 519 1105 547 obscure
1119 519 1290 555 designatum
1314 520 1348 547 sit
1370 528 1401 547 ac
1420 521 1470 548 sub
1495 522 1653 557 :enigmate;

864 565 1004 592 videamus
1022 571 1048 592 et
1059 565 1124 600 quid
1139 570 1250 593 acturus
1261 566 1305 593 sit.
1323 565 1381 601 Ipse
1398 567 1468 593 enim
1481 568 1655 602 congregabit

864 610 897 637 ad
914 619 943 638 se
956 618 1063 638 omnem
1076 611 1205 646 populum
1219 618 1251 638 ex
1268 612 1341 639 omni
1355 612 1464 647 regione
1476 621 1529 648 qua
1538 615 1654 649 dispersi

864 661 945 690 sunt,
968 658 1040 684 velut
1054 665 1118 685 suos
1133 658 1219 693 ipsius
1235 658 1305 686 ﬁlios
1323 659 1462 688 asciscens
1475 662 1655 697 propriosque

864 703 1005 736 adhibens,
1023 704 1213 731 restituturum
1228 712 1256 732 se
1281 705 1418 740 regionem
1442 706 1588 741 pollicitus,
1606 708 1654 735 're-

862 757 1000 784 gnumque
1022 749 1132 776 illorum
1153 758 1186 778 ac
1205 750 1336 785 populum
1349 751 1556 785 suscitaturum,
1577 757 1605 780 ut
1620 753 1654 780 ab

863 795 903 822 cis
927 801 1056 830 tanquam
1084 795 1155 823 Deus
1172 797 1316 830 adoretur,
1343 797 1414 825 sicut
1441 798 1478 826 ait
1503 799 1651 834 propheta:

36 843 78 878 τὴν
86 841 215 877 βασιλείαν
226 841 310 869 αὑτοῦ
322 841 375 868 ἀπὸ
384 842 520 869 ἀνατολῶν
531 842 605 877 ἡλίου
617 842 680 877 ἄχρι
689 842 796 877 δυσμῶν

900 840 1082 876 Congrcgabit
1105 849 1186 869 omne
1216 849 1331 878 regnum
1357 851 1437 871 suum
1459 851 1475 871 a
1500 844 1565 871 solis
1591 849 1652 872 ortu

37 888 76 920 οὓς
86 888 220 924 κεκλήκοι,
231 888 280 915 καὶ
296 888 342 920 οὒς
356 888 385 914 οὒ
400 888 541 924 κεκλήκοι,
562 888 738 924 πορεύσονται
752 889 810 924 μετ’

37 933 114 960 αὐτοῦ.
133 943 141 959 ι
160 934 213 960 Καὶ
238 933 371 969 Ἱερεμίας
379 933 408 960 δὲ
418 935 458 965 εἰς
472 933 553 960 αὑτὸν
567 933 707 969 χρώμενος
723 942 812 970 παρα-

38 980 101 1016 ϐολῇ,
117 981 194 1016 φησὶν
210 979 315 1012 οὕτως’
335 990 344 1006 ι
363 980 461 1016 Πέρδιξ
473 979 608 1016 ὲφώνησε,
626 981 778 1016 συνήγαγεν
793 980 811 1007 ὃ.

37 1025 78 1051 οὐκ
90 1025 171 1058 ἔτεκε,
180 1024 267 1052 ποιῶν
282 1024 327 1051 τὸν
339 1024 452 1052 πλοῦτον
460 1024 543 1052 αὑτοῦ
556 1025 586 1052 οὺ
601 1025 670 1061 μετὰ
682 1025 810 1061 κρίσεως⁸

37 1072 60 1097 ἐν
71 1072 157 1107 ἡμίσει
171 1071 284 1108 ἡμερῶν
295 1071 502 1106 καταλείψουσιν
516 1071 606 1104 αὺτὸν,
618 1072 665 1098 καὶ
681 1072 758 1098 ἔσται
767 1072 810 1098 ἐπ’

37 1117 142 1153 ἐσχάτων
157 1118 269 1154 ἡμερῶν
284 1117 364 1144 αὐτοῦ
379 1118 483 1153 ἄφρων.
503 1127 512 1143 ι

66 1205 98 1232 Οὐ
112 1205 203 1241 βλάψει
214 1204 263 1233 οὗν
279 1206 321 1233 διὰ
332 1206 362 1232 τὸ
371 1207 562 1242 προκείμενον,
584 1207 631 1233 καὶ
642 1206 692 1242 τὴν
711 1207 810 1243 ⁵τέχνην

35 1251 74 1278 τοῦ
81 1250 143 1283 ζώου
151 1251 341 1287 διηγήσασθαι,
354 1253 400 1279 καὶ
407 1253 446 1279 ὅτι
454 1253 484 1279 οὐ
495 1253 580 1289 μάτην
589 1253 746 1288 ἀπεφήνατο
754 1253 809 1289 (Η)

36 1297 188 1334 ὁπροφήτης
202 1299 232 1325 τὸ
247 1298 338 1334 ῥητὸν,
355 1300 388 1334 τῇ
404 1298 449 1325 τοῦ
463 1298 532 1331 ςὼου
547 1299 686 1335 παραϐολῇ
701 1299 809 1336 χρώμε-

36 1353 87 1376 νος·
105 1344 148 1371 τοῦ
163 1344 216 1380 γὰρ
233 1345 362 1380 πέρδικος
381 1345 519 1377 κενοδόξου
540 1344 611 1378 ζώου
629 1346 807 1381 ὑπάρχοντος1

36 1390 93 1416 ἐπὰν
113 1390 220 1426 πλησίον
247 1391 289 1427 ἴδῃ
311 1391 404 1426 ἐτέρου
422 1391 550 1427 πέρδικος
571 1392 667 1419 καλιὰν
693 1392 808 1427 ἔχουσαν

35 1436 152 1467 νεοσσοὺς,
167 1436 339 1467 ἁποπτάντος
353 1435 400 1463 τοῦ
417 1436 520 1472 πατρὸς
533 1437 622 1464 αὐτῶν
637 1438 676 1470 εἰς
691 1438 740 1473 τὴν
765 1447 808 1465 νο-

863 894 949 921 usque
971 887 1005 914 ad
1026 894 1164 915 occasum.
1188 887 1262 921 Quos
1284 889 1437 923 vocaverit,
1460 893 1487 917 et
1506 897 1575 925 quos
1598 898 1652 917 non

861 933 1021 965 vocaverit,
1050 941 1111 960 cum
1136 941 1169 961 co
1195 934 1348 961 venient".
1366 944 1375 960 ι
1392 934 1524 963 Jeremias
1544 944 1653 972 quoquo

861 977 902 1004 sic
917 978 950 1004 de
965 977 1010 1005 illo
1028 978 1148 1013 loquitur
1171 979 1222 1006 sub
1245 979 1303 1006 avis
1327 980 1503 1014 metaphora:
1525 990 1534 1006 ι
1553 981 1650 1009 Perdix

861 1023 1000 1051 clamavit:
1016 1027 1192 1059 congregavit
1204 1033 1265 1060 qure
1283 1033 1336 1052 non
1353 1026 1472 1061 peperit;
1488 1026 1590 1054 faciens
1607 1028 1650 1054 di-

859 1069 942 1096 vitias
958 1077 1023 1096 suas
1037 1077 1091 1096 non
1108 1077 1171 1097 cum
1187 1070 1301 1105 judicio.
1316 1071 1345 1098 ln
1358 1072 1472 1099 dimidio
1487 1073 1592 1100 dierum
1607 1073 1651 1100 de-

861 1114 1016 1150 relinquent
1037 1123 1117 1150 eum;
1134 1120 1161 1143 et
1178 1117 1230 1144 erit
1252 1117 1279 1144 in
1296 1117 1453 1146 norissimis
1471 1118 1567 1146 diebus
1592 1119 1650 1147 suis

860 1160 993 1195 insipiens
1007 1161 1043 1188 ⁷³.
1063 1171 1072 1188 ι

894 1207 950 1235 LV.
970 1207 1042 1235 Nihil
1061 1217 1124 1244 ergo
1144 1209 1251 1243 oﬂiciet,
1263 1210 1404 1246 praesentis
1420 1212 1572 1246 argumenti
1587 1219 1650 1247 ενδ--

860 1253 918 1286 tia,
945 1255 1093 1289 quominus
1124 1256 1204 1283 ctiam
1232 1256 1358 1284 animalis
1395 1262 1480 1284 artem
1505 1261 1649 1292 astumque

859 1305 1017 1328 enarremus
1030 1321 1037 1333 ,
1059 1308 1090 1328 ac
1103 1302 1294 1335 ostendamus,
1308 1311 1361 1329 non
1377 1302 1476 1330 frustra
1492 1304 1649 1338 prophetam

859 1345 917 1373 hac
931 1347 1051 1374 locutum
1062 1355 1132 1380 esse,
1148 1348 1208 1383 ejus
1223 1349 1348 1376 animalis
1362 1357 1441 1376 usum
1460 1350 1648 1379 similitudine.

859 1391 927 1419 Nam
944 1400 1006 1420 cum
1028 1394 1120 1428 perdix
1143 1394 1291 1429 superbum
1312 1395 1413 1422 animal
1435 1395 1487 1427 sit,
1504 1396 1548 1422 ubi
1565 1404 1648 1431 prope

858 1438 973 1466 alterius
992 1439 1110 1474 perdicis
1133 1440 1227 1466 nidum
1248 1440 1274 1467 in
1296 1448 1351 1475 quo
1372 1441 1427 1467 sint
1447 1441 1525 1475 pulli,
1539 1442 1646 1474 viderit,

37 1480 89 1515 μὴν,
106 1480 270 1516 μιμούμενος
284 1481 332 1515 τὴν
348 1481 394 1508 τοῦ
415 1481 555 1517 ἀλλοτρίου
574 1482 665 1518 φωνὴν
684 1491 796 1518 προσχα-

897 1491 975 1511 orum
997 1492 1094 1520 parens
1112 1485 1144 1512 ad
1169 1491 1274 1519 pastum
1297 1486 1428 1518 avolarit,
1452 1488 1550 1514 aemula
1566 1487 1646 1515 alieni

34 1525 178 1563 λεϊταιπρδς
192 1526 290 1553 ἑαυτὸν
306 1528 369 1559 τοὺς
386 1527 524 1559 νεοσσούς·
547 1529 571 1555 οὶ
595 1528 623 1555 δὲ
641 1529 801 1564 νομίσαντες

856 1537 931 1563 voce,
948 1531 981 1558 ad
1004 1538 1033 1558 se
1055 1531 1144 1566 pullas
1163 1536 1258 1558 vocat:
1281 1532 1347 1567 pulli
1369 1540 1433 1559 vero
1453 1541 1532 1560 suum
1560 1534 1646 1568 ipsam

76 1586 222 1626 ’°l_sa.xtv,
239 1586 335 1614 15-15.
373 1587 395 1602 ⁷⁸
413 1586 513 1615 Ezcch.
528 1589 629 1621 xxvtn',
652 1588 679 1616 9.
717 1588 740 1604 ⁷²
763 1587 795 1615 Ει

897 1589 998 1624 Ipcrius
1009 1597 1070 1625 cap.
1089 1589 1130 1623 15,
1143 1590 1201 1617 haec
1213 1590 1295 1618 citata
1309 1595 1339 1617 ut
1355 1591 1521 1626 prophetica.
1555 1592 1577 1607 ⁷³
1589 1591 1645 1620 Jer.

36 1628 92 1654 xrn,
109 1622 148 1648 ll.

63 1667 110 1701 (13)
128 1667 185 1703 Τὴν
199 1667 324 1706 -ρτρᾶξιτξ
344 1669 448 1706 αὐτοῦ.
474 1668 502 1696 1η
531 1669 676 1704 partitione
697 1671 798 1706 operis,

35 1709 102 1736 Supra
124 1711 179 1738 cap.
198 1704 224 1737 5,
240 1704 333 1740 posuit
345 1703 506 1739 Hippolytus
522 1703 551 1731 se
566 1705 661 1740 quinto
673 1703 733 1733 loco
757 1703 800 1734 di;

34 1742 200 1776 clurumiesse
216 1739 284 1774 περὶ
298 1739 405 1776 ’πλᾴνης
423 1739 470 1766 τοῦ
488 1739 688 1776 γἈντιχρίστου.
709 1742 801 1776 Itaque

35 1779 76 1810 pro
89 1774 189 1808 πρᾶξιν,
205 1774 322 1810 emenda
340 1774 454 1802 fidenter
468 1774 517 1810 τὴν
534 1774 638 1810 πλάνην
658 1774 801 1805 αὐτοῦξΕι

33 1807 76 1848 hoc
87 1807 116 1835 ex
130 1809 273 1848 κορέει-ιε
288 1810 398 1844 probari
415 1807 516 1848 potesi._
525 1810 591 1848 _Cap.
610 1807 739 1848 ὃῑὶλνοςξιι
751 1812 800 1848 τὴν

32 1842 167 1880 ςέχνηνεοῦ
181 1843 253 1876 ζώου
263 1864 270 1876 ,
285 1842 311 1871 et
323 1852 396 1878 mox,
407 1842 616 1880 δὶαταλείψαντες
631 1846 676 1872 τὸν
689 1842 798 1873 πλάνον.

34 1876 172 1916 ξρζέΝοιι
196 1884 246 1916 σει
268 1884 356 1916 tamen
384 1876 537 1916 necessaria
565 1881 622 1908 haec
646 1881 799 1916 Tanaquilli

32 1911 99 1952 Fabri
114 1915 267 1952 emendatio
277 1922 288 1952 εν
307 1915 371 1952 quia
381 1915 502 1952 πρᾶξις,
512 1920 552 1952 Aut
576 1924 627 1943 vox
644 1911 778 1952 generalis
790 1937 798 1951 ,

32 1949 99 1985 etiam
111 1949 210 1984 πλάνην
224 1950 387 1977 Antichristi
403 1949 491 1985 potest
504 1949 771 1979 denotarefFAamc.

32 2017 36 2022 _
61 1984 108 2022 (ll)
129 1985 321 2019 Ἁπεφήνατο.
339 1985 384 2022 Sic
397 1984 538 2022 emendavi
550 1994 582 2013 ex
593 1986 693 2014 Catena
706 1986 800 2015 Gneca

32 2017 54 2056 in
66 2017 156 2047 Jcrem.
169 2017 232 2047 cuni
247 2024 320 2056 esset
335 2020 512 2056 ἀπεκρίνατο,
529 2028 560 2048 ac
575 2022 679 2056 reliqua
691 2021 727 2049 ita
738 2030 797 2049 mu-

32 2054 69 2079 tila
82 2059 176 2091 essen_t,
193 2060 223 2083 ut
233 2055 279 2091 vix
292 2055 363 2083 ullus
376 2054 461 2083 ex'eis
475 2064 613 2091 congruus
629 2054 727 2084 sensus
738 2057 799 2086 elici

32 2094 117 2148 posset.
142 2089 198 2117 Erit
214 2095 243 2118 et
266 2090 317 2118 hoc
338 2095 517 2126 argumento,
530 2089 596 2119 esse
616 2091 686 2119 hanc
704 2100 796 2120 veram

42 2123 147 2148 litmnlvli
164 2126 380 2148 lucubratioan
392 2146 397 2148 .
421 2134 473 2148 nnn
491 2134 572 2148 nunm
597 2127 719 2148 smn-iam
737 2128 796 2148 pina

42 2123 398 2162 lippolytilucubrationcni,
419 2134 473 2153 non
491 2134 572 2161 quam
597 2127 720 2161 spuriam
737 2128 796 2162 ejus

32 2160 124 2196 nomine
137 2160 216 2189 Picus
242 2161 380 2196 vulgavit,
398 2161 424 2188 in
446 2160 589 2196 qua’nulla
608 2160 665 2190 haec
679 2160 795 2190 exstant.

853 1676 906 1704 que
930 1675 983 1695 non
1001 1675 1066 1704 suos
1091 1667 1190 1695 frustra
1212 1667 1341 1699 vocitent,
1359 1676 1420 1695 cum
1448 1668 1485 1694 illi
1504 1676 1536 1695 ex
1555 1669 1646 1697 indole

854 1703 928 1740 quod
941 1703 1013 1740 nacti
1024 1707 1170 1740 sunt,_mox
1183 1703 1238 1730 nati
1252 1704 1377 1736 actitcnt;
1390 1708 1453 1740 puta
1463 1709 1555 1730 anates
1568 1705 1646 1738 aquis

855 1738 960 1769 inhiant
990 1738 1079 1773 iisque
1095 1738 1239 1769 innatant,
1256 1744 1345 1772 spreta
1363 1739 1470 1773 gallinae
1483 1746 1549 1766 voce
1561 1759 1569 1772 ,
1584 1748 1646 1773 quae

853 1781 904 1801 nec
917 1774 956 1800 sic
973 1777 1003 1799 ut
1013 1781 1089 1805 suos,
1104 1773 1206 1800 alienos
1224 1774 1294 1800 fetus
1311 1773 1402 1801 fovere
1415 1774 1530 1806 desinit;
1554 1779 1645 1802 tantus

854 1809 927 1836 illius
941 1816 974 1835 ex
989 1807 1083 1835 innato
1098 1809 1183 1842 prolis
1194 1816 1288 1835 amore
1304 1813 1409 1843 stupor.
1427 1807 1481 1836 Nec
1502 1810 1581 1836 aliter
1602 1811 1643 1836 vi-

853 1845 949 1871 deatur
964 1843 997 1870 de
1013 1843 1057 1870 illa
1073 1851 1132 1875 ave,
1151 1851 1233 1878 quam
1253 1843 1386 1871 Jeremias
1413 1845 1536 1878 exemplo
1561 1852 1642 1871 usur-

853 1880 943 1914 pavit;
961 1885 993 1914 ae
1020 1879 1150 1913 parabola
1177 1879 1245 1906 scite
1271 1887 1369 1906 avaros
1396 1879 1580 1913 reprehendit,
1595 1881 1642 1914 qui

854 1913 913 1941 Sine
923 1913 1027 1950 judicio
1041 1921 1107 1950 opes
1124 1922 1176 1940 non
1190 1915 1230 1950 eis
1251 1921 1447 1948 permansuras
1467 1913 1642 1950 congregem.

852 1956 924 1984 saepe
939 1948 1021 1976 etiam
1040 1948 1066 1975 in
1090 1949 1144 1976 vita
1159 1949 1353 1981 dimittendas,
1378 1951 1477 1977 nedum
1501 1948 1642 1978 cutn‘vita

849 1983 937 2012 morte
960 1983 1000 2010 eis
1025 1984 1221 2011 commutanda
1239 1984 1300 2011 erit.
1315 1985 1402 2012 Grotii
1419 1985 1557 2019 expositio
1571 2006 1578 2018 ,
1604 1986 1641 2012 di-

848 2024 923 2046 ctum
955 2019 1007 2046 hoc
1030 2026 1046 2046 a
1075 2019 1217 2054 propheta,
1235 2020 1308 2054 quod
1326 2021 1540 2055 perdicumrova
1569 2028 1641 2055 saepe

847 2056 1033 2081 sulwcntanea
1061 2060 1136 2088 sunt,
1162 2059 1190 2081 ut
1213 2055 1310 2088 Arist.,
1326 2055 1344 2082 l.
1362 2063 1399 2086 vt,
1416 2063 1442 2082 c.
1472 2054 1500 2087 2,
1529 2054 1640 2082 tradidit

846 2090 962 2125 aliique,
988 2089 1104 2125 nihilad
1121 2097 1177 2116 rem
1193 2095 1240 2117 aut
1254 2098 1288 2117 ex
1307 2094 1397 2117 mente
1417 2091 1573 2124 prophetat:
1589 2098 1640 2118 nec

845 2124 907 2159 ejus
916 2124 1085 2158 comparatio
1106 2124 1157 2152 hoc
1171 2126 1248 2159 petit,
1260 2125 1305 2152 sed
1315 2126 1387 2159 quod
1401 2125 1459 2152 avis
1468 2126 1508 2152 sic
1522 2125 1638 2157 frustra,

853 2161 983 2194 nulloque
1009 2168 1060 2186 suo
1080 2161 1238 2192 commodo,
1264 2160 1378 2192 alienos,
1393 2168 1442 2194 pro
1465 2160 1532 2192 suis,
1549 2161 1638 2194 pullos

73 2202 258 2237 sensumnvero
273 2193 407 2231 Hippolyti
425 2193 536 2237 (dqiﬂet
549 2197 665 2237 aliorum
678 2198 797 2237 plurium
814 2205 836 2232 ι)
851 2193 986 2237 excludat.
1003 2193 1166 2237 .{Egyptiunm
1182 2201 1240 2237 mp
1258 2201 1336 2237 vocat
1350 2193 1513 2237 ingere-sitit
1526 2193 1618 2236 “abba
1628 2217 1636 2228 ,

31 2228 168 2267 Qrtecorum
178 2228 461 2268 Patrumfnecnon'et
474 2231 646 2268 Hieronymi)
661 2228 797 2267 perdicem

34 2266 65 2290 sic
78 2273 169 2294 vocare
182 2267 223 2294 vel
235 2266 381 2294 excludere
396 2267 500 2294 alienos
517 2266 616 2302 pullos,
629 2266 675 2302 qui
699 2268 797 2296 deinde

34 2305 109 2338 verum
121 2307 258 2336 parentem
275 2306 472 2338 agnoscantret
489 2302 605 2329 alienum
624 2304 794 2337 relinquant;

33 2333 132 2373 alienum
148 2345 163 2364 a
179 2342 278 2364 natura
293 2333 376 2373 hujus
393 2337 530 2373 animalis,
544 2337 616 2364 docti
628 2333 796 2366 recentiores

33 2371 274 2408 animadverterunt,
290 2372 362 2407 quod
379 2372 458 2399 nobis
479 2372 588 2407 proprie
606 2381 711 2408 usuque
737 2374 796 2400 vnl-

32 2409 81 2436 gzito
94 2407 181 2439 perdix
197 2413 255 2434 est:
286 2409 393 2441 aliaque
416 2413 480 2434 sunt
503 2408 558 2435 veri
584 2407 702 2442 pcrdiéis
730 2409 796 2436 vitia

31 2441 169 2478 auctoribus
193 2442 281 2478 sacris
306 2442 482 2477 profanisque
502 2441 614 2476 notata;
638 2443 664 2470 in
694 2444 795 2478 quibus

32 2471 142 2509 Origenes
160 2471 316 2514 adderem:
337 2471 475 2505 laudatum
492 2478 594 2509 locum,
608 2471 640 2514 σὺ
660 2471 794 2514 κευὶοηοέ-

32 2515 112 2536 στατον
127 2513 171 2539 καὶ
186 2513 217 2539 τὸ
231 2512 383 2547 ἀκάθαρτον
398 2517 542 2545 numerat,
559 2513 631 2547 quod
652 2512 796 2541 callidissi-

32 2550 93 2571 iuum
105 2548 220 2575 cavendo
233 2548 316 2582 pull:s
331 2548 441 2579 animal,
453 2552 480 2575 et
494 2548 566 2583 quod
582 2548 792 2581 salacissimum,

33 2583 56 2604 υι
67 2587 93 2618 se
105 2589 190 2610 mares
203 2583 249 2610 alii
264 2583 332 2611 alios
344 2584 447 2616 ineant,
462 2587 513 2611 etc.
535 2583 615 2610 Aliud
634 2592 719 2618 genus
735 2584 794 2612 avis

31 2615 108 2643 multis
119 2619 235 2645 ostendit
244 2618 394 2646 Bochartus
405 2615 444 2646 De
454 2617 615 2645 animalibus
626 2615 709 2645 εἱισγιε
719 2618 793 2645 Scri-

30 2654 102 2689 Ριιινιε
114 2672 125 2689 ,Α
138 2657 212 2680 tomo
228 2655 250 2685 l,
266 2654 383 2689 oblongo
399 2659 503 2686 rostro,
518 2653 607 2688 qualis
627 2653 683 2680 fere
700 2658 792 2681 nostra

32 2687 152 2722 rusticula,
171 2696 221 2716 nec
235 2689 314 2715 nobis
328 2687 395 2717 satis
419 2687 618 2722 notum,’cnjus
632 2696 664 2716 ea
678 2689 790 2721 indoles,

31 2722 53 2744 ut
69 2721 148 2749 aliena
160 2730 209 2750 ova
223 2723 312 2751 foveat
325 2728 351 2750 et
361 2724 497 2757 excludat,
510 2721 661 2758 habeatque
673 2732 704 2750 ac
714 2729 793 2751 vocet

31 2757 54 2795 {tl
67 2763 139 2795 suos,
160 2758 261 2795 alienos
273 2760 372 2795 pullos,
387 2760 434 2794 qui
456 2764 483 2787 et
503 2757 640 2787 deserant.
662 2758 790 2786 Familia-

30 2793 150 2819 rlssimum
165 2793 235 2820 istud
251 2793 578 2829 irigallinis’domesticis;
593 2802 654 2828 quae
667 2799 789 2827 anatum,

29 2830 150 2862 luserunt,
168 2829 274 2864 aliaque
285 2838 335 2858 ova
351 2829 460 2858 foveant
475 2835 502 2858 et
518 2830 672 2862 excludant,
685 2829 788 2865 pullos-

850 2230 883 2266 Β.
896 2230 1112 2266 ,Ιοειιοηοιιιιιιιω
1127 2231 1210 2262 ﬁlius,
1222 2230 1273 2258 iiec
1287 2231 1366 2258 aliter
1380 2231 1635 2266 Chrysostomusjn

848 2265 961 2298 Catena,
985 2265 1123 2292 Perdicem
1149 2265 1321 2300 Egyptiam,
1349 2267 1421 2300 quod
1439 2265 1582 2300 praecipue
1608 2267 1634 2293 in

848 2300 966 2336 Aigypto
982 2300 1016 2327 sit
1028 2302 1053 2327 id
1068 2308 1154 2335 genus
1169 2303 1237 2328 avis.
1250 2301 1406 2328 Montanam
1421 2308 1492 2333 esse,
1507 2308 1556 2328 nec
1568 2302 1635 2328 tanti

846 2335 925 2371 pretii
937 2356 944 2368 ,
970 2340 998 2362 ut
1021 2335 1048 2362 in
1065 2337 1110 2362 illa
1128 2341 1243 2363 venator
1262 2337 1360 2363 debeat
1382 2343 1492 2371 operam
1509 2337 1632 2370 perdere,

846 2372 949 2398 indicat
960 2391 966 2402 ,
990 2372 1063 2406 qltod
1080 2379 1110 2398 se
1127 2371 1165 2397 illi
1179 2371 1261 2406 David
1274 2378 1431 2406 comparat,
1454 2379 1635 2406 persequente

837 2403 928 2434 'Saule
954 2403 1024 2442 inter
1041 2411 1180 2442 montana.
1208 2405 1276 2433 lllud
1302 2403 1438 2442 ὲφζῦνησέ,
1454 2403 1469 2432 ἰ
1487 2403 1604 2440 vocavit,
1621 2417 1630 2433 ι

846 2449 907 2469 cum
926 2442 954 2468 in
966 2441 1084 2468 Hebraeis
1102 2449 1154 2468 non
1169 2446 1270 2472 exstet,
1284 2441 1404 2468 additum
1423 2442 1527 2469 videtur
1549 2450 1564 2468 a
1582 2442 1632 2469 Se-

845 2478 986 2512 ptuagiuta
999 2485 1006 2509 ;
1020 2484 1073 2510 qua
1091 2484 1174 2506 voce,
1192 2481 1220 2503 et
1235 2477 1307 2511 quod
1327 2477 1461 2512 συνήγαγε
1486 2478 1634 2504 transtule-

845 2511 923 2544 runt,
936 2513 966 2538 τὸ
991 2517 1060 2541 "in:
1083 2513 1278 2546 congregavit)
1291 2511 1634 2547 (quod'meliusllierony-

844 2555 906 2582 mus
923 2547 1034 2582 aliique,
1050 2556 1059 2572 ι
1074 2546 1150 2578 fovit,
1171 2548 1194 2581 ι)
1216 2547 1290 2573 illam
1302 2547 1353 2573 sibi
1370 2546 1496 2573 fabellam
1514 2546 1632 2574 habuere.

844 2581 930 2610 (ἔπειθί
947 2582 1118 2616 interpretes,
1137 2582 1170 2608 ad
1179 2590 1262 2616 quam
1277 2582 1345 2608 nihil
1358 2586 1534 2608 sacertextus
1545 2582 1628 2616 cogit:

844 2617 901 2651 qui,
921 2617 962 2644 vel
976 2618 999 2644 si
1017 2624 1067 2643 vox
1086 2617 1129 2652 illa
1146 2617 1277 2643 llebraica
1298 2621 1369 2644 esset
1397 2625 1406 2642 ι
1423 2624 1599 2652 congregare,
1618 2627 1627 2643 ι

844 2657 874 2679 ut
889 2653 971 2680 sentit
990 2651 1073 2678 David
1097 2651 1216 2684 Kimchi,
1229 2653 1308 2678 aliter
1325 2651 1628 2686 intelligendus'essct,

843 2695 925 2722 quam
938 2692 966 2714 ut
977 2688 1146 2714 velitvocare
1163 2692 1189 2714 et
1205 2695 1379 2721 congregare,
1392 2696 1461 2721 quos
1474 2695 1507 2714 ex
1531 2687 1629 2715 alienis

843 2723 914 2755 ovis,
924 2727 954 2749 ut
969 2729 1034 2749 suos
1048 2723 1227 2754 exclusisset;
1243 2723 1316 2749 \‘clut
1326 2723 1381 2749 fere
1394 2728 1491 2757 praeter
1504 2723 1629 2757 gallinas,

841 2759 943 2792 quibus
956 2758 1006 2792 ipsi
1026 2758 1114 2784 aliena
1125 2766 1175 2785 ora
1187 2758 1377 2792 supponimus,
1393 2762 1456 2785 sunt
1471 2758 1522 2785 illae
1534 2766 1629 2786 omnes

842 2800 905 2833 aves
916 2793 1039 2856 ,Cquibus
1057 2794 1172 2822 cuculus
1183 2802 1232 2822 sua
1248 2793 1392 2829 supponit,
1412 2794 1502 2822 exesis
1519 2794 1627 2822 illarum

843 2836 911 2856 ovrs.
948 2836 1046 2856 oussr.

843 2836 911 2857 OVIS.
926 2836 1046 2856 UOIIBEF.
