1856 3050
36 119 85 145 717

576 119 620 146 DE
639 117 788 147 CHRISTO
807 118 851 146 ET
874 117 1114 146 ANTICHRISTO.

1604 123 1653 150 773

40 176 144 212 κόσμου
158 176 288 212 Σωτῆρα,
304 176 475 212 συναίρεσθαι
490 177 518 204 δὲ
533 179 564 213 τῇ
586 175 684 213 πλάνῃ,
699 178 806 212 ἐπίγεια

917 177 1057 213 abjiceret,
1069 177 1156 205 errori
1169 185 1233 205 vero
1249 178 1424 212 consentiret,
1441 185 1578 208 terrenum
1592 182 1656 208 dili-

35 222 146 257 βασιλέα
158 223 320 258 αἱρούμενος
330 243 337 255 ,
355 223 402 250 τὸν
419 223 446 249 δὲ
463 224 621 259 ἐπουράνιον
637 223 752 256 ἀθετεῖν,
771 232 824 259 φη-

36 268 94 294 triv-
123 277 132 293 (
152 268 210 295 Οὐκ
227 268 281 294 ἰδοὺ
307 267 392 295 ταῦτα
419 268 547 304 συνῆκται
573 269 637 305 παρ’
664 269 730 304 ἐμοῦ
746 289 753 302 ,
772 270 822 296 καὶ

34 313 212 349 ὲσφράγισται
229 314 256 340 ἐν
272 315 328 346 τοῖς
343 313 487 350 θησαυροῖς
505 323 573 350 μους
595 314 624 342 ἐν
637 315 727 351 ἡμέρα
745 315 818 342 ἐκδι-

34 360 140 394 κήσεως
157 359 348 392 ἀνταποδώσω,
369 361 416 387 καὶ
437 361 465 388 ἐν
482 359 586 395 καιρῷ,
607 361 671 388 ὅταν
697 361 785 396 σφαλῇ
807 363 821 388 6

36 403 101 436 ποῦς
116 404 215 432 αὐτῶν,
229 414 238 430 ι
263 405 432 440 Ἑσφάλησαν
444 403 490 432 οὖν
509 405 578 432 κατὰ
598 405 695 438 πάντα,
714 406 742 432 ἐν
765 415 818 441 μη-

34 448 90 474 δενὶ
109 448 250 484 σύμφωνοι
267 451 299 486 τῇ
316 450 429 486 ἀληθείᾳ
442 450 644 487 εὑρισκόμενοι⁸
663 452 731 487 μήτε
749 452 820 479 κατὰ

33 494 78 520 τὸν
94 494 186 530 νόμον,
204 495 249 522 διὰ
265 496 296 522 τὸ
313 496 475 532 παραὸάτας
492 497 589 528 αὐτοὺς
606 497 661 533 (17)
675 497 817 531 γενέσθαι·

35 542 101 576 μήτε
114 541 186 568 κατὰ
208 542 272 573 τοὺς
286 543 444 578 προφήτας,
464 542 508 569 διὰ
522 543 553 569 τὺ
573 542 620 569 καὶ
637 543 735 574 αὐτοὺς
755 543 818 576 τοὺς

33 586 174 622 προφήτας
188 587 368 623 ἀνῃρηκέναι·
391 588 459 624 μήτε
480 588 549 615 κατὰ
565 588 613 624 τὴν
629 589 682 616 τῶν
704 589 820 623 εὐαγγε-

32 631 95 657 λίων
108 632 210 667 φωνὴν,
227 631 271 658 διὰ
288 632 318 658 τὸ
334 633 380 659 καὶ¹
399 632 479 659 αὑτὸν
499 632 545 659 τὸν
562 632 677 668 Σωτῆρα
695 641 818 669 σταυρω-

33 675 129 710 θῆναιο
150 677 218 711 μήτε
239 678 296 708 τοῖς
310 677 466 709 ἀποστόλοις
484 677 648 712 πειθόμενοι,
666 676 710 704 διὰ
725 678 756 704 τὸ
772 678 818 704 καὶ

32 722 130 753 αὐτοὺς
143 722 321 758 ὲκδιωχθῆναι
331 731 338 738 ·
352 722 466 749 πάντοτε
480 723 617 750 ἐπίϐουλοι
628 724 676 750 καὶ
689 723 816 759 προδόται

31 767 81 801 τῆς
108 768 236 803 ἀληθείας
251 768 404 804 γενόμενοι,
423 769 542 804 μισόθεοι
565 769 611 796 καὶ
637 769 673 805 μὴ
698 769 816 804 φιλόθεοι

31 813 230 849 εὑρισκόμενοι,
244 815 291 841 καὶ
303 815 328 841 οἱ
340 814 400 841 τότε
412 814 553 850 λαϐόμενοι
572 815 666 850 καιρόν
675 823 682 830 ”
695 815 816 842 ἐκδικίαν

875 231 939 259 gens
950 231 1054 259 regem,
1075 232 1107 251 ac
1129 224 1266 252 caelestem
1287 233 1417 260 spernens
1430 236 1436 253 :
1452 236 1461 252 ‹
1477 226 1572 254 Nonne
1588 229 1655 258 haec.

873 269 970 303 inquit,
986 269 1093 296 condita
1108 273 1172 296 sunt
1188 269 1257 304 apud
1270 277 1323 302 me,
1342 273 1368 296 et
1384 270 1489 305 signata
1507 270 1534 297 in
1547 271 1655 297 thesau-

872 314 911 341 ris
926 315 1014 342 meis?
1028 314 1056 341 lu
1073 315 1117 341 die
1138 314 1249 342 ultionis
1262 315 1422 348 retribuam,
1435 319 1462 342 et
1476 316 1502 342 in
1523 321 1655 351 tempore,

872 368 933 388 cum
949 360 1054 387 labetur
1067 367 1114 395 pes
1128 368 1222 388 eorum
1235 361 1267 386 τε.
1285 369 1293 386 ν
1312 360 1362 388 Per
1373 361 1464 388 omnia
1479 362 1570 396 itaque
1587 362 1654 397 lapsi

871 411 935 433 sunt
948 410 974 433 et
989 410 1160 438 erraverunt,
1173 406 1220 440 qui
1242 406 1268 433 in
1291 407 1365 433 nullo
1382 407 1488 434 veritati
1504 409 1656 436 concordes

870 452 1049 480 exstiterunt:
1064 460 1114 479 nec
1124 452 1151 479 in
1164 453 1232 487 lege,
1244 453 1316 487 quod
1328 461 1387 480 eam
1402 455 1562 488 transgressi
1575 460 1653 487 sunt;

870 504 921 524 nec
932 497 959 524 in
974 496 1129 532 prophetis,
1153 497 1226 531 quod
1246 496 1390 531 prophetas
1413 505 1522 532 quoque
1545 498 1655 525 occide-

869 547 947 575 runt;
959 549 1008 569 nec
1019 542 1045 569 in
1056 541 1262 576 Evangeliorum
1273 549 1349 573 voce,
1358 543 1430 577 quod
1445 547 1472 570 et
1486 543 1653 571 Salvatorem

868 588 958 622 ipsum
972 587 1184 620 eruciﬁxerunt;
1198 595 1248 614 nec
1264 588 1395 621 apostolis
1410 588 1561 621 credentes,
1581 589 1653 624 quod

847 658 849 661 .
867 637 894 660 et
909 634 970 662 illos
987 635 1121 669 persecuti
1139 638 1216 665 sunt;
1235 633 1334 668 ubique
1353 634 1458 661 veritati
1477 634 1590 662 insidias
1606 643 1654 662 ne—

867 683 969 707 ctentes
991 679 1105 714 ejusque
1126 679 1290 714 proditores,
1310 679 1356 706 Dei
1375 680 1460 714 magis
1479 680 1542 707 odio
1567 680 1651 713 docti,

867 733 949 761 quam
963 725 1022 761 ejus
1038 726 1093 753 ullo
1104 733 1196 752 amore
1215 725 1322 758 devoti;
1340 725 1386 759 qui
1406 730 1432 752 et
1447 726 1497 760 ipsi
1519 730 1584 753 tunc
1606 727 1653 753 ubi

868 775 948 799 erunt
971 771 1044 798 nacti
1069 771 1256 803 occasionem,
1281 771 1423 798 mortalem
1446 772 1584 800 hominem
1609 773 1652 799 sui

866 817 982 844 ultorem
996 817 1055 845 fore
1073 818 1218 852 rogabunt,
1236 817 1366 845 adversus
1376 817 1424 845 Dei
1440 825 1533 845 servos
1553 819 1652 846 animis

30 859 85 895 γὰρ
109 859 184 894 παρὰ
207 859 350 896 ἀνθρώπου
366 860 463 895 θνητοῦ
484 862 575 896 τυχεῖν
596 861 721 896 εὔχονται
744 861 806 888 κατέ

901 863 980 891 :itali.
994 862 1098 895 Quibus
1115 863 1160 890 ille
1176 862 1247 890 fastu
1263 867 1383 896 tumens,
1395 863 1502 890 libellos
1515 863 1542 890 in
1557 871 1652 891 omnes

30 905 84 932 τῶν
106 905 206 932 δούλων
227 905 274 932 τοῦ
296 906 363 933 Θεοῦ
389 906 567 942 ἐγειρόμενοι.
594 907 642 938 Ὃς
669 907 816 941 φυσιωθεὶς

31 953 78 978 ὑπ’
101 952 192 979 αὐτῶν
214 952 270 988 (18)
293 953 405 988 ἄρχεται
427 952 534 988 βίϐλους
557 952 628 980 κατὰ
651 953 705 980 τῶν
732 954 816 988 ἁγίων

31 997 183 1033 ἐκπέμπειν
206 999 270 1030 τοὺς
284 998 388 1030 πάντας
407 998 543 1034 πανταχοῦ
559 999 737 1035 ἀναιρεῖσθαι,
753 1000 817 1032 τοὺς

32 1044 69 1078 μὴ
87 1043 213 1075 θέλοντας
226 1043 305 1071 αὑτὸν
322 1043 445 1076 σεϐἀζειν
455 1045 502 1071 καὶ
514 1046 675 1080 προσκυνεῖν
687 1045 724 1077 ὡς
739 1045 815 1078 Θεὸν,

29 1088 119 1120 καθώς
136 1097 219 1124 φησιν
238 1089 350 1122 Ἡσαΐας
360 1099 367 1106 ·
384 1100 392 1116 ι
408 1090 476 1116 Οὐαὶ
490 1091 542 1125 γῆς
559 1090 657 1118 πλοίων
672 1091 815 1127 πτέρυγες,

28 1134 155 1161 ἐπέκεινα
162 1135 293 1171 ποταμῶν
298 1135 448 1168 Αίθιοπίας*
457 1137 471 1162 6
480 1136 649 1163 ἀποστέλλων
659 1138 687 1164 ὲν
696 1137 817 1173 Θαλάσσῃ

28 1181 129 1216 ὅμηρα,
151 1181 200 1208 καὶ
211 1181 353 1213 ζεπιστολέις
370 1181 491 1217 βιϐλίνας
510 1182 615 1217 (ἐπάνω
635 1183 681 1209 τοῦ
703 1182 796 1214 ὓδατος
808 1191 815 1197 ·

28 1227 208 1263 πορεύσονται
231 1228 285 1264 γὰρ
307 1228 416 1263 ἄγγελοι
440 1228 555 1263 κοῦφοι)
579 1230 647 1265 πρὸς
669 1229 745 1261 ἔθνος
769 1239 817 1266 με-

26 1274 130 1309 τέωρον
144 1273 210 1309 (19).
225 1274 272 1301 καὶ
288 1271 362 1305 ξένον
374 1273 437 1301 λαὸν
450 1275 498 1301 καὶ
515 1274 633 1311 χαλεπὸν
649 1277 689 1307 εἰς
708 1276 815 1308 αὐτοὺς,

28 1319 104 1350 ἔθνος
122 1319 282 1346 ἀνέλπιστον
304 1320 352 1346 καὶ
368 1321 641 1357 καταπεπατημένον.

70 1367 140 1394 Ἀλλ’
161 1369 243 1403 ἡμεῖς
262 1368 358 1400 οἵτινες
378 1368 532 1402 ἐλπίζοντες
558 1369 598 1400 εἰς
626 1369 670 1396 τὸν
686 1369 748 1403 Υἱὺν
769 1369 817 1397 τοῦ

28 1414 116 1446 Θεοῦ,
142 1413 296 1448 διωκόμεθα
322 1413 556 1449 καταπατούμενοι
583 1414 628 1440 ὑπ’
650 1411 739 1441 αὐτῶν
765 1415 818 1442 τῶν

26 1460 159 1487 ἀπίστων.
180 1455 282 1486 Ilme
298 1459 351 1496 γὰρ
368 1460 501 1495 πτέρυγες
517 1461 585 1486 εἰσιν
597 1461 625 1487 αι
645 1460 816 1496 Ἑκκλησίαι·

27 1507 149 1542 θάλασσα
163 1506 192 1532 δέ
212 1507 285 1532 ἐστιν
299 1506 313 1532 6
337 1506 453 1543 κόσμος,
476 1507 504 1533 ὲν
530 1503 551 1540 ᾧ
566 1507 582 1541 ή
600 1506 758 1541 Ἐκκλησία,
779 1507 816 1539 ὡς

26 1552 92 1584 ναῦς
105 1553 135 1578 ὲν
151 1551 263 1586 πελάγει
275 1552 433 1587 χειμάζεται
449 1552 508 1587 μὲν,
520 1551 577 1578 ἀλλ’
587 1552 637 1578 οὐκ
650 1551 812 1578 ἀπόλλυται’

27 1598 84 1633 ἔχει
109 1597 166 1634 γὰρ
196 1598 254 1633 μεθ’
284 1599 383 1633 ἑαυτῆς
409 1598 455 1624 τὸν
484 1598 615 1633 ἔμπειρον
646 1597 813 1633 κυϐερνήτην

26 1643 145 1679 Χριστόν
154 1651 162 1657 ⁸
179 1643 257 1678 φέρει
270 1643 298 1669 δὲ
310 1643 338 1670 ὲν
356 1643 431 1678 μέσῳ
446 1643 494 1669 καὶ
505 1643 535 1669 τὺ
548 1638 686 1677 Ξρόπαιον,
701 1642 732 1669 τὸ
744 1643 816 1669 κατὰ

27 1689 74 1715 τοῦ
91 1684 218 1720 θανάτου,
230 1689 268 1720 ὼς
282 1689 327 1715 τὸν
343 1688 630 1725 σταυρὸνντοῦίΚυρίου
647 1688 705 1724 μεθ’
715 1689 814 1724 ἑαυτῆς

28 1734 213 1770 βαστάζουσα.
227 1735 305 1761 Ἔστι
322 1735 377 1770 γὰρ
402 1734 488 1770 αὐτῆς
505 1735 553 1770 μὲν
572 1734 683 1770 πρώρα,
700 1736 716 1773 ἡ
737 1735 814 1770 Ἀνα-

26 1781 89 1817 coli;
100 1789 108 1796 ·
125 1780 237 1816 πρύμνα
248 1780 288 1813 δὲ,
303 1781 320 1816 ἡ
331 1779 411 1812 Δύο-ις
420 1788 428 1795 ·
442 1780 473 1806 τὸ
486 1780 513 1806 δὲ
527 1780 607 1812 κύτος
619 1779 686 1816 (20),
699 1781 814 1816 Μεσημ-

27 1825 109 1863 6.070.-
126 1828 219 1858 οῖακες
242 1827 280 1859 δὲ,
297 1828 325 1854 αἱ
348 1827 398 1864 δύο
414 1827 563 1865 Διαθῇκαι·
582 1828 684 1863 σχοινία
699 1827 727 1854 δὲ
741 1835 818 1862 περι-

25 1873 185 1908 τεταμένα,
216 1874 233 1908 ἡ
258 1873 354 1908 ἀγάπη
378 1874 425 1899 τοῦ
448 1864 567 1909 Χριστοῦ
592 1873 741 1908 σφίγγουσα
765 1864 826 1908 τῆν’

26 1922 215 1957 ,Ἐκκλησίαν
245 1921 316 1948 λίνον
336 1921 399 1956 (21)
422 1920 451 1947 δὲ
474 1921 489 1947 6
508 1921 586 1956 φέρει
615 1921 673 1956 μεθ’
697 1921 813 1956 ἑαυτῆς,

25 1966 68 2002 τὸν
77 1965 192 2000 Λουτρδν
210 1965 260 2000 τῆς
278 1964 487 1999 παλιγγενεσίας
505 1965 669 2001 ἀνανεούσης
687 1965 750 1997 τοὺς
768 1974 814 1992 πι-

67 2033 90 2048 ⁷⁸
103 2033 184 2061 Deut.
197 2018 289 2067 x'xnv,
308 2035 353 2068 54,
374 2036 419 2063 55.
459 2036 481 2051 ⁷⁸
494 2035 545 2063 Isa.
566 2043 644 2068 xvm,
658 2037 684 2069 Ι,
696 2035 723 2063 2.
751 2057 753 2059 μ

62 2094 123 2141 ς
142 2094 501 2141 ζῖἐξμὸζιξξιξςμαρῖτούςᾼᾶ.
518 2095 676 2141 παραξάῖας
692 2095 789 2122 αὐτοῦ.

62 2130 123 2166 (18)
150 2130 214 2166 ’Υεί
228 2131 336 2166 αὐτῶν.
352 2130 486 2166 Combef.,
502 2130 565 2166 παρῇ
579 2131 678 2158 αὐτῶν.

63 2164 122 2201 (i9)
142 2165 221 2201 Πρός
234 2164 320 2201 ξονος
332 2165 488 2200 μετέωρον.
503 2164 591 2192 Locus
605 2167 648 2193 hic
662 2166 738 2193 visus
748 2165 813 2192 Ilie-

27 2199 146 2236 ronymo
160 2199 353 2236 difﬁcillimus,
373 2207 453 2236 quem
470 2201 613 2235 allegorice
631 2201 664 2229 de
677 2201 812 2236 Vhwreticis

27 2235 153 2271 exponit.
170 2235 324 2271 Μετεωρον,
342 2235 414 2270 quod
428 2244 437 2260 ε
450 2236 584 2271 excelsam
597 2245 606 2261 ›
620 2235 718 2267 reddit,
734 2235 812 2270 quasi

27 2269 108 2299 obvia
123 2269 331 2305 significatione.
343 2275 370 2297 et
383 2274 444 2305 post
458 2278 520 2297 eum
533 2269 747 2305 Nobiliustrnihi
758 2278 812 2297 non

28 2303 175 2334 satisfacii.
192 2304 308 2332 Putandi
328 2303 455 2340 Sepiuag.
472 2305 589 2332 voluisse
604 2305 658 2332 vim
673 2303 813 2332 Ifebraieae

28 2342 105 2369 vocis
122 2340 246 2372 reddere,
261 2348 322 2374 qua:
336 2341 410 2367 velut
423 2339 601 2367 (distractum
614 2344 786 2375 tractumque
801 2349 810 2366 ι

28 2381 122 2407 sonat,
145 2375 228 2409 hujus
242 2375 427 2409 amplitudinis
441 2382 517 2407 voce,
533 2382 567 2403 ac
588 2382 641 2410 qua
656 2374 726 2402 forte
739 2374 813 2402 nulla

27 2410 202 2440 commodior
216 2410 339 2437 exsistat.
348 2410 388 2437 Sit
399 2417 474 2445 ergo,
486 2410 549 2445 «Ad
562 2415 668 2445 gentem
682 2414 812 2441 erectam.

27 2445 164 2488 suspensi
185 2445 287 2488 animi,
309 2445 422 2472 consilia
436 2444 611 2479 molientem,
626 2453 636 2471 ι
658 2452 690 2472 ac
710 2445 732 2472 si
748 2445 814 2481 quid

27 2481 228 2516 ejusmodiest.
245 2481 364 2507 Comum.
402 2508 412 2512 _

62 2516 121 2551 (20)
144 2515 180 2551 Τρ
204 2515 239 2551 δὲ
261 2515 360 2551 κύτος,
388 2514 436 2551 Sic
453 2514 611 2548 emendavi,
632 2522 815 2551 curnreprze-

27 2549 146 2579 senta—rit
161 2550 276 2582 Gudius,
288 2550 319 2576 τὸ
334 2550 362 2577 δὲ
377 2549 490 2576 κύκλον·
503 2555 653 2585 parumque
667 2550 736 2585 felici
748 2557 814 2585 con-

25 2587 135 2621 jectura
145 2606 153 2618 ,
180 2579 275 2612 κοῖλον
291 2585 489 2612 emendandum
503 2579 661 2621 'putavérit.
675 2579 732 2621 Est
757 2584 815 2611 haec

27 2620 107 2648 navis
132 2620 298 2655 descriptio,
328 2620 385 2654 ipsa
400 2620 598 2655 raceurata,cui
621 2620 735 2654 proinde
755 2623 815 2652 post

27 2664 139 2690 proram
151 2660 179 2683 et
194 2654 316 2690 puppim,
331 2655 363 2681 τὸ
375 2654 455 2687 κύτος
468 2655 662 2690 assignandum
677 2660 745 2686 erat,
758 2658 814 2690 tota

27 2688 119 2719 inedia
133 2688 274 2725 capaciias
297 2690 340 2717 his
363 2690 510 2725 intercepta
527 2688 559 2717 et
579 2688 814 2725 laterumampli-

28 2727 105 2759 tudo,
121 2723 206 2760 quam
225 2726 265 2753 sic
282 2725 368 2752 Graeci
387 2723 493 2752 vocant.
516 2725 627 2757 Athen.,
644 2723 715 2751 κατὰ.
734 2723 815 2759 μέσον

25 2762 75 2796 τῆς
90 2761 163 2792 νεὼς
176 2760 257 2792 κύτος
271 2760 300 2786 ἐν
313 2760 400 2796 κοίλῃ,
412 2769 422 2786 ε
434 2761 632 2796 mediusinavis
647 2763 757 2796 venter,
767 2766 815 2785 seu

27 2793 204 2824 véntricosus
224 2796 325 2823 alveus.
337 2805 347 2821 ι
365 2793 420 2823 Nec
436 2796 513 2827 aliter
539 2795 594 2822 Jul.
617 2794 713 2822 Pollux
731 2793 778 2820 lib.
793 2801 813 2825 1,

27 2838 88 2866 cap.
104 2832 137 2865 4,
156 2831 226 2865 Περὶ
239 2830 338 2865 μερῶν
348 2830 415 2862 νεώς
426 2839 432 2845 ·
456 2829 510 2857 Κᾶὶ
534 2831 564 2856 τὸ
583 2830 631 2866 μὲν
653 2829 750 2864 ἔδαφος
765 2828 814 2862 τῆς

193 2880 330 2910 ΡΑταοι..
345 2879 403 2909 (in.
423 2879 463 2910 X.

865 914 957 944 partes
977 910 1109 937 adversus
1130 913 1238 936 sanctos
1258 909 1395 937 destinare
1419 909 1540 944 incipiet,
1559 915 1588 937 ut
1605 911 1652 944 qui

865 963 927 982 eum
939 954 1028 983 colere
1040 960 1067 982 et
1079 955 1156 990 quasi
1168 955 1252 982 Deum
1265 957 1386 983 venerari
1398 956 1544 989 noluerint,
1557 965 1652 985 omnes

867 1001 968 1035 ubique
990 1001 1201 1034 interﬁciantur;
1227 1002 1455 1036 quemadmodum
1478 1002 1516 1029 ait
1538 1001 1624 1030 Isaias
1643 1011 1650 1029 :

869 1055 878 1071 ι
894 1045 940 1073 Va:
961 1050 1040 1073 terrze
1060 1047 1168 1073 navium
1191 1048 1250 1078 alae,
1264 1051 1340 1074 trans
1361 1046 1472 1074 ﬂumina
1494 1047 1650 1082 Aithiopiaa.

867 1091 917 1126 Qui
935 1092 1019 1119 mittit
1039 1092 1066 1119 in
1090 1100 1164 1119 mare
1186 1093 1310 1126 obsides,
1336 1098 1363 1120 et
1385 1093 1513 1129 epistolas
1534 1094 1651 1121 biblinas

867 1146 948 1173 super
965 1147 1074 1174 aquam.
1096 1139 1175 1167 ibunt
1197 1140 1270 1167 enim
1295 1141 1381 1168 nuntii
1401 1141 1473 1169 leves
1493 1142 1525 1168 ad
1543 1147 1651 1177 gentem

867 1189 983 1213 erectam
998 1185 1178 1220 suspensique
1187 1185 1282 1218 animi,
1295 1191 1322 1213 et
1335 1187 1506 1222 peregrinum
1521 1188 1650 1222 populum

867 1237 1023 1265 saevumque
1035 1230 1063 1258 in
1076 1238 1135 1263 eos,
1152 1234 1257 1266 gentem
1274 1231 1438 1266 insperatam
1460 1235 1487 1259 et
1507 1233 1652 1260 conculca-

868 1280 922 1303 tant
934 1276 967 1304 ".
983 1286 993 1302 ι

903 1366 970 1394 LIX.
991 1366 1087 1394 Verum
1103 1374 1152 1394 nos
1166 1366 1212 1401 qui
1225 1366 1252 1393 in
1267 1366 1363 1393 Filium
1384 1365 1432 1394 Dei
1448 1374 1600 1402 speramus,
1615 1368 1650 1395 ab

868 1412 1020 1440 inﬁdelibus
1044 1420 1058 1439 a
1081 1412 1181 1447 quibus
1204 1412 1414 1445 conculcamur,
1433 1413 1648 1447 persecutionem

868 1458 996 1494 patimur.
1019 1458 1075 1485 Ala
1095 1459 1167 1486 enim
1187 1458 1307 1490 navium,
1330 1457 1458 1486 Ecclesia:
1476 1464 1557 1492 sunt;
1574 1467 1651 1486 mare

868 1512 943 1538 vero,
961 1505 1089 1537 mundus,
1107 1505 1136 1532 in
1160 1512 1215 1539 quo
1229 1504 1362 1537 Ecclesia,
1384 1505 1458 1532 velut
1470 1505 1546 1532 navis
1563 1505 1650 1540 pelagi

866 1550 935 1584 salo,
950 1550 1077 1578 [luctibus
1091 1550 1220 1585 iactatur,
1237 1558 1286 1578 nec
1302 1555 1392 1577 tamen
1408 1550 1551 1586 naufragio
1561 1551 1646 1586 perit;

868 1597 967 1631 quippe
976 1604 1038 1623 cum
1049 1596 1175 1624 solertem
1191 1596 1396 1631 gubernatorem
1408 1596 1545 1623 Christum
1557 1604 1648 1624 secum

867 1642 977 1670 habeat.
989 1642 1052 1669 Fert
1064 1649 1130 1669 vero
1145 1643 1226 1670 etiam
1241 1642 1268 1669 in
1285 1642 1374 1669 medio
1388 1646 1507 1669 erectum
1519 1643 1650 1670 adversus

867 1694 982 1717 mortem
999 1693 1139 1724 trapetum,
1151 1696 1211 1723 qua!
1221 1688 1345 1715 videlicet
1362 1695 1469 1715 crucem
1483 1687 1590 1715 Domini
1606 1696 1650 1716 se-

869 1743 930 1763 cum
943 1738 1040 1770 portet.
1064 1734 1113 1761 Est
1131 1734 1203 1761 enim
1223 1733 1283 1769 ejus
1305 1741 1396 1768 prora,
1423 1733 1535 1767 Oriens;
1551 1734 1650 1768 puppis

868 1789 942 1814 vero,
961 1779 1109 1813 Occidens;
1126 1780 1228 1807 cavitas
1249 1780 1391 1815 mediaque
1404 1780 1550 1815 capacitas,
1569 1780 1651 1808 Meri-

868 1826 940 1860 dies;
960 1825 1040 1858 clavi,
1057 1825 1111 1852 duo
1126 1824 1312 1857 Testamenta;
1332 1824 1537 1852 circumextenti
1559 1825 1647 1858 funes,

867 1871 968 1899 Christi
976 1871 1095 1898 cbaritas
1108 1879 1168 1905 qua:
1174 1871 1323 1899 Ecclesiam
1335 1871 1471 1906 astringit;
1479 1871 1564 1899 linum
1575 1872 1649 1906 quod

866 1924 958 1945 secum
973 1916 1036 1949 fert,
1052 1917 1188 1944 lavacrum
1201 1921 1242 1944 est
1255 1917 1468 1952 regenerationis
1482 1925 1542 1953 qua:
1556 1917 1649 1945 fideles

866 1967 988 1996 renovat,
1002 1962 1073 1990 unde
1092 1966 1155 1990 sunt
1171 1962 1215 1989 illa
1229 1963 1367 1997 praeclara.
1389 1963 1467 1991 Venti
1491 1963 1552 1991 loco
1573 1963 1649 1991 adest

865 2094 947 2127 νεὼς,
962 2095 1042 2125 κύτος
1065 2094 1114 2120 καὶ
1138 2093 1254 2129 γάστρια
1269 2094 1316 2120 καὶ
1341 2094 1526 2129 ἀμφιμὴτριον
1547 2094 1646 2129 ὀνομά-

866 2129 949 2162 ζεται.
967 2128 1016 2156 Ubi
1030 2136 1083 2155 non
1100 2129 1169 2155 bene
1182 2128 1339 2162 Rodolphus
1356 2129 1529 2161 Gualtherus,
1543 2137 1552 2153 ‹
1566 2128 1646 2155 Pavi-

865 2170 1001 2195 mentum,
1024 2164 1136 2190 fundum
1148 2183 1155 2194 ,
1178 2164 1284 2194 alvum,
1306 2163 1502 2198 ἀμφιμήτριον.
1519 2173 1528 2188 ι
1544 2163 1646 2190 Domus

865 2200 973 2234 quidem
985 2199 1092 2234 ἔδαφος,
1106 2206 1115 2223 t
1127 2199 1308 2234 pavimentum
1318 2207 1328 2224 ι
1342 2203 1413 2234 recte
1423 2199 1543 2234 dicatur;
1556 2199 1645 2234 navis,

863 2232 993 2266 minime;
1015 2233 1072 2266 sed,
1090 2233 1161 2268 quod
1184 2233 1300 2268 Hesych.
1317 2238 1343 2260 et
1363 2232 1439 2259 Suid.
1455 2232 1582 2268 χώρημα,
1599 2233 1647 2268 βά-

863 2270 922 2301 θος,
936 2268 1047 2301 πλάτος,
1068 2278 1077 2294 ι
1102 2268 1254 2303 capacitas,
1281 2268 1466 2302 profunditas,
1483 2268 1597 2295 latitudo
1609 2288 1616 2300 ,
1635 2279 1644 2294 ι

862 2309 937 2331 totus
954 2304 1071 2338 denique
1090 2304 1195 2330 medius
1212 2303 1288 2330 navis
1302 2304 1378 2330 sinus
1391 2308 1419 2329 et
1437 2308 1548 2336 venter;
1566 2303 1646 2338 ὄγκος

864 2339 941 2366 Suid.
960 2346 1014 2366 non
1041 2339 1128 2365 solum
1150 2338 1221 2372 quod
1246 2338 1301 2364 imo
1323 2338 1474 2373 sternitur,
1504 2339 1583 2373 quasi
1610 2340 1644 2365 ad

864 2374 965 2402 carinae
981 2374 1082 2406 locum,
1102 2371 1238 2407 quomodo
1260 2372 1366 2399 videtur
1380 2371 1545 2401 Gualtherus
1569 2381 1646 2401 acce-

864 2409 952 2444 pisse.
977 2408 1049 2444 quod
1068 2411 1166 2440 vocat,
1182 2407 1375 2444 pavimentum.
1394 2407 1483 2440 Κύτος
1499 2409 1527 2435 in
1547 2409 1646 2442 capite,

865 2442 922 2471 iota
935 2442 1060 2478 illa'pars
1075 2449 1135 2477 quae
1155 2443 1259 2476 capillis
1276 2442 1390 2478 tegitur,
1414 2444 1590 2477 contiuetque
1615 2450 1647 2468 ac

865 2479 967 2513 obtegit
986 2476 1144 2510 cerebrum;
1164 2484 1246 2512 quam
1265 2476 1314 2513 qui_
1334 2478 1518 2510 pavimentum
1534 2476 1645 2510 diceret,

864 2522 907 2540 nte
922 2511 946 2540 is
958 2513 1043 2540 scitus
1058 2511 1191 2546 interpres
1206 2516 1288 2538 esset.
1307 2511 1344 2538 lo.

900 2548 957 2583 (21)
976 2548 1077 2575 Λίνον.
1098 2546 1138 2583 ἒΕι
1161 2548 1205 2583 hi_c
1227 2546 1318 2572 πλοῖον
1335 2550 1429 2583 erat;
1456 2550 1484 2574 at
1510 2546 1647 2583 quomodo

865 2581 942 2610 navis
965 2589 1058 2611 secum
1077 2581 1168 2608 πλοῖον
1183 2581 1246 2613 fert,
1265 2581 1342 2614 quasi
1357 2581 1435 2608 navis
1449 2581 1564 2608 navem?
1583 2589 1647 2608 nam

865 2618 955 2644 πλοῖον
978 2617 1055 2644 navis
1077 2621 1136 2648 est,
1159 2617 1231 2643 haud
1252 2624 1331 2643 secus
1352 2623 1385 2642 ac
1407 2616 1481 2647 ναῦς.
1508 2615 1648 2651 Mirorque

864 2653 953 2680 Gudio
973 2660 1027 2679 non
1042 2651 1205 2685 subdidisse.
1228 2651 1304 2684 Quod
1321 2651 1361 2678 sic
1379 2651 1487 2678 lavacro
1503 2658 1649 2685 regenera-

866 2688 948 2715 tionis
962 2691 1100 2721 comparet
1115 2685 1289 2722 Hippolytus,
1307 2686 1375 2712 nihil
1389 2685 1463 2722 aliud
1476 2686 1648 2713 commodius

865 2723 922 2749 lino
945 2722 1080 2754 occurrit,
1095 2729 1150 2756 quo
1176 2721 1221 2749 sic'
1233 2721 1377 2756 capiuntur
1399 2721 1505 2755 pisces,
1525 2726 1552 2747 et
1567 2721 1648 2756 cujus

865 2757 1041 2791 metaphora,
1064 2755 1221 2791 prtedicatio
1242 2755 1396 2790 evangelica
1420 2756 1535 2787 Proclo,
1559 2755 1649 2791 Chi-y-

866 2797 946 2824 sost.,
960 2796 1024 2824 etc.,
1041 2791 1205 2819 declaratur.
1220 2791 1286 2826 Ejus
1307 2792 1399 2826 itaque
1415 2791 1582 2825 navis,‘qua‘:
1596 2791 1650 2818 Ec—

866 2827 946 2855 clesia
966 2831 1018 2859 cst,
1043 2827 1130 2855 linum
1155 2827 1294 2862 capiendis
1315 2827 1523 2861 pisciculis.‘et
1539 2830 1568 2853 ut
1592 2826 1648 2861 jam

1451 2874 1490 2904 25
