1856 3050
52 93 124 125 789

558 98 824 127 DEZHONSTRATIO
843 99 1027 130 ADVERSUS
1047 101 1200 129 JUDx‘EOS.

1635 104 1688 132 790

49 154 124 186 ἓως
141 155 228 191 ψυχῆς
245 164 304 192 μου·
317 158 451 194 ἐνεπάγην
462 159 500 190 είς
515 158 571 185 ίλὺν
585 159 677 194 βυθοῦ,
693 169 702 186 3
716 160 833 187 τουτέστι

920 169 1008 196 team;
1033 162 1131 190 inﬁxus
1155 170 1215 189 sum
1231 163 1258 189 in
1275 162 1340 189 limo
1362 163 1504 198 profundi;
1526 173 1534 189 3
1551 164 1577 190 id
1596 170 1637 192 est
1660 165 1687 192 in

47 201 104 233 εἰς
122 202 171 237 τὴν
187 201 288 238 φθορὰν
301 203 348 229 τοῦ
361 203 433 239 ᾅδου,
446 204 489 231 διὰ
498 205 546 240 τῆς
558 206 586 232 ὲν
594 206 749 242 παραδείσῳ
765 216 853 243 παραυ

47 247 147 282 κοῆς·
168 257 178 274 ι
201 249 247 274 καὶ
270 249 320 275 οὐκ
341 249 413 276 ἑστιν
436 250 593 282 ὑπόστασις,
616 261 624 276 3
645 253 728 287 ἤγουν
746 253 854 289 ἁντίλη⁹

46 291 125 326 ψις.
146 303 156 319 ι
178 294 328 327 Ἐξέλειπον
351 296 375 321 οἱ
393 295 526 331 ὀφθαλμοί
544 305 594 332 μου
611 297 664 324 ἀπὸ
679 298 725 324 τοῦ
739 298 855 330 ἐλπίζειν

49 348 96 374 με
114 340 163 366 ἐπὶ
179 340 224 366 τὸν
235 341 300 368 Θεόν
314 350 375 376 μου,
390 342 452 369 πότε
469 342 528 378 ἥξει
542 344 588 370 καὶ
606 344 686 370 σώσει
708 353 751 379 με.
774 353 783 369 3

95 385 170 413 Εἶτα
181 386 265 414 εἰπὼν
274 387 309 413 τὰ
320 387 382 424 ἑξῆς
394 388 467 422 λέγει
477 389 566 416 λοιπὸν
576 390 613 422 ὡς
622 389 651 422 ἐξ
661 391 760 417 οἰκείου
771 399 856 426 προσ-

46 432 143 459 ώπου
162 434 177 460 ὁ
199 433 324 468 Χριστός·
337 443 345 460 ι
360 435 392 460 Ἃ
403 435 451 470 οὐχ
462 434 592 471 ἥρπαζον,
607 437 697 471 φησιν,
716 437 776 463 τότε
788 437 856 463 ἁπε-

46 478 183 505 τίννυονο
205 488 214 505 3
233 479 379 511 τουτέστιν,
405 480 476 516 ἅπερ
496 481 544 515 οὐχ
568 481 699 517 ἥμαρτον,
723 482 793 518 ὑπὲρ
808 481 854 509 τοῦ

47 524 264 559 ἁμαρτήματος
291 524 374 560 ’Δδὰμ
391 524 522 560 ὑπέμεινα
535 525 578 551 τὸν
592 525 715 552 θάνατον.
737 535 746 551 ι
770 527 854 558 Ἐπεὶ,

46 569 63 595 .‘
88 569 175 601 Θεὸς,
191 571 222 596 σὺ
234 567 308 601 οἶδας
324 570 373 605 τὴν
387 570 541 606 ἀφροσύνην
554 579 615 606 μου,
630 572 676 598 καὶ
687 573 714 598 αἱ
730 572 856 608 πλημμέ-

47 615 137 642 λειαι
156 624 206 650 μου
221 616 274 642 ἀπὸ
286 616 332 642 σοῦ
348 617 398 643 οὐκ
413 617 615 652 ἀπεκρύϐησαν·
631 627 640 643 3
661 619 808 650 τουτέστιν,
825 620 854 645 οὐ

47 661 120 696 γὰρ
137 661 344 696 ὲπλημμέλησα,
363 661 458 696 φησίν·
472 662 505 688 δι’
517 662 531 689 ὂ
553 672 562 688 ι
587 663 623 699 μὴ
648 664 856 700 αἰσχυνθείησαν

48 705 81 731 οἱ
97 706 285 741 ὑπομένοντές
303 715 353 741 μου
367 705 430 732 ἰδεῖν
450 715 459 732 3
478 707 526 742 τὴν
539 707 686 743 τριήμερον
698 708 854 740 ἀνάστασιν,

48 751 207 778 τουτέστιν
232 752 257 778 οἱ
275 751 426 778 ἀπόστολοι.
456 761 465 777 ‹
492 752 551 778 Ὅτι
563 752 642 781 ἕνεκά
661 762 717 785 σου,
743 763 752 779 3
778 754 856 789 χάριν

47 796 110 823 τοῦ
128 797 281 824 ὑπακοῦσαι
295 806 352 829 σου,
371 807 380 823 ι
397 797 537 832 ὑπήνεγκα
551 799 709 834 ὀνειδισμὸν,
735 808 744 824 3
766 800 856 826 τουτέ-

893 204 1109 241 'corruptionem
1123 207 1231 238 inferni,
1253 213 1361 243 propter
1376 209 1557 236 obedientiam
1570 209 1597 236 in
1611 218 1690 244 para-

904 252 964 279 diso
984 253 1132 287 abjectam,
1156 262 1165 278 ι
1191 259 1217 280 et
1233 261 1285 280 non
1315 259 1357 281 est
1380 254 1541 287 substantia,
1557 265 1565 280 3
1587 255 1613 282 id
1636 261 1687 288 est,

906 298 1047 326 auxilium.
1074 307 1083 324 ι
1112 298 1272 326 Defecerunt
1295 300 1366 327 oculi
1389 301 1451 332 mei,
1474 301 1538 327 dum
1558 309 1638 336 spero
1661 303 1688 329 in

905 343 961 371 Deo
979 351 1054 377 meo;
1068 345 1178 379 quando
1187 345 1286 376 veniet,
1300 350 1326 372 et
1339 346 1443 372 salvum
1459 353 1502 373 me
1516 346 1605 373 faciet.
1622 356 1631 372 3

941 388 984 415 lll.
1000 388 1096 416 Postea
1111 389 1177 416 dicit
1192 395 1319 424 tanquam
1341 398 1373 417 ex
1397 398 1512 425 persona
1537 399 1586 418 sua
1607 392 1688 418 Chri-

907 438 965 461 stus
981 443 987 461 ε
1005 443 1013 459 ι
1031 433 1095 467 Qua:
1113 443 1165 462 non
1182 436 1269 470 rapui,
1286 435 1384 470 inquit,
1408 441 1472 464 tunc
1496 437 1651 470 solvebam;
1675 447 1684 462 3

906 478 932 505 id
947 483 998 511 est,
1014 479 1059 513 qui
1076 486 1130 505 non
1150 479 1268 513 peccavi,
1287 487 1336 514 pro
1355 484 1466 514 peccato
1484 479 1548 506 Adae
1569 480 1686 507 sustinui

905 528 1055 551 mortch
1087 523 1220 557 Quoniam
1251 529 1289 556 tu,
1310 524 1390 557 Deus,
1419 525 1472 552 scis
1501 525 1684 561 insipientiam

906 577 1014 602 meam;
1032 574 1059 596 et
1073 570 1169 597 del-icta
1188 577 1247 596 mea
1267 576 1319 597 ate
1334 579 1387 597 non
1407 575 1470 598 sunt
1484 571 1655 604 abscondita;
1675 580 1684 597 3

906 615 932 642 id
944 620 995 646 est.
1011 622 1064 642 non
1077 616 1159 648 enim,
1176 616 1270 650 inquit,
1283 615 1395 650 deliqui,
1406 617 1591 650 quamobrem,
1604 626 1613 642 ι
1632 624 1685 643 non

905 661 1078 693 erubescant,
1093 662 1138 696 qui
1154 661 1412 696 exspectantvidere
1432 672 1440 687 3
1460 670 1545 689 meam
1565 667 1626 696 post
1638 663 1686 689 tri-

905 708 990 735 duum
1008 708 1232 734 resurrectionem
1250 717 1256 734 :
1275 708 1301 734 id
1316 709 1504 742 est,apostoli.
1523 717 1531 733 ι
1551 708 1684 741 Quoniam

905 757 1015 787 propter
1030 757 1065 784 te,
1083 762 1092 778 3
1113 757 1141 780 ut
1161 752 1209 779 tibi
1229 751 1375 785 obedirem,
1401 761 1411 777 ι
1440 752 1557 779 sustinui
1587 760 1685 787 oppro-

908 797 1006 829 brium,
1020 806 1030 822 3
1047 797 1072 823 id
1086 801 1137 827 est,
1148 804 1254 824 crucem
1266 805 1273 830 ;
1290 796 1485 831 quandoludaai
1498 806 1507 823 ι
1521 801 1686 831 operuerunt

50 849 107 868 cru
127 842 174 868 τὸν
195 842 320 878 σταυρὸν,
337 843 380 869 ὅτε
401 851 411 868 ‹
428 842 563 878 ἐκάλυψαν
575 844 690 879 ἐντροπῇ
704 844 732 870 τὺ
751 845 833 880 πρόσω

922 841 1065 869 onfusione
1082 841 1176 868 faciem
1193 849 1312 874 meam;3
1330 842 1437 875 quando
1452 851 1460 867 ι
1479 843 1581 870 alienus
1599 841 1686 870 factus

49 887 114 914 πόν
130 896 181 922 μου
203 897 212 914 3
225 888 250 914 οἱ
269 888 397 915 Ἰουδαῖοι·
411 889 455 915 ὅτε
468 898 476 914 ι
495 889 747 924 ἀπηλλοτριωμένους
764 891 855 926 ἐγενή-

48 933 114 969 θην
140 935 198 965 τοῖς
221 934 296 961 κατὰ
325 933 423 968 σάρκα
454 934 577 968 ἀδελφοῖς
605 943 668 970 μου,
704 935 751 961 καὶ
780 935 853 968 ξένος

50 980 122 1010 τοῖς
136 979 207 1010 υἱοῖς
223 978 272 1013 τῆς
292 978 393 1014 μητρός
414 988 474 1014 μου,
492 989 501 1005 3
524 979 655 1012 τουτέστι,
682 980 851 1016 Συναγωγῆς.

52 1034 64 1050 ι
91 1025 171 1052 Διότι
189 1026 203 1050 ὀ
218 1024 351 1060 ζῆλοςτοῦ
366 1024 441 1052 οἴκου
457 1033 514 1059 σου,
534 1026 634 1061 Πάτερ,
652 1026 788 1061 κατέφαγε
807 1037 851 1063 με,

50 1072 108 1098 καὶ
125 1072 151 1098 οἱ
163 1071 309 1107 ὀνειδισμοὶ
323 1071 376 1099 τῶν
393 1072 574 1104 ὀνειδιζοντων
586 1081 627 1105 σε,
649 1082 658 1098 3
678 1074 724 1100 καὶ
737 1073 853 1101 Θυόντων

48 1119 116 1149 τοῖς
129 1117 261 1149 εἰδώλοις,
276 1127 286 1143 ι
308 1117 444 1144 ἐπέπεσαν
461 1118 504 1144 ἐπ’
521 1118 581 1153 ὲμέ.
600 1128 609 1144 3
623 1118 669 1145 Διὸ
684 1129 692 1144 ι
711 1120 770 1146 κατ’
783 1119 850 1155 ἐμοῦ

50 1162 228 1198 ἡδολέσχουν
241 1163 265 1189 οἱ
278 1163 425 1198 καθήμενοι
436 1164 464 1190 ἐν
475 1163 599 1196 πύλαις-ι
613 1165 665 1199 ἔξω
676 1166 729 1202 γὰρ
743 1166 791 1202 τῆς
802 1167 852 1193 πύ-

48 1209 108 1244 λης
126 1216 160 1244 με
177 1209 360 1244 ἐσταύρωσαν·
378 1219 387 1235 ι
408 1211 455 1237 καὶ
473 1212 512 1242 εἰς
529 1212 578 1247 ἐμὲ
594 1212 706 1246 ἔψαλλον
723 1213 747 1239 οἱ
759 1214 849 1240 πίνον-

48 1264 103 1287 τες
122 1253 207 1285 οἶνον.
228 1265 237 1281 3
252 1255 372 1282 τουτέστι
383 1257 415 1292 τῇ
429 1256 475 1283 τοῦ
491 1257 586 1293 Πάσχα
599 1258 688 1294 ἑορτῇ.
710 1268 719 1284 ‹
743 1259 812 1293 Ἐγὼ
822 1260 851 1287 δὲ

48 1302 88 1335 τῇ
106 1301 247 1335 προσευχῇ
267 1309 316 1335 μου
329 1300 396 1336 πρὸς
407 1302 447 1333 σὲ,
461 1301 557 1336 Κὺριε,
575 1311 584 1327 3
603 1301 704 1335 ἔλεγον*
721 1312 730 1328 ‹
751 1304 850 1340 Πάτερ,

49 1346 130 1380 ἄφες
154 1346 257 1378 αὐτοῖς,
283 1356 292 1372 3
318 1348 373 1379 τοῖς
395 1347 509 1379 ἔθνεσιν,
530 1347 596 1374 διότι
615 1349 708 1384 καιρὸς
730 1349 851 1381 εὐδοκίας

50 1392 114 1417 τῶν
124 1391 223 1418 ἐθνῶν.
239 1401 247 1417 ι
269 1392 313 1427 Μὴ
326 1393 413 1419 τοίνυν
424 1393 646 1420 καταποντισάτω
659 1403 691 1429 με
704 1395 827 1429 καταιγὶς
839 1405 848 1421 3

51 1437 234 1472 πειρασμῶν,
250 1446 260 1462 ‹
276 1437 341 1472 μηδὲ
352 1438 507 1464 καταπιέτω
526 1447 558 1473 με
573 1438 660 1473 βυθὸς,
677 1449 686 1464 3
703 1440 849 1472 τουτέστιν,

51 1483 171 1534 οξᾷδης.
186 1492 195 1508 ι
213 1482 250 1509 Οὐ
265 1483 318 1518 γὰρ
336 1483 540 1518 ἐγκαταλείψεις
561 1484 608 1520 τὴν
621 1485 710 1520 ψυχήν
734 1494 784 1521 μου
811 1487 850 1517 είς
865 1506 885 1534 C

50 1528 136 1564 ᾅδην*
143 1537 207 1554 3—4
215 1529 280 1564 μηδὲ
288 1529 406 1564 συσχέτω
412 1529 454 1555 ἐπ’
461 1529 510 1564 ἐμὲ
519 1530 607 1566 φρέαρ
613 1531 642 1557 τὸ
650 1530 735 1565 στόμα
741 1531 833 1563 αὑτοῦ,
840 1541 848 1557 3

51 1574 186 1600 τουτέστι
201 1574 232 1600 τὸ
245 1577 384 1609 μνημεῖον.
407 1584 415 1600 ι
433 1575 532 1602 Ἕνεκα
552 1575 605 1603 τῶν
622 1577 725 1612 ἐχθρῶν
741 1586 790 1612 μου
804 1577 851 1611 ῥῦ-

53 1621 104 1647 σαί
124 1629 171 1656 με,
196 1631 205 1646 3
222 1621 264 1647 ἱνα
279 1620 315 1657 μὴ
332 1622 521 1658 καυχήσωνται
534 1623 559 1648 οἱ
580 1623 699 1650 Ἰουδαῖοι
716 1623 849 1658 λέγοντες

51 1667 251 1701 Καταπίωμεν
261 1667 350 1694 αὐτόν.

92 1712 192 1738 Ταῦτα
206 1711 234 1738 δὲ
247 1711 335 1738 πάντα
349 1713 465 1748 Χριστὸς
474 1713 652 1752 οἰκονομικιζ
661 1714 698 1746 ὡς
710 1714 852 1750 ἄνθρωπος

52 1757 173 1793 ηὗχετο,
199 1757 266 1799 836A;
280 1757 323 1799 ὗεν
332 1758 465 1794 ἀληθινός.
486 1751 618 1791 ἐἈλλκὼς
645 1759 750 1794 φθάσας
764 1759 850 1793 εἷπον,

55 1814 65 1830 ι
86 1806 105 1838 ὴ
127 1804 222 1839 μορφὴ
234 1803 281 1830 τοῦ
294 1801 386 1830 δοῦλου
399 1801 442 1839 ἦν,
459 1814 467 1830 ι
486 1804 573 1831 ταῦτα
599 1805 715 1839 λέγουσα
735 1807 782 1833 καὶ¹
797 1807 850 1833 πά-

52 1858 177 1886 σχουσα.
190 1850 228 1875 Δι’
243 1849 257 1875 ὃ
273 1849 395 1885 ἐπήγαγε
410 1850 505 1884 λέγων·
520 1861 530 1876 ‹
549 1851 712 1885 Ὀνειδισμὸν
724 1852 850 1886 προσεδό-

52 1904 146 1931 κησεν
170 1896 186 1930 ἡ
210 1894 282 1930 ψυχή
306 1903 356 1930 μου
385 1895 431 1921 καὶ
457 1895 676 1931 ταλαιπωρίαν.»
700 1896 848 1929 τουτέστιν,

52 1941 196 1972 ἑκουσίως
216 1940 326 1973 ἔπαθον,
350 1942 399 1967 οὐκ
415 1941 447 1967 ἐκ
462 1950 532 1973 τινος
557 1941 635 1976 βίας·
660 1942 734 1977 ὅμως
762 1952 770 1967 ι
786 1943 850 1969 ὑπὲ-

53 1997 145 2024 μεινα
164 1987 388 2023 συλλυπούμενον,
405 1988 451 2014 καὶ
470 1988 518 2022 οὐχ
540 1987 669 2023 ὑπῆρξεν.
691 1997 701 2014 3
727 1988 850 2022 ’Λιρέντες

51 2036 116 2070 γὰρ
132 2033 234 2066 πάντες
249 2034 274 2060 οἱ
290 2034 351 2069 ἐμοὶ
365 2034 483 2069 μαθηταὶ
506 2034 617 2069 ἔφυγονι
635 2044 644 2060 ι
666 2035 711 2061 καὶ
727 2043 851 2070 παρακα-

51 2080 174 2112 λοῦντα,
188 2081 236 2108 καὶ
251 2081 300 2115 οὐχ
314 2077 404 2116 εὗρον.
425 2090 434 2105 3

904 895 965 915 sum
986 887 1115 915 fratribus
1130 887 1197 914 meis
1216 897 1225 912 3
1238 888 1386 915 secundum
1402 896 1520 924 cantent,
1542 897 1550 913 ι
1565 893 1590 915 et
1609 896 1686 923 pere-

904 933 997 969 grinus
1012 934 1073 961 ﬁliis
1084 934 1179 961 matris
1193 941 1268 965 meae,
1287 943 1296 958 3
1312 933 1336 960 id
1349 938 1399 966 est,
1413 933 1570 969 Synagogze.
1586 943 1594 959 ι
1612 934 1686 966 Quo-

903 979 975 1006 niam
988 979 1062 1007 zelus
1079 979 1177 1006 domus
1194 984 1247 1006 tua:
1267 978 1368 1014 (Pater)
1383 979 1500 1006 comedit
1518 987 1572 1012 me,
1585 984 1612 1006 et
1631 979 1684 1006 im-

901 1026 1027 1060 properia
1047 1025 1289 1059 improperantium
1314 1024 1371 1058 tibi,
1391 1034 1401 1050 3
1425 1029 1452 1051 et
1472 1025 1683 1053 sacriﬁcantium

902 1071 993 1104 idolis,
1024 1079 1034 1095 (
1066 1070 1223 1097 ceciderunt
1260 1077 1340 1105 super
1368 1077 1422 1097 me.
1460 1079 1470 1095 3
1502 1069 1683 1103 Quamobrem

904 1125 914 1142 ‹
932 1121 1025 1143 contra
1039 1123 1083 1143 me
1101 1116 1290 1151 loquebantur,
1305 1115 1352 1151 qui
1365 1115 1493 1143 sedebant
1506 1116 1532 1142 in
1547 1117 1649 1150 portis;
1670 1126 1680 1142 3

901 1166 978 1190 extra
994 1167 1100 1198 portam
1117 1162 1188 1189 enim
1208 1161 1401 1190 crueitiseruut
1413 1168 1474 1189 eum
1492 1160 1573 1196 (me);
1593 1171 1603 1188 (
1616 1166 1642 1190 et
1656 1161 1682 1188 iu

902 1216 945 1235 me
959 1208 1110 1243 psallebant
1129 1208 1175 1243 qui
1196 1208 1324 1235 bibebant
1344 1208 1446 1241 vinum,
1463 1218 1473 1233 3
1493 1208 1518 1235 id
1535 1212 1587 1240 est,
1601 1208 1626 1234 in
1642 1207 1681 1234 fe~

901 1259 943 1282 sto
960 1254 1082 1281 Paschze.
1105 1263 1114 1279 ι
1140 1253 1196 1289 Ego
1215 1261 1276 1281 vero
1301 1254 1423 1281 oratione
1441 1261 1502 1280 mea
1521 1254 1553 1281 ad
1576 1258 1612 1286 te,
1631 1253 1682 1279 Do-

901 1299 986 1332 mine,
1002 1308 1012 1324 3
1035 1298 1180 1326 dicebam:
1199 1307 1208 1324 ι
1235 1298 1325 1331 Pater,
1347 1298 1453 1325 remitte
1471 1298 1546 1332 ipsis,
1566 1307 1575 1324 3
1597 1298 1683 1332 genti-

901 1345 970 1378 bus;
995 1345 1124 1380 quoniam
1151 1350 1256 1379 tempus
1280 1344 1439 1378 beueplaciti
1462 1346 1589 1379 gentium.
1612 1353 1621 1369 ι
1644 1343 1682 1370 No

901 1391 984 1426 igitur
998 1391 1135 1426 demergat
1153 1398 1196 1418 me
1211 1395 1355 1426 tempestas
1372 1399 1381 1416 3
1400 1390 1588 1421 tentationum,
1606 1399 1615 1415 ι
1634 1398 1682 1416 nec

902 1423 1046 1464 absorbeat
1062 1423 1105 1464 me
1127 1423 1290 1471 profundum
1315 1423 1339 1469 ί,
1362 1446 1372 1462 3
1393 1436 1420 1462 id
1450 1440 1501 1467 est,
1528 1435 1651 1463 infernus
1674 1445 1680 1462 :

905 1491 914 1507 ι
933 1482 991 1510 Non
1005 1483 1076 1509 enim
1091 1482 1226 1516 relinques
1243 1482 1360 1508 animant
1376 1488 1464 1508 meam
1477 1481 1504 1507 in
1519 1480 1625 1508 inferno
1637 1481 1680 1514 νς»

906 1538 915 1554 ι
935 1536 984 1555 nec
1000 1532 1095 1563 urgeat
1112 1535 1195 1562 super
1217 1535 1259 1554 me
1280 1532 1376 1561 puteus
1397 1534 1429 1553 os
1447 1534 1538 1559 suum,
1558 1535 1567 1551 3
1585 1527 1610 1553 id
1629 1530 1681 1558 est,

903 1575 1070 1610 sepulcrum.
1087 1583 1097 1599 ι
1116 1573 1231 1607 Propter
1244 1573 1367 1600 inimicos
1380 1580 1456 1599 meos
1468 1573 1541 1606 eripe
1561 1579 1605 1599 me
1617 1572 1650 1604 η,
1670 1581 1680 1597 3

902 1630 936 1650 ne
947 1621 1097 1658 glorientur
1104 1620 1188 1648 Judaei
1201 1619 1322 1648 dicentes
1337 1629 1343 1646 :
1362 1619 1561 1647 Absorbeamus
1573 1627 1645 1645 eum.

938 1710 982 1738 IV.
1004 1710 1066 1738 ch
1088 1711 1178 1737 omnia
1210 1710 1334 1737 Christus
1361 1710 1528 1737 oeconomica
1554 1713 1681 1742 tanquam

902 1759 984 1786 homo
1000 1758 1170 1792 precabatur,
1183 1757 1229 1791 qui
1244 1761 1301 1783 erat
1314 1764 1394 1783 verus
1406 1755 1488 1783 Deus.
1502 1754 1682 1786 Sed,utantea

901 1803 968 1836 dixi,
988 1813 996 1828 ι
1016 1802 1103 1830 forma
1116 1802 1187 1830 servi
1199 1807 1256 1830 erat
1268 1803 1300 1833 “.
1319 1811 1327 1827 3
1341 1809 1401 1836 qum
1413 1802 1470 1828 hzee
1484 1801 1644 1835 loquebatur
1656 1804 1684 1827 et

901 1848 1065 1884 patiebatur.
1083 1847 1264 1880 Quamobrem
1281 1846 1421 1880 subiunxit
1437 1854 1443 1872 :
1462 1855 1470 1870 ι
1488 1844 1682 1879 lmproperium

901 1893 1067 1929 exspectavit
1083 1893 1174 1920 anima
1188 1899 1259 1924 mea,
1276 1896 1303 1918 et
1321 1891 1473 1922 miseriam;
1493 1900 1502 1915 3
1520 1890 1547 1917 id
1561 1895 1612 1922 est,
1628 1897 1681 1916 nOn

902 1940 1003 1966 invitus
1017 1945 1114 1973 passus
1129 1945 1188 1965 sum
1204 1957 1212 1969 .
1234 1944 1321 1971 neque
1338 1944 1383 1970 per
1396 1937 1465 1968 vim;
1481 1944 1490 1961 ι
1507 1935 1659 1970 exspectavi
1671 1944 1680 1960 3

901 1989 1002 2016 tamen,
1021 1994 1030 2009 ι
1047 1984 1092 2019 qui
1104 1983 1185 2011 simul
1198 1984 1415 2014 eontristaretur,
1428 1988 1456 2010 et
1469 1990 1522 2008 non
1535 1981 1596 2009 fuit.
1610 1991 1619 2007 3
1631 1981 1683 2008 Do-

902 2030 975 2057 mino
992 2030 1056 2064 (me)
1071 2030 1143 2056 enim
1169 2029 1310 2061 derelicto,
1335 2035 1429 2055 omnes
1455 2028 1531 2063 (mei)
1556 2027 1682 2062 discipuli

901 2076 1040 2111 fugerunt:
1054 2085 1063 2101 ι
1080 2082 1106 2103 et
1117 2075 1292 2110 (exspectavi)
1305 2075 1351 2109 qui
1368 2074 1567 2105 consolaretur,
1584 2078 1611 2100 ct
1624 2080 1678 2100 non

900 2130 1003 2149 mvenl.
1018 2131 1028 2147 )

97 2172 235 2198 'Axouaov
251 2170 392 2205 νουνεχῶς,
416 2167 438 2197 ὧ
461 2169 580 2200 Ἰουδαῖε,
604 2169 629 2195 τί
647 2177 728 2204 φησιν
751 2169 765 2195 ὀ
783 2169 833 2204 Χρι

934 2167 967 2195 ν.
989 2167 1059 2195 Audi
1075 2172 1100 2194 et
1116 2167 1235 2200 adverte,
1251 2166 1353 2199 Iudaee,
1370 2165 1434 2201 quid
1449 2165 1520 2192 dicat
1534 2165 1680 2192 Christus:

53 2218 139 2249 στός-
162 2226 172 2242 ‹
188 2217 310 2244 Ἔδωκαν
320 2217 374 2252 (52)
386 2217 425 2248 εἰς
432 2216 462 2243 τὸ
473 2216 570 2252 βρῶμά
586 2224 635 2251 μου
649 2215 739 2251 χολὴν,
749 2215 796 2242 καὶ
809 2217 849 2248 εἰς

51 2265 110 2300 τὴν
129 2263 211 2298 δίψαν
232 2271 282 2298 μου
299 2262 425 2289 ἐπότισάν
443 2271 476 2298 με
493 2262 561 2295 ὅξος.
579 2271 588 2287 3
610 2262 665 2288 Καὶ
685 2261 770 2288 ταῦτα
799 2261 850 2296 μὲν

52 2309 165 2336 ἔπαθεν
175 2308 204 2342 ἐξ
215 2308 300 2343 ὑμῶν.
312 2308 441 2334 ’Ἄκουσον
450 2307 497 2334 τοῦ
509 2307 586 2341 ἁγίου
595 2308 750 2342 Πνεύματος
758 2307 848 2342 λέγον-

52 2365 105 2387 τος
113 2356 163 2382 καὶ
178 2355 203 2381 τί
217 2354 404 2381 ἁνταπέδωκεν
419 2354 483 2389 ὑμῖν
498 2354 557 2380 ἀντὶ
571 2354 617 2380 τοῦ
630 2354 727 2390 μικροῦ
744 2355 847 2381 ἐκείνου

52 2402 150 2434 ὒξους.
168 2401 249 2434 Λέγει
265 2400 319 2436 γὰρ
334 2401 348 2427 ὁ
362 2401 518 2435 προφήτης,
537 2399 574 2431 ὡς
591 2400 622 2426 ὲκ
638 2400 783 2435 προσώπου
800 2400 845 2427 τοῦ

53 2446 144 2473 θεοῖν
167 2455 176 2471 ι
195 2446 368 2481 Γενηθήτωὴ
384 2444 508 2481 τράπεζα
523 2445 610 2471 αὐτῶν
627 2446 667 2477 εἰς
681 2445 780 2479 παγίδα
799 2447 846 2473 καὶ

95 2505 107 2521 ⁸
123 2504 196 2531 Psal.
214 2512 308 2536 ιιι-ιιι,
325 2504 337 2531 l
352 2512 427 2539 seqq.
465 2505 475 2520 ⁹
492 2503 563 2531 Psal.
581 2511 626 2536 xv,
639 2503 681 2530 l0.

55 2541 105 2567 2‘2.
146 2541 168 2556 ¹¹
182 2539 247 2566 Ibid.
259 2539 303 2566 22.

95 2599 155 2635 (52)
178 2599 210 2626 Τί
237 2600 333 2636 φησιν
359 2601 376 2626 ὁ
397 2599 542 2636 Χριστρς·
567 2599 689 2636 efﬁciatur.
715 2600 844 2636 Origenes

56 2635 107 2663 lib.
125 2643 143 2661 ιι
160 2640 253 2660 contra
271 2634 387 2665 Celsum,
404 2642 465 2668 pag.
483 2634 527 2666 82,
542 2635 606 2660 edit.
625 2634 754 2663 Cantabr.
765 2634 778 2664 Ξ
794 2638 843 2664 Γέ-

56 2678 182 2707 γραπται
198 2668 386 2707 ὲνηὲξηᾼξιρστῴ
405 2669 489 2707 ὀγδόῳ
503 2669 788 2707 ψαλμιῖιέννπροσώπῳ
799 2672 845 2699 τοῦ

56 2703 179 2740 Χριστοῦ
190 2713 208 2740 -ν
220 2703 405 2740 Καὶνὲδωκαν
428 2703 480 2740 εζςγ
494 2705 525 2731 τὸ
547 2703 652 2738 βρῶμά
662 2703 721 2738 [toti
736 2703 843 2740 χολὴν,

56 2739 107 2767 και
120 2741 165 2772 εἰς
180 2739 238 2772 τὴν
253 2739 343 2772 δίψαν
364 2747 422 2773 μου
441 2739 584 2766 ἐπότισίίι·
601 2748 639 2773 με
656 2739 788 2773 ὄξος-[Ἢ
804 2742 847 2768 λε-

57 2776 182 2809 γέτωσαν
204 2774 334 2804 Ἰουδαῖοι,
350 2773 390 2804 τίς
405 2774 479 2810 ἐστιν
494 2775 507 2800 ὀ
522 2775 550 2800 ὲν
563 2774 603 2810 τῷ
623 2775 748 2810 προφήτῃ
761 2777 846 2803 ταῦτα

57 2805 145 2844 λέγων
156 2831 164 2843 ,
183 2809 231 2836 καὶ
253 2809 503 2844 παραστησάτωταν
522 2809 574 2836 ἀπὸ
589 2805 651 2844 ’τῆς
667 2805 786 2846 ἱστορίας
801 2812 846 2838 τὸν

722 2505 744 2520 ¹⁰
760 2504 830 2533 Psal.
848 2515 941 2539 uvnt,
961 2506 1002 2533 15.

905 2223 914 2239 ι
926 2213 1062 2241 Dederunt
1073 2213 1099 2240 in
1115 2213 1207 2240 cibum
1223 2220 1314 2240 meum
1328 2212 1373 2244 fel,
1389 2216 1416 2239 et
1428 2211 1454 2237 in
1470 2211 1514 2238 siti
1530 2218 1590 2238 mea
1604 2216 1682 2245 pota-

901 2264 998 2287 verunt
1019 2267 1064 2287 me
1086 2264 1162 2288 aceto
1176 2261 1207 2286 ι’.
1227 2269 1236 2285 3
1259 2259 1291 2286 Et
1309 2259 1365 2286 hzec
1388 2265 1485 2293 passus
1504 2261 1546 2284 est
1563 2265 1577 2283 ιι
1593 2257 1680 2284 vobis.

900 2307 971 2334 Audi
987 2306 1116 2342 Spiritum
1133 2311 1255 2334 sanctum
1270 2306 1402 2333 dicentem
1415 2305 1480 2340 quid
1495 2304 1620 2332 retribuit
1634 2312 1684 2331 νου

901 2354 943 2382 bis
953 2361 1003 2389 pro
1017 2354 1062 2380 illo
1077 2353 1185 2381 modico
1199 2357 1275 2380 aceto
1290 2362 1295 2378 :
1313 2352 1351 2379 ait
1373 2350 1444 2378 enim
1471 2350 1598 2386 propheta
1619 2355 1681 2378 tan-

899 2408 981 2436 quam
1004 2407 1037 2427 cx
1061 2407 1176 2434 persona
1198 2398 1266 2426 Dei:
1285 2408 1293 2423 ι
1314 2398 1373 2425 Fiat
1387 2405 1479 2424 mensa
1491 2405 1585 2425 eosum
1599 2398 1626 2424 in
1643 2398 1682 2424 la-

899 2450 1046 2482 queum,et
1059 2447 1086 2473 in
1097 2445 1300 2473 retributionem
1312 2445 1360 2471 η.»
1374 2443 1460 2477 Quam
1476 2444 1681 2472 retributionem

1042 2506 1061 2521 “
1078 2505 1194 2539 Philipp.
1209 2511 1243 2536 ιι,
1261 2503 1286 2531 7.
1327 2504 1348 2519 ²¹
1365 2502 1435 2530 Psal.
1453 2511 1549 2534 vant,
1570 2502 1614 2535 20,
1635 2502 1682 2535 21,

897 2600 1150 2638 ἀνειληφόταᾲείςτὺ
1160 2601 1257 2636 βρῶμα
1268 2600 1363 2638 ἑαυτοῦ
1379 2601 1468 2638 χολὴν,
1485 2601 1530 2627 καὶ
1543 2599 1683 2638 ποτισοὲνη

897 2647 932 2665 τα
947 2634 1015 2670 δξὸξ.
1035 2647 1043 2662 ι
1059 2634 1194 2671 Scriptum
1210 2634 1251 2662 est
1267 2636 1293 2671 in
1315 2634 1485 2670 sexagesimo
1500 2640 1597 2662 octavo
1610 2634 1684 2668 psal-

899 2681 944 2701 mo
957 2681 989 2700 ex
1005 2670 1234 2706 persona'Christi
1247 2680 1253 2697 :
1271 2670 1305 2697 Et
1318 2671 1442 2697 dederunt
1457 2671 1483 2697 in
1498 2671 1584 2697 cibum
1597 2677 1683 2706 meum

899 2708 944 2770 get,
960 2712 984 2734 et
999 2705 1027 2733 in
1046 2707 1090 2734 siti
1108 2715 1164 2733 mea
1186 2711 1340 2740 putaverunt
1357 2715 1395 2732 me
1417 2711 1499 2733 (Icelo.
1521 2706 1574 2732 Aut
1592 2705 1684 2732 dicant

917 2742 984 2769 udmi
999 2742 1060 2770 auis
1072 2747 1114 2769 est
1126 2741 1173 2770 qui
1189 2742 1245 2768 hate
1260 2742 1330 2770 apud
1345 2742 1503 2770 prophetam
1516 2741 1644 2770 loquitur.
1656 2743 1683 2766 et

917 2742 984 2769 udmi
999 2742 1060 2776 quis
1072 2747 1114 2769 est
1126 2741 1173 2775 qui
1189 2742 1245 2768 hate
1260 2742 1330 2774 apud
1345 2742 1503 2776 prophetam
1516 2741 1644 2775 loquitur.
1656 2743 1683 2766 et

899 2786 932 2804 ex
948 2775 1060 2803 historia
1074 2777 1216 2803 ostendant
1229 2775 1352 2810 aliquem
1363 2785 1411 2811 pro
1427 2777 1488 2803 cibo
1502 2775 1562 2804 felle
1575 2781 1683 2811 pastum

899 2817 1074 2848 potatumque
1086 2816 1173 2839 aceto.
1189 2821 1198 2837 3
1216 2811 1325 2838 Fame.
