1856 3050
180 86 226 114 79!

504 86 531 113 S.
553 84 733 113 lllPPOLYTl
752 84 826 111 OPP.
859 83 948 110 PARS
968 83 998 110 ll.
1022 100 1052 105 ——
1070 83 1221 111 DOCMAT.
1242 81 1286 110 ΕΤ
1305 82 1474 110 HISTORIC.

1765 81 1816 108 79‘!

178 145 260 172 dicit?
274 145 447 172 manifestum
459 149 511 177 est,
523 153 583 172 eam
599 144 734 172 miseriam
750 145 850 178 dicere,
868 144 894 171 in
911 153 959 180 qua

1056 153 1058 158 ’
1073 144 1257 171 ἀνταπόδοσιν.
1273 153 1282 170 ι
1300 143 1383 170 Ποίαν
1394 143 1571 171 ἀνταπόδοσιν
1583 142 1678 176 λέγει;
1690 141 1814 177 εὔδηλον,

176 196 252 217 nunc
268 191 318 224 (es)
336 195 399 218 sunt
412 190 510 218 Judaei.

216 235 257 262 Vl.
278 235 347 263 Audi
365 235 470 268 deinde,
483 243 543 271 quae
558 240 728 271 sequuntur:
750 245 759 262 ι
777 235 965 264 Obscurentur

178 282 250 309 oculi
261 289 365 315 eorum,
384 289 417 309 ne
432 282 550 310 videant.
567 291 576 308 ι
593 282 677 318 Atqui
688 283 829 312 obscurati
841 287 905 310 sunt
917 291 962 310 vo-

179 328 220 355 bis
233 328 305 356 oculi
325 328 422 356 anima:
444 328 637 357 obscuratione
653 330 796 357 tenebrosa
813 336 839 357 et
852 334 962 357 (eterna.

180 373 318 408 Siquidem
336 378 396 401 orto
411 382 477 401 vero
494 374 609 406 lumine,
625 383 674 403 vos
689 379 819 410 tanquam
839 375 866 402 in
887 378 966 402 nocte

178 419 286 452 erratis,
309 419 336 446 in
350 419 422 446 invia
442 427 490 446 vos
510 420 689 455 impingentes
707 428 739 448 ac
753 420 964 455 praecipitantes,

177 465 225 499 qui
240 465 310 492 viam
331 465 405 492 illam
427 466 575 501 reliquistis
598 474 659 501 qua:
674 467 784 494 aiebat:
805 476 815 493 ε
834 465 891 500 Ego
904 473 964 493 sum

178 511 222 539 via
234 511 265 538 ι’.
282 521 291 538 ι
307 511 452 544 Przeterea.
467 513 530 540 audi
543 513 615 548 quod
629 513 739 548 gravius
749 517 777 541 et
788 513 966 548 periculosius

177 561 230 587 est;
243 557 281 584 ait
296 557 368 584 enim
382 557 496 586 :«Dorsa
510 566 605 585 eorum
618 566 726 594 semper
737 559 850 586 incurva
862 559 883 574 ⁸³
898 568 922 586 ε»
938 559 964 585 id

178 607 231 634 cst,
243 607 272 630 ut
285 603 406 630 serviant
417 604 559 639 gentibus;
574 612 628 631 non
642 604 848 640 quadringentis
858 605 966 640 triginta

179 649 270 681 annis,
289 653 318 676 ut
334 649 360 676 in
380 649 515 685 Egypto;
536 658 623 685 neque
641 651 820 686 septuaginta,
839 655 869 678 ut
881 651 967 686 Baby-

179 695 243 722 lone
267 703 274 721 :
304 695 352 723 sed
375 703 487 730 semper,
507 696 606 731 inquit,
624 697 650 723 in
669 697 826 724 servitutem
843 696 965 724 incurva.

179 738 251 772 Quid
269 739 326 774 jam
348 739 477 774 deinceps
502 739 614 773 frustra,
638 745 665 768 et
689 749 757 769 vane
779 741 967 768 liberationem

181 785 264 820 hujus
281 786 397 812 miseria:
411 786 522 821 speras?
537 786 614 819 Quod
625 786 697 819 enim
714 786 800 821 magis
813 786 965 814 mirandum

180 835 232 863 est,
250 831 396 858 caecitatem
409 831 549 859 oculorum
566 836 674 859 tuorum
689 839 742 859 non
756 832 856 867 injuste
868 832 964 867 impre-

180 881 257 903 catus
270 880 326 909 est;
349 877 395 904 scd
414 877 478 912 quia
497 882 525 905 tu
540 878 633 905 oculos
646 878 705 913 ejus
719 877 842 913 (Christi)
855 878 960 911 vclasti,

179 929 242 949 cum
264 929 327 948 eum
354 922 438 956 alapis
461 923 719 951 caedebaszidcirco
741 923 852 951 dorsum
879 927 956 950 tuum

181 975 288 1003 semper
309 969 336 996 in
363 969 520 997 servitutem
537 970 662 997 incurva.
679 970 712 997 Et
723 971 786 1005 quia
802 970 962 1005 sanguinem

180 1013 240 1048 ejus
255 1022 316 1041 cum
332 1014 370 1042 ira
385 1015 515 1047 ell‘udisti,
535 1015 598 1042 audi
613 1016 859 1043 remunerationem
874 1025 880 1043 :
896 1025 905 1042 ι
918 1015 964 1042 Ei-

181 1057 274 1090 fnnde,
289 1059 388 1094 inquit,
409 1068 491 1094 super
511 1067 558 1088 eos
578 1060 646 1088 iram
665 1066 754 1094 tuam;
774 1065 802 1088 ct
822 1060 897 1088 furor
917 1061 964 1088 ira:

182 1108 235 1131 tua:
249 1106 462 1140 comprehendat
475 1114 522 1134 eos
537 1107 568 1133 ιε.
587 1117 596 1133 ι
615 1106 647 1135 Ει
663 1116 668 1134 ;
687 1117 696 1134 ‹
712 1108 772 1135 Fiat
785 1108 964 1136 commoratio

181 1159 275 1179 eorum
290 1153 415 1187 deserta;
435 1163 445 1180 ι
460 1154 590 1189 templum
604 1155 707 1182 scilicet
730 1155 795 1182 illud
820 1154 964 1182 celeberri-

182 1205 268 1225 mum.

219 1287 275 1316 Vll.
297 1288 350 1317 Sed
368 1298 464 1325 quare,
483 1298 500 1318 ο
519 1291 661 1326 propheta,
676 1292 796 1320 edissere
808 1292 898 1326 nobis,
917 1301 967 1320 cur

183 1335 313 1369 templum
327 1335 496 1364 devastatum
508 1337 567 1365 est?
584 1346 618 1365 an
633 1343 743 1373 propter
758 1337 832 1366 illam
848 1338 912 1366 olim
927 1339 967 1365 vi-

184 1380 233 1406 tuli
250 1380 476 1409 fabricationem?
495 1390 529 1409 an
548 1387 657 1418 propter
666 1383 758 1419 populi
768 1383 968 1412 idololatriam‘l

184 1433 218 1451 an
245 1429 354 1460 propter
379 1427 538 1462 sanguinem
567 1426 781 1462 prophetarum?
806 1435 839 1454 an
859 1431 968 1462 propter

184 1471 315 1499 adulteria
337 1477 364 1500 et
391 1472 583 1501 fornicationes
603 1474 704 1501 Israel?
720 1473 840 1505 Minime,
863 1473 966 1508 inquit:

184 1517 213 1545 in
227 1518 356 1546 omnibus
369 1519 440 1546 enim
456 1520 509 1547 illis
524 1527 631 1555 semper
651 1520 758 1548 veniam
777 1524 806 1548 et
828 1519 971 1556 indulgen—

185 1564 249 1590 tiam
259 1564 396 1598 ferebant;
409 1566 454 1592 sed
463 1566 526 1601 quia
535 1565 632 1593 Filium
643 1566 769 1594 Auctoris
778 1567 970 1594 beneﬁciorum

185 1609 388 1643 interfecerunt,
406 1612 463 1646 ipse
478 1612 550 1639 enim
568 1617 611 1640 est
624 1617 778 1640 coaeternus
793 1612 879 1640 Patri.
894 1612 972 1641 Unde

185 1657 244 1683 ait:
261 1655 315 1690 Sit,
337 1657 427 1691 Pater,
453 1667 462 1683 ι
483 1658 613 1692 templum
636 1666 731 1686 eorum
752 1659 921 1686 devastatnm
937 1660 970 1688 ".

185 1702 321 1736 Quoniam
336 1712 416 1738 quem
438 1709 466 1732 tu
486 1714 494 1730 ι
512 1710 622 1740 propter
634 1705 750 1733 salutem
767 1705 861 1733 mundi
879 1706 971 1734 volens

189 1757 198 1772 ι
214 1748 388 1782 percussisti,
404 1749 458 1784 ipsi
477 1750 612 1784 persecuti
629 1755 693 1778 sunt
710 1757 718 1776 :
735 1759 744 1775 ι
760 1750 787 1778 id
799 1755 851 1782 est,
866 1750 915 1785 ipsi
928 1759 972 1778 me

188 1793 308 1821 violenta
322 1798 349 1821 et
364 1793 468 1829 injusta
490 1799 579 1822 morte
593 1795 726 1830 persecuti
742 1800 814 1824 sunt.
831 1795 887 1824 Hoc
898 1797 971 1824 enim

186 1840 332 1874 signiﬁcat,
346 1850 355 1866 ι
371 1845 398 1868 et
409 1848 491 1876 super
501 1841 622 1869 dolorem
634 1842 775 1869 vulnerum
787 1850 909 1870 meorum
924 1843 972 1870 ad-

187 1887 324 1914 diderunt.
341 1896 352 1912 ›
368 1886 447 1914 Prius
469 1887 549 1914 habui
567 1887 690 1915 dol0rem
715 1892 842 1923 tanquam
867 1893 972 1916 amator

188 1931 329 1959 hominum
341 1936 450 1967 propter
464 1940 585 1959 errorem
596 1933 715 1968 gentium
729 1942 734 1960 :
749 1932 795 1960 sed
811 1933 874 1960 huic
884 1933 971 1960 dolori

188 1976 272 2004 alium
287 1984 337 2004 suo
350 1985 441 2004 errore
455 1977 646 2012 adjunxerunt.
659 1977 774 2010 ldcirco,
790 1977 880 2010 Pater,
901 1986 910 2003 ι
924 1985 972 2012 ap-

187 2030 259 2057 pone
274 2022 445 2058 iniquitatem
459 2031 540 2058 super
554 2023 725 2058 iniquitatem
737 2031 844 2056 eorum,
861 2029 888 2051 et
902 2023 972 2050 allii-

187 2069 306 2097 ctionem
323 2077 406 2105 super
421 2069 612 2102 afﬂictionem;
631 2075 658 2097 et
670 2078 723 2097 non
741 2070 841 2098 intrent
853 2070 878 2097 in
888 2070 971 2104 justi-

188 2115 255 2142 tiam
264 2120 348 2148 tuam,
365 2125 373 2141 ι
387 2115 412 2142 id
421 2120 473 2149 est,
487 2115 514 2142 in
529 2122 640 2150 regnum
654 2116 800 2148 tunm;sed
813 2116 972 2143 (deleantur

948 193 959 204 ⁸
1015 191 1065 226 τὴν
1082 190 1128 217 νῦν
1144 190 1310 225 κατέχουσαν
1328 199 1357 217 σε
1373 189 1526 225 δυστυχίαν.

1051 235 1117 262 Εἶτα
1140 236 1255 264 ἄκουσον
1281 236 1328 263 καὶ
1350 235 1385 263 τὰ
1407 236 1483 271 ἑξῆς·
1504 245 1513 262 ι
1528 234 1770 269 Σκοτισθήτωσαν
1790 235 1814 260 οξ

1016 281 1150 317 ὀφθαλμοὶ
1165 281 1255 308 αὐτῶν
1268 281 1315 308 τοῦ
1334 281 1370 317 μὴ
1388 281 1505 317 βλέπειν.
1519 291 1528 307 ι
1552 281 1622 307 Ἀλλ’
1632 279 1815 315 ὲσκοτίσθητε

1015 329 1071 359 τοῖς
1095 327 1145 363 τῆς
1169 327 1258 362 ψυχῆς
1281 327 1431 363 ὀφθαλμοῖς
1457 326 1603 362 σκοτισμὺν
1627 325 1745 361 ἀφεγγῆ
1769 326 1815 351 καὶ

1016 374 1135 401 αἰώνιον.
1159 374 1358 406 ’Λνατείλαντος
1372 373 1427 410 γὰρ
1441 373 1488 400 τοῦ
1503 373 1593 408 φωτὸς
1607 372 1657 399 τοῦ
1670 371 1813 408 ἀληθινοῦ,

1017 421 1095 456 ὑμεῖς
1105 420 1142 452 ὡς
1166 421 1195 447 ὲν
1217 421 1293 447 νυκτὶ
1314 420 1461 452 πλανᾶσθε,
1486 420 1533 447 καὶ
1553 420 1674 451 ἀνοδίαις
1693 420 1815 454 προσκό-

1017 476 1130 499 πτοντες
1153 467 1200 494 καὶ
1222 467 1432 503 κρημνιζόμενοι
1457 467 1495 498 ὡς
1518 466 1743 501 καταλείψαντες
1766 466 1813 500 τὴν

1016 513 1074 540 ὁδὸν
1091 513 1140 549 τὴν
1152 513 1300 548 λέγουσαν·
1320 522 1330 539 ι
1348 513 1417 547 Ἐγώ
1432 514 1517 548 είμιὴ
1534 513 1602 544 ὁδός.
1616 522 1626 538 ι
1645 511 1719 539 Εἶτα
1733 512 1814 539 ἄκου-

1018 569 1063 587 σον
1080 559 1272 596 καιριώτερον·
1298 569 1306 586 ι
1325 560 1379 587 Καὶ
1392 559 1438 586 τὸν
1456 560 1539 587 νῶτον
1558 560 1650 587 αὐτῶν
1664 559 1815 591 διαπαντὸς

1018 606 1177 641 σύγκαμψον
1186 614 1192 621 ο
1209 615 1218 632 ι
1230 606 1378 638 τουτέστιν,
1391 606 1436 633 ἴνα
1447 605 1608 633 δουλεύωσιν
1621 607 1680 637 τοῖς
1693 605 1813 637 ἔθνεσιν,

1016 654 1047 680 οὺ
1063 653 1224 689 τετρακόσια
1246 653 1295 688 ἐτη
1315 653 1361 679 καὶ
1380 652 1534 687 τριάκοντα,
1555 652 1593 684 ὡς
1610 653 1639 679 ὲν
1659 652 1814 687 Αἰγύπτῳ·

1017 700 1077 726 οὔτε
1087 699 1277 735 ἑϐδομήκοντα,
1298 699 1336 731 ὼς
1351 699 1378 725 ὲν
1390 698 1537 731 Βαϐυλῶνι,
1553 699 1621 725 ἀλλὰ
1639 698 1814 730 ὃιαπαντὲς

1019 745 1111 780 φησὶν,
1129 745 1169 776 εις
1184 743 1306 771 δουλείαν
1321 743 1490 779 σύγκαμψον.
1507 742 1608 770 Λοιπὸν
1623 743 1651 769 τί
1666 743 1753 774 κενὰς
1771 742 1815 768 ὲ).-

1019 792 1098 824 πίδας
1112 791 1183 826 ἔχεις
1197 790 1385 826 ἀπαλλαγῆναι
1401 789 1557 825 προσδοκῶν
1572 789 1623 824 τῆς
1641 788 1815 823 κατεχούσης

1020 846 1050 864 σε
1071 836 1270 872 ταλαιπωρίας;
1293 836 1330 863 Τὸ
1353 835 1408 871 γὰρ
1434 835 1666 871 παραδοξότερον·
1695 835 1746 861 καὶ
1764 835 1815 860 οὐκ

1016 883 1115 914 ἀδίκως
1134 883 1183 918 τὴν
1205 882 1260 909 τῶν
1279 881 1408 918 ὀμμάτων
1433 890 1479 908 σου
1497 880 1634 916 τύφλωσιν
1651 881 1812 915 ἐπηύξατο·

1016 929 1073 956 ἀλλ’
1083 929 1123 956 ὃτι
1138 928 1276 963 ὲκάλυψας
1291 927 1326 954 τὰ
1338 928 1385 954 τοῦ
1396 927 1512 963 Χριστοῦ
1522 926 1645 962 ὄμματα,
1655 925 1746 958 οὕτως
1756 926 1814 960 (33)

1017 975 1097 1002 αὐτὸν
1111 974 1260 1011 ὲρῤάπιξες
1269 982 1276 989 ·
1289 974 1335 1001 καὶ
1349 973 1391 1000 διὰ
1403 973 1482 1000 τοῦτο
1496 973 1527 999 τὸ
1541 972 1625 999 νῶτόν
1640 981 1687 999 σου
1700 972 1816 999 διαπαν-

1016 1022 1062 1054 τὸς
1082 1021 1243 1057 σύγκαμψον
1270 1021 1311 1053 είς
1339 1020 1470 1047 δουλείαν.
1497 1020 1552 1046 Καὶ
1569 1018 1664 1054 ἐπειδὴ
1684 1019 1718 1045 τὸ
1742 1016 1816 1053 αἷμα

1017 1066 1100 1093 αὐτοῦ
1127 1067 1195 1102 μετὰ
1214 1067 1298 1103 ὀργῆς
1321 1066 1439 1101 ἐξέχεας,
1457 1065 1571 1093 ἄκουσον
1593 1064 1625 1091 τὸ
1644 1064 1813 1100 ἀντίδωροϊ

1021 1123 1030 1140 ‹
1050 1115 1164 1149 Ἕκχεον
1175 1114 1217 1140 ἐπ’
1229 1113 1326 1144 αὐτοὺς
1338 1112 1388 1148 τὴν
1400 1112 1484 1148 ὀργήν
1501 1119 1560 1142 σου,
1576 1111 1623 1138 κα)⁵
1636 1110 1651 1136 ὁ
1661 1110 1750 1145 eum;
1762 1110 1797 1143 τῖε
1803 1119 1815 1140 ς

1017 1160 1102 1196 ὀργῆς
1120 1168 1165 1186 σου
1182 1159 1328 1186 καταλάϐοι
1352 1157 1460 1190 αὐτούς.
1477 1167 1486 1183 ι
1505 1157 1560 1184 Καί
1574 1165 1580 1172 '
1602 1166 1611 1182 ί
1630 1156 1783 1191 Γενηθήτω
1798 1156 1813 1189 ἡ

1019 1206 1130 1238 ἔπαυλις
1146 1205 1235 1232 αὐτῶν
1249 1204 1428 1241 ἡρημωνένηθ
1449 1213 1458 1230 ι
1478 1203 1609 1239 πρόδηλον
1621 1204 1635 1230 ὁ
1651 1202 1717 1233 ναὸς
1734 1203 1749 1228 ὁ
1768 1210 1815 1227 :-

1021 1261 1036 1288 ρ
1041 1252 1157 1287 ιόόητος.

1054 1298 1104 1326 Διὰ
1117 1298 1154 1330 τί,
1167 1295 1190 1325 ὦ
1211 1298 1346 1334 προφῆτα,
1367 1297 1426 1323 είπὲ
1441 1297 1517 1332 ἡμῖν,
1533 1295 1606 1326 τίνος
1623 1295 1706 1330 χάριν
1722 1295 1736 1321 ὁ
1750 1294 1816 1325 ναὸς

1019 1344 1169 1381 ἠρημώθης
1182 1342 1236 1380 ἄρα
1251 1343 1295 1370 διὰ
1309 1343 1359 1378 τὴν
1372 1342 1454 1369 πάλαι
1480 1340 1671 1378 μοσχοποιίανς
1691 1338 1750 1375 ἆρα
1772 1341 1816 1367 διὰ

1020 1391 1070 1428 τὴν
1085 1390 1132 1417 τοῦ
1144 1389 1209 1418 λαοῦ
1221 1388 1453 1425 είδωλολατρείαν;
1469 1386 1522 1423 ἄρα
1535 1387 1578 1413 διὰ
1590 1385 1620 1413 τὸ
1636 1385 1691 1412 τῶν
1705 1395 1815 1421 προφη-

1021 1436 1074 1463 τῶν
1085 1434 1167 1472 αἶμα;
1177 1434 1231 1471 ἄρα
1238 1434 1283 1463 διὰ
1293 1435 1341 1470 τῆς
1351 1434 1472 1470 μοιχείας
1482 1433 1530 1459 καὶ
1540 1431 1669 1468 πορνείας
1683 1432 1814 1467 Ἶσραήλ;

983 1498 1005 1527 c
1022 1483 1164 1518 Οὐδαμῶς,
1178 1482 1276 1517 φησίν·
1303 1481 1349 1508 ἐπὶ
1372 1481 1455 1507 πᾶσιν
1478 1479 1531 1527 γαρ
1543 1478 1814 1527 μὲκείνοιςπάντῡτε

1023 1527 1185 1563 συγγνώμης
1201 1527 1248 1554 καὶ
1265 1526 1465 1562 φιλανθρωπίας
1481 1524 1620 1560 ἠξιοῦντο·
1637 1524 1696 1551 ἀλλ’
1708 1524 1752 1551 ὅτι
1768 1523 1814 1550 τδν

1023 1573 1081 1600 υἱὸν
1095 1572 1142 1600 τοῦ
1167 1572 1316 1608 Εὐεργέτου
1334 1571 1522 1598 ἐθανάτωσαν·
1539 1570 1684 1605 αὺτδςγάρ
1705 1571 1784 1596 ἐστιν
1802 1571 1815 1595 ὁ

1021 1619 1060 1655 τῷ
1076 1619 1163 1655 Πατρὶ
1180 1617 1323 1650 συναῖδιος.
1344 1617 1423 1645 Ὅθεν
1436 1618 1523 1652 λέγει’
1539 1616 1697 1652 Γενηθήτω,
1716 1613 1741 1642 ὦ
1755 1616 1814 1642 Πά-

1022 1675 1080 1702 τερ,
1100 1675 1109 1692 ‹
1125 1667 1140 1692 ὸ
1154 1665 1217 1696 ναὸς
1233 1664 1322 1691 αὐτῶν
1338 1663 1534 1700 ἠρημωμένος·
1557 1663 1598 1689 in:
1616 1662 1646 1688 ὂν
1661 1662 1694 1688 σὺ
1717 1672 1727 1687 ι
1746 1662 1815 1698 πρὲς

1023 1712 1159 1748 σωτηρίαν
1180 1710 1282 1746 κόσμου
1305 1710 1423 1736 ἐθελοντὶ
1438 1719 1448 1735 ι
1467 1708 1613 1741 ἐπάταξας,
1638 1708 1719 1735 αὑτοὶ
1734 1717 1815 1734 κατε-

1021 1758 1134 1791 δίωξαν·
1155 1767 1164 1783 ι
1181 1758 1307 1793 σημαίνει
1323 1756 1360 1788 δὲ,
1375 1756 1452 1783 αὐτοὶ
1467 1755 1495 1782 δὲ
1509 1754 1590 1790 βιαίῳ
1609 1755 1656 1781 καὶ
1671 1754 1814 1789 καταδίκῳ

1022 1804 1127 1839 θανάτῳ
1142 1812 1174 1839 με
1191 1802 1366 1835 κατεδίωξαν,
1381 1811 1390 1827 ι
1403 1802 1449 1829 καὶ
1461 1802 1508 1828 ἐπὶ
1519 1801 1550 1828 τὸ
1562 1801 1642 1835 ἄλγος
1652 1801 1710 1828 τῶν
1727 1809 1813 1836 τραυ-

1024 1851 1116 1886 μάτων
1132 1859 1182 1885 μου
1202 1849 1382 1885 προσέθηκαν.
1403 1858 1411 1874 ι
1429 1848 1564 1884 Πρότερον
1580 1848 1628 1883 μὲν
1644 1847 1732 1881 ἄλγος
1743 1845 1815 1882 εἶχον

1022 1897 1059 1928 ὡς
1074 1896 1262 1932 φιλάνθρωπος
1275 1895 1319 1922 διὰ
1330 1895 1379 1930 τὴν
1391 1895 1496 1930 πλάνην
1508 1894 1563 1920 τῶν
1575 1893 1660 1920 ἐθνῶν
1670 1902 1676 1908 ·
1692 1893 1755 1919 ἀλλ’
1767 1894 1814 1919 ἐπὶ

1021 1943 1052 1969 τὸ
1067 1942 1148 1976 ἄλγος
1169 1941 1340 1977 προσέθηκαν
1367 1949 1411 1975 μοι
1433 1940 1537 1976 ἕτερον,
1561 1938 1750 1974 πλανηθέντες
1765 1940 1813 1965 καὶ

1023 1987 1107 2015 αὐτοί.
1131 1987 1228 2023 Διόπερ
1248 1996 1257 2012 ε
1272 1986 1388 2023 πρόσθες
1412 1986 1526 2022 ἀνομίαν
1549 1986 1596 2012 ἐπὶ
1619 1986 1670 2021 τὴν
1695 1986 1812 2021 ἀνομίαν

1023 2034 1121 2066 αὐτῶν,
1137 2034 1185 2061 καὶ
1204 2033 1293 2068 θλίψιν
1311 2033 1357 2059 ἐπὶ
1377 2033 1476 2067 θλίψιν,
1496 2033 1542 2059 καὶ
1560 2032 1597 2068 μὴ
1614 2032 1812 2059 είσελθέτωστδ

1023 2081 1051 2107 ὲν
1064 2079 1220 2116 δικαιοσύνῃ
1237 2088 1294 2113 σου,
1310 2088 1320 2105 ι
1331 2078 1470 2106 τουτέστιν
1483 2079 1523 2110 είς
1534 2079 1583 2114 τὴν
1597 2077 1740 2113 βασιλείαν
1754 2087 1810 2105 σου·

1022 2126 1079 2153 ἀλλ’
1098 2135 1107 2151 ‹
1126 2124 1359 2161 ὲξαλειφθήτωσαν
1376 2126 1407 2151 ἐκ
1421 2123 1512 2160 βίϐλου
1527 2123 1646 2155 ζώντων,
1670 2124 1720 2150 καὶ
1744 2125 1813 2159 μετὰ

188 2161 222 2188 de
230 2161 298 2188 libro
306 2161 463 2193 viventium,
475 2166 574 2188 etcum
587 2160 668 2194 justis
680 2168 732 2187 non
744 2161 899 2188 scribantur
911 2162 944 2194 ",

1056 2172 1134 2199 mium
1150 2171 1187 2208 μὴ
1202 2171 1396 2206 γραφήτωσαν,
1408 2179 1417 2196 ι
1431 2170 1562 2201 τουτέστι,
1577 2168 1647 2205 μετὰ
1656 2169 1713 2196 τῶν
1723 2171 1813 2205 ’ἁγίων

189 2207 216 2234 id
231 2211 283 2240 est,
301 2215 363 2234 cum
380 2207 483 2234 sanctis
497 2206 620 2242 patribus
630 2211 658 2234 et
673 2207 834 2240 patriarchis
849 2207 917 2235 suis.

224 2251 292 2280 Vlll.
313 2252 383 2286 Quid
407 2253 440 2280 ad
457 2253 515 2279 haec
530 2252 608 2286 dicis,
625 2252 737 2280 Iudaee?
751 2252 810 2280 Non
831 2253 889 2280 haec
907 2253 973 2281 dicit

189 2298 341 2331 Mattlneus,
360 2306 447 2333 neque
462 2297 574 2331 Paulus,
592 2298 638 2326 sed
662 2297 746 2325 David
761 2298 880 2326 christus
897 2302 973 2331 tuus,

190 2343 238 2378 qui
253 2347 348 2370 contra
360 2347 386 2370 te
405 2342 536 2375 decernit,
552 2343 598 2377 qui
615 2347 723 2378 propter
737 2342 874 2370 Christum
888 2344 972 2378 perti-

191 2389 363 2416 mescendam
383 2389 546 2416 sententiam
568 2389 693 2416 retribuit
712 2394 739 2416 et
760 2389 933 2424 pronuntiat;
947 2393 974 2416 et

190 2441 320 2470 tanquam
335 2434 380 2463 ille
394 2442 510 2470 magnus
521 2434 583 2468 Job,
600 2435 634 2462 ad
650 2442 700 2462 vos
718 2439 812 2462 contra
825 2434 931 2469 justum
946 2440 974 2462 et

191 2489 286 2509 verum
300 2481 440 2515 loquentes
455 2481 492 2508 ita
512 2481 610 2508 ell‘atur
627 2490 634 2508 ε
652 2480 748 2510 Emisti
761 2481 898 2508 Christum
913 2484 974 2508 tan-

191 2535 273 2562 quam
285 2520 410 2560 servum;
422 2528 518 2555 venisti
533 2527 566 2555 ad
576 2536 638 2555 eum
653 2533 781 2562 tanquam
797 2529 830 2554 ad
840 2527 974 2555 latronem

191 2573 218 2600 in
235 2573 353 2601 hortum.

227 2619 273 2647 lX.
294 2619 445 2647 Producam
459 2620 485 2646 in
499 2627 615 2647 meatum
629 2621 709 2648 etiam
720 2620 888 2655 prophetiam
901 2619 977 2647 Salo-

192 2667 281 2694 monis
304 2667 339 2694 de
359 2667 478 2699 Christo,
494 2675 554 2701 qua:
578 2670 668 2702 aperte
693 2671 719 2694 et
742 2667 892 2702 perspicue,
913 2673 974 2700 qua:

1025 2218 1150 2254 πατέρων
1166 2217 1214 2245 καὶ
1230 2217 1407 2253 πατριαρχῶν
1420 2215 1520 2243 αὐτῶν.

1059 2265 1091 2291 Τί
1106 2264 1196 2299 λέγεις
1212 2264 1279 2300 πρὸς
1298 2263 1388 2295 τοῦτο,
1404 2260 1426 2290 ὦ
1444 2263 1570 2295 Ἶουδαίε;
1587 2263 1625 2290 οὔ
1641 2262 1718 2298 λέγει
1734 2264 1810 2290 Ματ-

1024 2311 1108 2343 θαῖος,
1125 2310 1186 2338 οὐδὲ
1199 2310 1313 2343 Παῦλος,
1327 2309 1393 2336 ἀλλὰ
1411 2309 1492 2336 Δαυῖδ
1507 2310 1521 2336 ὁ
1536 2310 1581 2341 σὸς
1592 2310 1704 2346 χριστὸς
1716 2310 1782 2345 (54),
1797 2311 1812 2337 ὁ

1024 2358 1073 2389 τὰς
1097 2357 1215 2392 φοϐερὰς
1237 2355 1388 2391 ἀποφάσεις
1409 2355 1453 2382 διὰ
1474 2355 1591 2392 Χριστὸν
1615 2355 1813 2391 ἀπιδιδὸμενος

1025 2403 1071 2429 καὶ
1088 2401 1287 2437 φθεγγόμενος·
1306 2401 1353 2428 καὶ
1366 2401 1404 2433 ὡς
1419 2401 1434 2428 ὁ
1456 2401 1542 2436 μέγας
1569 2401 1640 2434 Ἰὼϐ,
1656 2402 1728 2436 ἐρῶν
1746 2403 1812 2438 πρὸς

1024 2448 1096 2483 ὑμᾶς
1114 2446 1153 2482 τῷ
1164 2447 1259 2482 δικαίῳ
1275 2446 1322 2473 καὶ
1329 2445 1438 2480 ἀψευδεῖ
1453 2446 1591 2480 λέγοντας,
1607 2446 1712 2477 οὕτως’
1734 2448 1798 2481 Ἠγο

1028 2499 1111 2526 ρασας
1129 2491 1174 2517 τὸν
1190 2491 1308 2526 Χριστὸν
1322 2490 1525 2526 δουλοπρεπῶς,
1547 2488 1629 2526 ἦλθες
1648 2491 1718 2526 πρὸς
1733 2493 1810 2519 αὐτὴν

1025 2535 1177 2572 λῃστρικῶς
1194 2535 1223 2561 ὲν
1236 2535 1275 2570 τῷ
1290 2536 1380 2570 κήπῳ.

1061 2619 1137 2654 Φὲρω
1150 2619 1181 2654 δὴ
1198 2620 1226 2650 ὲς
1242 2618 1322 2653 μέσον
1343 2619 1389 2644 καὶ
1410 2619 1457 2653 τὴν
1481 2618 1650 2653 προφητείαν
1677 2619 1806 2655 Σολομὼν,

1026 2665 1074 2700 τὴν
1095 2664 1225 2699 λέγουσαν
1247 2665 1310 2700 περὶ
1322 2663 1450 2699 Χριστοῦ,
1466 2663 1515 2699 τὴν
1531 2663 1565 2690 τὰ
1581 2664 1649 2699 πρὸς
1671 2665 1808 2696 Ἰουδαίους

230 2747 251 2764 ¹⁸
269 2747 345 2775 Joan.
378 2756 433 2782 τιν,
463 2747 490 2776 6.
530 2748 550 2763 "
568 2748 637 2775 Psal.
657 2747 806 2780 vamﬂl.
847 2747 868 2764 "
878 2744 999 2775 lbid.25.
1039 2747 1058 2762 "
1072 2746 1114 2772 cr.
1127 2745 1310 2777 Mannum,
1325 2744 1369 2772 38.
1409 2745 1430 2760 ’⁸
1445 2743 1515 2772 l'sal.
1532 2752 1628 2776 vanl,
1644 2745 1691 2777 27,
1705 2744 1750 2772 ‘28-
1762 2745 1804 2771 29.

229 2815 283 2847 (55)
306 2816 411 2850 Οὕτως.
430 2815 509 2844 Forte
526 2816 579 2842 ὅτε.

1063 2815 1118 2848 (Si)
1140 2815 1195 2848 Σὸς
1212 2816 1340 2849 χριστός.
1358 2813 1461 2843 llnctns
1477 2819 1548 2842 tuus.
1566 2813 1648 2841 Fusa.
