1856 3050
810 45 826 59 κ

55 102 98 129 793
528 102 796 132 DEMONSTRATIO
815 103 1000 134 ADVERSUS
1018 105 1170 134 JUDJEOS.

1584 105 1587 108 ’
1599 106 1650 133 794

54 160 136 195 σαφῶς
160 159 204 186 καὶ
223 161 354 197 ἀριδήλως
379 162 601 198 διαγγέλλουσαψ
625 165 656 192 οὺ
681 164 761 200 μόνον
785 164 818 192 τὰ

887 166 976 195 udaeos
1003 172 1136 202 spectant,
1161 167 1304 201 edisserit;
1334 175 1388 195 non
1409 167 1497 196 solum
1519 176 1580 202 qua:
1598 167 1650 196 hoc

54 206 114 233 κατὰ
126 206 169 233 τὸν
184 207 304 242 παρόντα
320 209 423 244 καιρὸν,
437 209 505 237 ἀλλὰ
520 210 554 237 τὰ
569 210 639 238 κατὰ
652 211 699 238 τὸν
715 211 820 247 μέλλον-

52 261 81 278 τα
95 252 174 280 αἰῶνα
189 253 278 285 αὐτοῖς
295 254 452 290 συμϐαίνειν
474 256 517 284 διὰ
537 257 586 292 τὴν
607 256 749 284 αὐθάδειαν
771 257 819 284 καὶ

52 300 152 334 τόλμαν,
166 299 198 335 ἢν
213 300 343 335 ἐποίησαν
358 301 470 338 ἀρχηγῷ
484 303 534 339 τῆς
548 303 630 338 ζωῆς.
644 303 725 336 Λέγει
738 303 792 339 γὰρ
804 304 820 331 ὁ

52 345 194 380 προφήτηψ
213 355 222 371 ι
238 346 274 372 Οὐ
289 345 468 381 διελογίσαντο
479 349 504 375 οι
522 349 628 381 ἀσεϐεῖς
645 359 654 375 ι
677 350 741 384 περί
753 350 820 385 Χρι-

53 390 107 417 στοῦ
123 400 132 417 ι
146 391 281 425 εἰπόντες,
298 392 386 429 ὀρθῶς
395 402 402 409 ·
424 394 638 430 Ἐνεδρεύσωμεν
649 395 694 422 τὸν
705 396 819 428 δίκαιον,

51 437 85 463 ὅτι
98 436 256 472 δύσχρηστος
267 439 333 474 ἡμῖν
347 440 416 472 ἐστι,
429 440 475 466 καὶ
488 441 652 468 ἐναντιοῦται
663 443 718 474 τοῖς
729 442 821 478 ἔργοις

51 483 90 509 καὶ
100 484 152 514 τοῖς
164 483 252 517 λόγοις
261 484 350 520 ἡμῶν,
363 486 411 512 καὶ
431 486 552 520 ὀνειδίζει
561 489 626 524 ἡμῖν
634 488 820 523 ἁμαρτήματα

50 528 132 564 νόμου,
143 529 187 556 καὶ
197 530 391 565 ἐπαγγέλλεται
399 533 498 566 γνῶσιν
506 533 577 569 ἔχειν
588 533 664 567 Θεοῦ,
677 534 723 560 καὶ
735 534 820 561 Παῖδα

50 574 107 601 Θεοῦ
118 575 207 602 ἑαυτὸν
217 575 352 612 ὀνομάζει.
365 587 374 604 ι
384 576 450 605 Εἶτά
461 588 551 615 φησιν·
564 589 573 605 ι
585 580 746 616 Βαρὺςὴμῖν
761 582 819 608 ἐστι

50 620 90 647 καὶ
100 620 274 656 βλεπόμενος·
292 623 333 649 ὅτι
349 623 474 659 ἀνόμοιός
490 626 546 652 ἐστι
563 627 619 658 τοῖς
632 626 721 658 ἄλλοις
734 627 748 653 ὁ
764 627 819 662 βίος

50 666 129 699 αὐτοῦ,
144 668 190 694 καὶ
204 668 403 705 ἐξηλλαγμέναι
417 671 444 698 αἰ
456 671 543 707 τρίὸοι
557 671 649 699 αὑτοῦ.
668 673 715 704 Εἰς
727 673 821 708 κίὁδη-

49 712 86 738 λον
95 712 266 749 ἐλογίσθημεν
276 715 358 751 αὐτῷ,
372 716 418 743 καὶ
431 717 561 752 ἀπέχεται
571 718 625 745 τῶν
637 718 704 745 ὁδῶν
730 719 818 754 ἡμῶν,

48 757 80 790 ὡς
87 758 135 785 ἀπὺ
143 759 324 796 ἁκαθαρσιῶν,
339 761 386 788 καὶ
398 763 542 799 μακαρίζει
553 764 653 799 ἔσχατα
671 764 790 792 δικαίων.
805 775 814 791 ι

50 804 97 830 Καὶ
118 806 195 832 πάλιν
221 806 346 842 ἄκουσον,
368 805 390 835 ὦ
418 809 538 836 Ἰουδαῖε.
557 810 651 842 Οὐδεὶς
664 811 696 837 ὲκ
709 811 763 838 τῶν
777 811 818 838 δι-

49 850 122 877 καίων
135 851 150 886 ἢ
164 853 311 889 προφητῶν
325 855 453 882 ἐκάλεσεν
469 855 564 882 ἑαυτὸν
575 857 631 883 υἰδν
644 857 721 885 Θεοῦ.
739 857 818 892 Λέγει

48 894 87 922 οὖν
102 895 174 929 αὖθις
188 898 226 930 ὡς
237 899 269 925 ἐκ
284 900 428 934 προσώπου
446 901 578 929 Ἰουδαίων
593 904 607 930 ὁ
621 903 744 938 Σολομὼν
756 903 819 938 περὶ

47 941 130 969 τούτου
144 943 190 970 τοῦ
204 945 308 972 δικαίου
328 946 357 978 ὃς
372 947 444 974 ἐστιν
461 949 474 974 ὁ
487 948 603 983 Χριστός
616 957 622 964 ·
638 959 647 974 ι
660 949 719 976 Ὅτι
729 949 819 984 ἐγένε-

47 996 72 1013 το
83 988 143 1023 ἡμῖν
158 990 196 1020 εἰς
210 989 320 1025 ἔλεγχον
340 991 448 1018 ἐννοιῶν
465 992 552 1027 ἡμῶν,
566 993 613 1019 καὶ
630 993 819 1025 ἀλαζονεύεται

46 1032 143 1069 Πατέρα
158 1035 233 1062 Θεόν.
250 1036 370 1073 Εἴδωμεν
386 1034 432 1064 οὖν
447 1038 471 1064 εἰ
493 1039 516 1064 οἱ
534 1038 607 1073 λόγοι
619 1039 699 1065 αὑτοῦ
712 1039 820 1075 ἀληθεῖς

47 1079 115 1111 εἰσιν,
131 1080 176 1107 καὶ
195 1082 370 1118 πειράσωμεν
389 1083 423 1109 τὰ
437 1081 466 1110 ὲν
482 1084 593 1111 ἐκϐάσει
611 1084 693 1112 αὑτοῦ
704 1093 711 1100 ·
729 1086 753 1112 εἰ
764 1085 818 1122 γάρ

46 1124 108 1151 ἐστιν
122 1126 135 1152 ὁ
148 1125 256 1159 δίκαιος
342 1129 406 1160 Υἱὸς
431 1129 510 1161 Θεοῦ,
528 1131 702 1166 ἀντιλήψεται
724 1132 816 1165 αὑτοῦ,

45 1171 85 1196 καί
101 1171 205 1206 ῥύσεται
218 1173 300 1200 αὑτὸν
319 1174 351 1201 ὲκ
372 1175 460 1210 χειρὸς
477 1175 689 1212 ἀνθεστηκότων.
706 1177 818 1214 Θανάτῳ

45 1216 164 1252 ἁσχήμονι
178 1219 405 1256 καταδικάσωμεν
416 1221 496 1248 αὐτόν
508 1230 515 1237 ·
531 1223 607 1251 ἔσται
617 1223 671 1260 γὰρ
682 1224 817 1260 ἐπισκοπὴ

45 1262 116 1289 αὑτοῦ
129 1264 160 1290 ὲκ
172 1264 261 1298 λόγων
271 1266 362 1293 αὑτοῦ.
378 1276 388 1293 ›

74 1309 122 1335 Καὶ
138 1310 216 1337 πάλιν
228 1312 245 1337 ὁ
260 1311 340 1339 Δαυῖδ
354 1314 382 1340 ὲν
398 1313 520 1350 Ψαλμοῖς
533 1314 606 1349 λέγει
621 1316 684 1351 περὶ
696 1316 741 1343 τὸν
754 1315 818 1351 μὲλ-

44 1352 112 1381 λοντα
121 1355 214 1382 αἰῶνα·
237 1366 247 1382 ‹
260 1357 325 1384 Τότε
336 1358 448 1394 λαλήσει
465 1359 532 1395 πρὸς
547 1360 644 1392 αὐτοὺς
656 1370 665 1387 ι
676 1361 690 1387 ό
702 1361 818 1396 Χριστὸς

47 1399 84 1424 «ὲν
94 1399 156 1436 ὀργῇ
170 1401 321 1433 absoluat
339 1403 366 1429 ὲν
383 1403 421 1438 τῷ
432 1403 508 1440 θυμῷ
531 1405 612 1432 αὐτοῦ
636 1406 747 1441 ταράξει
770 1406 818 1432 αὺ-

45 1444 178 1477 τούς.ιΚαὶ
193 1448 277 1475 πάλιν
288 1448 413 1485 Σολομὼν
422 1451 486 1486 περὶ
499 1451 616 1487 Χριστοῦ
631 1453 678 1479 καὶ
686 1453 819 1480 Ἰουδαίων

870 215 992 246 tempore
1013 212 1137 240 evenisse
1160 212 1199 240 eis
1215 212 1362 245 cernimus,
1378 213 1425 240 sed
1439 220 1499 248 qua:
1515 213 1541 240 in
1556 213 1650 242 futuro

869 259 992 285 evenient
1005 263 1114 294 propter
1129 259 1337 292 contumaciam,
1349 263 1375 287 et
1387 259 1413 286 id
1426 259 1499 293 quod
1515 260 1573 286 ausi
1587 264 1649 287 sunt
1674 290 1677 298 ι

869 303 896 330 in
916 302 1055 331 Christum
1074 303 1223 340 principem
1247 304 1319 331 vitae.
1346 303 1391 331 Ait
1408 304 1480 331 enim
1498 304 1629 339 propheta
1645 303 1665 333 ι’

872 357 882 373 ‹
901 347 959 374 Non
979 353 1050 376 recte
1069 349 1256 383 cogitaverunt
1279 349 1375 384 impii)
1400 349 1433 376 de
1454 349 1562 377 Christo
1580 358 1589 375 ι
1606 350 1649 377 di-

869 398 960 422 centes
978 403 985 422 :
1002 395 1254 424 Circumveniamus
1273 396 1387 431 justum,
1404 396 1532 431 quoniam
1545 396 1649 424 inutilis

869 445 910 468 est
922 441 1011 475 nobis,
1026 446 1053 469 et
1069 443 1221 469 contrarius
1234 447 1275 470 est
1290 442 1416 477 operibus
1432 446 1459 469 et
1478 442 1649 469 sermonibus

869 487 981 519 nostris,
996 491 1022 514 et
1040 488 1206 522 improperat
1224 488 1303 516 nobis
1322 494 1430 522 peccata
1448 488 1523 523 legis;
1542 492 1567 516 et
1586 495 1649 522 pro.

869 533 990 560 mittitse
1002 533 1142 560 scientiam
1160 533 1206 560 Dei
1222 533 1331 565 habere,
1346 538 1373 560 et
1385 533 1482 560 Filium
1494 533 1538 559 Dei
1553 540 1582 560 se
1599 540 1648 559 no-

869 578 996 606 minat".
1013 587 1023 605 ι
1046 578 1142 607 Postea
1164 579 1251 607 dicit:
1274 587 1283 604 ι
1302 578 1398 606 Gravis
1413 583 1453 606 est
1469 578 1546 606 nobis
1565 578 1648 605 etiam

869 625 903 652 ad
917 625 1072 658 videndum,
1086 625 1214 660 quoniam
1223 625 1363 652 dissimilis
1374 629 1414 652 est
1424 625 1484 652 aliis
1496 625 1549 652 vita
1561 624 1647 657 illius;

869 675 896 699 et
908 670 1056 698 immutata:
1070 675 1134 698 sunt
1148 672 1198 699 viai.
1211 671 1279 706 ejus.
1294 670 1432 706 Tanquam
1450 678 1566 706 nuyces
1577 671 1649 698 testi-

870 716 934 743 mali
949 723 1044 744 sumus
1058 716 1091 743 ab
1108 716 1163 749 illo,
1178 721 1205 743 ct
1221 716 1337 743 abstinet
1348 724 1376 743 sc
1387 724 1401 743 a
1414 716 1465 742 viis
1478 716 1578 743 nostris
1589 720 1649 742 tan-

869 768 950 796 quam
966 761 999 788 ab
1014 761 1203 795 immunditiis,
1230 767 1257 789 et
1277 761 1385 796 prmfert
1403 761 1646 796 novissimajusto-

869 815 930 833 rum
944 807 977 834 ³ο.
997 816 1006 832 ι
1029 806 1062 834 Ει
1085 815 1179 835 rursus
1199 807 1272 839 audi,
1293 806 1393 834 Judaze.
1410 806 1495 834 Nemo
1510 815 1541 834 ex
1554 806 1638 841 justis

869 853 911 880 vel
922 853 1060 888 prophetis
1072 853 1177 881 vocavit
1188 861 1216 880 se
1231 853 1314 880 lilium
1330 853 1386 880 Dei.
1400 852 1444 880 Ait
1457 853 1538 887 igitur
1550 852 1648 879 iterum

869 898 998 926 Salomon
1011 899 1039 928 in
1054 906 1169 933 persona
1183 898 1338 926 Judacorum
1349 899 1382 926 de
1393 899 1444 925 hoc
1454 898 1537 933 justo,
1550 898 1649 932 quiest

869 943 994 972 Christus
1008 953 1014 972 :
1031 953 1040 970 ι
1056 944 1156 973 Factus
1170 948 1211 972 est
1223 944 1301 971 nobis
1317 944 1343 971 in
1363 944 1558 971 traductionem
1576 944 1649 978 cogi-

868 990 999 1017 tationum
1018 996 1171 1018 nostrarum
1187 995 1231 1018 :et
1246 991 1374 1025 gloriatur
1389 990 1494 1017 Patrem
1510 997 1538 1018 se
1550 989 1650 1017 habere

868 1035 965 1063 Deum.
980 1036 1126 1064 Videamus
1140 1045 1215 1072 ergo,
1233 1038 1255 1064 si
1272 1045 1410 1064 sermones
1425 1036 1498 1064 illius
1511 1036 1567 1063 veri
1582 1035 1648 1067 sint,

868 1086 894 1109 et
910 1085 1053 1114 tentemus,
1079 1090 1140 1116 quae
1160 1088 1239 1110 erunt
1259 1083 1405 1110 novissima
1425 1083 1498 1110 illius
1515 1092 1522 1110 :
1540 1082 1562 1110 si
1575 1082 1647 1109 enim

868 1133 908 1154 est
918 1127 1389 1164 justusDeiFilius,suscipietillum,
1397 1132 1423 1155 et
1434 1128 1558 1156 liberabit
1573 1128 1647 1155 illum

868 1174 900 1202 de
915 1174 1040 1202 manibus
1059 1174 1270 1201 contrariorum.
1295 1173 1382 1200 Morte
1403 1174 1561 1208 turpissima
1584 1182 1644 1201 eou-

868 1220 1028 1248 demnemus
1050 1227 1112 1247 eum
1128 1228 1134 1247 :
1159 1221 1210 1248 erit
1225 1220 1297 1247 enim
1312 1225 1452 1255 respectus
1468 1219 1527 1255 ejus
1542 1227 1575 1247 ex
1589 1228 1648 1247 ser-

868 1267 996 1295 monibus
1009 1266 1082 1295 illius
1095 1266 1129 1294 “.
1151 1276 1160 1292 ι

902 1312 937 1340 Χ.
959 1313 992 1339 Ει
1006 1320 1101 1339 rursus
1119 1310 1204 1338 David
1223 1310 1248 1338 in
1263 1311 1378 1338 Psalmis
1392 1311 1430 1337 ait
1445 1311 1477 1337 de
1494 1311 1585 1337 futuro
1599 1318 1648 1337 sae-

868 1359 930 1387 culo
946 1367 952 1386 :
973 1368 982 1384 ι
998 1357 1074 1385 Tune
1095 1358 1220 1392 loquetur
1236 1357 1269 1384 ad
1290 1364 1336 1385 eos
1353 1366 1362 1383 ι
1390 1357 1514 1384 Christus
1538 1365 1547 1382 ι
1564 1356 1591 1382 in
1609 1356 1648 1382 ira

868 1412 936 1439 sua;
954 1409 982 1432 et
1002 1404 1029 1431 in
1053 1404 1146 1431 furore
1158 1411 1209 1431 suo
1228 1403 1402 1431 conturbabit
1416 1410 1463 1430 eos
1477 1403 1510 1429 ".
1527 1412 1536 1428 ι
1552 1401 1585 1429 Et
1597 1402 1648 1428 ite-

867 1459 929 1479 rum
958 1451 1087 1478 Salomon
1113 1450 1146 1478 de
1172 1450 1280 1478 Christo
1307 1454 1334 1477 et
1356 1449 1456 1477 Judmis
1481 1448 1555 1480 dicit,
1576 1448 1648 1483 quod

47 1493 174 1526 φησίν,ὖτι
187 1494 232 1520 ὅτε
247 1495 376 1529 στήσεται
390 1497 404 1522 ὁ
417 1496 519 1528 δίκαιος
537 1498 566 1524 ὲν
578 1498 717 1534 παρρησίᾳ
732 1499 814 1535 πολλῇ

889 1497 979 1524 uando
991 1496 1073 1524 stabit
1089 1497 1179 1531 justus
1203 1496 1230 1523 in
1248 1503 1345 1530 magna
1363 1495 1515 1522 constantia
1530 1498 1592 1522 ante
1607 1493 1648 1520 fa-

44 1537 105 1564 κατὰ
121 1539 266 1575 τρόσωπον
280 1541 334 1567 τῶν
348 1541 508 1576 θλιψάντων,
525 1544 571 1570 καὶ
584 1544 639 1570 τῶν
653 1543 817 1572 ἀθετούντων

44 1585 98 1616 τοὺς
116 1585 209 1619 λόγους
232 1587 330 1621 αὑτοῦ,
355 1597 365 1614 ι
384 1588 483 1620 ἰδόντες
504 1590 721 1626 ταραχοήσονται
744 1590 817 1626 φόϐῳ

44 1629 111 1667 δεινῷ
125 1632 171 1659 καὶ
184 1633 364 1669 ἐκστήσονται
388 1635 433 1661 ἐπὶ
453 1635 492 1671 τῷ
505 1635 647 1672 παραδόξῳ
663 1638 712 1673 τῆς
729 1645 816 1672 σωτη-

45 1676 96 1709 ρίας
109 1678 197 1712 αὐτοῦ,
208 1679 257 1706 καὶ
272 1679 378 1715 ἐροῦσιν
395 1681 424 1708 ὲν
438 1681 543 1713 ἑαυτοῖς
555 1675 756 1716 μετανοοῦντες.
770 1683 818 1710 καὶ

43 1720 79 1746 διὰ
93 1724 269 1760 στενοχωρίαν
284 1725 437 1761 πνεύματος
446 1726 633 1759 στενάζοντες·
646 1725 731 1761 Οὗτός
744 1729 816 1755 ἐστιν

43 1766 67 1792 ὃν
77 1767 184 1804 ἔσχομέν
198 1779 264 1797 ποτε
284 1771 323 1802 εἰς
343 1771 451 1805 γέλωτα
465 1773 511 1799 καὶ
525 1774 566 1805 εἰς
579 1774 733 1810 παραϐολὴν
747 1775 816 1801 ὀνει-

42 1811 137 1847 δισμοῦ.
156 1815 186 1841 0i
202 1815 320 1851 ἄφρονες
336 1817 381 1843 τὸν
394 1817 450 1852 βίον
465 1817 546 1844 αὐτοῦ
566 1817 747 1853 ἐλογισάμεθα
767 1828 818 1855 μα-

42 1857 102 1890 νίαν,
118 1859 163 1887 καὶ
176 1859 227 1895 τὴν
242 1860 373 1897 τελευτὴν
394 1863 475 1889 αὐτοῦ
495 1863 600 1898 ἄτιμον.
625 1863 686 1895 Πῶς
708 1864 818 1892 κατελο-

42 1903 112 1939 γίτθη
126 1905 154 1932 ὲν
174 1906 245 1938 υἱοῖς
260 1906 338 1939 Θεοῦ,
361 1908 407 1934 καὶ
421 1909 450 1935 ὲν
472 1909 559 1942 ἁγίοις
579 1910 592 1936 ὁ
613 1909 712 1945 κλῆρος
734 1910 816 1938 αὑτοῦ

41 1949 118 1982 ἐστιν;
138 1952 210 1988 Ἀρα
227 1952 419 1989 ὲπλανήθημεν
435 1955 489 1982 ἀπὺ
504 1955 562 1982 ὁδοῦ
576 1955 712 1991 ἀληθείας,
728 1956 773 1983 καὶ
786 1957 817 1983 τὸ

40 1993 81 2028 τῆς
95 1994 265 2032 δικαιοσύνης
276 1997 333 2031 φῶς
345 1998 395 2025 οὐκ
405 1999 562 2035 ἀπέλαμψεν
574 2001 649 2036 ἡμῖν,
663 2002 709 2027 καὶ
719 2002 733 2027 ὁ
744 2000 817 2036 ἥλιος

39 2039 81 2066 οὐκ
98 2040 231 2068 ἀνέτειλεν
252 2043 328 2078 ἡμῖν.
352 2044 478 2079 Ἀνομίας
497 2045 701 2081 ὲνεπλήσθημεν
714 2046 816 2082 τρίϐοις

40 2085 80 2111 καὶ
94 2086 240 2120 ἀπωλείας.
253 2088 442 2125 Διωδεύσαμεν
457 2091 576 2127 ἐρήμους
591 2091 716 2124 ἀϐάτιυς,
731 2091 778 2127 τὴν
788 2093 816 2119 δὲ

39 2129 89 2156 ὁδὸν
106 2132 206 2168 Κυρίου
236 2133 288 2160 οὐκ
322 2134 489 2170 ὲγνώσαμεν.
516 2136 548 2162 Τί
575 2136 713 2172 ὠφέλησεν
743 2139 816 2174 ἡμᾶς

868 1543 936 1571 ciem
951 1550 1047 1570 eorum
1063 1542 1108 1577 qui
1125 1549 1186 1569 eum
1209 1541 1371 1573 aﬂlixerunt,
1390 1545 1418 1568 et
1434 1547 1574 1568 sermones
1590 1540 1649 1574 ejus

868 1589 1058 1625 repudiarunt,
1077 1598 1085 1615 ι
1102 1589 1222 1616 videntes
1242 1587 1423 1616 turbabuntur
1444 1587 1541 1614 timore
1563 1586 1651 1613 horri-

867 1637 925 1669 bili,
940 1640 967 1663 ct
981 1636 1153 1663 mirabuntur
1168 1635 1194 1661 in
1208 1634 1371 1662 subitatione
1383 1633 1525 1668 insperate
1537 1632 1648 1666 salutis;

867 1687 894 1711 et
908 1683 999 1711 dicent
1017 1683 1087 1710 intra
1101 1690 1130 1709 se
1147 1681 1333 1717 prenitentiam
1350 1684 1470 1715 agentes,
1487 1683 1513 1706 et
1531 1687 1586 1714 prae
1600 1686 1650 1705 an-

867 1730 955 1764 gustia
972 1729 1083 1763 spiritus
1101 1732 1238 1763 gementes
1256 1736 1262 1754 :
1286 1725 1335 1754 llic
1348 1731 1399 1758 est,
1414 1732 1493 1760 quem
1507 1724 1650 1752 habuimus

868 1775 1014 1810 aliquando
1030 1775 1056 1801 in
1073 1774 1205 1804 derisum.
1217 1778 1244 1800 et
1257 1773 1284 1799 in
1300 1772 1506 1800 similitudinem
1520 1770 1651 1804 imprope-

867 1821 910 1849 rii.
924 1820 980 1849 Nos
997 1821 1128 1849 inseusati
1145 1821 1228 1847 vitam
1248 1819 1320 1846 illius
1336 1818 1561 1846 existimabamus
1577 1817 1651 1843 insa-

867 1867 952 1900 niam,
968 1871 995 1894 et
1010 1867 1089 1893 tinem
1109 1866 1182 1894 illius
1203 1866 1262 1893 sine
1282 1866 1394 1892 honore.
1415 1862 1557 1896 Quomodo
1573 1870 1650 1889 com-

866 1917 978 1949 putatus
990 1917 1032 1940 est
1047 1912 1074 1939 in
1088 1912 1150 1939 tiliis
1165 1911 1223 1943 Dei,
1239 1915 1266 1938 et
1281 1911 1308 1938 in
1320 1910 1421 1938 sanctis
1432 1918 1491 1938 sors
1507 1909 1579 1937 illius
1591 1908 1650 1936 est?

867 1960 938 1995 Ergo
958 1959 1109 1986 erravimus
1131 1958 1206 1985 avia
1220 1956 1359 1989 veritatis;
1383 1960 1410 1983 et
1429 1955 1542 1989 iustitiae
1559 1955 1650 1982 lumen

867 2013 921 2032 non
937 2005 1006 2032 luxit
1018 2004 1108 2036 nobis,
1123 2008 1151 2031 et
1166 2004 1206 2031 sol
1227 2011 1280 2030 non
1297 2008 1373 2030 ortus
1389 2006 1431 2029 est
1444 2001 1532 2028 nobis.
1545 2000 1650 2028 Lassali

867 2059 963 2079 sumus
987 2051 1014 2077 in
1036 2050 1077 2077 via
1095 2049 1247 2084 iniquitatis
1265 2053 1292 2075 et
1310 2046 1476 2084 perditionis.
1494 2046 1651 2073 Ambulavi-

867 2103 929 2123 mus
946 2095 1004 2122 vias
1017 2094 1156 2128 diﬁiciles;
1179 2094 1250 2120 viam
1278 2096 1367 2120 autem
1383 2091 1489 2119 Domini
1512 2091 1649 2125 ignoravi-

867 2148 939 2168 mus.
964 2139 1034 2173 Quid
1056 2139 1136 2167 nobis
1157 2138 1260 2174 profuit
1274 2137 1398 2172 superbia
1412 2136 1524 2163 nostra?
1537 2135 1650 2162 transie—

39 2174 52 2209 ὴ
77 2175 247 2213 ὑπερηφανία
271 2179 363 2214 ἡμῶν;
392 2180 529 2216 παρῆλθεν
556 2182 648 2209 ἐκεῖνα
667 2184 755 2210 πάντα
775 2184 813 2216 ὡς

885 2191 929 2213 unt
940 2185 1031 2214 omnia
1042 2185 1087 2212 illa
1097 2188 1226 2220 tanquam
1240 2184 1336 2211 umbra
1345 2183 1394 2208 υ.)
1408 2181 1504 2209 Desunt
1516 2179 1649 2215 quaedam.

39 2222 93 2249 σκιά
102 2223 166 2260 (56).

70 2300 364 2337 "Sap.u,l,12,l5.
401 2304 425 2320 ιο
448 2304 625 2339 bid.15,l6.
663 2307 684 2322 ει
697 2306 760 2343 Sap.
775 2315 806 2342 ιι,

885 2307 928 2341 16,
947 2307 991 2340 l7,
1006 2307 1051 2334 20.
1090 2307 1112 2322 ¹²
1126 2305 1197 2334 Psal.
1213 2312 1242 2338 ll,
1262 2305 1288 2332 5.
1327 2304 1349 2320 ²³
1365 2304 1430 2338 Sap.
1444 2311 1470 2336 v,
1484 2303 1546 2330 2-9.

139 2390 273 2423 Δίκαιος.
289 2390 381 2426 Vulg.,
399 2401 485 2421 verus.

68 2424 118 2459 (56)
138 2426 216 2466 Apud
233 2424 373 2466 Simonem
385 2428 418 2466 de
430 2428 574 2466 lilagistrisl
590 2430 637 2465 qui
651 2431 812 2466 opusculum

39 2455 92 2502 hoc,
110 2455 218 2502 paucis
222 2497 227 2502 ἱ
237 2462 361 2502 mutatis,
389 2455 488 2502 batqu
505 2455 811 2502 iteruuifedirdit“iiii;

39 2492 150 2530 App.,‘p.
165 2495 242 2531 452),
265 2492 386 2531 pergitur
405 2498 447 2526 his
463 2500 552 2527 verbis
572 2509 578 2527 :
596 2492 814 2529 Altcttdfterseu;

865 2405 936 2429 sum,
964 2400 1032 2429 elc.;
1063 2396 1119 2422 haec
1146 2394 1282 2429 leguntug
1302 2393 1372 2429 inter
1396 2391 1487 2429 Opera,
1507 2390 1649 2429 Cypriani,

866 2427 970 2460 incerto
986 2427 1090 2459 auctori
1108 2427 1234 2463 ascripta.
1261 2427 1328 2455 Vide
1349 2427 1513 2463 Patrolagia
1545 2427 1650 2454 Latina

866 2471 933 2495 tom.
951 2467 997 2500 ιν,
1013 2465 1066 2494 col.
1083 2465 1144 2493 9l9.
1163 2465 1242 2492 Εοιτ.
1258 2463 1345 2492 Pun.
