1856 3050
60 112 102 142 801

62 176 139 202 Θειαν.
148 171 230 205 Οὗτος
237 173 285 208 τὴν
293 173 398 209 Πατρὺς
411 173 450 202 si;
464 172 566 204 πάντας
573 171 768 208 δικαιοκρισίαν
777 171 832 207 (6‘2)
848 175 869 203 Α

61 220 223 256 ποιούμενος,
244 219 350 254 ἑκάστῳ
367 217 438 245 κατά
456 217 490 244 τὰ
507 218 575 254 ἔργα.
594 218 782 254 παρεσκεύασε
802 218 833 244 τὸ

60 267 164 294 δίκαιον.
182 263 218 293 Οὗ
233 266 266 300 τῇ
286 265 374 300 κρίσει
392 264 579 300 παραστάντες
595 264 711 297 πάντες,
729 263 833 299 ἄνθρω-

60 312 101 338 ποί
118 320 145 338 τε
164 310 210 338 καὶ
227 310 344 344 ἄγγελοι,
364 309 411 336 καὶ
427 308 551 344 δαίμονες
570 309 634 345 μίαν
654 308 835 342 ἀποφθέγξον-

60 367 99 384 ται
113 356 211 392 φωνὴν,
224 356 309 387 οὓτως
320 355 456 390 λέγοντες·
477 365 486 380 ‹
505 355 601 381 Δικαία
614 363 660 381 σου
678 356 693 390 ἡ
711 354 809 389 κρίσις.
822 363 830 379 ι

59 399 108 434 Ἦς
120 401 208 436 φωνῆς
224 400 254 427 τὸ
267 400 439 436 ἀνταπόδομα
455 401 498 427 ἐπ’
516 400 679 436 ἀμφοτέροις
694 400 791 434 ἐπάγει
804 400 834 426 τὸ

59 447 168 472 δίκαιον-
193 447 248 477 τοῖς
273 445 322 480 μὲν
344 443 373 472 εὖ
393 445 523 481 πράξασι,
548 445 659 477 δικαίως
680 445 729 480 τὴν
750 445 834 472 diem»;

59 492 198 518 ἀπόλαυσιν
219 491 422 527 παρασχόντος,
451 493 507 523 τοῖς
529 491 556 517 δὲ
573 491 627 517 τῶν
644 491 752 526 φαύλων
771 491 835 527 ἐρα-

61 539 129 569 σταῖς
140 538 188 573 τὴν
201 537 308 564 αἰώνιον
325 537 433 564 κόλασιν
446 537 650 573 ἁπονείμαντος.
667 537 721 564 Καὶ
731 537 835 569 τούτοις

61 582 103 616 μὲν
115 583 144 608 τὸ
158 582 212 617 πῦρ
226 581 355 608 ἄσϐεστον
369 581 490 617 διαμένει
502 582 548 608 καὶ
560 582 746 618 ἀτελεύτητον,
765 582 844 609 σχῶ--

59 627 144 661 ληξδέ
159 636 200 659 τις
224 627 355 663 ἔμπυρος,
375 627 411 663 μὴ
430 627 571 660 τελευτῶν,
594 628 660 663 μηδὲ
684 628 764 663 σῶμα
783 629 836 656 δια-

60 674 178 709 φθείρων,
196 673 327 709 ἀπαύστῳ
343 674 365 699 δ⁵
381 673 460 710 ὀδύνῃ
483 674 515 700 ἐκ
530 673 654 709 σώματος
676 675 835 711 ἐκδράσσων

61 719 212 753 παραμένει.
236 719 354 750 Τούτους
372 719 421 753 οὐχ
444 718 527 750 ὕπνος
551 719 713 751 ἀναπαύσει,
735 720 765 746 οὺ
788 719 835 752 νὺξ

60 765 249 801 παρηγορήσει,
271 765 301 791 οὐ
329 764 441 796 Θάνατος
459 766 509 800 τῆς
529 765 665 797 κολάσεως
690 765 834 797 ἀπολύσει,

59 812 85 837 οὐ
101 811 268 847 παράκλησις
285 811 422 845 συγγενῶν
440 811 655 846 μεσιτευσάντων
673 812 774 848 ὀνήσει.
796 813 833 838 Ού

57 858 107 894 γὰρ
121 844 157 885 ἔτι
173 844 272 885 δίκαιοι
289 844 333 885 ὑπζ
344 844 446 885 αὐτῶν
454 858 580 893 ὁρῶνται,
595 858 655 884 οὐδὲ
672 844 780 894 μνημης
793 858 834 892 γε·
851 844 872 873 Β

59 911 138 929 voveat
154 902 232 935 ἄξιοι.
255 903 339 930 Μόνοι
354 903 382 929 δὲ
400 905 423 930 οἱ
439 903 538 929 δίκαιοι
555 903 666 929 δικαίων
685 903 836 938 μεμνήσον-

59 958 97 975 ται
111 949 204 984 ἔργων,
222 949 256 976 δι’
273 946 310 976 ὧν
326 949 373 975 ἐπὶ
388 949 435 985 τὴν
450 949 573 985 οὐράνιον
588 948 724 984 βασιλείαν
738 950 836 984 κατήν-

60 1004 134 1030 τησαν
145 1004 151 1010 ·
169 997 197 1022 ὲν
241 996 291 1030 οὐχ
302 995 395 1028 ὕπνος,
409 996 440 1022 οὐ
456 995 538 1030 λύπη,
555 995 584 1021 ού
597 995 694 1031 φθορὰ,
710 995 740 1021 οὐ
755 1003 835 1031 φρον-

59 1042 94 1072 τὶς
109 1041 179 1076 (65),
197 1041 258 1068 οὐδὲ
275 1041 340 1074 νὺξ,
362 1041 422 1068 οὐδὲ
436 1042 525 1078 ἡμέρα
547 1042 635 1077 χρόνῳ
657 1042 835 1077 μετρουμένη,

60 1087 102 1121 οὐχ
112 1087 183 1121 ἥλιος
210 1087 318 1123 ἀνάγκῃ
337 1087 435 1114 κύκλον
456 1087 571 1122 οὐρανοῦ
585 1087 677 1123 δρόμῳ
691 1087 837 1122 ἐλαυνόμε-

62 1140 108 1162 νος,
121 1132 196 1167 ὡρῶν
220 1132 308 1167 μέτρα
325 1132 341 1167 ἢ
364 1132 464 1168 κέντρα
482 1132 549 1167 πρὸς
564 1131 714 1166 εὔγνωστον
733 1131 837 1167 ἀνθρώ-

62 1186 112 1202 πων
136 1177 190 1212 βίον
213 1178 432 1214 διαμετρούμενα
455 1177 665 1214 ὼροθετοῦντος·
690 1178 720 1205 οὐ
738 1177 836 1214 σελήνη

61 1223 177 1257 φθίνουσα
197 1224 362 1260 ῆαύξουσα,
389 1224 406 1260 ἢ
426 1225 528 1260 τροπὰς
545 1224 649 1260 καιρῶν
673 1224 812 1258 ἐπάγουσα
827 1233 834 1240 σ

61 1269 102 1303 οὐχ
115 1269 276 1305 ὑγραίνουσα.
289 1270 357 1304 γῆν,⁸
381 1270 441 1296 οὐδὲ
450 1269 525 1304 ἥλιος
542 1269 684 1300 ἐπικαίων,
701 1269 749 1296 οὐκ
769 1269 836 1305 Ἀρ-

61 1323 116 1347 κτος
126 1316 305 1351 στρεφομένη,
314 1317 363 1342 οὐκ
371 1316 467 1352 Ὠρίων
476 1315 653 1351 γεννώμενος,
667 1315 716 1342 οὐκ
730 1315 836 1351 ἄστρων

62 1359 136 1396 πλάνη
154 1361 310 1396 ὲνάριθμος,
330 1361 360 1387 ού
379 1360 510 1393 δύσϐατος
523 1361 560 1396 γῆ
571 1381 577 1393 ,
595 1360 654 1387 οὐδὲ
674 1360 836 1396 δυσεύρετος

64 1405 212 1439 παραδείσου
225 1405 307 1441 αὐλὴ,
320 1406 380 1432 οὐδὲ
390 1405 475 1432 δεινὸν
490 1405 627 1440 θαλάσσης
641 1406 772 1441 φρύαγμα
786 1414 836 1431 κω-

63 1449 116 1476 tam
129 1452 258 1478 ἐπιϐάντα
274 1454 367 1479 πατεῖν
377 1461 383 1467 ·
401 1451 514 1484 εὔϐατος
529 1452 556 1479 δὲ
572 1452 617 1479 καὶ
642 1451 712 1487 αὕτη
728 1453 782 1483 τοῖς
798 1452 836 1477 δι-

64 1498 139 1529 καίοις
153 1499 296 1534 γενήσεται
312 1519 320 1531 ,
337 1498 398 1525 οὗτε
410 1499 457 1526 τοῦ
475 1498 558 1534 ὑγροῦ
577 1498 743 1534 στερουμένη
755 1507 761 1513 ·
783 1498 833 1525 ούκ
849 1515 870 1544 C

62 1543 160 1579 οὐρανὸς
172 1544 299 1580 ἀοίκητος
312 1544 359 1571 ἀνθ
364 1543 478 1580 ρώποις,
490 1544 549 1571 οὐδὲ
562 1543 656 1570 τούτου
668 1544 716 1579 τῆς
732 1543 833 1570 ἁναῦά-

64 1597 121 1620 σεως
135 1590 150 1624 ἡ
165 1589 221 1621 ὁδὸς
236 1589 380 1625 ἀνεύρετος
390 1598 396 1604 ·
413 1589 441 1616 οὐ
458 1589 494 1624 γῆ
510 1589 693 1624 ἀνέργαστος,
710 1589 769 1615 οὐδὲ
786 1588 833 1615 άν-

63 1633 166 1669 Ορώποις
190 1635 334 1668 ἐπίπονος,
363 1635 502 1670 αὐτομάτη
526 1635 554 1662 δὲ
581 1635 683 1670 φύουσα
712 1635 834 1670 καρποὺς

64 1679 120 1714 πρὸς
138 1681 297 1716 εὐκοσμίαν·
323 1681 353 1707 οὐ
382 1681 484 1716 θηρίων
506 1681 627 1715 γενέσεις
653 1681 751 1712 πάλιν,
773 1680 833 1707 οὐδὲ

63 1723 108 1750 τῶν
128 1725 222 1752 λοιπῶν
247 1725 324 1757 ζώων
344 1725 549 1760 ἑκϐρασσομένη
572 1725 660 1752 οὐσία.
690 1725 755 1752 Οὐδὲ
778 1725 833 1760 γάρ

63 1770 200 1805 ἀνθρώποις
225 1771 307 1798 πάλιν
332 1771 412 1806 γεννᾷ
430 1770 500 1806 (6-5)"
523 1770 581 1797 ἀλλ’
603 1771 617 1796 ὁ
643 1769 697 1796 τῶν
722 1769 833 1796 δικαίων

63 1814 164 1850 ἀριθμὸς
178 1816 302 1852 διαμένει
319 1816 491 1847 ἀνέκλειπτος
504 1815 562 1851 ἅμα
577 1815 691 1846 δικαίοις
708 1815 835 1849 ἀγγέλοις

64 1861 104 1886 καὶ
117 1862 259 1897 πνεύμασι.
279 1862 388 1893 Τούτοις
405 1863 429 1888 οἱ
444 1861 600 1893 πεισθέντες
615 1863 670 1893 τοῖς
685 1861 773 1895 λόγοις
790 1861 836 1887 ἇν-

64 1905 164 1942 Θρωποι,
188 1909 283 1935 ἔσεσθε
306 1909 418 1935 καὶτῶν
435 1908 546 1935 δικαίων
561 1907 693 1939 κοινωνοὶ,
713 1908 759 1934 καὶ
781 1907 835 1934 τῶν

66 1953 200 1986 μελλόντων
210 1953 366 1986 ἐντεύξεσθε
383 1953 503 1988 ἀγαθῶν,
515 1953 536 1980 ἃ
551 1962 560 1979 ι
572 1952 634 1979 οὔτε
652 1952 788 1988 ὀφθαλμὸς
799 1951 838 1980 εῖ-

64 1997 110 2032 δεν,
125 1999 181 2026 οὗτε
197 1999 242 2032 οὖς
264 2001 389 2036 ἤκουσεν,
413 1999 474 2026 οὔτε
489 2000 536 2026 ἐπὶ
559 1999 671 2036 καρδίαν
692 1999 835 2035 ἀνθρώπου

64 2045 146 2080 ἀνέῆ,
162 2047 209 2073 ὃσα
232 2048 246 2073 ὁ
263 2046 329 2078 Θεὸς
343 2046 473 2082 ἡτοίμασε
487 2046 542 2077 τοῖς
560 2045 704 2080 ἀγαπῶσιν
719 2045 808 2072 αὐτόν.
823 2054 832 2071 ι

64 2091 132 2126 Αὐτῷ
153 2093 169 2128 ἡ
190 2092 254 2126 δόξα
275 2093 321 2119 καὶ
342 2092 373 2119 τὸ
391 2092 490 2128 κράτος
511 2093 550 2124 είς
576 2091 640 2122 τοὺς
659 2090 759 2123 αἰῶνας
782 2091 836 2118 τῶν

65 2137 165 2164 αἰώνων.
190 2138 285 2174 ’Δμήν.

851 2132 873 2159 D

612 110 712 138 LIBER
730 109 915 138 ADVERSUS
934 109 1092 139 GRAECOS.

1617 117 1669 144 802

884 175 948 198 runt
962 171 1115 199 veritatem.
1132 172 1178 199 Ille
1199 172 1256 206 ipse
1266 172 1370 207 justum
1385 173 1518 208 judicium
1540 173 1628 203 Patris
1643 177 1670 203 in

885 225 980 245 omnes
996 225 1136 252 exercens,
1153 219 1226 254 quod
1240 227 1347 254 aequum
1363 225 1390 246 et
1401 220 1504 254 justum
1528 221 1588 254 erit,
1610 223 1672 248 uni-

885 265 983 299 cuique
1006 266 1157 292 secundum
1181 273 1261 300 opera
1279 266 1449 300 praeparavit.
1465 266 1550 301 Cujus
1568 267 1670 302 judicio

885 315 1005 338 astantes
1025 319 1130 342 omnes,
1149 311 1284 343 homines,
1302 312 1401 346 angeli,
1419 311 1566 344 daemones,
1588 321 1670 340 unam

885 357 955 383 hanc
967 364 1060 384 vocem
1078 358 1211 390 emittent,
1228 358 1268 385 sic
1282 358 1403 386 dicentes
1420 368 1426 385 :
1448 367 1456 384 ι
1473 357 1580 386 Justum
1599 359 1672 393 judi-

885 401 957 428 cium
973 407 1049 429 tuum
1064 403 1098 430 ²⁸.
1117 412 1126 428 ›
1144 402 1229 437 Cujus
1248 403 1323 431 vocis
1339 404 1453 438 aequitas
1466 409 1578 439 apparet
1591 405 1617 432 in
1631 413 1671 432 re-

886 447 1033 475 tributione
1047 448 1074 475 in
1093 453 1222 483 utrosque
1236 457 1243 476 :
1257 457 1318 476 cum
1337 449 1405 476 bene
1424 450 1584 477 facientibus
1596 451 1670 483 juste

885 493 979 522 fruitio
1001 498 1101 522 aeterna
1126 495 1294 530 praebeatur,
1317 495 1450 522 malorum
1474 504 1537 523 vero
1565 497 1670 531 cupidis

885 546 1017 568 aeternum
1038 541 1200 576 supplicium
1223 541 1413 569 distribuatur.
1443 541 1477 568 Et
1502 542 1552 569 hos
1577 547 1670 570 manet

886 587 955 622 ignis
972 587 1212 623 inexstinguibilis,
1229 592 1256 615 et
1285 589 1332 623 qui
1350 596 1489 623 nunquam
1509 589 1629 622 finietur,
1643 594 1670 616 et

885 633 986 660 vermis
1009 633 1104 667 igneus
1124 642 1177 661 non
1201 635 1331 666 moriens,
1351 642 1405 661 nou
1427 642 1527 669 corpus
1542 643 1669 662 corrum-

886 688 962 715 pens,
987 681 1034 708 sed
1051 681 1214 716 irrreqnieto
1237 681 1330 709 dolore
1351 689 1385 708 ex
1412 689 1527 716 corpore
1544 681 1670 708 ell‘erves—

886 734 950 753 cens
963 730 989 753 et
1003 725 1146 753 ebulliens.
1164 726 1219 753 lllis
1235 734 1291 753 non
1314 734 1426 754 somnus
1443 726 1625 754 cessationem
1642 731 1670 754 et

885 771 1005 806 quietem
1031 772 1204 806 conciliabit;
1234 780 1289 800 non
1315 780 1367 799 nos
1393 773 1474 800 leniet
1496 777 1522 800 et
1540 773 1670 800 mulcebit

887 816 1009 847 dolores;
1028 825 1083 844 non
1107 825 1182 845 mors
1207 817 1337 852 supplicia
1364 817 1466 848 solvet;
1489 825 1543 845 non
1563 818 1669 853 juvabit

887 862 1042 890 exhortatio
1064 862 1183 890 affinium
1207 863 1430 891 intercessorum.
1445 863 1513 890 Nam
1528 863 1594 898 justi
1614 871 1668 890 non

886 907 1003 941 amplius
1017 907 1051 933 ab
1067 907 1120 934 illis
1135 907 1306 940 videbuntur,
1320 915 1369 934 nec
1385 907 1438 934 ulla
1455 912 1519 934 sunt
1539 906 1670 933 memoria

885 951 970 986 digni.
988 950 1040 979 Sed
1055 952 1127 979 enim
1142 952 1209 986 justi
1235 960 1347 987 operum
1362 953 1498 986 justorum
1515 956 1595 979 erunt
1611 959 1669 979 me-

886 1004 987 1028 mores,
1003 1004 1051 1031 per
1068 1005 1128 1031 quae
1147 1001 1327 1031 pervenerunt.
1343 998 1375 1024 ad
1393 1005 1505 1031 regnum
1530 997 1640 1024 cmlesle
1661 1005 1668 1024 :

887 1041 913 1068 in
930 1049 984 1076 quo
1001 1049 1051 1069 nee
1067 1049 1191 1074 somnus,
1212 1049 1261 1070 nec
1283 1043 1371 1074 dolor,
1389 1050 1439 1069 nec
1453 1042 1603 1077 corruptio,
1620 1050 1670 1070 nec

887 1087 1055 1120 sollicitudo,
1076 1095 1126 1114 nec
1150 1095 1203 1114 nox
1213 1088 1252 1120 ’⁷,
1271 1095 1321 1115 nec
1338 1088 1396 1114 dies
1412 1092 1532 1122 tempore
1557 1096 1669 1115 mensu-

885 1137 961 1165 rata,
980 1140 1030 1160 nec
1057 1133 1098 1160 sol
1122 1133 1288 1160 necessitate
1317 1133 1435 1167 quadam
1463 1141 1511 1167 per
1537 1133 1669 1160 circulum

886 1178 949 1205 coeli
972 1185 1083 1205 cursum
1108 1185 1188 1204 suum
1211 1178 1317 1213 agitans
1339 1181 1366 1204 et
1384 1178 1534 1213 impellens,
1558 1178 1584 1204 in
1603 1178 1670 1205 hora

887 1223 968 1250 natali
982 1224 1100 1250 notantis
1110 1228 1137 1250 et
1146 1223 1316 1258 disponentis
1327 1224 1503 1250 terminorum
1516 1231 1669 1256 mensuras,

886 1272 914 1295 et
939 1268 1063 1295 cardines
1084 1273 1319 1296 commensuratos
1342 1268 1375 1295 ad
1397 1267 1477 1295 facile
1501 1276 1671 1303 cognoscen-

887 1313 949 1340 dam
974 1314 1115 1341 hominum
1140 1314 1242 1348 vitam;
1261 1322 1316 1342 non
1335 1314 1407 1341 lunae
1427 1314 1560 1341 decursus
1580 1318 1607 1341 et
1628 1314 1671 1341 in-

887 1365 1066 1392 crementum,
1082 1368 1143 1395 qua:
1163 1363 1315 1395 temporum
1335 1359 1500 1387 mutationes
1516 1360 1630 1391 inducit,
1644 1364 1670 1387 et

887 1410 988 1432 terram
1008 1406 1144 1433 madidam
1159 1406 1261 1440 reddit,
1275 1413 1330 1432 non
1346 1406 1386 1433 sol
1403 1406 1512 1438 ardens,
1530 1414 1583 1433 non
1600 1406 1669 1433 Ursa

886 1452 1034 1484 versatilis,
1059 1460 1113 1478 non
1129 1451 1238 1479 Orionis
1254 1458 1340 1484 ortus,
1361 1459 1415 1478 non
1433 1456 1569 1479 astrorum
1592 1460 1670 1479 erro—

889 1505 933 1524 res
949 1497 1094 1531 innumeri,
1114 1506 1168 1525 non
1183 1498 1257 1525 invia
1272 1501 1355 1530 terra,
1374 1505 1429 1525 non
1451 1498 1560 1524 inventu
1575 1497 1670 1525 dillici-

886 1542 920 1569 lis
930 1543 1050 1577 paradisi
1066 1543 1138 1576 aula,
1154 1551 1207 1571 non
1222 1543 1354 1570 molestus
1370 1543 1453 1570 maris
1471 1542 1596 1570 fremitus
1618 1543 1670 1570 im-

886 1589 998 1623 pediens
1008 1589 1155 1623 quominus
1166 1596 1181 1615 a
1196 1593 1303 1616 vectore
1314 1589 1427 1624 pedibus
1441 1588 1573 1621 ealcetur;
1586 1588 1669 1623 justis

886 1634 958 1661 cnim
980 1635 1032 1661 erit
1047 1639 1073 1661 et
1091 1635 1180 1669 ipsum
1203 1635 1338 1669 pervium,
1353 1626 1461 1662 etiamsi
1481 1634 1593 1661 humido
1614 1642 1667 1661 non

885 1681 1016 1715 privetur.
1037 1680 1142 1708 Caelum
1161 1688 1214 1707 non
1239 1681 1290 1708 erit
1306 1680 1476 1708 inaccessum
1499 1680 1670 1713 hominibus;

885 1731 912 1754 et
926 1726 968 1753 via
985 1733 1038 1761 qua
1058 1726 1169 1753 aseendi
1188 1730 1214 1754 et
1229 1727 1322 1753 scandi
1337 1726 1432 1760 possit,
1455 1733 1510 1752 non
1541 1726 1602 1753 talis
1619 1726 1670 1753 erit

884 1779 945 1807 qua:
960 1779 1014 1799 non
1027 1773 1114 1807 possit
1128 1772 1254 1799 inveniri.
1267 1771 1326 1799 Non
1339 1777 1411 1800 terra
1425 1772 1500 1800 rudis
1513 1777 1541 1799 et
1555 1771 1670 1804 inculta,

885 1822 912 1845 et
935 1817 1091 1846 hominibus
1113 1818 1233 1845 laborem
1259 1822 1286 1845 et
1308 1818 1459 1844 molestiam
1486 1825 1599 1850 creans,
1622 1818 1669 1845 scd

886 1867 981 1898 sponte
995 1863 1101 1891 fructus
1114 1864 1322 1899 pregerminans
1335 1864 1367 1890 ad
1381 1864 1482 1890 cultum
1496 1868 1523 1891 et
1531 1868 1669 1891 ornatum.

886 1908 947 1936 Non
967 1909 1069 1937 iterata
1094 1909 1213 1936 ferarum
1229 1909 1428 1945 generationes,
1450 1917 1538 1944 neque
1553 1909 1670 1936 aliorum

886 1955 1046 1982 animalium
1058 1955 1241 1983 effervescens
1255 1960 1282 1983 et
1295 1956 1428 1983 ebulliens
1444 1955 1605 1982 substantia.
1618 1954 1671 1982 Nc-

887 2008 939 2035 que
955 2001 1027 2028 enim
1046 2001 1172 2028 homines
1194 2006 1258 2028 tunc
1279 2009 1375 2029 rursus
1391 2006 1531 2036 generant,
1547 2001 1595 2028 sed
1613 2009 1670 2027 ma-

887 2051 934 2073 net
948 2046 1132 2074 indesinentcr
1146 2055 1277 2074 numerus
1290 2047 1437 2082 justorum,
1454 2055 1516 2074 cum
1529 2047 1612 2081 juslis
1625 2042 1671 2073 an¥

888 2092 955 2128 gelis
971 2097 997 2120 et
1012 2094 1164 2128 spiritibus.
1182 2093 1229 2122 His
1246 2094 1337 2121 verbis
1358 2094 1553 2128 obtemperate,
1575 2098 1603 2120 et
1623 2094 1670 2120 illa

888 2138 1039 2170 credentes,
1057 2146 1073 2165 0
1087 2139 1222 2173 homines,
1237 2139 1312 2167 eritis
1330 2139 1467 2174 justorum
1484 2143 1671 2171 consortes,et

65 2183 204 2213 futurorum
224 2186 359 2214 bonorum
375 2185 515 2221 patiemini
537 2193 598 2220 quae
623 2193 632 2210 ι
656 2191 743 2219 neque
765 2184 833 2212 vidit
851 2185 958 2219 oculus,
990 2194 1075 2221 neque
1101 2187 1175 2215 auris
1194 2188 1307 2222 audivit,
1327 2195 1416 2222 neque
1432 2187 1612 2215 ascenderunt
1641 2188 1669 2214 in

61 2235 101 2256 t'or
117 2233 240 2266 hominis,
256 2242 317 2270 qua:
333 2234 403 2261 Deus
418 2233 579 2269 prmparavit
599 2233 632 2259 iis
651 2232 698 2267 qui
721 2231 839 2267 diligunt
858 2233 935 2261 illum
947 2233 980 2260 ³⁸.
996 2244 1006 2260 ι
1022 2235 1064 2262 llli
1078 2235 1116 2262 sit
1129 2235 1216 2271 gloria
1245 2240 1272 2263 et
1296 2236 1416 2271 potentia
1429 2235 1457 2262 in
1475 2235 1573 2263 saecula
1588 2227 1672 2262 saecu-

66 2277 152 2307 lorum.
163 2280 257 2308 Amen.

96 2357 115 2372 "‘
127 2356 193 2385 Psal.
215 2366 311 2391 cxvm,
329 2358 389 2386 137.
426 2357 448 2374 ’⁷
465 2358 549 2393 Apoc.
565 2365 633 2390 xx",
713 2356 735 2373 ’⁸
747 2357 759 2383 Ι
773 2357 837 2384 Cor.
851 2365 870 2385 II

99 2427 148 2462 (ῧί)
166 2428 394 2463 Δικαιοκρισίαν.
411 2426 659 2458 Ραι·αίίεί.,δικαίαν
679 2426 779 2463 κρίσιν.

98 2465 147 2498 (63;
167 2466 206 2492 Οὐ
216 2461 347 2499 φροῷτίς.
363 2463 412 2492 Hic
425 2463 525 2492 desinit
545 2461 836 2490 secundum’ParuUe-

69 2498 142 2526 lorum
157 2498 348 2534 fragmentum.

880 2358 929 2391 ,9.

926 2429 981 2465 (64)
1022 2429 1194 2463 Ἆγθρώποις
1217 2429 1311 2456 πάλιν
1335 2430 1434 2465 γεννᾷ.
1464 2431 1536 2459 Εᾶίι.
1569 2430 1674 2458 “arere

889 2471 990 2499 camp.,
1003 2464 1205 2500 ἀνθρώπους...
1222 2464 1311 2500 γεννᾷ.
