1856 3050
48 114 96 141 ‘805

51 177 89 202 τὸν
103 173 221 210 Χριστόνς
241 173 312 210 Πρὸς
328 173 356 201 6v
369 173 608 209 ὰνταποκρίνονται
626 174 650 199 οι
663 173 811 208 πρεσϐύτε-
826 178 847 204 Α

52 229 100 257 ροι·
116 220 164 247 Καὶ
180 221 257 255 ἡμεῖς
272 220 320 247 ἕνα
332 220 397 246 Θεὸν
412 220 466 254 (71)
482 219 591 254 οἴδαμεν
605 219 726 254 ἀληθῶς-
739 219 812 246 οἴδα-

53 275 93 302 μεν
105 266 210 302 Χριστόν
219 274 226 280 ·
244 265 353 301 οἴδαμεν
363 265 407 291 τὸν
419 265 483 291 Υἱὸν
497 265 624 296 παθόντα,
642 264 733 296 καθὼς
745 264 812 291 ἔπα-

50 313 96 343 θεν,
109 311 267 338 ἀποθανόντα
283 311 371 343 καθὼς
383 311 528 343 ἀπέθανεν,
546 311 593 338 καὶ
610 311 761 337 ἀναστάντα
777 312 810 346 τῇ

50 357 115 391 τρίτῃ
129 356 222 391 ἡμέρα,
240 356 286 382 καὶ
302 356 366 382 ὄντα
383 357 410 382 ἐν
427 355 500 392 δεξιᾷ
512 356 558 382 τοῦ
572 356 690 390 Πατρὸς,
706 356 751 382 καὶ
768 355 811 390 ἕρ-

50 401 146 435 χόμενον
167 401 253 435 κρῖναι
273 399 374 431 ζῶντας
391 399 438 426 καὶ
455 400 575 435 νεκρούς.
594 401 648 426 Καὶ
662 399 747 426 ταῦτα
768 399 811 426 λέ-

610 110 753 138 CONTRA
771 109 933 137 HAERESIN
955 109 1067 138 ΝΟΕΤΙ.

1590 109 1642 136 κοιι

861 172 959 200 Filium
977 180 1098 208 passum,
1117 173 1187 200 sicut
1208 181 1306 208 passus
1320 179 1378 208 est;
1395 180 1533 202 mortuum
1545 194 1552 207 ,
1572 174 1643 202 sicut

864 223 987 245 mortuus
1000 222 1059 251 est;
1080 223 1107 246 et
1123 219 1283 247 suscitatam
1301 220 1379 248 tertia
1395 221 1448 252 die,
1466 225 1493 248 et
1504 220 1642 248 sedentem

863 264 897 291 ad
920 265 1059 291 dexteram
1078 264 1180 297 Patris,
1197 270 1395 301 venturumque
1409 267 1443 293 ad
1462 265 1641 301 judicandum

863 309 939 337 vivos
950 314 977 336 et
990 315 1124 338 mortuos.
1146 310 1233 345 Atque
1248 311 1305 339 tunc
1325 312 1452 343 dicimus.
1471 319 1533 346 qua!
1547 311 1643 339 didici-

863 362 936 381 mus.
952 354 1028 382 Tunc
1044 355 1124 382 istum
1140 356 1295 384 convictum
1306 357 1444 392 eiecerunt
1457 365 1488 384 ex
1509 357 1642 391 ecclesia;

864 401 911 435 qui
923 408 955 427 eo
971 401 1118 428 inﬂationis
1132 402 1213 432 venit,
1232 407 1261 429 ut
1278 403 1375 431 docere
1392 403 1556 431 institueret.

51 454 119 480 γομεν
131 445 147 471 ἃ
161 445 304 480 ἐμάθομεν.
322 446 387 471 Τότε
407 445 500 472 τοῦτον
513 446 670 480 ἑλέγξαντες
691 445 810 479 ἐξέωσαν
828 446 879 480 τῆς
893 446 1039 482 ἐκκλησίας
1053 447 1108 482 (72)
1126 456 1132 462 ·
1156 447 1186 479 ὃς
1196 449 1235 480 εις
1248 448 1358 475 τοσοῦτο
1388 448 1516 483 φυσίωμα
1533 447 1645 483 ἠνέχθη.

51 491 82 521 ὡς
92 489 264 516 διδασκαλεῖον
279 490 420 525 συστῆσαι.

79 539 103 563 Οἱ
118 538 159 563 καὶ
173 537 254 569 δεῖξαι
271 538 406 573 βούλονται
428 537 554 564 σύστασιν
570 537 609 574 τῷ
630 538 753 574 δόγματι,
770 539 813 565 λέ-

51 591 136 617 γοντες·
149 578 228 609 Εἶπεν
241 584 270 609 ὲν
286 583 368 618 νόμῳ·
389 593 398 609 ί
421 583 490 618 Ἐγώ
507 584 562 619 εἰμι
581 585 595 610 ὁ
610 585 674 616 Θεὸς
691 585 744 611 τῶν
761 594 813 611 πασ-

50 629 122 664 τέρων
147 629 235 664 ὑμῶν·
261 630 310 656 οὐκ
335 630 439 656 ἔσονται
463 630 527 665 ὑμῖν
552 630 607 657 θεοὶ
630 631 717 666 ἕτεροι
744 631 813 667 πλὴν

51 675 114 709 ἐμοῦ.
130 684 138 700 ι
150 675 200 702 Καὶ
215 675 294 702 πάλιν
308 676 336 701 ὲν
352 677 445 712 ἑτέρῳ·
461 687 470 702 ‹
494 676 573 720 Ἐγὼ,
590 677 680 713 φησιν,
696 678 812 713 πρῶτος,

48 721 89 746 καὶ
103 721 216 756 ἔσχατος,
234 722 280 748 καὶ
307 722 363 757 μετ’
376 723 425 757 ἐμὲ
441 723 490 749 οὐκ
511 722 582 749 ἐστιν
602 723 697 754 οὐδείς.
714 732 723 748 ι
736 723 813 749 Οὕτω

52 765 179 799 φάσκουσιν
200 768 327 802 συνιστᾷν
350 767 397 793 ἕνα
413 767 489 794 Θεόν.
506 768 537 794 Οἳ
563 768 752 803 ἀποκρίνονται
771 767 814 794 λέ-

50 817 135 842 γοντες·
157 810 186 836 Εἰ
205 808 251 836 οὖν
275 810 390 847 Χριστὸν
413 811 535 847 ὁμολογῶ
557 812 633 843 Θεὸν,
660 812 740 843 αὐτὸς
760 813 812 847 ἄρα

48 854 111 881 ἐστὶν
125 855 138 880 6
152 855 252 890 Πατὴρ,
268 857 292 882 εἰ
307 856 360 892 γάρ
374 857 448 883 ἐστιν
468 859 482 884 6
496 857 571 890 Θεός·
588 857 686 884 ἔπαθεν
705 857 733 884 δὲ
748 859 813 894 Χρι-

51 899 110 929 στὸς,
123 899 198 931 αὐτὸς
212 899 251 925 ὣν
265 900 339 932 Θεὸς,
356 901 408 936 ἄρα
424 900 469 928 οὖν
485 902 583 929 ἔπαθεν
598 903 701 938 Πατήρ·
718 903 812 937 Πατὴρ

50 944 94 978 γὰρ
108 944 181 976 αὐτὸς
191 942 236 980 ἦν.
256 945 325 972 Ἀλλ’
340 946 388 981 οὐχ
405 947 489 978 οὕτως
508 947 573 983 ἔχει·
587 947 646 973 οὐδὲ
660 947 712 982 γὰρ
727 946 812 978 οὕτως

51 990 73 1015 αἱ
86 990 181 1025 Γραφαὶ
194 991 359 1026 διηγοῦνται.
375 992 500 1028 Χρῶνται
515 994 543 1020 δὲ
562 994 607 1020 καὶ
625 993 730 1029 ἑτέραις
745 1001 814 1028 μαρ-

50 1034 150 1070 τυρίαις.
165 1036 299 1070 λέγοντες·
315 1038 392 1064 Οὕτω
418 1038 576 1074 γέγραπταιν
596 1048 605 1064 ι
625 1035 709 1070 Οὗτος
721 1039 734 1065 6
749 1038 814 1070 Θεὸς

50 1080 124 1114 ἡμῶν,
138 1081 165 1107 οὐ
178 1082 368 1118 λογισθήσεται
384 1084 478 1119 ἕτερος
495 1084 562 1120 πρὸς
578 1085 668 1111 αὐτόν.
690 1083 813 1119 Ἐξεῦρεν

51 1128 126 1153 πᾶσαν
145 1128 201 1155 ὁδὸν
228 1130 391 1165 ἐπιστήμης,
418 1131 464 1157 καὶ
488 1131 584 1157 ἔδωκεν
609 1131 693 1167 αὐτὴν
719 1129 814 1157 Ἰακὼό

51 1172 82 1207 τῷ
102 1174 170 1200 παιδὶ
194 1175 288 1206 αὐτοῦ,
314 1176 361 1202 καὶ
389 1175 494 1212 Ἰσραὴλ
515 1176 554 1212 τῷ
576 1176 745 1211 ἠγαπημένῳ
768 1175 813 1202 ὑπ’

51 1218 129 1244 αὐτοῦ’
155 1220 220 1254 μετὰ
236 1211 322 1246 rain
344 1221 389 1247 ἐπὶ
403 1222 454 1256 γῆς
473 1211 560 1257 ὢφοή,
577 1221 623 1248 καὶ
644 1222 700 1252 τοῖς
711 1220 815 1256 ἀνθρώ-

51 1272 101 1296 ποις
119 1266 328 1301 συνανεστράφη.
357 1275 365 1291 ι
390 1267 469 1302 Ὁρᾷς
485 1265 541 1298 οὖν,
565 1266 661 1302 φησὶν,
684 1266 724 1293 ὅτι
739 1264 816 1297 οὗτός

52 1309 113 1335 ἐστιν
130 1311 142 1336 6
157 1310 230 1342 Θεὸς,
244 1311 258 1337 6
283 1311 360 1346 μόνος
380 1311 427 1344 ὢν,
448 1312 495 1338 καὶ
515 1311 626 1348 ὕστερον
645 1311 754 1346 ὠσθεὶς,
770 1311 816 1338 καὶ

51 1355 97 1385 τοῖς
109 1355 252 1391 ἀνθρώποις
268 1357 507 1391 συναναστραφείς.
523 1356 596 1392 [Ἐν]
612 1357 696 1392 ἑτέρῳ
713 1356 750 1387 δὲ,
765 1364 816 1391 φη-

54 1401 97 1432 σὶν,
118 1401 194 1436 λέγει·
211 1412 220 1428 ι
233 1403 394 1429 Ἐκοπιασεν
414 1403 558 1437 Αἴγυπτος,
576 1404 623 1430 καὶ
639 1402 755 1438 ἐμπόρια
769 1404 816 1429 Αι-

52 1444 137 1472 eam
152 1447 197 1474 καὶ
212 1449 235 1474 οε
252 1448 386 1483 Σαόαεὶμ,
406 1449 500 1484 ἄνδρες
513 1449 608 1484 ὑψηλοὶ
624 1449 669 1475 ἐπὶ
684 1449 713 1475 σὲ
728 1448 817 1484 διαϐή-
829 1470 850 1498 C

53 1498 128 1518 σονται
149 1491 212 1527 [καὶ
244 1494 287 1519 σοὶ
312 1494 416 1520 ἔσονται
441 1493 545 1530 δοῦλοι]
569 1494 615 1521 καὶ
639 1494 815 1530 πορεύσονται

50 1536 123 1564 ὀπίσω
137 1545 180 1564 σου
195 1538 331 1574 δεδεμένοι
346 1540 374 1566 ὲν
385 1540 563 1575 χειροπέδαις,
577 1540 622 1567 καὶ
635 1541 663 1566 ὲν
679 1540 720 1566 σοὶ
733 1548 817 1576 προσ-

50 1583 201 1618 κυνήσουσιν·
212 1585 252 1611 ὅτι
273 1585 302 1611 ἐν
319 1585 360 1611 σοὶ
373 1586 387 1611 6
402 1585 467 1616 Θεός
479 1586 562 1617 ἐστιν,
578 1586 624 1612 καὶ
637 1586 665 1612 ἐν
680 1586 720 1612 σοὶ
733 1594 816 1621 προσ-

51 1627 165 1659 εύξονται·
187 1630 234 1656 καὶ
256 1630 308 1656 οὐκ
323 1629 396 1655 ἔστιν
410 1629 475 1661 Θεὸς
497 1630 567 1665 πλὴν
584 1629 640 1656 σοῦ.
674 1630 710 1656 Σὺ
725 1630 780 1665 γὰρ
792 1628 816 1656 εἷ

50 1671 114 1705 Θεὸς,
129 1674 173 1701 καὶ
185 1675 234 1702 οὐκ
250 1675 361 1710 ᾔδειμεν
371 1676 398 1701 '6
412 1675 478 1706 Θεὸς
495 1675 540 1701 τοῦ
560 1675 667 1710 Ἰσραὴλ
681 1676 787 1711 Σωτήρ.
804 1684 813 1700 ι

55 1717 132 1754 Ὁρᾷς,
142 1721 230 1756 φησιν,
244 1721 304 1752 πῶς
317 1721 364 1748 ἕνα
378 1720 443 1747 Θεὸν
458 1720 639 1756 κηρύσσουσιν
652 1722 679 1747 αἱ
692 1721 796 1756 Γραφαί
807 1728 814 1753 ;

50 1763 135 1791 Τούτου
149 1766 286 1801 ἐμφανοῦς
296 1766 469 1802 δεικνυμένου
478 1787 484 1798 ,
498 1766 552 1793 τῶν
563 1766 648 1798 οὕτως
663 1775 816 1802 μαρτυρου-

50 1810 141 1844 μένων,
161 1813 297 1849 ὰνάγκην,
316 1813 407 1848 φησιν,
433 1812 486 1848 ἔχω
506 1813 564 1844 ἑνὸς
586 1812 814 1848 ὁμολογουμένου,

47 1855 127 1883 τοῦτον
138 1857 187 1884 ὑπὸ
203 1858 290 1889 πάθος
311 1858 411 1893 φέρειν.
426 1858 542 1893 Χριστὸς
561 1858 615 1892 γὰρ
633 1855 666 1893 ἦν
682 1857 757 1889 Θεὸς,
769 1857 816 1884 καὶ

47 1899 150 1938 ἔπασχεν
166 1904 198 1931 δι’
214 1905 300 1941 ἡμᾶς,
317 1904 397 1936 αὐτὸς
411 1904 448 1930 ὢν
463 1905 477 1930 ὁ
497 1904 600 1939 Πατὴρ,
616 1904 658 1930 ἵνα
670 1904 716 1930 καὶ
729 1904 815 1931 σῶσαι

47 1947 110 1982 ἡμεῖς
124 1949 230 1987 δυνηθῇ.
250 1951 332 1977 Ἀλλο
352 1951 391 1982 δὲ,
408 1951 499 1986 φησιν,
515 1951 544 1976 οὐ
564 1950 699 1985 δυνάμεθα
716 1950 812 1984 λέγειν·

48 1994 153 2031 καὶγὰρ
173 1998 186 2022 6
214 1996 374 2029 Ἀπόστολος
394 1997 442 2023 ἕνα
466 1996 532 2023 Θεὸν
559 1996 693 2031 ὁμολογεῖ,
717 1995 812 2030 λέγων·

49 2047 57 2062 ι
71 2036 115 2065 Ὠν
131 2042 154 2066 οἱ
177 2042 308 2078 πατέρες,
323 2041 352 2075 ἐξ
367 2039 403 2068 ὧν
419 2040 536 2077 Χριστὸς
554 2041 584 2067 τὸ
598 2040 669 2067 κατὰ
685 2041 783 2077 σάρκα,
801 2042 815 2067 6

47 2081 78 2109 ὦν
93 2084 134 2111 ἐπὶ
146 2086 253 2112 πάντων
268 2086 335 2116 θεὸς
353 2085 496 2121 εὐλογητὸς
508 2085 547 2116 εἰς
558 2085 620 2116 τοὺς
634 2084 744 2115 αἰῶνας.
768 2093 777 2110 ι

899 536 930 563 11.
946 536 1044 564 Volunt
1058 542 1146 565 autem
1162 538 1259 573 dogma
1273 546 1351 566 suum
1364 539 1528 566 constituere
1542 543 1569 566 et
1582 546 1645 566 con-

865 583 985 615 ﬁrmare,
1002 583 1066 617 quia
1081 587 1123 611 est
1136 584 1164 610 in
1179 584 1253 619 lege:
1273 593 1282 609 ι
1299 584 1354 618 Ego
1374 592 1433 611 sum
1449 584 1518 612 Deus
1537 589 1643 619 patrum

865 633 974 656 tuorum
989 629 1027 662 “;
1040 637 1094 656 non
1111 633 1192 656 erunt
1205 629 1282 656 vobis
1299 630 1343 656 alii
1358 629 1395 656 dii
1408 634 1505 664 praeter
1521 637 1565 656 me
1581 630 1614 656 '°.
1632 638 1641 655 ›

865 674 898 701 Et
919 682 1014 701 rursus
1036 675 1062 701 in
1078 675 1131 701 alio
1145 675 1205 702 loco
1220 682 1227 701 :
1247 684 1256 700 ι
1272 674 1327 710 Ego
1346 683 1404 702 sum
1422 675 1538 710 primus.
1553 679 1579 702 et
1594 682 1645 710 ego

866 719 1047 752 nmissimus;
1073 724 1100 746 et
1125 724 1187 754 post
1211 727 1254 747 me
1280 727 1334 746 non
1361 725 1402 747 est
1430 720 1500 747 alius
1520 720 1552 747 ³¹.
1571 729 1581 746 ι
1600 719 1645 747 Sic

866 765 942 792 aiunt
957 772 987 792 se
1000 765 1115 799 probare
1130 773 1213 792 unum
1227 773 1286 792 esse
1301 765 1395 792 Deum.
1410 765 1444 792 Et
1455 765 1620 800 respondent
1637 775 1642 792 :

865 810 893 837 Si
914 811 1050 838 Christum
1069 811 1230 838 coniitcmur
1249 811 1345 844 Deum,
1360 811 1442 846 igitur
1461 811 1517 846 ipse
1537 816 1578 838 est
1593 811 1646 839 Pa-

863 859 914 887 ter,
942 855 963 882 si
987 859 1029 882 est
1053 854 1142 888 Deus;
1168 863 1266 890 passus
1281 863 1345 882 vero
1360 855 1539 884 estChristus
1554 856 1643 886 Deus.

863 909 962 936 passus
986 901 1068 936 igitur
1090 906 1130 928 cst
1145 900 1234 928 Pater.
1250 901 1330 929 Pater
1350 902 1422 929 enim
1447 906 1505 929 erat
1527 902 1593 936 ipse.
1611 903 1647 929 At

863 954 917 974 non
942 946 981 974 sic
998 951 1040 974 est
1058 955 1065 973 :
1091 954 1145 973 non
1165 947 1236 973 enim
1263 947 1303 974 sic
1327 947 1474 981 Scriplurae
1495 951 1644 982 exponunt.

864 991 983 1019 Utuntur
996 997 1123 1027 praeterea
1140 991 1201 1019 aliis
1217 993 1390 1020 testimoniis.
1406 993 1452 1020 Sic
1474 992 1546 1020 enim
1569 993 1646 1020 aiunt

863 1038 992 1073 scriptum
1007 1046 1066 1065 esse
1080 1046 1086 1064 :
1103 1047 1112 1063 ‹
1134 1037 1183 1064 Hic
1198 1038 1269 1065 Deus
1283 1042 1390 1071 noster;
1405 1046 1459 1065 non
1477 1039 1645 1073 reputabitur

864 1084 934 1111 alius
951 1083 984 1111 ad
1001 1091 1073 1111 eum.
1096 1084 1241 1110 Adim'enit
1257 1091 1364 1111 omnem
1387 1084 1457 1111 viam
1474 1085 1604 1118 scientiae,
1618 1089 1646 1112 et

863 1130 939 1158 dedit
959 1137 1018 1157 eam
1041 1129 1124 1157 Jacob
1141 1137 1224 1164 puero
1239 1137 1299 1162 suo,
1314 1135 1342 1157 et
1353 1129 1437 1157 lsrael
1460 1130 1559 1158 dilecto
1576 1139 1643 1164 suo;

863 1180 925 1210 post
948 1176 1004 1203 haec
1022 1176 1048 1202 in
1073 1176 1152 1202 terris
1180 1176 1254 1202 visus
1276 1179 1334 1207 est,
1352 1181 1379 1203 et
1400 1184 1462 1203 cum
1489 1176 1645 1204 hominibus

864 1227 1041 1249 conversatus
1064 1227 1106 1249 est
1120 1221 1153 1249 ³⁸.
1172 1231 1181 1247 ι
1196 1221 1277 1248 Vides
1292 1221 1384 1256 igitur,
1402 1221 1499 1256 inquit,
1514 1223 1585 1257 quod
1601 1223 1646 1249 hic

864 1274 906 1297 est
921 1269 1002 1301 Deus,
1017 1269 1063 1303 qui
1077 1268 1151 1296 solus
1165 1273 1215 1299 est,
1232 1272 1258 1295 et
1273 1273 1365 1303 postea
1382 1269 1408 1295 iu
1423 1269 1503 1296 terris
1521 1270 1606 1301 visus,
1618 1273 1646 1296 et

864 1322 926 1342 cum
949 1315 1105 1342 hominibus
1131 1314 1371 1342 conversatus?Et
1388 1315 1413 1341 in
1437 1315 1491 1342 alio
1513 1315 1573 1343 loco
1584 1315 1643 1342 ait:

868 1370 878 1386 ι
905 1360 1049 1387 Laboravit
1072 1359 1219 1395 Egyptus,
1235 1365 1261 1387 et
1274 1365 1426 1388 mercatura
1447 1360 1603 1395 Ethiopum
1618 1365 1646 1387 et

866 1405 992 1437 Sabaim;
1017 1405 1067 1431 viri
1091 1405 1156 1432 celsi
1179 1405 1206 1431 in
1230 1409 1256 1432 te
1279 1406 1443 1437 transibunt,
1465 1410 1492 1433 et
1513 1406 1551 1433 tui
1574 1406 1644 1433 servi

866 1455 962 1483 erunt;
980 1455 1007 1477 et
1023 1451 1100 1478 ibunt
1114 1456 1174 1485 post
1195 1455 1221 1478 te
1233 1451 1316 1478 vincti
1330 1451 1445 1479 vinculis
1463 1460 1601 1485 manuum,
1618 1456 1645 1479 et

867 1495 894 1522 in
910 1499 935 1522 te
947 1495 1116 1526 adorabunt,
1132 1496 1194 1529 quia
1210 1495 1236 1522 in
1258 1499 1283 1522 te
1297 1501 1339 1522 est
1356 1494 1446 1528 Deus;
1460 1499 1487 1522 et
1502 1495 1528 1522 in
1545 1500 1571 1523 te
1585 1503 1645 1530 pre~

865 1542 1016 1573 cabuntur,
1041 1542 1106 1576 quia
1128 1549 1182 1568 non
1206 1545 1248 1568 est
1264 1539 1334 1567 Deus
1355 1545 1451 1575 praeter
1469 1545 1503 1568 te.
1518 1540 1558 1568 Tu
1571 1542 1644 1568 enim

865 1591 895 1611 es
909 1583 990 1617 Deus,
1008 1589 1035 1611 et
1058 1585 1236 1618 nescivimus;
1252 1585 1323 1612 Deus
1344 1585 1424 1612 Israel
1446 1585 1570 1613 Salvator
1583 1586 1615 1613 ³³.
1632 1595 1644 1613 ι

866 1629 958 1660 Vides.
984 1630 1090 1665 inquit,
1113 1631 1250 1665 quomodo
1275 1629 1422 1665 Scriptura:
1446 1639 1530 1658 unum
1561 1631 1646 1658 Deum

864 1675 1030 1710 praedicant?
1044 1675 1113 1703 Cum
1138 1676 1189 1703 hoc
1210 1680 1303 1710 aperte
1327 1677 1492 1703 declaratum
1519 1677 1565 1709 sit,
1582 1684 1645 1704 cum

865 1723 923 1749 haec
937 1722 977 1749 sic
990 1726 1140 1749 contestata
1159 1722 1232 1754 sint;
1248 1729 1358 1750 necesse
1380 1727 1430 1754 est,
1447 1730 1502 1749 uno
1516 1731 1563 1757 per
1579 1731 1647 1751 con-

866 1768 1009 1796 fessionem
1022 1769 1178 1800 constituto,
1194 1768 1266 1795 hunc
1279 1768 1398 1803 passioni
1413 1769 1555 1803 subjicere.
1568 1769 1648 1797 Chri—

866 1818 924 1840 stus
935 1813 1006 1839 enim
1022 1817 1079 1839 erat
1094 1812 1174 1846 Deus,
1187 1817 1214 1839 et
1228 1817 1338 1847 propter
1351 1821 1401 1840 nos
1417 1820 1515 1848 passus
1529 1819 1570 1841 est
1582 1822 1646 1842 cum

865 1862 938 1886 esset
960 1857 1058 1890 Pater,
1086 1863 1116 1885 ut
1135 1862 1227 1892 posset
1249 1858 1340 1885 salvos
1369 1866 1418 1886 nos
1438 1858 1538 1887 facere.
1565 1859 1646 1888 Aliud

865 1903 949 1935 enim,
963 1904 1059 1938 inquit,
1077 1903 1166 1930 dicere
1181 1910 1234 1930 non
1247 1911 1393 1938 possumus
1408 1913 1415 1932 :
1428 1905 1562 1940 siquidem
1577 1906 1647 1940 Apo-

865 1949 950 1977 stolus
965 1957 1048 1976 unum
1063 1949 1147 1976 Deum
1163 1948 1319 1983 confitetur,
1336 1958 1398 1977 cum
1422 1951 1478 1977 ait:
1499 1959 1508 1976 σ
1524 1950 1647 1984 Quorum

865 1999 971 2029 patres,
985 2003 1018 2022 ex
1033 1995 1132 2030 quibus
1151 1993 1277 2022 Christus
1299 1996 1449 2023 secundum
1466 2004 1587 2030 carnem,
1600 1997 1647 2031 qui

864 2046 906 2067 est
917 2039 987 2068 Deus
999 2040 1155 2068 benedictus
1168 2040 1196 2067 in
1212 2041 1309 2068 saecula
1322 2041 1354 2068 ".
1370 2050 1380 2067 ι

74 2130 123 2156 Καὶ
143 2132 227 2158 ταῦτα
247 2131 386 2167 βούλονται
399 2131 470 2157 οὕτω
491 2129 640 2165 διηγεῖσθαι
664 2129 712 2156 καὶ
725 2130 812 2162 αὐτοῖς

902 2128 945 2156 lll.
961 2128 1007 2156 Sic
1020 2129 1115 2156 volunt
1128 2129 1178 2157 ista
1192 2127 1316 2162 recitare,
1328 2133 1354 2156 et
1368 2128 1408 2156 uti
1422 2129 1564 2162 mutilatis,
1576 2129 1648 2157 sicut

48 2175 171 2210 μονόκωλα
187 2177 243 2213 (75)
266 2176 414 2213 χρώμενοι,
429 2177 458 2203 ὃν
480 2177 579 2212 τρόπον
603 2173 677 2202 εἶπεν
691 2175 816 2219 Θεφξερς

75 2267 95 2283 ’θ
107 2267 189 2296 Exod.
205 2276 248 2301 ιιι,
271 2268 299 2296 6.
339 2268 361 2284 ³⁸
375 2267 459 2295 Exod.
478 2275 523 2301 xx,
541 2268 568 2294 5.
609 2267 629 2284 ³⁸
645 2267 696 2294 lsa.
722 2275 794 2300 xuv,
809 2267 837 2294 6.

47 2308 84 2333 ix,
99 2303 122 2330 5.

76 2372 124 2408 (Ἠ)
143 2374 214 2401 Ἕνα
234 2374 319 2407 Θεὸν,
335 2383 361 2401 κ.
385 2383 410 2400 τ.
436 2374 460 2407 λ,
479 2373 544 2406 Quae
563 2377 725 2408 sequuntur,
749 2378 812 2400 sunt

46 2406 95 2445 ipsa
116 2406 198 2437 verba
226 2409 360 2445 Syinboli,
382 2410 462 2445 quale
481 2413 570 2445 eustat
586 2406 661 2445 apud
679 2409 811 2435 Irenaeum

46 2442 85 2479 lib.
98 2451 115 2475 ι,
132 2452 152 2471 c.
172 2446 189 2471 2
204 2442 278 2479 seq,
293 2444 340 2471 lib.
356 2442 398 2475 ιιιζ
411 2452 435 2470 c.
450 2444 482 2475 4;
501 2443 696 2470 Tertullianum
713 2448 812 2479 contra

47 2476 173 2510 Praxeam.
197 2488 222 2507 c.
241 2476 270 2511 ‘2,
288 2484 314 2506 et
330 2479 367 2506 De
383 2479 547 2512 Prwscript.,
561 2486 586 2505 c.
602 2479 646 2511 15,
662 2482 689 2505 et
707 2478 742 2505 De
759 2479 811 2504 vi)"

45 2513 136 2546 giuibus
147 2515 278 2546 vetandis,
292 2522 316 2541 c.
333 2515 355 2545 Ι,
369 2519 421 2541 etc.
436 2512 545 2542 Fanum.

75 2547 124 2583 (72)
151 2546 568 2583 ἘξέωσαντῆςἘκφὶλησίας.
590 2546 703 2574 Noetum
729 2546 809 2583 dam-

46 2582 126 2610 natum
141 2592 155 2611 a
170 2583 333 2618 Tranquillo
347 2585 473 2617 episcopo
494 2582 738 2618 Chalcedouiorum
761 2582 810 2617 Sy-

46 2617 93 2648 ri:e.
106 2620 196 2646 scribit
207 2617 305 2646 auctor
319 2618 511 2646 Prin-destinati.
528 2625 587 2651 cap.
606 2617 650 2643 50.
664 2617 741 2649 Quod
760 2624 810 2643 au-

45 2655 90 2687 tem
109 2653 133 2680 in
151 2653 288 2687 Synodico
307 2654 395 2680 libello
417 2661 475 2687 cap.
498 2651 549 2683 50,
567 2653 633 2687 legis
653 2652 679 2678 iu
700 2651 809 2686 Synodo

45 2684 154 2715 Romana
171 2684 332 2716 damnatum
344 2684 458 2715 Noetuni
478 2695 493 2714 a
519 2684 728 2722 PapaEVictore,‘
743 2691 810 2713 terit-

45 2727 129 2757 borum
144 2724 214 2750 ratio
232 2731 289 2751 non
306 2725 414 2757 patitur.
435 2722 486 2749 Sed
503 2721 565 2749 sunt
576 2721 698 2756 quaedam
718 2726 745 2748 et
757 2722 809 2748 alia

46 2754 119 2784 iuillo
133 2757 269 2794 Synodico
281 2754 376 2792 parum
394 2762 520 2794 accurate
534 2754 642 2786 tradita.
660 2757 720 2783 licet
740 2756 808 2783 scri-

45 2792 225 2850 glum‘ipsum
251 2793 355 2828 alioqui
376 2797 418 2820 est
449 2792 605 2826 neutiquam
633 2796 807 2819 contemnen-

62 2833 109 2850 um.
137 2836 160 2850 n,

62 2833 109 2853 um.
124 2828 161 2856 in.

868 2175 932 2202 fecit
947 2174 1112 2208 Theodotus,
1127 2182 1188 2202 cum
1208 2175 1287 2202 vellet
1304 2174 1417 2209 probare
1432 2174 1571 2202 Christum
1587 2182 1647 2202 esse

875 2267 897 2283 ⁸¹
912 2267 1028 2295 Baruch.
1048 2275 1094 2301 ιιι,
1110 2267 1203 2295 56-58.
1242 2268 1264 2283 ³³
1281 2266 1333 2295 lsa.
1359 2275 1422 2302 XLV,
1445 2268 1489 2296 H.
1528 2268 1550 2284 ³⁵
1565 2267 1645 2296 Rom.

900 2373 956 2408 (75)
972 2372 1081 2408 Μονόκ.
1095 2372 1242 2408 Μονόκωλα
1259 2375 1372 2408 apparet
1383 2372 1573 2408 adverbialiter
1583 2373 1646 2407 poni

862 2406 912 2443 pro
925 2406 1082 2443 μονοκώλως
1095 2413 1126 2443 et
1138 2407 1305 2443 μονοτύπως,
1317 2407 1417 2443 quibus
1430 2407 1518 2443 verbis
1534 2406 1648 2441 Epipha-

863 2441 936 2475 nius,
952 2451 1013 2478 pag.
1028 2443 1090 2478 48L
1106 2442 1241 2478 Hippolyti
1261 2441 1383 2478 vestigiis
1405 2441 1644 2478 insistensutitur.

861 2476 1005 2504 Βούλονται
1022 2478 1050 2504 δὲ
1071 2476 1221 2511 διηγεῖσθαι
1240 2476 1397 2512 μονοκώλως
1412 2476 1506 2512 τοῦτον
1521 2476 1566 2512 τὸν
1582 2477 1646 2512 τρό-

862 2521 911 2539 πον
929 2513 965 2544 ὡς
989 2512 1123 2543 Θεόδοτος.
1148 2512 1250 2539 Sensus
1272 2516 1329 2543 est,
1347 2511 1492 2538 Noetianos
1510 2511 1543 2537 ad
1560 2511 1645 2538 unum

863 2547 1050 2574 tantummodo
1067 2546 1093 2573 in
1109 2546 1276 2581 explicandis
1304 2546 1332 2573 S.
1357 2545 1507 2581 Scriptum,
1519 2546 1552 2572 de
1566 2545 1646 2572 Chri-

861 2587 905 2610 sto
921 2582 1001 2609 dictis
1021 2581 1103 2608 veluti
1122 2580 1273 2607 membrum
1293 2581 1438 2615 respicere,
1455 2580 1573 2615 divinam
1591 2582 1645 2607 sci-

862 2617 925 2644 licet
944 2621 1067 2643 naturam
1084 2624 1090 2642 :
1109 2616 1146 2642 uti
1164 2615 1282 2642 vicissim
1301 2614 1457 2642 Theodotus
1481 2615 1513 2641 ad
1530 2614 1645 2642 alterum

861 2659 1005 2679 recurrens
1017 2655 1168 2678 extremum
1184 2651 1209 2676 in
1225 2651 1282 2678 sola
1298 2651 1414 2677 hazrebat
1428 2649 1605 2682 humanitate,
1619 2656 1646 2678 et

862 2686 1001 2713 Christum
1025 2686 1128 2712 nudum
1157 2693 1218 2712 esse
1242 2686 1381 2712 hominem
1418 2685 1579 2712 aliirmabat.
1606 2684 1645 2713 De

862 2721 1002 2748 Theodoto
1025 2724 1123 2754 pneter
1145 2721 1214 2748 alios
1240 2720 1363 2746 meminit
1385 2719 1466 2746 etiam
1484 2719 1644 2748 Timotheus

862 2757 1002 2790 presbyter
1026 2763 1040 2781 a
1066 2755 1201 2790 Cotelerio
1223 2755 1311 2782 editus
1330 2754 1492 2790 Motiummt.
1514 2758 1579 2790 tom.
1597 2754 1643 2786 ΠΙ,

861 2789 922 2825 pag.
938 2791 990 2817 58‘.)
1005 2798 1010 2815 :
1026 2789 1125 2816 Τοῦτον
1140 2791 1184 2816 τὸν
1198 2790 1322 2816 Θεόδοτον
1335 2798 1416 2823 φασιν
1429 2789 1477 2825 τῆς
1488 2789 1535 2816 τοῦ
1547 2790 1645 2825 Σαμω-

863 2824 964 2856 σατέως
990 2825 1120 2860 αἱρέσεως
1144 2825 1262 2860 ἀρχηγὸν
1292 2826 1337 2852 καὶ
1372 2824 1477 2860 πατέρα
1505 2824 1643 2860 γενέσθαι,
