1856 3050
64 90 111 118 813

627 86 767 115 CONTRA
784 84 945 114 HERESIN
965 84 1076 113 ΝΟΕΤΙ.

1622 87 1675 115 8M

64 150 231 186 ταλεῑψαντας
259 151 331 186 ἡμᾶς
355 150 385 177 τὺ
413 149 587 184 Εὐαγγέλιον,
602 151 636 185 τῇ
651 149 731 175 αὑτοῦ
754 149 827 185 ἀφρο

921 151 960 174 cet
973 147 1011 174 ire
1023 147 1163 175 Christum
1183 148 1332 175 secundum
1347 154 1440 174 vocem
1451 146 1610 183 Evangelii?
1625 148 1672 175 Sin

64 197 126 233 σῦνῃ
147 197 291 228 πιστεύειν,
317 197 404 231 μάτην
429 195 550 230 κάμνει’
577 204 585 221 ι
612 194 768 231 πειθαρχεῖν
786 194 839 229 γὰρ

63 244 99 269 δεῖ
113 243 170 278 Θεῷ
187 243 289 278 μᾶλλον
306 243 322 277 ἧ
340 242 503 278 ἀνθρώποις.
528 251 536 267 ι

101 329 160 356 Ἐὰν
181 329 208 356 δὲ
229 329 316 363 λέγει·
335 328 418 360 Δὺτὺς
432 326 520 354 εἶπεν·
539 337 548 353 ι
570 327 641 362 Ἐγὼ
655 328 700 354 καὶ
713 329 726 354 ὁ
745 327 838 363 Πατὴρ

63 376 89 401 ἓν
101 375 180 410 ἐσμεν
192 383 198 389 ·
217 384 226 400 ι
240 375 407 400 ἐπιστανέτω
418 374 464 400 τὸν
479 373 540 400 νοῦν
553 375 600 400 καὶ
615 373 780 409 μανθανέτω,
797 374 838 400 ὅτι

63 422 108 447 οὐχ
118 418 200 454 εἶπεν,
215 421 255 446 ὅτι
268 430 277 445 ‹
289 419 358 454 Ἐγὼ
369 420 414 446 καὶ
423 421 436 446 ὁ
447 419 539 455 Πατὴρ
550 420 578 446 ἓν
591 421 657 455 εἰμι,
676 429 685 445 ι
702 419 768 446 ἀλλὰ
786 429 795 445 ι
809 419 838 445 ἓν

64 469 149 501 ἐσμεν.
179 476 188 492 ι
213 466 250 492 Τὸ
270 466 324 501 γὰρ
340 475 349 490 ι
367 466 449 500 ἐσμὲν
465 475 475 491 ›
495 466 544 492 οὐκ
568 466 610 500 ἐφ’
633 465 691 497 ἑνὸς
717 465 837 499 λέγεται.

63 513 116 539 ἀλλ’
132 513 176 539 ἐπὶ
258 512 389 539 ποόσωπα
404 511 513 544 ἔδειξεν,
529 512 768 551 διξναμινδὲφρείαν.
786 512 838 538 Αὑ-

63 561 102 591 τδς
115 560 140 586 δὲ
154 550 370 586 αὺτδῖπέλυσεν
387 559 470 586 εἰπὼν
487 551 550 594 περῖ
566 560 693 596 μαθητῶν
711 561 777 597 πρὸς
791 562 836 587 τὸν

63 606 162 641 Πατέρα
172 614 178 620 ·
199 615 208 630 ‹
227 606 280 641 Τὴν
294 606 371 638 δόξαν
386 607 418 641 ἦν
443 605 545 638 ἔδωκάς
561 615 615 642 μοι,
634 606 719 633 ἔδωκα
735 607 836 639 αὐτοῖς,

63 652 101 677 ἵνα
116 648 178 678 ὦσιν
202 651 241 682 ἓν,
259 651 349 683 καθὼς
370 653 451 687 ἡμεῖς
472 652 510 679 ἓν.
533 653 601 686 Ἐγὼ
623 653 650 679 ὲν
675 653 775 684 αὐτοῖς,
791 654 837 680 καὶ

63 699 91 724 σὺ
104 698 130 723 ἐν
143 697 213 732 ἐμοί,
235 697 278 724 ἵνα
293 694 358 724 ὦσιν
373 698 573 733 τετελειωμένοι
589 699 628 730 εἰς
643 698 681 728 ἓν,
699 699 741 725 ἴνα
757 699 838 732 γινώ-

63 751 108 778 σκῃ
123 745 137 770 ὸ
151 743 252 778 κόσμος
264 744 303 770 ὃτι
321 743 351 769 σύ
368 753 400 779 με
414 744 584 776 ἀπέστειλας.
601 753 610 770 ι
625 745 657 770 Τί
671 745 738 780 πρὸς
750 745 836 772 ταῦτα

62 790 144 824 ἔχωσι
172 790 259 824 λέγειν
283 791 307 816 οἱ
333 790 495 826 Νοητιιανοίς
519 790 564 825 Μὴ
586 790 685 822 πάντες
705 791 734 816 ἓν
757 790 836 826 σῶμά

62 835 127 861 ἐστιν
140 834 207 861 κατὰ
224 836 272 861 τὶν
286 835 388 865 οὐσίαν,
405 835 421 870 ἢ
436 836 467 870 τῇ
484 835 595 870 δυνάμει
609 836 655 862 καὶ
669 838 701 871 τῇ
717 836 834 874 διαθέσει

61 880 105 915 τῆς
128 872 290 916 ὁμοξρονῆ
312 881 340 906 ἓν
363 877 508 916 γινόμεοα;
525 876 576 907 Τὺν
593 881 672 907 αὑτὸν
733 872 835 917 1t‘pdmv

61 925 73 950 ὁ
88 928 147 958 παῖς
169 927 224 962 (8‘2)
244 928 258 953 ό
273 926 405 962 πεμφθεὶς
422 927 468 953 καὶ
482 927 526 953 ὑπ’
543 927 633 953 αὐτῶν
649 927 685 962 μὴ
708 927 836 961 γινωσκό-

63 982 133 1008 μενος
145 973 228 1000 ὄντων
243 975 271 999 ὲν
285 974 390 1009 κόσμῳ,
407 973 582 1009 ὠμολὸγησεν
596 971 665 1000 εἶναι
682 975 710 1000 ἐν
725 974 764 1009 τῷ
781 975 836 1000 Πα-

61 1019 99 1053 rp".
115 1019 224 1054 δυνάμει
249 1019 318 1055 [καὶ]
334 1019 449 1045 διαθέσει
473 1019 538 1054 (85).
560 1016 607 1050 Εἷς
627 1019 680 1054 γὰρ
703 1019 764 1051 νοῦς
781 1020 836 1046 Πα-

61 1064 116 1099 τρδς
138 1065 152 1090 ὀ
176 1066 240 1097 παῖς
266 1065 330 1100 (Si).
355 1065 385 1091 Οἱ
418 1064 481 1091 νοῦν
510 1064 616 1099 Πατρὺς
639 1064 746 1099 ἔχοντες
766 1065 835 1091 οὕτω

63 1110 230 1146 ττιιιντειὶοιιιεν⁸
247 1112 271 1137 οἱ
286 1111 312 1137 δὲ
327 1111 371 1137 τὸν
393 1110 452 1137 νοῦν
468 1111 506 1146 μὴ
522 1110 628 1145 ἔχοντες
639 1111 684 1136 τὸν
703 1111 765 1137 Υἱὺν
785 1111 835 1146 ἥρ-

62 1165 152 1191 νηνται.
163 1157 230 1184 Eia}.
239 1156 423 1183 καὶΦίλιππον
431 1157 570 1192 ἐπερωτᾷν
579 1157 642 1192 περὶ
651 1157 754 1192 Πατρὸς
764 1157 833 1192 (sic),

62 1203 184 1235 βούλοιντο
204 1203 310 1237 λέγειν’
335 1212 344 1228 ι
372 1203 462 1236 Δεῖξον
488 1204 553 1239 ἡμῖν
575 1203 619 1229 τὸν
643 1202 767 1238 Πατέρα,
788 1203 835 1229 καὶ

60 1248 130 1284 ἀρκεῖ
143 1250 207 1284 ἡμῖν
219 1257 226 1264 ·
246 1258 256 1274 ι
277 1249 346 1285 πρὸς
363 1249 392 1275 ὂν
416 1249 550 1284 ἁπεκρὶθη
574 1249 588 1274 ὁ
603 1248 714 1284 Κύριος,
730 1248 832 1282 λέγων’

63 1303 71 1319 ι
88 1295 212 1321 Τοσοῦτον
227 1295 321 1330 χρόνον
337 1295 394 1330 μεθ’
410 1295 486 1330 ὑμῶν
501 1296 568 1330 εἰμι,
581 1294 707 1326 Φίλιππε,
727 1294 773 1320 καὶ
785 1294 835 1320 οὐκ

61 1339 170 1372 ἔγνωκάς
191 1349 242 1375 με’
259 1341 273 1366 ὁ
292 1339 422 1376 ἑωρακὼς
446 1340 505 1374 ἐμὲ,
521 1339 627 1376 ἑώρακε
647 1339 691 1365 τὸν
714 1339 832 1375 Πατέρα.

61 1386 92 1411 Οὐ
106 1387 238 1418 πιστεύεις
260 1387 301 1413 ὅτι
316 1386 371 1421 ἐγὼ
388 1388 416 1413 ἐν
432 1386 470 1421 τῷ
490 1386 586 1421 Πατρὶ,
602 1385 649 1413 καὶ
669 1386 683 1411 ὁ
697 1385 790 1420 Πατὴρ
806 1386 834 1411 ἐν

61 1432 205 1466 incitatur;
228 1442 237 1458 ι
254 1433 301 1459 καὶ
311 1432 416 1459 ϐέλουσι
427 1432 527 1465 λέγειν,
544 1431 588 1457 διὰ
597 1431 690 1458 τούτου
704 1431 834 1467 κρατύνε-

891 200 955 220 vero
968 193 1026 220 vult
1037 197 1068 220 ut
1082 192 1176 221 relicto
1193 192 1350 228 Evangelia,
1365 193 1491 220 amentize
1503 194 1564 228 ejus
1579 193 1673 221 creda-

892 246 963 267 mus,
978 237 1082 266 frustra
1099 239 1224 266 laborat:
1241 247 1249 264 ι
1268 238 1381 272 Oportet
1400 239 1473 266 enim
1490 239 1600 267 obedire
1615 248 1674 267 ma-

896 283 937 318 gis
951 282 1004 310 Deo
1019 291 1100 317 quam
1120 283 1278 312 hominibus
1294 284 1324 309 ⁵⁸.
1347 294 1356 309 ι

928 328 984 356 Vll.
1003 329 1032 356 Si
1048 334 1138 357 autem
1158 330 1251 357 dicat:
1268 329 1327 364 ipse
1345 329 1411 356 dixit
1432 339 1438 357 :
1457 339 1466 355 ‹
1483 329 1539 365 Ego
1551 335 1578 358 et
1591 331 1673 358 Pater

891 382 975 402 unum
999 383 1096 404 sumus
1119 376 1157 409 '5;
1176 385 1186 402 ι
1206 376 1328 403 advertat
1343 375 1476 408 animum,
1495 381 1522 404 et
1540 378 1673 413 intelligat

889 421 961 456 quod
979 429 1033 448 non
1053 421 1142 450 dixit:
1159 431 1168 447 ι
1187 421 1243 455 Ego
1256 426 1283 448 et
1301 420 1380 449 Pater
1398 430 1482 450 unum
1497 430 1574 457 sum;
1594 433 1603 449 ι
1624 425 1671 451 sed

892 477 902 493 ‹
917 475 1001 494 unum
1019 475 1124 495 sumus.
1143 477 1152 494 ι
1172 467 1238 495 Illud
1255 469 1340 499 enim,
1355 477 1364 493 ι
1380 475 1484 499 sumus.
1504 478 1513 494 ι
1529 477 1583 496 non
1601 470 1672 497 diei-

890 517 934 539 tur
953 513 987 540 de
1005 521 1078 546 uno;
1094 513 1142 540 sed
1154 513 1193 540 sic
1212 513 1290 547 dixit,
1306 513 1368 548 quia
1389 514 1458 541 duas
1481 522 1611 548 personas
1626 515 1671 543 de-

889 560 1060 592 monstravit,
1077 567 1158 586 unam
1174 564 1263 587 autem
1279 561 1440 595 potentiam,
1454 561 1511 587 sive
1530 561 1670 590 virtutem.

889 605 948 639 ipse
964 605 1016 632 hoc
1033 605 1188 639 explicavit,
1211 613 1271 632 cum
1285 605 1353 632 dixit
1366 605 1400 632 de
1414 606 1555 640 discipulis
1568 607 1600 633 ad
1616 606 1669 634 Pa-

888 657 957 678 trem
974 661 980 678 :
1000 661 1009 677 ‹
1032 651 1150 679 Gloriam
1172 659 1253 686 quam
1275 651 1371 678 dedisti
1396 651 1472 684 mihi,
1490 652 1550 679 dedi
1568 653 1671 685 eis;ut

889 697 943 723 sint
956 705 1051 729 unum,
1068 697 1137 724 sicut
1149 705 1199 723 nos
1215 705 1297 723 unum
1314 704 1419 723 sumus.
1435 696 1491 732 Ego
1507 697 1533 724 in
1552 698 1627 732 ipsis,
1643 703 1670 725 et

887 749 916 770 tu
939 744 965 770 in
985 751 1047 777 me;
1063 749 1091 770 ut
1108 744 1163 770 sint
1177 743 1286 778 perfecti
1310 743 1337 769 in
1355 750 1453 775 unum;
1471 747 1499 770 ut
1524 749 1670 779 cognoscat

887 789 1006 817 mundus
1022 789 1093 824 quod
1118 795 1145 816 tu
1162 796 1205 816 me
1223 789 1320 816 misisti
1335 789 1369 816 ⁵⁸.
1390 798 1399 814 ι
1420 788 1490 821 Quid
1504 789 1537 817 ad
1557 790 1614 817 hmo
1625 790 1668 816 di~

886 843 947 863 cere
962 839 1078 870 possunt
1093 834 1239 862 Noetiani?
1254 833 1383 876 Nunquid
1399 842 1493 862 omnes
1509 843 1594 862 unum
1607 842 1669 862 cor-
1706 841 1754 862 ξηιλ

886 889 937 915 pus
948 887 1010 908 sunt
1023 881 1170 908 secundum
1183 881 1388 909 substantiam?
1405 888 1438 907 an
1455 888 1517 907 vero
1535 885 1669 916 potestate

886 931 912 953 ct
923 927 1064 954 aliectione
1080 927 1267 955 consensionis
1282 931 1309 954 et
1323 927 1476 954 concordia
1488 935 1570 954 unum
1587 927 1670 954 efﬁci-

887 972 966 999 mur?
987 973 1026 1000 Ad
1043 973 1167 1000 eumdem
1189 972 1300 1000 modum
1316 980 1384 1007 puer
1398 973 1510 1005 missus,
1524 978 1549 1000 et
1565 973 1597 1000 iis
1620 973 1666 1008 qui

886 1018 913 1045 in
932 1018 1033 1045 mundo
1049 1023 1127 1045 erant
1149 1026 1204 1045 non
1227 1019 1351 1053 cognitus
1373 1019 1406 1050 ⁵⁷,
1423 1018 1565 1046 confessus
1580 1024 1622 1046 est
1637 1027 1667 1047 se

886 1073 945 1093 esse
961 1065 988 1092 in
1002 1065 1081 1092 Patre
1098 1069 1233 1100 potestate
1248 1069 1274 1092 et
1296 1065 1438 1093 affectione
1458 1066 1665 1099 consensionis;

885 1120 939 1139 una
950 1113 1021 1139 enim
1039 1120 1115 1139 mens
1130 1111 1218 1139 Patris
1232 1115 1273 1138 est
1288 1119 1363 1145 puer.
1380 1111 1432 1144 Qui
1443 1116 1532 1139 autem
1549 1119 1665 1140 mentem

886 1158 974 1185 Patris
995 1158 1137 1190 habemus,
1155 1158 1195 1185 sic
1218 1158 1375 1190 credimus;
1390 1158 1436 1193 qui
1462 1166 1526 1186 vero
1544 1167 1597 1186 non
1616 1160 1666 1186 ha-

885 1204 958 1235 bent,
986 1203 1084 1230 Filium
1109 1207 1283 1238 negaverunt.
1304 1202 1332 1230 Si
1356 1207 1445 1230 autem
1471 1204 1554 1231 velint
1576 1204 1666 1231 dicere

885 1250 957 1284 quod
980 1249 1121 1284 Philippus
1144 1249 1177 1276 de
1191 1248 1271 1276 Patre
1289 1249 1459 1284 interrogans
1476 1258 1482 1277 :
1502 1259 1510 1275 ι
1535 1249 1663 1284 Ostende,

885 1297 983 1331 inquit,
993 1296 1070 1323 nobis
1084 1295 1204 1329 Patrem,
1217 1299 1245 1323 et
1258 1295 1356 1323 sullicit
1367 1296 1461 1328 nobis;
1475 1305 1484 1321 ›
1498 1297 1540 1323 cui
1555 1305 1667 1331 respon-

885 1342 923 1369 dit
941 1342 1072 1369 Dominus
1090 1342 1215 1376 inquiens
1233 1351 1239 1368 :
1259 1351 1267 1367 ι
1288 1340 1374 1369 Tanto
1391 1345 1511 1376 tempore
1523 1343 1664 1370 vobiscum

885 1397 956 1421 sum,
982 1388 1114 1423 Philippe,
1141 1393 1167 1415 et
1189 1396 1243 1415 non
1271 1388 1422 1422 cognovisti
1446 1389 1510 1416 me?
1525 1388 1575 1422 Qui
1598 1390 1666 1418 vidit

886 1443 939 1467 me,
954 1434 1021 1461 vidit
1035 1438 1062 1461 et
1076 1433 1196 1461 Patrem.
1213 1433 1272 1460 Non
1289 1434 1376 1461 credis
1388 1435 1450 1469 quia
1461 1442 1510 1470 ego
1527 1435 1552 1462 in
1574 1436 1663 1466 Patre,

61 1478 112 1505 σοαι
134 1479 162 1504 τὸ
185 1479 276 1514 δόγμα
298 1478 397 1517 σεξ-τέω,
418 1477 609 1513 ὁμολογοῦντος
631 1476 712 1503 αὑτοῦ
739 1477 827 1503 saturo»

922 1480 1000 1507 Pater
1025 1480 1052 1506 in
1068 1487 1111 1507 me
1125 1484 1167 1507 est
1183 1479 1224 1506 "?
1244 1489 1252 1505 ι
1272 1485 1299 1507 et
1315 1480 1415 1507 audent
1430 1481 1518 1508 dicere
1533 1483 1605 1517 quod
1623 1483 1665 1509 his

61 1524 170 1560 Πατέρα·
187 1524 335 1559 γνώτωσαν
354 1525 393 1551 ὅτι
410 1523 536 1559 μέγιστον
552 1524 657 1554 ἑαυτοῖς
680 1523 834 1557 ἐναντίωμα.

61 1571 234 1606 ἐπιφέρουσιν,
252 1571 297 1597 ὑπ’
316 1570 398 1597 αὑτοῦ
413 1569 460 1596 τοῦ
477 1569 558 1605 ῥητοῦ
572 1568 756 1603 ἐλεγχόμενοι.
780 1568 832 1595 Τοῦ

60 1617 105 1652 γὰρ
120 1617 236 1652 Χριςτοῦ
255 1617 349 1643 ἑαυτὸν
366 1617 394 1643 ὲν
407 1617 488 1642 πᾶσιν
506 1615 569 1641 Υἱὺν
580 1615 702 1646 εἰπόντος
717 1615 764 1641 καὶ
779 1615 833 1640 δεί-

61 1663 151 1695 ξαντος,
162 1664 212 1690 οὐκ
229 1664 388 1697 ἐπέγνωσαν
401 1663 460 1689 οὐδὲ
475 1661 673 1689 καταλαὸἑσοαι
685 1661 700 1696 ἢ
714 1661 834 1688 ἀτενίσαι

59 1708 101 1743 τὴν
111 1708 217 1744 δύναμιν
235 1708 412 1743 ἐδυνήθησαν.
431 1707 485 1733 Καὶ
501 1706 580 1732 τοῦτο
593 1706 629 1741 μὴ
645 1706 772 1741 χωρήσας
789 1705 834 1731 Φί-

60 1753 155 1785 λιππος,
174 1754 236 1780 καθ’Ι
249 1753 264 1779 ὃ
279 1751 312 1788 ἦν
335 1753 407 1783 ἰδεῖν,
424 1752 468 1778 τὸν
489 1751 598 1787 Πατέρα
615 1751 690 1786 ἠξίου
715 1750 832 1786 βλέπειν.

60 1799 121 1834 Πρὸς
143 1799 170 1825 ὃν
183 1801 197 1826 ὀ
213 1799 317 1834 Κύριος
339 1798 405 1833 ἔφη·
424 1807 433 1823 ι
452 1798 577 1829 Φίλιππε,
592 1797 716 1823 τοσοῦτον
739 1796 834 1832 χρόνον

61 1845 111 1878 μεθ’
131 1846 205 1880 ὑμῶν
228 1847 298 1880 εἰμι,
321 1845 367 1870 καὶ
388 1844 438 1870 οὐκ
458 1843 579 1877 ἔγνωκάς
600 1851 649 1877 με;
669 1843 682 1868 ὁ
704 1842 833 1877 ἑωρακὼς

60 1892 110 1925 ἐμὲ,
125 1892 226 1928 ἑώρακε
242 1892 288 1918 τὸν
310 1890 427 1926 Πατέρα.
443 1900 452 1915 ι
472 1890 626 1922 ⁷Γουτέστιν,
643 1891 667 1915 εἰ
681 1890 730 1924 ἐμὲ
746 1888 832 1925 ἐώρα-

59 1945 111 1969 γαας,
124 1939 155 1964 δι’
171 1938 238 1974 ἐμοῦ
252 1937 298 1964 τὸν
314 1937 422 1972 Πατέρα
435 1936 536 1975 γνιΜλ

87 2020 176 2048 "Act.
192 2029 218 2054 v,
234 2020 285 2052 29;
301 2028 337 2053 iv,
357 2019 399 2046 l9.
437 2019 459 2035 ⁵⁵
472 2018 552 2046 Joan.
565 2026 592 2051 ιι,
607 2017 651 2045 '50.

89 2097 139 2131 (82)
158 2098 187 2124 '0
202 2098 282 2130 παῖς.
299 2107 307 2123 ι
319 2097 414 2124 Filius.
431 2106 440 2122 ι
460 2096 504 2124 Sic
517 2101 543 2122 et
555 2096 636 2131 paulo
648 2100 718 2130 post,
737 2100 766 2122 ut
780 2104 826 2122 su-

59 2134 215 2179 910.393?
233 2132 346 2179 διέπτη
366 2140 426 2167 (⁵³9-
442 2132 485 2161 Η-
508 2131 558 2158 Per
577 2140 586 2156 ε
606 2138 731 2166 puerum,

59 2167 115 2193 lium
127 2169 254 2201 intelligo.
266 2167 373 2194 FABRIC.

89 2203 137 2237 (85)
149 2203 286 2237 Δυνὰμει,
301 2201 440 2229 διαθέσει.
461 2200 610 2228 Confessus
621 2205 669 2237 est
685 2208 714 2228 se
726 2207 786 2237 esse
800 2201 827 2227 in

59 2234 137 2269 Patre}
152 2234 285 2272 potestate
302 2242 329 2264 et
345 2237 495 2268 allectione,
511 2236 602 2263 multis
620 2236 646 2262 in
662 2236 730 2272 locis
741 2234 828 2262 Evan-

60 2273 120 2304 gelii.
138 2270 214 2299 Joau.
233 2281 292 2307 cap.
314 2281 341 2303 Χ.
357 2272 392 2299 58
411 2281 443 2298 ει
463 2272 491 2298 Si
508 2271 575 2298 mihi
590 2279 644 2307 non
666 2270 747 2297 vultis
766 2277 828 2307 ere-

59 2305 273 2342 dercLoperibus'
286 2308 386 2334 credite
409 2315 416 2334 ε
433 2312 461 2334 ιιι
475 2306 645 2342 cognoscatis
668 2310 694 2342 e_t
711 2305 828 2332 credatis

59 2342 113 2375 quia
126 2340 204 2369 Pater
226 2343 253 2369 in
271 2350 312 2369 me
326 2346 376 2374 est,
393 2346 419 2369 et
431 2350 481 2377 ego
500 2340 526 2368 in
541 2341 630 2368 Patre.
647 2350 656 2366 ι
672 2340 828 2377 Operaau-

61 2381 105 2402 tem
117 2382 192 2404 erant
209 2385 263 2404 non
276 2378 362 2404 solum
377 2375 507 2404 miracula
523 2384 583 2410 qua:
596 2376 745 2403 secundum
757 2375 828 2401 divi—

60 2411 159 2447 nitatem
186 2412 357 2447 operabatur,
379 2415 426 2439 sed
449 2412 563 2438 virtutes
584 2418 663 2447 quas
677 2410 826 2447 secundum

60 2445 254 2478 humanitatem,
266 2447 335 2474 sicut
346 2448 379 2474 de
391 2454 422 2474 eo
436 2447 567 2480 scriptum
579 2449 629 2477 est,
641 2445 723 2472 Hebr.
736 2453 797 2478 cap.
808 2453 826 2476 l,

60 2489 87 2507 ex
101 2480 166 2508 Psal.
191 2490 254 2508 xuv
273 2491 278 2508 :
298 2492 306 2507 ι
326 2481 449 2509 Dilexisti
464 2479 606 2516 justitiam)
623 2484 650 2507 et
669 2480 750 2507 odisti
773 2479 827 2516 ini-

60 2516 194 2549 quitatem;
210 2522 350 2550 propterea
363 2517 438 2543 unxit
450 2513 475 2543 te
491 2516 572 2547 Deus,
590 2515 660 2550 Deus
677 2520 750 2546 tuus,
768 2513 828 2541 oleo

61 2550 146 2577 hetitia:
159 2549 217 2585 pra!
225 2549 401 2586 participibus
415 2552 477 2578 tuis.
492 2561 501 2576 ›
517 2550 580 2577 item
597 2549 675 2577 Joan.
687 2558 747 2586 cap.
762 2557 807 2586 xit
819 2570 825 2576 .

64 2595 70 2609 ι
88 2586 133 2617 Qui
148 2585 288 2618 videt'nte,
305 2587 376 2614 videt
389 2594 450 2613 eum
468 2587 513 2620 qui
527 2586 601 2613 misit
615 2592 667 2611 me.
681 2594 689 2610 ι
703 2585 735 2611 Et
748 2585 828 2619 paulo

61 2627 111 2652 post
125 2630 132 2647 :
144 2630 153 2646 ‹
175 2621 227 2648 Sed
245 2622 291 2655 qui
304 2621 379 2648 misit
394 2629 436 2648 me
455 2620 545 2653 Pater,
561 2621 617 2655 ipse
632 2620 698 2646 mihi
714 2620 827 2646 manda-

61 2658 109 2682 tum
120 2656 199 2688 dedit,
215 2657 280 2690 quid
298 2657 397 2688 dicam,
415 2656 515 2690 etquid
529 2656 639 2690 loquar;
652 2660 680 2682 et
693 2656 750 2682 scio
763 2655 826 2688 quin

62 2691 204 2725 mandatum
225 2689 290 2725 ejus
307 2696 350 2718 est
370 2692 424 2718 vita
446 2689 583 2718 aeterna.)
602 2690 667 2716 Erat
691 2689 773 2725 igitur
798 2689 825 2715 in

62 2722 130 2752 Patre
151 2722 284 2759 potestate
305 2727 452 2754 secundum
473 2726 656 2760 operationem
685 2722 827 2760 triandatg-

63 2764 113 2785 rum
135 2758 203 2795 ejus,
230 2762 255 2790 id
277 2766 327 2794 est,
340 2762 480 2788 charitatis
491 2758 525 2788 οι
550 2761 639 2787 oinnis
653 2760 772 2795 virtutis,
796 2758 827 2795 let

62 2801 113 2826 Cap.
129 2793 169 2823 xiv
188 2806 194 2823 :
213 2805 222 2822 ι
241 2796 319 2823 Pater
338 2801 426 2824 autent
442 2797 469 2823 in
484 2804 526 2824 tne
549 2804 672 2828 manens,
689 2795 746 2830 ipse
762 2793 826 2821 facit

689 2018 712 2033 “
727 2017 804 2045 Joan.
820 2026 885 2050 xvii,
899 2017 946 2050 22,
961 2017 1006 2044 25.

885 1526 974 1553 verbis
997 1533 1091 1553 eorum
1115 1526 1212 1560 dogma
1235 1527 1422 1559 conﬁrmatur,
1440 1527 1499 1561 ipso
1519 1529 1665 1556 conﬁtente

885 1579 914 1598 se
931 1578 991 1598 esse
1011 1570 1134 1604 Patrem;
1150 1570 1238 1598 sciant
1252 1570 1400 1598 maximam
1416 1573 1621 1607 repugnantiam
1637 1574 1664 1600 in

885 1625 914 1644 se
939 1617 1012 1651 ipsos
1039 1616 1178 1649 inducere,
1204 1616 1344 1651 Scriptura
1369 1624 1416 1644 eos
1440 1618 1617 1653 redarguente
1639 1624 1666 1647 et

884 1663 1071 1690 convincente.
1098 1661 1166 1689 Cum
1194 1662 1265 1689 enim
1291 1662 1417 1690 Christus
1441 1663 1468 1690 in
1484 1665 1611 1693 omnibus
1636 1673 1665 1692 se

884 1707 981 1734 Filium
994 1707 1107 1735 dixisset
1117 1711 1142 1734 et
1153 1707 1376 1740 demonstrasset,
1388 1716 1442 1735 non
1459 1713 1547 1736 tamen
1563 1717 1665 1745 cogno-

884 1758 978 1780 verant
1003 1761 1076 1785 eum,
1097 1760 1183 1787 neque
1206 1753 1332 1780 virtutem
1360 1753 1419 1788 ejus
1443 1754 1590 1790 intelligere
1620 1761 1666 1783 aut

885 1800 982 1826 intueri
998 1803 1151 1834 potuerant.
1164 1798 1197 1826 Et
1213 1800 1263 1826 hoc
1273 1799 1412 1835 Philippus
1422 1808 1483 1828 cum
1500 1809 1594 1837 capere
1610 1810 1663 1829 non

884 1850 985 1880 posset,
1005 1845 1093 1880 quoad
1105 1846 1197 1872 videre
1208 1845 1314 1878 licebat,
1328 1846 1434 1873 volebat
1445 1847 1535 1874 videre
1546 1847 1665 1876 Patrem.

884 1890 934 1918 Cui
957 1891 1088 1918 Dominus
1104 1891 1173 1918 dixit
1189 1901 1195 1918 :
1218 1901 1227 1917 ‹
1243 1891 1375 1926 Philippe,
1387 1896 1462 1919 tanto
1484 1897 1602 1927 tempore
1615 1901 1665 1920 vo—

885 1937 991 1965 biscum
1013 1945 1084 1970 sum,
1100 1942 1127 1964 et
1142 1944 1195 1964 non
1215 1937 1363 1973 cognovisti
1381 1938 1439 1964 me?
1457 1938 1503 1972 qui
1526 1938 1593 1966 vidit
1610 1947 1664 1972 me,

1044 2017 1066 2033 "
1081 2016 1159 2046 Joan.
1175 2025 1193 2049 ι,
1211 2016 1252 2043 l0.
1290 2017 1313 2033 ⁵⁸
1325 2016 1404 2044 Joan.
1421 2024 1478 2050 xtv,
1490 2017 1517 2050 8,
1531 2017 1558 2045 9.

879 2103 971 2130 opera.
984 2094 1041 2120 Non
1050 2094 1160 2121 creditis
1169 2093 1233 2128 quia
1245 2101 1295 2128 ego
1306 2094 1333 2120 in
1358 2092 1438 2130 Patre
1449 2098 1476 2120 et
1483 2092 1564 2130 Pater
1578 2093 1605 2120 in
1619 2102 1662 2121 me

757 2141 765 2156 ι
784 2131 828 2157 Fi-
844 2137 866 2164 Ι)
880 2128 1044 2164 θέιιῖνῖιιίοψιὶ
1054 2135 1166 2164 propter
1175 2130 1322 2163 operaipsa
1330 2129 1439 2156 credite.
1455 2137 1464 2153 ι
1477 2128 1546 2164 Quia
1555 2136 1662 2164 semper

881 2167 926 2194 hic
950 2165 1032 2191 homo
1057 2163 1220 2199 operabatur
1242 2164 1395 2199 justitiam,
1425 2163 1659 2199 misericordiam,

879 2200 1039 2229 charitatem
1055 2198 1081 2226 et
1097 2204 1207 2226 caeteras
1222 2199 1336 2225 virtutes
1349 2198 1552 2224 immutabiliter
1566 2205 1663 2225 secun-

879 2237 943 2263 dum
956 2235 1002 2261 Dei
1018 2235 1183 2261 voluntatem
1196 2242 1203 2266 ;
1218 2234 1268 2261 hac
1279 2234 1360 2260 etiam
1373 2234 1487 2265 ratione,
1504 2233 1530 2259 id
1543 2237 1594 2264 est,
1612 2240 1661 2267 po-

880 2274 976 2298 testate
991 2274 1017 2296 et
1033 2269 1214 2296 consensione
1235 2269 1332 2295 mentis
1347 2271 1374 2295 et
1390 2268 1548 2299 voluntatis,
1565 2272 1591 2295 et
1607 2276 1662 2294 non

879 2307 967 2334 solum
983 2305 1131 2332 secundum
1151 2304 1341 2334 substantiam,
1358 2303 1415 2337 ipse
1438 2308 1465 2330 et
1482 2302 1564 2330 Pater
1578 2310 1662 2330 unum

879 2345 967 2371 erant,
990 2340 1060 2366 sicut
1074 2339 1181 2366 volebat
1201 2339 1351 2372 discipulos
1366 2345 1430 2365 suos
1452 2346 1513 2365 esse
1533 2345 1618 2365 unum
1635 2337 1662 2364 in

878 2376 987 2403 Christo
1002 2379 1028 2401 et
1042 2376 1069 2401 in
1085 2374 1174 2401 Patre.
1191 2377 1325 2407 potestate
1338 2377 1365 2399 et
1378 2374 1559 2400 consensione
1571 2373 1665 2407 volun-

879 2411 942 2438 tatis
963 2417 1018 2436 Suae
1042 2417 1103 2436 cum
1130 2406 1268 2435 voluntate
1291 2407 1379 2435 Patris
1392 2412 1418 2434 et
1437 2408 1508 2435 Filii.
1526 2408 1574 2435 Fn.
1591 2406 1663 2435 Tun-

879 2452 985 2472 BIANUS.

914 2480 969 2515 (84)
985 2477 1195 2515 Εῖςνγᾴρμνοῦς
1207 2478 1322 2515 Ιζίιτρὸς
1343 2479 1359 2504 ὁ
1377 2477 1457 2509 παῖς.
1472 2476 1500 2504 Id
1513 2481 1567 2515 est,
1584 2484 1663 2515 mens

879 2511 997 2542 humana
1019 2511 1119 2540 Christi
1142 2520 1196 2539 non
1211 2513 1347 2547 discrepat
1368 2521 1383 2538 a
1399 2516 1488 2547 triente
1504 2511 1594 2538 divina
1610 2511 1661 2538 Pn-

880 2552 944 2582 tris;
961 2555 988 2576 et
1002 2550 1051 2575 hac
1066 2548 1171 2574 ratione
1193 2555 1268 2574 mens
1284 2546 1403 2574 Immana
1424 2546 1525 2574 Christi
1537 2548 1587 2573 etsi
1607 2555 1662 2574 non

879 2590 936 2612 erat
951 2584 1128 2611 cssentialiter
1143 2590 1219 2609 mens
1235 2583 1336 2614 divina,
1350 2586 1408 2610 erat
1423 2586 1513 2608 tamen
1529 2586 1663 2615 potestate

880 2625 907 2646 et
928 2619 1079 2649 atfectione,
1098 2617 1155 2644 sive
1175 2617 1353 2652 dispositione
1371 2616 1572 2652 consensionis,
1597 2617 1662 2651 quia

878 2655 1042 2682 adiciebatur
1063 2651 1225 2680 secundum
1240 2653 1405 2680 voluntatem
1427 2651 1474 2679 Dei
1494 2651 1620 2679 voluntas
1636 2657 1664 2679 et

879 2698 955 2717 mens
974 2690 1091 2715 humana
1107 2688 1226 2720 Christi;
1242 2688 1278 2714 ita
1301 2692 1331 2714 ut.
1351 2687 1465 2722 δυνάμει
1488 2694 1540 2713 una
1558 2691 1663 2719 essent,

879 2732 939 2761 qua:
952 2730 1028 2752 erant
1041 2722 1189 2752 secundum
1206 2723 1386 2752 substantiam
1404 2723 1464 2750 dua:
1478 2726 1595 2750 mentes.
1612 2723 1651 2751 la.
