1856 3050
175 108 227 135 9'23

511 111 539 138 S.
561 110 740 138 lllPl’OLYTl
759 110 833 137 OPP.
856 108 945 136 PARS
962 107 994 135 11.
1013 123 1046 128 -
1065 107 1217 136 DUGMA'I‘.
1237 107 1281 134 ET
1301 105 1473 134 HlSTORlC.

1749 107 1796 135 825

179 165 298 195 Verbum
314 170 423 204 quidem
442 171 523 198 dicit.
541 171 587 198 sed
606 171 683 198 aliter
697 178 742 205 per
755 170 909 205 allegoriam
927 170 953 197 in

1036 167 1160 203 λληγορεῖ
1180 169 1228 203 (α).
1250 167 1342 199 Οὕτως
1361 167 1415 203 γὰρ
1429 166 1557 194 δεικνύων
1580 167 1626 193 τὸν
1644 167 1729 200 Λόγον
1753 167 1794 193 τεῦ

176 217 352 249 terprctatur.
377 218 450 250 imo,
473 225 526 243 non
546 217 624 243 aliter
645 224 691 250 per
708 216 862 250 allegoriam
884 216 965 242 inter-

177 264 319 292 pretatur:
336 262 376 288 sic
391 263 462 289 enim
480 261 625 289 ostendens
638 261 688 288 hoc
701 261 818 289 Verbum
833 261 879 288 Dei
893 261 964 295 quod

179 302 213 330 ab
228 302 305 330 initio
321 309 388 336 crat,
413 309 439 332 et
455 312 525 332 nunc
539 306 654 332 missum
669 311 728 338 est,
748 306 816 332 dixit
829 311 921 340 postea
937 305 964 332 in

179 346 357 382 Apocalypsi:
373 358 381 373 ι
397 349 429 376 Et
445 349 497 376 vidi
512 349 609 375 omium
620 353 753 382 apertum,
766 353 792 376 et
804 357 866 376 ecce
877 355 964 382 equus

180 392 272 424 albus;
290 399 316 420 et
329 394 374 427 qui
394 395 502 425 sodebat
517 395 543 421 in
558 403 608 428 eo,
628 395 714 422 ﬁdelis
736 400 854 422 ctvcrax
866 416 873 426 ,
893 400 919 422 et
936 395 963 422 in

176 437 279 472 justitia
291 438 396 472 judit'al
415 445 441 467 et
466 445 575 475 pugnat.
601 441 677 468 Oculi
691 441 750 475 ejus
765 442 834 468 sicut
856 441 964 468 ﬂamma

179 484 268 517 ignis;
292 489 320 511 et
355 485 380 511 in
408 486 494 520 capite
524 487 584 520 t-jus
620 487 773 514 diademata
799 487 902 520 multa;
921 487 963 513 ba-

176 529 243 557 bens
284 538 380 558 nomen
414 532 567 566 scriptum,
595 533 666 566 quod
693 541 772 560 nemo
804 533 878 559 novit
911 533 963 560 nisi

177 575 244 609 ipse.
278 575 311 602 Et
337 577 449 604 vestitus
474 582 532 604 erat
561 583 636 605 veste
664 586 772 612 aspersa
807 578 960 611 sanguine;

177 626 204 647 et
217 626 340 648 vocatum
353 628 394 649 est
409 630 506 650 nomen
520 623 590 657 ejus.
605 622 721 650 Verbum
735 623 781 649 Dei
794 624 828 649 τ’.
846 633 854 648 ι
871 622 962 650 Videte

177 667 268 700 igitur,
286 666 393 698 fratres,
409 668 547 702 quomodo
558 668 641 695 vestis
654 669 783 703 sanguine
797 676 918 703 aspersa.
935 669 961 696 in

176 711 300 747 symbolo
314 712 475 746 signiﬁcavit
490 719 599 739 carnem
610 734 616 743 ,
632 721 685 747 qua
703 713 777 740 venit
794 713 826 739 ad
842 713 962 740 subeun—

176 757 239 783 dam
256 757 408 790 passionem
432 757 579 792 impatibile
595 757 639 785 Dei
653 757 769 785 Verbum
781 778 788 789 ,
805 759 875 785 sicut
896 759 960 786 mihi

177 802 316 838 propheta:
332 806 474 830 testantur.
496 803 542 830 Sic
556 804 627 830 enim
647 804 685 830 ait
700 804 794 831 beatus
817 804 959 832 Michazas:

1016 213 1084 240 Θεοῦ
1099 213 1193 240 τοῦτον
1207 214 1271 241 ὄντα
1286 214 1333 241 ἀπ’
1349 213 1436 248 ἀρχῆς
1448 213 1495 239 καὶ
1513 213 1559 239 νῦν
1583 213 1796 247 ἀπεσταλμένον,

1016 260 1119 292 ὑποϐὰς
1132 261 1161 286 ὲν
1173 261 1206 295 τῇ
1232 259 1412 294 Ἀποκαλύψει.
1428 259 1494 293 ἔφη·
1516 268 1524 283 ι
1544 259 1599 285 Καὶ
1616 259 1674 284 ἴδον
1693 259 1738 284 τὸν
1754 259 1797 284 οὺ-

1017 305 1095 341 ρανὺν
1112 306 1292 340 ἠνεῳγμένον,
1305 305 1351 331 καὶ
1366 305 1419 331 ἰδοὺ
1434 304 1514 335 inm;
1527 302 1632 335 λευκὺςζ
1645 304 1695 330 καί
1710 305 1724 330 ὁ
1738 304 1799 330 x10-

1015 351 1115 385 ήμενος
1133 351 1176 377 ἐπ’
1197 350 1278 377 αὐτοῦ
1299 350 1392 382 πιστὸς
1403 350 1449 377 καὶ
1464 349 1599 383 ἀληθινὸς,
1608 350 1656 375 καὶ
1669 350 1700 374 ἐν
1707 349 1800 376 διν-πων

1016 395 1082 430 σύνῃ
1097 395 1182 431 κρίνει
1199 396 1245 422 καὶ
1260 395 1380 430 πολεμεῖ.
1394 396 1425 421 Οἱ
1440 395 1468 421 δὲ
1481 394 1613 430 ὀφθαλμοὶ
1633 394 1720 421 αὐτοῦ
1738 395 1799 428 gitti

1015 441 1113 477 πυρός·
1133 441 1179 467 καὶ
1195 441 1347 476 διαδήματα
1359 440 1443 467 πολλὰ
1454 442 1499 468 ἐπὶ
1513 441 1561 475 τὴν
1575 441 1700 476 κεφαλὴν
1709 441 1798 472 αὐταῦ,

1005 485 1081 520 ,ἔχων
1095 486 1181 521 ὄνομα.
1193 486 1382 521 γεγραμμένον
1395 486 1408 512 ὅ
1419 486 1504 518 οὐδεὶς
1520 484 1590 512 οἶδεν
1609 487 1634 512 εἱ
1655 487 1694 521 μὴ
1710 487 1799 518 αὐτὸς.

1013 531 1067 557 Καὶ
1083 531 1310 567 περιϐεϐλημένος
1325 531 1429 567 ἱμάτιον
1447 531 1661 567 ὲῤῥαντισμένον
1683 533 1781 567 αἵματι
1792 541 1798 547 -

1014 577 1059 603 καὶ
1073 577 1202 612 κέκληται
1220 577 1249 603 τὸ
1262 577 1348 612 ὄνομα
1373 577 1470 609 αὐτοῦ,
1488 578 1502 603 ὁ
1519 578 1605 611 Λόγος
1621 577 1671 604 τοῦ
1688 578 1769 604 Θεοῦ.
1789 588 1797 603 ι

1019 623 1114 658 Ὁρᾶτε
1128 621 1184 655 οὖν,
1200 623 1319 658 ἀδελφοὶ,
1332 623 1390 655 πῶς
1404 625 1433 649 ὲν
1447 623 1571 658 συμϐόλῳ
1590 624 1628 659 (7)
1643 624 1675 650 τὸ
1696 625 1800 659 {piem

1011 668 1042 693 τὸ
1053 669 1262 703 ὲῤῥαντισμὲνον
1273 669 1376 703 αἵματι,
1393 669 1442 702 τὴν
1465 669 1554 704 σάρκα
1581 670 1736 704 διηγήσατο
1748 690 1755 699 ,
1770 670 1800 696 δι’

1010 712 1044 749 ἧς
1054 714 1100 740 καὶ
1117 715 1167 740 ὑπὸ
1184 715 1267 746 πάθος
1283 713 1373 750 ἦλθεν,
1389 716 1403 741 ὸ
1417 715 1524 750 ἀπαθὴς
1542 715 1589 742 τοῦ
1607 716 1676 741 θεοῦ
1706 716 1800 749 Λόγος,

1011 759 1292 796 καῡὼς-μαρτυροῦσὲν
1307 769 1350 795 μοι
1367 762 1390 786 οἱ
1402 761 1544 796 πρῡφῆται.
1558 761 1641 795 Λέγει
1653 761 1801 796 γὰρθῦτως

1011 806 1025 831 ὁ
1047 806 1179 841 μακάριος
1206 807 1337 841 Μιχαίας·
1368 816 1377 832 ι
1403 804 1483 838 Οἶκος
1519 807 1613 833 Ἰακὼϐ
1638 807 1801 842 παρὼργιπε

179 855 189 872 ι
204 846 306 874 Domus
317 846 401 874 Jacob
415 847 530 874 irritavit
547 848 676 883 Spiritum
688 849 804 876 Domini.
821 849 882 877 llzec
898 858 953 877 sum

1037 852 1122 886 νεῦμα
1132 852 1242 887 Κυρίου.
1258 852 1348 879 Ταῦτα
1359 852 1392 878 τὰ
1401 852 1600 888 ἐπιτηδεύματα
1608 853 1703 885 αὐτοῖς
1718 855 1801 879 ἐστιν.

176 899 270 920 eorum
288 892 386 921 studia.
408 892 502 920 Nonne
517 894 579 922 boni
597 902 735 922 sermones
752 895 826 929 ejus;
847 899 873 922 ct
890 900 960 923 recte

175 943 237 964 cum
250 937 315 971 ipsis
325 938 474 966 ambulant?
484 939 517 966 Et
528 939 576 974 ipsi
588 939 784 967 suscitaveruut
794 941 960 968 inimicitiam

175 988 269 1014 contra
293 991 386 1019 pacem
406 985 476 1020 ejus,
501 985 613 1020 gloriam
631 986 690 1021 ejus
708 987 882 1014 detraxerunt
894 988 926 1015 ⁷³.
948 997 958 1013 ›

174 1027 203 1055 Id
228 1033 288 1061 est,
323 1029 443 1058 fecerunt
477 1038 538 1058 eum
572 1031 626 1066 pati
655 1032 680 1058 in
706 1039 796 1058 carne.
832 1031 962 1059 Similiter

175 1073 270 1102 beatus
292 1073 392 1102 Paulus
413 1075 467 1103 ait:
487 1085 496 1100 ι
522 1076 599 1108 Quod
618 1077 690 1104 enim
714 1077 880 1112 impossibile
903 1083 962 1105 erat

175 1118 244 1153 legis
260 1119 286 1145 in
302 1127 357 1153 quo
370 1119 556 1147 inﬁrmabatur
571 1129 618 1155 per
634 1129 761 1154 carnem;
780 1120 850 1148 Deus
862 1120 960 1148 Filium

177 1172 258 1193 suum
272 1165 380 1192 mittens
396 1166 422 1192 in
437 1166 614 1194 similitudine
637 1167 728 1194 carnis
744 1167 863 1201 peccati,
881 1167 961 1194 dam-

176 1211 250 1242 navit
265 1216 402 1245 peceatum
420 1212 447 1238 in
465 1219 562 1238 carne:
582 1217 610 1238 ut
624 1211 780 1246 justilieatio
797 1211 862 1245 legis
875 1216 961 1239 osten-

176 1257 285 1284 deretur
297 1257 323 1284 in
338 1256 430 1288 nobis,
445 1257 491 1292 qui
507 1265 559 1283 non
579 1258 725 1284 secundum
741 1265 849 1284 carnem
867 1257 961 1284 ambu-

176 1302 279 1336 lamus,
298 1303 344 1330 sed
362 1303 510 1330 secundum
523 1303 653 1337 Spiritum
668 1302 700 1329 ⁷⁵.
720 1312 729 1328 ι
745 1301 858 1335 Qualem
879 1303 961 1338 igitur

175 1347 272 1377 Filium
291 1357 370 1377 suum
386 1349 457 1376 Deus
471 1357 516 1384 per
534 1357 643 1376 carnem
662 1349 747 1381 misit,
762 1349 815 1377 nisi
831 1348 959 1382 Verbum,
975 1372 977 1375 .

175 1392 248 1426 quod
262 1399 279 1418 a
291 1393 425 1427 principio
442 1392 546 1420 scilicet
565 1393 664 1420 Filium
682 1394 809 1427 vocavit,
832 1394 895 1429 quia
919 1394 960 1422 fu-

174 1439 265 1465 turum
279 1441 338 1464 erat
356 1442 385 1464 ut
397 1441 486 1464 ortum
501 1437 626 1472 caperet?
644 1437 675 1464 Et
695 1445 756 1465 cum
777 1437 863 1466 Filius
878 1447 959 1467 voca-

174 1485 234 1515 tur,
254 1489 397 1510 commune
413 1491 510 1510 nomen
532 1484 633 1513 amoris
649 1491 712 1519 erga
727 1484 852 1512 homines
867 1486 958 1512 sumit.

173 1526 229 1555 Nec
247 1528 319 1556 enim
346 1528 462 1556 Verbum
485 1537 532 1564 per
547 1537 576 1558 se
593 1534 620 1557 et
640 1530 699 1557 sine
719 1537 801 1559 carne
825 1531 960 1565 perfectus

173 1572 258 1603 Filius
275 1579 333 1602 erat
344 1594 352 1607 ,
375 1583 437 1602 cum
453 1579 542 1602 tamen
562 1580 634 1603 esset
650 1575 800 1610 perfectum
823 1575 958 1610 Verbum,

1012 897 1067 931 Οὐχ
1085 898 1109 923 οἱ
1123 897 1196 931 λόγοι
1213 897 1294 923 αὐτοῦ
1307 897 1383 924 καλοὶ
1397 899 1455 933 μετ’
1472 898 1570 930 αὐτῶν,
1589 899 1637 924 καὶ
1652 898 1731 933 ὀρθοὶ
1754 907 1803 924 πο-

1012 943 1134 978 ρεύονται
1143 952 1150 975 ;
1160 943 1214 970 Καὶ
1221 944 1295 970 αὐτοὶ
1304 944 1415 979 ἀντέστη
1420 952 1468 970 σαν
1478 944 1516 975 εἰς
1524 944 1569 979 ἑχο
1574 944 1622 980 ρὰν
1635 945 1707 970 κατὰ
1720 944 1802 979 πρόα-

1012 997 1083 1014 ωπον
1107 989 1156 1024 τῆς
1182 990 1289 1025 εἰρήνης
1313 990 1410 1021 αὑτοῦ,
1436 990 1485 1025 τὴν
1502 989 1578 1022 δόξαν
1599 990 1636 1024 (8)
1664 990 1801 1025 ἐξέδειρεν

1012 1034 1103 1060 αὑτοῦ.
1126 1044 1135 1059 ι
1150 1035 1304 1066 Tauris-1w,
1319 1035 1349 1061 τὸ
1364 1035 1443 1069 σαρκὶ
1462 1035 1557 1062 παθεῖν
1577 1035 1669 1061 αὐτόν.
1702 1035 1799 1062 Ὡσαύ-

1011 1089 1063 1111 τως
1077 1081 1122 1106 καὶ
1132 1081 1145 1106 ὁ
1160 1082 1293 1116 μακάριος
1308 1074 1412 1113 Παῦλος
1428 1081 1502 1115 λέγει
1513 1090 1519 1096 ·
1543 1092 1551 1106 ι
1569 1081 1605 1107 Τὸ
1626 1082 1681 1117 γὰρ
1704 1082 1802 1107 aridae:-

1010 1134 1056 1152 τον
1071 1125 1117 1152 τοῦ
1135 1127 1227 1161 νόμου,
1239 1128 1267 1152 ἐν
1325 1127 1442 1161 ἠσθένει,
1454 1128 1468 1152 ὁ
1484 1127 1549 1158 Θεὸς
1561 1127 1607 1152 τὸν
1622 1127 1722 1153 ἑαυτοῦ
1738 1127 1801 1153 Υἱὶν

1012 1171 1120 1206 πέμψας
1129 1172 1157 1198 ὲν
1171 1172 1322 1208 ὁμοιώματι
1334 1173 1434 1208 σαρκὸς
1443 1173 1578 1208 ἁμαρτίας
1590 1173 1628 1207 (9)
1638 1173 1801 1208 κατέκρινεν

1010 1218 1059 1252 τὴν
1084 1218 1219 1253 ἁμαρτίαν
1233 1221 1265 1254 τῇ
1293 1220 1383 1255 σαρκὶ,
1401 1219 1444 1245 ἵνα
1456 1220 1487 1245 τὸ
1501 1219 1638 1254 δικαίωμα
1656 1219 1704 1245 τοῦ
1718 1220 1800 1255 νόμον

1011 1263 1152 1299 φανερωθῇ
1179 1265 1208 1291 ἐν
1230 1265 1293 1299 ἡμῖν
1309 1266 1365 1296 τοῖς
1381 1264 1417 1300 μὴ
1433 1264 1503 1291 κατὰ
1518 1265 1606 1300 σάρκα
1630 1265 1801 1300 περιπατώ-

1012 1319 1066 1341 σιν,
1081 1311 1149 1337 ἀλλὰ
1165 1311 1235 1338 κατὰ
1250 1311 1371 1346 Πνεῦμα.
1395 1322 1403 1337 ι
1421 1312 1499 1338 Ποῖον
1522 1309 1568 1338 οὖν
1585 1311 1651 1338 Υἱὸν
1677 1311 1801 1338 ἑαυτοῦό

1011 1356 1076 1388 Θεὸς
1090 1357 1132 1384 διὰ
1147 1357 1195 1393 τῆς
1219 1358 1318 1394 σαρκὸς
1341 1357 1525 1392 κατέπεμψεν,
1534 1357 1591 1384 ἀλλ’
1608 1357 1625 1392 ἢ
1643 1357 1689 1384 τὸν
1701 1357 1800 1391 Λόγον,

1010 1401 1039 1427 ὂν
1055 1402 1117 1428 Υὶὸν
1134 1402 1541 1440 πρρσηγόρευεῇιᾲνῖᾲεξλλειν
1556 1403 1637 1430 αὑτὸν
1653 1403 1800 1438 xsvégﬂgt;

1011 1447 1066 1473 Καὶ
1080 1447 1111 1473 τὸ
1128 1447 1214 1474 κοινὸν
1234 1448 1317 1483 ὄνομα.
1337 1449 1384 1484 τῆς
1409 1449 1448 1479 εἰς
1471 1447 1631 1483 ἀνθρώπους
1658 1448 1796 1483 φιλοστορ

1010 1492 1072 1526 γίας
1092 1493 1147 1529 (10)
1163 1493 1349 1529 ἁναλαμδάνει
1363 1495 1376 1520 ό
1388 1494 1451 1525 Υἱὸς
1463 1493 1638 1529 καλούμενος.
1663 1494 1733 1521 Οὔτε
1746 1494 1801 1528 γὰρ

1011 1538 1129 1573 ἄσαρκος
1137 1540 1182 1566 καὶ
1195 1540 1255 1566 καθ’
1264 1540 1358 1566 ἑαυτὸν
1370 1541 1383 1567 ὁ
1392 1541 1486 1575 Λόγος,
1497 1541 1598 1572 τέλειος
1612 1538 1645 1575 ἦν
1656 1541 1722 1572 Υἱὸς
1732 1540 1753 1575 (l
1763 1541 1799 1573 l).

1013 1582 1099 1609 καίτοι
1119 1584 1220 1615 τέλειος
1244 1585 1329 1618 Λόγος
1350 1584 1398 1618 ὢν,
1416 1586 1582 1620 Μονογενὴς.
1606 1585 1671 1611 οῡθ’
1693 1586 1711 1620 ἡ
1734 1583 1801 1620 σὰρξ

205 1640 229 1658 "
247 1642 331 1677 Apoc.
349 1650 406 1675 xu,
422 1642 516 1669 11-13.
552 1642 575 1658 ⁷³
590 1642 670 1670 Mieh.
685 1650 714 1676 ιι,
729 1643 755 1676 7,
773 1643 800 1670 8.
837 1644 860 1660 ⁷⁵
874 1644 952 1674 Rom.

1041 1651 1068 1683 5,
1082 1651 1108 1677 ιί.

174 1710 264 1744 locum
280 1715 345 1744 puto
366 1718 381 1736 a
399 1711 535 1742 Turriano
552 1712 643 1739 minus
661 1712 729 1739 bene
747 1712 787 1740 sic
804 1714 954 1742 redditum:

178 1753 188 1770 ι
207 1743 310 1782 Novqu
326 1745 436 1782 verbum
453 1747 519 1773 mihi
538 1747 628 1779 aliers,
645 1754 706 1774 cum
722 1747 818 1775 Filium
835 1757 952 1782 vocasu

176 1783 257 1814 atque
277 1779 448 1815 Hippolytum
466 1782 556 1815 potius
579 1782 605 1808 in
626 1782 696 1809 hanc
716 1784 876 1814 sententiam
892 1779 960 1812 scri-

175 1815 279 1847 psisse:
301 1823 311 1841 ι
333 1814 436 1842 Novum
452 1814 517 1842 mihi
535 1816 632 1849 aﬂ'ers,
648 1824 709 1844 cum
726 1816 822 1845 Filium
843 1818 958 1847 Verbum

174 1856 257 1876 vocas
268 1869 274 1880 ,
296 1858 305 1874 ι
322 1850 378 1876 sive
395 1849 474 1877 Verbi
489 1851 606 1884 appellas
624 1852 742 1879 nomine.
756 1852 889 1882 ῈΑιιιιιο...
905 1854 943 1882 Ne

176 1891 229 1923 que
241 1883 530 1925 aliter_V\{eSSc-lingius
544 1886 687 1925 I’rababil._
704 1895 763 1921 cap.
778 1888 822 1921 26,
834 1897 894 1925 pag.
907 1890 960 1922 252

176 1919 254 1952 cujus
270 1919 381 1953 proinde
403 1919 554 1949 versionem
569 1919 760 1956 expressimus.

213 1976 252 2009 (6)
278 1976 353 2003 Ἀλλ’
368 1976 467 2010 ἄλλως
483 1978 652 2012 ἀλληγορεῖ.
673 1989 682 2004 ‹
707 1979 758 2007 Sed
779 1980 856 2008 aliter
876 1980 960 2008 inter—

177 2016 308 2047 pretatur.
331 2021 340 2037 ι
364 2011 515 2047 Statimque
534 2011 584 2040 ista
597 2011 630 2039 fin
652 2016 776 2042 versione
789 2015 957 2043 subduntur:

179 2045 286 2084 ulmo,
312 2054 362 2084 non
384 2045 533 2084 aliter-per
557 2048 711 2083 allegoriam
725 2050 929 2084 interpretatur;
947 2061 956 2076 ι

176 2081 299 2118 adeoque
329 2082 423 2118 legerit
451 2082 583 2117 interpres
604 2081 621 2109 ι’
632 2085 761 2118 μενοῦνγε
792 2081 841 2111 ὁὺκ
875 2081 960 2118 (illo);

175 2116 337 2156 dnmopsi;
358 2116 420 2156 quae
440 2116 548 2156 quidem
568 2116 794 2156 sive—exscriptori
812 2121 868 2147 sive
883 2116 962 2156 typo;

177 2153 257 2190 t‘hetae
277 2153 312 2179 ob
325 2153 465 2186 repetitum
484 2152 627 2190 ἀλληγορεῖ
641 2152 789 2181 exciderint
803 2164 809 2180 ι
826 2163 856 2182 ea
874 2152 961 2190 siqui-

177 2186 237 2213 detn
259 2192 402 2215 contextus
425 2186 562 2221 postulare
582 2186 697 2216 videtur.
719 2190 756 2215 Ad
777 2190 849 2216 hunc
872 2186 960 2217 autem

178 2221 266 2248 locum
285 2222 341 2249 hinc
356 2223 465 2249 adnotat
487 2222 653 2249 'l‘urrianus:
674 2233 682 2248 ι
702 2223 817 2250 Verbum
840 2224 885 2252 Dei
910 2233 963 2251 non

176 2256 336 2292 allegorice,
362 2258 408 2284 sed
435 2258 541 2292 propiic
556 2257 654 2283 Filium
672 2258 718 2285 Dei
739 2259 881 2292 signiﬁcat.
907 2259 964 2286 lloc

176 2291 265 2325 ipsum
285 2292 516 2328 ‘beatusrCyrillus
540 2292 587 2319 lib.
609 2300 645 2319 vii
668 2291 795 2319 Thesauri
809 2314 815 2325 ,
841 2302 899 2328 cap.
928 2295 938 2321 1
956 2314 963 2326 ,

178 2331 272 2364 contra
284 2325 447 2364 Eunomiu'm
468 2327 575 2359 docuit;
593 2332 620 2354 et
636 2336 682 2362 per
697 2328 855 2364 ﬁeriptliras
870 2325 966 2364 proba—

176 2361 216 2388 vit
227 2368 287 2388 esse
302 2360 417 2396 Vet'bum
429 2363 567 2396 proprium
584 2360 680 2389 nomen
695 2360 772 2389 Filii-2
790 2364 815 2390 id
831 2360 880 2396 est,
896 2365 966 2392 hanc

177 2403 291 2433 Voconi,
313 2395 440 2429 Verbum,
463 2395 570 2433 proprie
587 2403 612 2423 et
630 2398 817 2433 decenter-,et
841 2395 893 2425 non
919 2407 965 2433 per

176 2431 337 2458 abusionem
361 2436 409 2458 aut
444 2432 619 2467 allegoriam,
651 2433 751 2461 Filium
780 2432 827 2460 Dei
859 2431 964 2469 signiﬁ-

177 2471 250 2492 care.
267 2475 276 2490 ι

213 2510 251 2545 (7)
265 2508 314 2537 Ἐν
330 2512 478 2549 σέυμϐᾴλῳτ
498 2511 554 2540 Hoc
569 2517 626 2544 est,
651 2513 676 2549 i_n
695 2514 796 2546 ﬁgura,
811 2521 864 2549 qua
881 2513 964 2541 utitur

179 2545 260 2573 etiam
277 2547 405 2581 propheta
418 2547 500 2574 Isaias
517 2555 593 2580 LXIII,
609 2549 634 2574 1.
652 2547 760 2575 FABRIC-

215 2593 252 2628 (8)
275 2593 335 2627 Τὴν
347 2592 449 2625 δόξαν.
470 2593 516 2621 Sic
534 2593 669 2621 habebant
689 2594 759 2620 LXX
775 2594 801 2621 in
817 2594 964 2628 exemplari

178 2627 334 2664 ﬂippoly'ti,
358 2628 434 2660 δόξαν
447 2648 454 2660 ,
483 2637 536 2656 non
561 2629 655 2664 ᾄοράβ,
680 2634 708 2655 ιιι
726 2637 798 2656 nunc
813 2630 839 2656 in
856 2627 963 2657 nostris.

177 2661 312 2690 convenit
325 2664 382 2690 haec
395 2665 472 2691 lectio
491 2671 552 2691 eum
562 2661 613 2690 lsa.
626 2672 684 2695 Lm,
697 2664 714 2690 2
729 2673 734 2690 :
751 2673 760 2690 ‹
780 2664 838 2691 Non
853 2669 894 2692 est
909 2672 966 2698 spe-

179 2698 234 2724 cies
247 2699 282 2731 ei,
297 2706 383 2733 neque
396 2699 487 2726 decor.
510 2708 519 2724 ι
537 2698 586 2725 Fn.
603 2698 689 2726 Τυιιιι.
831 2704 833 2706 '

215 2733 253 2768 (9)
280 2734 439 2768 'Ajtapn’ag.
463 2734 569 2770 Omittit
584 2736 678 2770 "verba
695 2753 703 2766 ,
727 2734 773 2759 καὶ
793 2734 857 2770 περὶ
875 2735 961 2769 ἁμαρ-

179 2768 253 2800 νίας,
269 2777 329 2803 quae
345 2775 370 2796 et
387 2769 416 2797 in
431 2777 486 2796 uno
499 2769 601 2796 Covelli
613 2769 707 2796 codice
725 2768 840 2796 absunt':
864 2768 910 2796 sed
932 2768 966 2796 ab

181 2804 242 2839 aliis
256 2804 394 2832 codicibus
405 2825 412 2835 ,
428 2804 656 2839 quemadmodum
671 2809 697 2831 et
711 2804 881 2832 versionibus
896 2805 965 2831 anti-

181 2838 243 2877 quis
262 2839 386 2878 Epistoltt’
400 2838 601 2873 ad’ltomauos,
616 2844 808 2877 agnoscuntur.
822 2839 930 2867 inme.

1043 1719 1098 1754 (10)
1111 1721 1144 1746 Τὸ
1156 1721 1258 1747 κοινὸν
1266 1721 1357 1756 ὄνομα
1366 1722 1452 1755 τῆς...
1462 1722 1685 1757 φιλοστοργίας.
1697 1731 1707 1748 I
1718 1721 1799 1749 Com-

1008 1762 1090 1781 mune
1099 1763 1196 1782 nomen
1204 1757 1314 1783 amoris.
1322 1767 1331 1782 ι
1342 1757 1425 1784 Filius
1434 1757 1491 1788 Dei.
1501 1758 1573 1784 lilins
1582 1757 1701 1784 hominis
1712 1759 1800 1783 nomi-

1010 1795 1090 1816 natus
1098 1794 1139 1817 est
1149 1796 1174 1818 et
1187 1791 1246 1822 fuit.
1259 1797 1288 1818 ut
1297 1799 1346 1819 nos
1354 1792 1399 1818 ﬁlii
1416 1791 1461 1819 Dei
1471 1795 1644 1819 nominemur
1655 1798 1682 1818 et
1693 1792 1797 1819 simus:

1010 1825 1081 1858 quod
1098 1825 1148 1852 fuit
1163 1834 1276 1853 summa:
1294 1834 1357 1860 erga
1377 1835 1426 1854 nos
1441 1827 1593 1854 charitatis.
1617 1836 1626 1852 ι
1650 1825 1763 1860 Videte,
1786 1838 1796 1852 ι

1011 1860 1099 1894 inquit
1113 1860 1234 1888 Joannes
1248 1861 1273 1887 in
1293 1861 1377 1894 Epist.
1394 1861 1415 1893 l,
1429 1869 1489 1895 cap.
1507 1869 1526 1892 ι,
1544 1862 1569 1894 l,
1588 1871 1597 1886 ι
1613 1862 1721 1896 qualem
1735 1863 1799 1888 cha-

1011 1895 1117 1922 ritatem
1134 1895 1207 1922 dedit
1219 1896 1298 1923 nobis
1312 1896 1401 1927 Pater,
1415 1902 1443 1923 ut
1458 1897 1503 1923 lilii
1525 1896 1570 1923 Dei
1586 1897 1760 1923 nominemur
1773 1901 1798 1922 et

1012 1929 1113 1956 simus!
1131 1940 1140 1955 »
1157 1929 1213 1958 Nisi
1229 1931 1300 1957 enim
1315 1932 1354 1958 sic
1366 1931 1443 1958 Pater
1454 1931 1594 1958 dilexisset
1609 1930 1754 1962 mundum,
1770 1936 1799 1957 ut

1014 1963 1111 1990 Filium
1130 1973 1209 1992 suum
1233 1965 1332 1992 factum
1356 1967 1440 1993 ﬁlium
1461 1966 1579 1993 hominis
1602 1973 1651 2000 pro
1669 1964 1750 1993 nobis
1770 1966 1796 1992 in

1013 2004 1126 2036 mortem
1143 2000 1311 2032 tradidisset,
1330 2001 1498 2035 adoptionem
1514 2001 1631 2036 ﬁliorum
1648 2000 1697 2027 Dei
1716 2008 1797 2036 quam

1012 2035 1176 2068 accepimus,
1191 2043 1242 2061 non
1257 2037 1466 2070 accepissemus.
1482 2036 1532 2070 Fu.
1548 2035 1682 2070 Tutilius.

1048 2069 1103 2104 (11)
1125 2070 1198 2105 Οϋζε
1217 2069 1328 2104 γὰρηηξ
1346 2071 1458 2103 τέλειος
1474 2069 1513 2105 ἦν
1531 2071 1606 2102 Υἱός.
1632 2080 1641 2095 ι
1655 2069 1711 2097 Nec
1725 2071 1796 2098 enim

1013 2104 1149 2140 perfectus
1163 2104 1248 2132 Filius
1261 2111 1344 2132 eram
1359 2105 1431 2133 Nihil
1443 2106 1535 2132 deerat
1547 2105 1616 2132 Filio
1625 2105 1672 2132 Dei
1687 2106 1722 2132 ad
1739 2113 1798 2140 per-

1015 2139 1158 2166 fectionem
1175 2140 1357 2174 generationis
1373 2145 1480 2168 aeternae
1493 2148 1523 2167 ex
1539 2140 1628 2172 Patre,
1650 2139 1795 2175 antequam

1015 2174 1090 2201 ﬁeret
1105 2175 1175 2201 titius
1191 2175 1327 2202 hominis:
1344 2175 1390 2203 sed
1411 2175 1443 2202 ad
1464 2175 1611 2209 perfectum
1637 2176 1795 2210 mysterium

979 2202 1001 2230 ι)
1016 2210 1175 2237 ωροιιοιιιὶίιι
1190 2211 1284 2237 deerat.
1295 2210 1404 2237 Christo
1418 2202 1485 2236 Filio
1501 2210 1568 2242 Dei,
1581 2215 1612 2236 ul.
1628 2204 1705 2236 lit-iet
1725 2211 1795 2237 ﬁlius

1016 2244 1144 2275 hominis,
1161 2249 1187 2270 et
1202 2244 1240 2271 sic
1252 2249 1323 2272 esset
1337 2245 1470 2278 perfectus
1481 2245 1616 2272 Christus.
1629 2245 1699 2272 Cum
1715 2253 1795 2272 carne

1015 2279 1106 2312 itaque
1129 2280 1217 2306 laetus
1238 2284 1279 2306 est
1294 2280 1427 2313 perfectus
1443 2280 1586 2310 Christus,
1611 2285 1638 2306 et
1661 2280 1795 2314 perfectus

1016 2314 1073 2340 sive
1095 2315 1245 2348 completus
1262 2314 1362 2346 Filius;
1377 2315 1461 2342 Filius
1479 2315 1580 2342 scilicet
1604 2314 1668 2346 Dei,
1686 2320 1713 2342 et
1727 2316 1795 2341 lilius

1015 2348 1149 2376 hominis:
1164 2350 1227 2382 quia
1238 2350 1509 2383 hypostasisChristi,
1519 2355 1546 2376 ut
1558 2349 1663 2383 antiqui
1679 2350 1794 2383 theologi

1015 2388 1042 2410 et
1068 2379 1243 2411 ecclesiastici
1257 2379 1352 2411 Patres
1372 2379 1508 2416 tradunt,
1525 2389 1566 2412 est
1588 2379 1654 2419 quid
1679 2379 1795 2419 comple-

1016 2423 1072 2445 tum
1095 2427 1127 2445 cx
1149 2419 1254 2446 duabus
1270 2420 1390 2449 naturis.
1407 2419 1497 2446 divina
1511 2420 1613 2446 scilicet
1628 2424 1656 2446 cl.
1680 2420 1794 2446 humana

1016 2454 1090 2482 unita
1108 2453 1206 2490 Verbo.
1218 2454 1251 2481 Et
1264 2455 1358 2481 beatus
1371 2454 1489 2490 Cyrillus
1505 2455 1551 2481 lib.
1563 2462 1581 2481 ιι
1594 2459 1688 2481 contra
1700 2454 1795 2480 Nesto-

1016 2489 1084 2524 rium
1098 2498 1106 2515 :
1124 2499 1132 2514 ι
1148 2489 1263 2523 Corpus,
1275 2490 1372 2524 inquit,
1388 2498 1421 2516 ex
1435 2489 1548 2516 muliere
1564 2494 1671 2519 natum,
1690 2490 1791 2524 unitum

1017 2523 1104 2559 Verbo
1119 2525 1266 2551 secundum
1279 2524 1446 2559 hypostasin,
1463 2524 1599 2551 Christum
1617 2532 1702 2550 unum
1717 2529 1743 2551 et
1755 2523 1773 2550 1’“
1775 2525 1793 2550 i-

1015 2558 1081 2584 lium
1095 2563 1122 2585 ct
1142 2559 1284 2586 Dominum
1299 2558 1424 2593 perfecit,
1439 2559 1497 2585 sive
1513 2559 1658 2593 complevit
1671 2559 1790 2586 eumdem

1019 2593 1100 2620 Deum
1113 2599 1139 2621 et
1152 2594 1287 2621 hominem
1297 2603 1304 2626 ;
1315 2605 1323 2618 ι
1334 2595 1405 2628 quod
1418 2594 1528 2629 perinde
1540 2599 1581 2620 est
1595 2598 1623 2620 ut
1633 2594 1792 2626 diceret,Fi-

1017 2628 1082 2655 lium
1108 2629 1155 2655 Dei
1176 2633 1202 2655 et
1221 2630 1344 2656 eumdem
1367 2629 1451 2655 ﬁlium
1478 2629 1607 2656 hominis.
1625 2628 1791 2655 Conveniunt

1016 2671 1078 2691 Cum
1095 2663 1136 2690 bis
1152 2671 1212 2697 quae
1228 2663 1356 2691 Leontius
1379 2664 1523 2699 Bylantius
1539 2664 1586 2690 lib.
1607 2671 1615 2690 l
1635 2669 1728 2690 contra
1745 2663 1792 2690 Ne-

1017 2699 1147 2725 storiunas
1170 2704 1194 2725 et
1222 2699 1400 2733 Eutychianoa
1424 2699 1546 2733 scripsit,
1567 2699 1704 2733 duplicem
1736 2706 1790 2725 esse

1017 2733 1209 2768 perfectionem
1222 2734 1248 2760 in
1264 2734 1372 2761 Christo
1387 2742 1393 2759 :
1407 2742 1489 2760 unam
1504 2741 1563 2768 qua;
1577 2734 1738 2767 simpliciter
1751 2733 1789 2759 di-

1017 2769 1104 2802 citur,
1120 2769 1231 2796 alteram
1256 2776 1316 2804 quae
1331 2769 1358 2795 in
1377 2769 1535 2804 habitudine
1548 2768 1681 2800 cernitur,
1699 2776 1789 2796 secun-

1016 2804 1080 2830 dum
1102 2811 1228 2838 magnum
1246 2803 1416 2838 Gregorium.
1441 2813 1450 2829 ι
1465 2803 1618 2831 Perfectum
1644 2805 1734 2836 enim,
1752 2804 1787 2830 iu-

1017 2839 1093 2881 quit,
1109 2844 1149 2867 est
1162 2838 1279 2868 Verbum
1295 2843 1322 2867 et
1335 2839 1454 2875 plenum,
1470 2843 1497 2866 et
1514 2839 1639 2875 praebens
1651 2838 1785 2874 perfectio.
