  <div class='ocr_page' id='page_1' title='image "/cluster/home/n/w/nwhite01/storage/ocr_20150623/10/njp.32101077772406/462.png"; bbox 0 0 1856 3050; ppageno 0'>
   <div class='ocr_carea' id='block_1_1' title="bbox 14 98 1116 129">
    <p class='ocr_par' dir='ltr' id='par_1_1' title="bbox 14 98 1116 129">
     <span class='ocr_line' id='line_1_1' title="bbox 14 98 1116 129; baseline -0.002 -2"><span class='ocrx_word' id='word_1_1' title='bbox 14 101 55 129; x_wconf 65' lang='grc' dir='ltr'><strong>ιδ’]</strong></span> <span class='ocrx_word' id='word_1_2' title='bbox 493 99 635 128; x_wconf 73' lang='lat' dir='ltr'><strong>CONTRA</strong></span> <span class='ocrx_word' id='word_1_3' title='bbox 654 98 816 127; x_wconf 77' lang='lat' dir='ltr'><strong>BERONEM</strong></span> <span class='ocrx_word' id='word_1_4' title='bbox 836 99 879 126; x_wconf 85' lang='lat' dir='ltr'><strong>ET</strong></span> <span class='ocrx_word' id='word_1_5' title='bbox 899 99 1116 128; x_wconf 80' lang='lat' dir='ltr'><strong>HELICONEM.‘</strong></span> 
     </span>
    </p>
   </div>
   <div class='ocr_carea' id='block_1_2' title="bbox 1571 101 1625 128">
    <p class='ocr_par' dir='ltr' id='par_1_2' title="bbox 1571 101 1625 128">
     <span class='ocr_line' id='line_1_2' title="bbox 1571 101 1625 128; baseline 0.037 -2"><span class='ocrx_word' id='word_1_6' title='bbox 1571 101 1625 128; x_wconf 63' lang='lat'><strong>83$</strong></span> 
     </span>
    </p>
   </div>
   <div class='ocr_carea' id='block_1_3' title="bbox 14 157 789 196">
    <p class='ocr_par' dir='ltr' id='par_1_3' title="bbox 14 158 789 196">
     <span class='ocr_line' id='line_1_3' title="bbox 14 158 789 196; baseline -0.001 -10"><span class='ocrx_word' id='word_1_7' title='bbox 14 161 100 194; x_wconf 55' lang='grc' dir='ltr'>γέγονε</span> <span class='ocrx_word' id='word_1_8' title='bbox 128 159 294 196; x_wconf 70' lang='grc' dir='ltr'>ταυτουργὸς</span> <span class='ocrx_word' id='word_1_9' title='bbox 318 161 350 195; x_wconf 81' lang='grc' dir='ltr'>τῇ</span> <span class='ocrx_word' id='word_1_10' title='bbox 370 159 495 194; x_wconf 84' lang='grc' dir='ltr'>Θεότητι,-</span> <span class='ocrx_word' id='word_1_11' title='bbox 505 159 625 195; x_wconf 82' lang='grc' dir='ltr'>δηλονότι</span> <span class='ocrx_word' id='word_1_12' title='bbox 652 159 700 185; x_wconf 72' lang='lat' dir='ltr'><strong>xui.</strong></span> <span class='ocrx_word' id='word_1_13' title='bbox 714 158 789 193; x_wconf 84' lang='grc' dir='ltr'>φύσει</span> 
     </span>
    </p>
   </div>
   <div class='ocr_carea' id='block_1_4' title="bbox 876 157 1627 196">
    <p class='ocr_par' dir='ltr' id='par_1_4' title="bbox 876 157 1627 193">
     <span class='ocr_line' id='line_1_4' title="bbox 876 157 1627 193; baseline -0.003 -6"><span class='ocrx_word' id='word_1_14' title='bbox 876 163 915 187; x_wconf 83' lang='lat' dir='ltr'><strong>cta</strong></span> <span class='ocrx_word' id='word_1_15' title='bbox 928 163 970 186; x_wconf 86' lang='lat' dir='ltr'><strong>est</strong></span> <span class='ocrx_word' id='word_1_16' title='bbox 985 158 1156 193; x_wconf 79' lang='lat' dir='ltr'><strong>cooperatrix</strong></span> <span class='ocrx_word' id='word_1_17' title='bbox 1185 157 1334 190; x_wconf 78' lang='lat' dir='ltr'><strong>divinitati,</strong></span> <span class='ocrx_word' id='word_1_18' title='bbox 1350 157 1433 192; x_wconf 88' lang='lat' dir='ltr'><strong>liquet</strong></span> <span class='ocrx_word' id='word_1_19' title='bbox 1445 158 1518 193; x_wconf 87' lang='lat' dir='ltr'><strong>quod</strong></span> <span class='ocrx_word' id='word_1_20' title='bbox 1533 164 1560 185; x_wconf 83' lang='lat' dir='ltr'><strong>et</strong></span> <span class='ocrx_word' id='word_1_21' title='bbox 1581 167 1627 185; x_wconf 88' lang='lat' dir='ltr'><strong>na-</strong></span> 
     </span>
    </p>
   </div>
   <div class='ocr_carea' id='block_1_5' title="bbox 14 205 789 242">
    <p class='ocr_par' dir='ltr' id='par_1_5' title="bbox 14 205 789 242">
     <span class='ocr_line' id='line_1_5' title="bbox 14 205 789 242; baseline -0.001 -10"><span class='ocrx_word' id='word_1_22' title='bbox 14 207 73 238; x_wconf 63' lang='lat' dir='ltr'><strong>)st</strong></span> <span class='ocrx_word' id='word_1_23' title='bbox 88 206 146 242; x_wconf 81' lang='grc' dir='ltr'>μεθ’</span> <span class='ocrx_word' id='word_1_24' title='bbox 159 206 229 233; x_wconf 81' lang='grc' dir='ltr'>ὅσων</span> <span class='ocrx_word' id='word_1_25' title='bbox 249 206 370 241; x_wconf 76' lang='grc' dir='ltr'><strong>φυσικῶς</strong></span> <span class='ocrx_word' id='word_1_26' title='bbox 395 207 494 232; x_wconf 77' lang='grc' dir='ltr'><strong>νοεῖται</strong></span> <span class='ocrx_word' id='word_1_27' title='bbox 508 205 584 237; x_wconf 86' lang='grc' dir='ltr'><strong>Θεός·</strong></span> <span class='ocrx_word' id='word_1_28' title='bbox 599 205 646 232; x_wconf 81' lang='grc' dir='ltr'>καὶ</span> <span class='ocrx_word' id='word_1_29' title='bbox 658 206 682 231; x_wconf 91' lang='grc' dir='ltr'><strong>εί</strong></span> <span class='ocrx_word' id='word_1_30' title='bbox 695 205 789 239; x_wconf 84' lang='grc' dir='ltr'>γέγονε</span> 
     </span>
    </p>
   </div>
   <div class='ocr_carea' id='block_1_6' title="bbox 14 248 790 287">
    <p class='ocr_par' dir='ltr' id='par_1_6' title="bbox 14 248 790 287">
     <span class='ocr_line' id='line_1_6' title="bbox 14 248 790 287; baseline -0.003 -10"><span class='ocrx_word' id='word_1_31' title='bbox 14 251 155 278; x_wconf 79' lang='grc' dir='ltr'>(ενωθεῖσα</span> <span class='ocrx_word' id='word_1_32' title='bbox 184 252 218 287; x_wconf 86' lang='grc' dir='ltr'>τῇ</span> <span class='ocrx_word' id='word_1_33' title='bbox 236 251 317 287; x_wconf 70' lang='grc' dir='ltr'>σαρκὶ</span> <span class='ocrx_word' id='word_1_34' title='bbox 330 249 528 285; x_wconf 80' lang='grc' dir='ltr'>ταυτοπαθὴςή</span> <span class='ocrx_word' id='word_1_35' title='bbox 544 249 649 285; x_wconf 84' lang='grc' dir='ltr'>θεότης,</span> <span class='ocrx_word' id='word_1_36' title='bbox 670 248 790 284; x_wconf 81' lang='grc' dir='ltr'>δηλονότι</span> 
     </span>
    </p>
   </div>
   <div class='ocr_carea' id='block_1_7' title="bbox 14 294 790 333">
    <p class='ocr_par' dir='ltr' id='par_1_7' title="bbox 14 294 790 333">
     <span class='ocr_line' id='line_1_7' title="bbox 14 294 790 333; baseline -0.003 -11"><span class='ocrx_word' id='word_1_37' title='bbox 14 297 53 323; x_wconf 73' lang='grc' dir='ltr'><strong>αἱ</strong></span> <span class='ocrx_word' id='word_1_38' title='bbox 70 296 149 331; x_wconf 82' lang='grc' dir='ltr'>φύσει</span> <span class='ocrx_word' id='word_1_39' title='bbox 177 297 255 333; x_wconf 79' lang='grc' dir='ltr'>σὰρξ,</span> <span class='ocrx_word' id='word_1_40' title='bbox 287 297 346 332; x_wconf 85' lang='grc' dir='ltr'>μεθ’</span> <span class='ocrx_word' id='word_1_41' title='bbox 362 297 431 324; x_wconf 82' lang='grc' dir='ltr'>ὅσων</span> <span class='ocrx_word' id='word_1_42' title='bbox 460 296 581 332; x_wconf 82' lang='grc' dir='ltr'>φυσικῶς</span> <span class='ocrx_word' id='word_1_43' title='bbox 609 294 790 331; x_wconf 70' lang='grc' dir='ltr'><strong>γνωρίζεσθαι</strong></span> 
     </span>
    </p>
   </div>
   <div class='ocr_carea' id='block_1_8' title="bbox 14 341 790 380">
    <p class='ocr_par' dir='ltr' id='par_1_8' title="bbox 14 341 790 380">
     <span class='ocr_line' id='line_1_8' title="bbox 14 341 790 380; baseline -0.003 -11"><span class='ocrx_word' id='word_1_44' title='bbox 14 343 113 377; x_wconf 75' lang='grc' dir='ltr'>πέφυκε</span> <span class='ocrx_word' id='word_1_45' title='bbox 133 343 210 379; x_wconf 81' lang='grc' dir='ltr'>σάρξ.</span> <span class='ocrx_word' id='word_1_46' title='bbox 227 343 266 370; x_wconf 88' lang='grc' dir='ltr'><strong>Τὰ</strong></span> <span class='ocrx_word' id='word_1_47' title='bbox 292 343 346 379; x_wconf 80' lang='grc' dir='ltr'><strong>γὰρ</strong></span> <span class='ocrx_word' id='word_1_48' title='bbox 359 343 483 380; x_wconf 83' lang='grc' dir='ltr'>ἀλλήλοις</span> <span class='ocrx_word' id='word_1_49' title='bbox 509 342 641 378; x_wconf 85' lang='grc' dir='ltr'>ὁμοεργῆ,</span> <span class='ocrx_word' id='word_1_50' title='bbox 656 341 703 368; x_wconf 70' lang='grc' dir='ltr'>καὶ</span> <span class='ocrx_word' id='word_1_51' title='bbox 724 350 790 367; x_wconf 88' lang='grc' dir='ltr'>ταυ-</span> 
     </span>
    </p>
   </div>
   <div class='ocr_carea' id='block_1_9' title="bbox 14 387 790 423">
    <p class='ocr_par' dir='ltr' id='par_1_9' title="bbox 14 387 790 423">
     <span class='ocr_line' id='line_1_9' title="bbox 14 387 790 423; baseline -0.001 -9"><span class='ocrx_word' id='word_1_52' title='bbox 14 388 119 423; x_wconf 78' lang='grc' dir='ltr'>τουργὰ,</span> <span class='ocrx_word' id='word_1_53' title='bbox 145 387 192 414; x_wconf 76' lang='grc' dir='ltr'>καὶ</span> <span class='ocrx_word' id='word_1_54' title='bbox 218 388 341 423; x_wconf 72' lang='grc' dir='ltr'>ὁμόφυλα</span> <span class='ocrx_word' id='word_1_55' title='bbox 357 389 476 421; x_wconf 80' lang='grc' dir='ltr'>πάντως,</span> <span class='ocrx_word' id='word_1_56' title='bbox 492 388 539 415; x_wconf 68' lang='grc' dir='ltr'>καὶ</span> <span class='ocrx_word' id='word_1_57' title='bbox 552 387 720 422; x_wconf 85' lang='grc' dir='ltr'>ταυτοπαθῆ,</span> <span class='ocrx_word' id='word_1_58' title='bbox 733 387 790 413; x_wconf 84' lang='grc' dir='ltr'>δια-</span> 
     </span>
    </p>
   </div>
   <div class='ocr_carea' id='block_1_10' title="bbox 14 433 791 469">
    <p class='ocr_par' dir='ltr' id='par_1_10' title="bbox 14 433 791 469">
     <span class='ocr_line' id='line_1_10' title="bbox 14 433 791 469; baseline -0.001 -10"><span class='ocrx_word' id='word_1_59' title='bbox 14 434 94 469; x_wconf 67' lang='grc' dir='ltr'>ξορὰν</span> <span class='ocrx_word' id='word_1_60' title='bbox 115 434 163 461; x_wconf 82' lang='grc' dir='ltr'>οὐκ</span> <span class='ocrx_word' id='word_1_61' title='bbox 191 434 343 469; x_wconf 74' lang='grc' dir='ltr'><strong>ἐπιδέχεται</strong></span> <span class='ocrx_word' id='word_1_62' title='bbox 361 434 477 469; x_wconf 67' lang='grc' dir='ltr'>φύσεως</span> <span class='ocrx_word' id='word_1_63' title='bbox 509 434 555 461; x_wconf 74' lang='grc' dir='ltr'>καὶ</span> <span class='ocrx_word' id='word_1_64' title='bbox 581 434 687 468; x_wconf 84' lang='grc' dir='ltr'><strong>φύσεων</strong></span> <span class='ocrx_word' id='word_1_65' title='bbox 700 433 791 464; x_wconf 81' lang='grc' dir='ltr'>αὐτοῖς</span> 
     </span>
    </p>
   </div>
   <div class='ocr_carea' id='block_1_11' title="bbox 14 478 790 516">
    <p class='ocr_par' dir='ltr' id='par_1_11' title="bbox 14 478 790 516">
     <span class='ocr_line' id='line_1_11' title="bbox 14 478 790 516; baseline -0.001 -11"><span class='ocrx_word' id='word_1_66' title='bbox 14 488 125 515; x_wconf 75' lang='grc' dir='ltr'>ῖυγκεχυ</span> <span class='ocrx_word' id='word_1_67' title='bbox 130 480 226 515; x_wconf 76' lang='grc' dir='ltr'>μένων,</span> <span class='ocrx_word' id='word_1_68' title='bbox 236 481 311 507; x_wconf 77' lang='grc' dir='ltr'>ἔσται</span> <span class='ocrx_word' id='word_1_69' title='bbox 325 481 390 513; x_wconf 79' lang='grc' dir='ltr'>δυὰς</span> <span class='ocrx_word' id='word_1_70' title='bbox 403 482 417 507; x_wconf 79' lang='grc' dir='ltr'>ὁ</span> <span class='ocrx_word' id='word_1_71' title='bbox 430 480 556 516; x_wconf 83' lang='grc' dir='ltr'>Χριστὸς,</span> <span class='ocrx_word' id='word_1_72' title='bbox 572 480 618 506; x_wconf 74' lang='grc' dir='ltr'><strong>καὶ</strong></span> <span class='ocrx_word' id='word_1_73' title='bbox 637 478 790 515; x_wconf 77' lang='grc' dir='ltr'><strong>προσώπων</strong></span> 
     </span>
    </p>
   </div>
   <div class='ocr_carea' id='block_1_12' title="bbox 14 524 791 561">
    <p class='ocr_par' dir='ltr' id='par_1_12' title="bbox 14 524 791 561">
     <span class='ocr_line' id='line_1_12' title="bbox 14 524 791 561; baseline -0.001 -10"><span class='ocrx_word' id='word_1_74' title='bbox 14 526 216 561; x_wconf 65' lang='grc' dir='ltr'>ιεμερισμένων</span> <span class='ocrx_word' id='word_1_75' title='bbox 242 526 349 561; x_wconf 75' lang='grc' dir='ltr'>τετρὰς,</span> <span class='ocrx_word' id='word_1_76' title='bbox 377 526 407 553; x_wconf 83' lang='grc' dir='ltr'>τὸ</span> <span class='ocrx_word' id='word_1_77' title='bbox 433 526 622 560; x_wconf 83' lang='grc' dir='ltr'>φευκτὸτατον.</span> <span class='ocrx_word' id='word_1_78' title='bbox 654 524 709 551; x_wconf 66' lang='grc' dir='ltr'><strong>Καὶ</strong></span> <span class='ocrx_word' id='word_1_79' title='bbox 732 525 791 556; x_wconf 76' lang='grc' dir='ltr'><strong>πῶς</strong></span> 
     </span>
    </p>
   </div>
   <div class='ocr_carea' id='block_1_13' title="bbox 14 570 790 607">
    <p class='ocr_par' dir='ltr' id='par_1_13' title="bbox 14 570 790 607">
     <span class='ocr_line' id='line_1_13' title="bbox 14 570 790 607; baseline 0 -11"><span class='ocrx_word' id='word_1_80' title='bbox 14 572 97 602; x_wconf 74' lang='grc' dir='ltr'>ιὺτοῖ;</span> <span class='ocrx_word' id='word_1_81' title='bbox 112 570 152 603; x_wconf 78' lang='grc' dir='ltr'><strong>εἷς</strong></span> <span class='ocrx_word' id='word_1_82' title='bbox 167 572 214 598; x_wconf 80' lang='grc' dir='ltr'>καὶ</span> <span class='ocrx_word' id='word_1_83' title='bbox 227 573 240 598; x_wconf 87' lang='grc' dir='ltr'>ὁ</span> <span class='ocrx_word' id='word_1_84' title='bbox 253 573 344 603; x_wconf 76' lang='grc' dir='ltr'>αὐτὸς,</span> <span class='ocrx_word' id='word_1_85' title='bbox 360 572 426 603; x_wconf 85' lang='grc' dir='ltr'>Θεὸς</span> <span class='ocrx_word' id='word_1_86' title='bbox 447 571 516 607; x_wconf 77' lang='grc' dir='ltr'>ὁμοῦ</span> <span class='ocrx_word' id='word_1_87' title='bbox 532 571 610 606; x_wconf 73' lang='grc' dir='ltr'>φύσει</span> <span class='ocrx_word' id='word_1_88' title='bbox 626 570 673 597; x_wconf 73' lang='grc' dir='ltr'>καὶ</span> <span class='ocrx_word' id='word_1_89' title='bbox 683 570 790 606; x_wconf 86' lang='grc' dir='ltr'>ἅνθρω-</span> 
     </span>
    </p>
   </div>
   <div class='ocr_carea' id='block_1_14' title="bbox 14 615 789 653">
    <p class='ocr_par' dir='ltr' id='par_1_14' title="bbox 14 615 789 653">
     <span class='ocr_line' id='line_1_14' title="bbox 14 615 789 653; baseline -0.001 -10"><span class='ocrx_word' id='word_1_90' title='bbox 14 626 65 649; x_wconf 75' lang='grc' dir='ltr'>πος,</span> <span class='ocrx_word' id='word_1_91' title='bbox 77 618 92 644; x_wconf 84' lang='grc' dir='ltr'>ὁ</span> <span class='ocrx_word' id='word_1_92' title='bbox 107 619 224 653; x_wconf 80' lang='grc' dir='ltr'>Χριστός</span> <span class='ocrx_word' id='word_1_93' title='bbox 235 627 242 651; x_wconf 84' lang='grc'>;</span> <span class='ocrx_word' id='word_1_94' title='bbox 259 618 339 645; x_wconf 81' lang='grc' dir='ltr'>ποίαν</span> <span class='ocrx_word' id='word_1_95' title='bbox 352 618 380 644; x_wconf 82' lang='grc' dir='ltr'><strong>δὲ</strong></span> <span class='ocrx_word' id='word_1_96' title='bbox 394 618 453 644; x_wconf 79' lang='grc' dir='ltr'>κατ’</span> <span class='ocrx_word' id='word_1_97' title='bbox 465 618 564 649; x_wconf 86' lang='grc' dir='ltr'>αὐτοὺς</span> <span class='ocrx_word' id='word_1_98' title='bbox 575 617 630 650; x_wconf 74' lang='grc' dir='ltr'>ἔξει</span> <span class='ocrx_word' id='word_1_99' title='bbox 641 616 689 652; x_wconf 78' lang='grc' dir='ltr'>τὴν</span> <span class='ocrx_word' id='word_1_100' title='bbox 701 615 789 651; x_wconf 80' lang='grc' dir='ltr'>ὓπαρ-</span> 
     </span>
    </p>
   </div>
   <div class='ocr_carea' id='block_1_15' title="bbox 14 663 790 700">
    <p class='ocr_par' dir='ltr' id='par_1_15' title="bbox 14 663 790 700">
     <span class='ocr_line' id='line_1_15' title="bbox 14 663 790 700; baseline -0.001 -10"><span class='ocrx_word' id='word_1_101' title='bbox 14 664 56 697; x_wconf 79' lang='grc' dir='ltr'>ξιν,</span> <span class='ocrx_word' id='word_1_102' title='bbox 80 664 214 700; x_wconf 75' lang='grc' dir='ltr'>μεταϐολῇ</span> <span class='ocrx_word' id='word_1_103' title='bbox 241 664 368 700; x_wconf 81' lang='grc' dir='ltr'><strong>θεότητος</strong></span> <span class='ocrx_word' id='word_1_104' title='bbox 394 663 537 698; x_wconf 84' lang='grc' dir='ltr'>γενόμενος</span> <span class='ocrx_word' id='word_1_105' title='bbox 569 663 720 699; x_wconf 74' lang='grc' dir='ltr'>ἅνθρωπος,</span> <span class='ocrx_word' id='word_1_106' title='bbox 744 663 790 690; x_wconf 76' lang='grc' dir='ltr'><strong>καὶ</strong></span> 
     </span>
    </p>
   </div>
   <div class='ocr_carea' id='block_1_16' title="bbox 14 709 790 747">
    <p class='ocr_par' dir='ltr' id='par_1_16' title="bbox 14 709 790 747">
     <span class='ocr_line' id='line_1_16' title="bbox 14 709 790 747; baseline -0.003 -10"><span class='ocrx_word' id='word_1_107' title='bbox 14 712 106 747; x_wconf 75' lang='grc' dir='ltr'>ταρκὸς</span> <span class='ocrx_word' id='word_1_108' title='bbox 138 711 314 746; x_wconf 79' lang='grc' dir='ltr'>μεταποιήσει</span> <span class='ocrx_word' id='word_1_109' title='bbox 341 710 423 744; x_wconf 84' lang='grc' dir='ltr'>Θεός;</span> <span class='ocrx_word' id='word_1_110' title='bbox 457 711 490 737; x_wconf 87' lang='grc' dir='ltr'>Ἠ</span> <span class='ocrx_word' id='word_1_111' title='bbox 523 710 578 746; x_wconf 86' lang='grc' dir='ltr'><strong>γὰρ</strong></span> <span class='ocrx_word' id='word_1_112' title='bbox 607 711 647 741; x_wconf 85' lang='grc' dir='ltr'><strong>είς</strong></span> <span class='ocrx_word' id='word_1_113' title='bbox 675 709 790 745; x_wconf 78' lang='grc' dir='ltr'>ἀλλήλας</span> 
     </span>
    </p>
   </div>
   <div class='ocr_carea' id='block_1_17' title="bbox 14 756 789 792">
    <p class='ocr_par' dir='ltr' id='par_1_17' title="bbox 14 756 789 792">
     <span class='ocr_line' id='line_1_17' title="bbox 14 756 789 792; baseline -0.001 -8"><span class='ocrx_word' id='word_1_114' title='bbox 14 759 104 784; x_wconf 67' lang='grc' dir='ltr'>τούτων</span> <span class='ocrx_word' id='word_1_115' title='bbox 133 757 322 792; x_wconf 78' lang='grc' dir='ltr'>μετάπτωσις,</span> <span class='ocrx_word' id='word_1_116' title='bbox 355 756 490 792; x_wconf 85' lang='grc' dir='ltr'>παντελής</span> <span class='ocrx_word' id='word_1_117' title='bbox 523 758 597 783; x_wconf 87' lang='grc' dir='ltr'>ὲστιν</span> <span class='ocrx_word' id='word_1_118' title='bbox 627 757 789 792; x_wconf 76' lang='grc' dir='ltr'><strong>ἀμφοτέρων</strong></span> 
     </span>
    </p>
   </div>
   <div class='ocr_carea' id='block_1_18' title="bbox 14 802 788 839">
    <p class='ocr_par' dir='ltr' id='par_1_18' title="bbox 14 802 788 839">
     <span class='ocr_line' id='line_1_18' title="bbox 14 802 788 839; baseline 0 -10"><span class='ocrx_word' id='word_1_119' title='bbox 14 804 150 839; x_wconf 69' lang='grc' dir='ltr'>ἱναίρεσις.</span> <span class='ocrx_word' id='word_1_120' title='bbox 180 802 338 829; x_wconf 78' lang='grc' dir='ltr'>Σκοπείσθω</span> <span class='ocrx_word' id='word_1_121' title='bbox 368 802 399 839; x_wconf 84' lang='grc' dir='ltr'><strong>δὴ</strong></span> <span class='ocrx_word' id='word_1_122' title='bbox 433 803 514 829; x_wconf 87' lang='grc' dir='ltr'>πάλιν</span> <span class='ocrx_word' id='word_1_123' title='bbox 552 803 616 838; x_wconf 81' lang='grc' dir='ltr'>ἡμῖν</span> <span class='ocrx_word' id='word_1_124' title='bbox 646 804 746 838; x_wconf 78' lang='grc' dir='ltr'><strong>ἑτέρως</strong></span> <span class='ocrx_word' id='word_1_125' title='bbox 774 804 788 829; x_wconf 87' lang='grc' dir='ltr'>ό</span> 
     </span>
    </p>
   </div>
   <div class='ocr_carea' id='block_1_19' title="bbox 14 850 90 883">
    <p class='ocr_par' dir='ltr' id='par_1_19' title="bbox 14 850 90 883">
     <span class='ocr_line' id='line_1_19' title="bbox 14 850 90 883; baseline 0.013 -8"><span class='ocrx_word' id='word_1_126' title='bbox 14 850 90 883; x_wconf 54' lang='lat' dir='ltr'><strong>ivi-(0;.</strong></span> 
     </span>
    </p>
   </div>
   <div class='ocr_carea' id='block_1_20' title="bbox 110 904 718 940">
    <p class='ocr_par' dir='ltr' id='par_1_20' title="bbox 110 904 718 940">
     <span class='ocr_line' id='line_1_20' title="bbox 110 904 718 940; baseline -0.002 -8"><span class='ocrx_word' id='word_1_127' title='bbox 110 906 165 932; x_wconf 83' lang='grc' dir='ltr'><strong>Τοῦ</strong></span> <span class='ocrx_word' id='word_1_128' title='bbox 181 904 284 937; x_wconf 78' lang='grc' dir='ltr'>αὐτοῦ,</span> <span class='ocrx_word' id='word_1_129' title='bbox 296 905 330 932; x_wconf 81' lang='grc' dir='ltr'>ἐκ</span> <span class='ocrx_word' id='word_1_130' title='bbox 346 905 398 932; x_wconf 83' lang='grc' dir='ltr'><strong>τοῦ</strong></span> <span class='ocrx_word' id='word_1_131' title='bbox 417 904 509 932; x_wconf 78' lang='grc' dir='ltr'>αὐτοῦ</span> <span class='ocrx_word' id='word_1_132' title='bbox 525 905 626 940; x_wconf 72' lang='grc' dir='ltr'>λόγου.</span> <span class='ocrx_word' id='word_1_133' title='bbox 645 907 681 937; x_wconf 77' lang='grc' dir='ltr'><strong>ς’.</strong></span> <span class='ocrx_word' id='word_1_134' title='bbox 716 938 718 940; x_wconf 26' lang='grc' dir='ltr'><strong>η</strong></span> 
     </span>
    </p>
   </div>
   <div class='ocr_carea' id='block_1_21' title="bbox 40 962 789 1000">
    <p class='ocr_par' dir='ltr' id='par_1_21' title="bbox 40 962 789 1000">
     <span class='ocr_line' id='line_1_21' title="bbox 40 962 789 1000; baseline -0.003 -10"><span class='ocrx_word' id='word_1_135' title='bbox 40 964 155 996; x_wconf 76' lang='grc' dir='ltr'>Εὑσεϐὲς</span> <span class='ocrx_word' id='word_1_136' title='bbox 180 964 335 1000; x_wconf 76' lang='grc' dir='ltr'><strong>κεκύρωται</strong></span> <span class='ocrx_word' id='word_1_137' title='bbox 349 964 435 999; x_wconf 82' lang='grc' dir='ltr'><strong>δόγμα</strong></span> <span class='ocrx_word' id='word_1_138' title='bbox 460 964 642 998; x_wconf 78' lang='grc' dir='ltr'>Χριστιανοῖς,</span> <span class='ocrx_word' id='word_1_139' title='bbox 664 963 724 989; x_wconf 74' lang='grc' dir='ltr'>κατ’</span> <span class='ocrx_word' id='word_1_140' title='bbox 742 962 789 988; x_wconf 78' lang='grc' dir='ltr'><strong>αὺ-</strong></span> 
     </span>
    </p>
   </div>
   <div class='ocr_carea' id='block_1_22' title="bbox 14 1008 789 1046">
    <p class='ocr_par' dir='ltr' id='par_1_22' title="bbox 14 1008 789 1046">
     <span class='ocr_line' id='line_1_22' title="bbox 14 1008 789 1046; baseline -0.004 -9"><span class='ocrx_word' id='word_1_141' title='bbox 14 1011 53 1045; x_wconf 74' lang='grc' dir='ltr'><strong>ῖήν</strong></span> <span class='ocrx_word' id='word_1_142' title='bbox 69 1019 98 1037; x_wconf 89' lang='grc' dir='ltr'><strong>τε</strong></span> <span class='ocrx_word' id='word_1_143' title='bbox 114 1011 206 1045; x_wconf 81' lang='grc' dir='ltr'>φύσιν,</span> <span class='ocrx_word' id='word_1_144' title='bbox 223 1011 270 1038; x_wconf 71' lang='grc' dir='ltr'>καὶ</span> <span class='ocrx_word' id='word_1_145' title='bbox 297 1011 347 1046; x_wconf 83' lang='grc' dir='ltr'>τὴν</span> <span class='ocrx_word' id='word_1_146' title='bbox 372 1010 520 1045; x_wconf 76' lang='grc' dir='ltr'>ἐνέργειαν,</span> <span class='ocrx_word' id='word_1_147' title='bbox 547 1009 593 1035; x_wconf 62' lang='grc' dir='ltr'><strong>καὶ¹</strong></span> <span class='ocrx_word' id='word_1_148' title='bbox 623 1009 676 1035; x_wconf 83' lang='grc' dir='ltr'><strong>πᾶν</strong></span> <span class='ocrx_word' id='word_1_149' title='bbox 697 1008 789 1043; x_wconf 76' lang='grc' dir='ltr'>ἕτερον</span> 
     </span>
    </p>
   </div>
   <div class='ocr_carea' id='block_1_23' title="bbox 14 1052 789 1093">
    <p class='ocr_par' dir='ltr' id='par_1_23' title="bbox 14 1052 789 1093">
     <span class='ocr_line' id='line_1_23' title="bbox 14 1052 789 1093; baseline -0.003 -12"><span class='ocrx_word' id='word_1_150' title='bbox 14 1056 79 1091; x_wconf 67' lang='grc' dir='ltr'>ιὺτῷ</span> <span class='ocrx_word' id='word_1_151' title='bbox 104 1056 252 1093; x_wconf 68' lang='grc' dir='ltr'>προσφυὲς,</span> <span class='ocrx_word' id='word_1_152' title='bbox 280 1056 335 1082; x_wconf 72' lang='grc' dir='ltr'>ἴσον</span> <span class='ocrx_word' id='word_1_153' title='bbox 362 1055 449 1090; x_wconf 80' lang='grc' dir='ltr'>ἑαυτῷ</span> <span class='ocrx_word' id='word_1_154' title='bbox 474 1055 521 1081; x_wconf 77' lang='grc' dir='ltr'><strong>καὶ</strong></span> <span class='ocrx_word' id='word_1_155' title='bbox 542 1053 638 1080; x_wconf 70' lang='grc' dir='ltr'>ταυτὸν</span> <span class='ocrx_word' id='word_1_156' title='bbox 655 1052 723 1080; x_wconf 84' lang='grc' dir='ltr'>εἶναι</span> <span class='ocrx_word' id='word_1_157' title='bbox 745 1054 789 1079; x_wconf 82' lang='grc' dir='ltr'>τὸν</span> 
     </span>
    </p>
   </div>
   <div class='ocr_carea' id='block_1_24' title="bbox 14 1098 790 1136">
    <p class='ocr_par' dir='ltr' id='par_1_24' title="bbox 14 1098 790 1136">
     <span class='ocr_line' id='line_1_24' title="bbox 14 1098 790 1136; baseline -0.005 -9"><span class='ocrx_word' id='word_1_158' title='bbox 14 1102 79 1127; x_wconf 60' lang='grc' dir='ltr'>Θεὸν·</span> <span class='ocrx_word' id='word_1_159' title='bbox 108 1101 191 1136; x_wconf 79' lang='grc' dir='ltr'>μηδὲν</span> <span class='ocrx_word' id='word_1_160' title='bbox 216 1100 305 1136; x_wconf 80' lang='grc' dir='ltr'>ἑαυτῷ</span> <span class='ocrx_word' id='word_1_161' title='bbox 333 1101 386 1127; x_wconf 81' lang='grc' dir='ltr'>τῶν</span> <span class='ocrx_word' id='word_1_162' title='bbox 414 1100 510 1126; x_wconf 76' lang='grc' dir='ltr'>ἑαυτοῦ</span> <span class='ocrx_word' id='word_1_163' title='bbox 536 1099 675 1130; x_wconf 73' lang='grc' dir='ltr'><strong>παντελῶς</strong></span> <span class='ocrx_word' id='word_1_164' title='bbox 698 1098 790 1124; x_wconf 78' lang='grc' dir='ltr'>ἄνισον</span> 
     </span>
    </p>
   </div>
   <div class='ocr_carea' id='block_1_25' title="bbox 14 1144 789 1182">
    <p class='ocr_par' dir='ltr' id='par_1_25' title="bbox 14 1144 789 1182">
     <span class='ocr_line' id='line_1_25' title="bbox 14 1144 789 1182; baseline -0.004 -10"><span class='ocrx_word' id='word_1_165' title='bbox 14 1147 108 1182; x_wconf 76' lang='grc' dir='ltr'>ῖχοντα,</span> <span class='ocrx_word' id='word_1_166' title='bbox 128 1148 175 1174; x_wconf 71' lang='grc' dir='ltr'><strong>καὶ</strong></span> <span class='ocrx_word' id='word_1_167' title='bbox 200 1147 394 1182; x_wconf 83' lang='grc' dir='ltr'>ἀκατάλληλον.</span> <span class='ocrx_word' id='word_1_168' title='bbox 420 1148 450 1172; x_wconf 80' lang='grc' dir='ltr'><strong>Εἰ</strong></span> <span class='ocrx_word' id='word_1_169' title='bbox 477 1146 565 1172; x_wconf 84' lang='grc' dir='ltr'><strong>τοίνυν</strong></span> <span class='ocrx_word' id='word_1_170' title='bbox 590 1144 660 1171; x_wconf 74' lang='grc' dir='ltr'>κατὰ</span> <span class='ocrx_word' id='word_1_171' title='bbox 677 1145 789 1180; x_wconf 83' lang='grc' dir='ltr'>Βήρωνα</span> 
     </span>
    </p>
   </div>
   <div class='ocr_carea' id='block_1_26' title="bbox 14 1191 790 1230">
    <p class='ocr_par' dir='ltr' id='par_1_26' title="bbox 14 1191 790 1230">
     <span class='ocr_line' id='line_1_26' title="bbox 14 1191 790 1230; baseline -0.006 -9"><span class='ocrx_word' id='word_1_172' title='bbox 14 1195 52 1229; x_wconf 75' lang='grc' dir='ltr'><strong>τῆς</strong></span> <span class='ocrx_word' id='word_1_173' title='bbox 75 1195 158 1229; x_wconf 71' lang='grc' dir='ltr'>αὐτῆς</span> <span class='ocrx_word' id='word_1_174' title='bbox 184 1193 258 1229; x_wconf 67' lang='grc' dir='ltr'>αὐτῷ</span> <span class='ocrx_word' id='word_1_175' title='bbox 287 1193 488 1230; x_wconf 69' lang='grc' dir='ltr'>προσληφθεῖσα</span> <span class='ocrx_word' id='word_1_176' title='bbox 516 1192 633 1226; x_wconf 76' lang='grc' dir='ltr'>φυσικῆς</span> <span class='ocrx_word' id='word_1_177' title='bbox 652 1191 790 1227; x_wconf 77' lang='grc' dir='ltr'>ἐνεργείας</span> 
     </span>
    </p>
   </div>
   <div class='ocr_carea' id='block_1_27' title="bbox 14 1238 791 1276">
    <p class='ocr_par' dir='ltr' id='par_1_27' title="bbox 14 1238 791 1276">
     <span class='ocr_line' id='line_1_27' title="bbox 14 1238 791 1276; baseline -0.004 -9"><span class='ocrx_word' id='word_1_178' title='bbox 14 1242 114 1275; x_wconf 68' lang='grc' dir='ltr'>ίέγονεν</span> <span class='ocrx_word' id='word_1_179' title='bbox 129 1242 145 1276; x_wconf 83' lang='grc' dir='ltr'><strong>ἡ</strong></span> <span class='ocrx_word' id='word_1_180' title='bbox 162 1241 240 1276; x_wconf 71' lang='grc' dir='ltr'>σὰρξ,</span> <span class='ocrx_word' id='word_1_181' title='bbox 255 1240 374 1275; x_wconf 78' lang='grc' dir='ltr'>δηλονότι</span> <span class='ocrx_word' id='word_1_182' title='bbox 390 1240 436 1266; x_wconf 73' lang='grc' dir='ltr'>καὶ</span> <span class='ocrx_word' id='word_1_183' title='bbox 453 1240 500 1274; x_wconf 78' lang='grc' dir='ltr'><strong>τῆς</strong></span> <span class='ocrx_word' id='word_1_184' title='bbox 513 1239 597 1273; x_wconf 65' lang='grc' dir='ltr'>αὐτῆς</span> <span class='ocrx_word' id='word_1_185' title='bbox 612 1238 683 1273; x_wconf 72' lang='grc' dir='ltr'>αὐτῷ</span> <span class='ocrx_word' id='word_1_186' title='bbox 697 1238 791 1272; x_wconf 78' lang='grc' dir='ltr'>γέγονε</span> 
     </span>
    </p>
   </div>
   <div class='ocr_carea' id='block_1_28' title="bbox 14 1285 789 1323">
    <p class='ocr_par' dir='ltr' id='par_1_28' title="bbox 14 1285 789 1323">
     <span class='ocr_line' id='line_1_28' title="bbox 14 1285 789 1323; baseline -0.005 -9"><span class='ocrx_word' id='word_1_187' title='bbox 14 1289 111 1322; x_wconf 61' lang='grc' dir='ltr'>ξύσεως</span> <span class='ocrx_word' id='word_1_188' title='bbox 130 1288 188 1323; x_wconf 83' lang='grc' dir='ltr'>μεθ’</span> <span class='ocrx_word' id='word_1_189' title='bbox 206 1289 275 1314; x_wconf 72' lang='grc' dir='ltr'>ὅσων</span> <span class='ocrx_word' id='word_1_190' title='bbox 298 1288 315 1322; x_wconf 82' lang='grc' dir='ltr'>ἡ</span> <span class='ocrx_word' id='word_1_191' title='bbox 341 1287 431 1321; x_wconf 80' lang='grc' dir='ltr'>φύσις,</span> <span class='ocrx_word' id='word_1_192' title='bbox 458 1285 606 1320; x_wconf 77' lang='grc' dir='ltr'>ἀναρχίας,</span> <span class='ocrx_word' id='word_1_193' title='bbox 631 1285 789 1320; x_wconf 82' lang='grc' dir='ltr'>ἀγενησίας,</span> 
     </span>
    </p>
   </div>
   <div class='ocr_carea' id='block_1_29' title="bbox 14 1330 792 1370">
    <p class='ocr_par' dir='ltr' id='par_1_29' title="bbox 14 1330 792 1370">
     <span class='ocr_line' id='line_1_29' title="bbox 14 1330 792 1370; baseline -0.006 -9"><span class='ocrx_word' id='word_1_194' title='bbox 14 1334 140 1370; x_wconf 65' lang='grc' dir='ltr'>Ξπειρὶας,</span> <span class='ocrx_word' id='word_1_195' title='bbox 156 1333 317 1368; x_wconf 79' lang='grc' dir='ltr'>ἁῑδιότητος,</span> <span class='ocrx_word' id='word_1_196' title='bbox 330 1331 526 1367; x_wconf 63' lang='grc' dir='ltr'>ἀκαταληψίας,</span> <span class='ocrx_word' id='word_1_197' title='bbox 545 1331 591 1357; x_wconf 77' lang='grc' dir='ltr'>καὶ</span> <span class='ocrx_word' id='word_1_198' title='bbox 603 1330 655 1356; x_wconf 81' lang='grc' dir='ltr'>τῶν</span> <span class='ocrx_word' id='word_1_199' title='bbox 668 1331 718 1357; x_wconf 80' lang='grc' dir='ltr'>ὅσα</span> <span class='ocrx_word' id='word_1_200' title='bbox 730 1331 792 1357; x_wconf 76' lang='grc' dir='ltr'>τού-</span> 
     </span>
    </p>
   </div>
   <div class='ocr_carea' id='block_1_30' title="bbox 14 1376 789 1415">
    <p class='ocr_par' dir='ltr' id='par_1_30' title="bbox 14 1376 789 1415">
     <span class='ocr_line' id='line_1_30' title="bbox 14 1376 789 1415; baseline -0.006 -8"><span class='ocrx_word' id='word_1_201' title='bbox 14 1390 59 1408; x_wconf 73' lang='grc' dir='ltr'><strong>των</strong></span> <span class='ocrx_word' id='word_1_202' title='bbox 73 1380 134 1407; x_wconf 80' lang='grc' dir='ltr'>καθ’</span> <span class='ocrx_word' id='word_1_203' title='bbox 152 1379 289 1415; x_wconf 83' lang='grc' dir='ltr'>ὑπεροχὴν</span> <span class='ocrx_word' id='word_1_204' title='bbox 307 1379 321 1405; x_wconf 89' lang='grc' dir='ltr'>ὁ</span> <span class='ocrx_word' id='word_1_205' title='bbox 339 1378 492 1412; x_wconf 85' lang='grc' dir='ltr'>θεολογικὸς</span> <span class='ocrx_word' id='word_1_206' title='bbox 507 1376 652 1413; x_wconf 80' lang='grc' dir='ltr'><strong>ὑπερφυῶς</strong></span> <span class='ocrx_word' id='word_1_207' title='bbox 665 1377 745 1412; x_wconf 72' lang='grc' dir='ltr'>ἐνορᾷ</span> <span class='ocrx_word' id='word_1_208' title='bbox 758 1379 789 1412; x_wconf 79' lang='grc' dir='ltr'><strong>τῇ</strong></span> 
     </span>
    </p>
   </div>
   <div class='ocr_carea' id='block_1_31' title="bbox 14 1422 790 1462">
    <p class='ocr_par' dir='ltr' id='par_1_31' title="bbox 14 1422 790 1462">
     <span class='ocr_line' id='line_1_31' title="bbox 14 1422 790 1462; baseline -0.008 -8"><span class='ocrx_word' id='word_1_209' title='bbox 14 1427 112 1462; x_wconf 79' lang='grc' dir='ltr'>θεότητι</span> <span class='ocrx_word' id='word_1_210' title='bbox 131 1426 220 1461; x_wconf 76' lang='grc' dir='ltr'>λόγος’</span> <span class='ocrx_word' id='word_1_211' title='bbox 238 1425 285 1452; x_wconf 73' lang='grc' dir='ltr'>καὶ</span> <span class='ocrx_word' id='word_1_212' title='bbox 297 1425 400 1460; x_wconf 82' lang='grc' dir='ltr'>τροπὴν</span> <span class='ocrx_word' id='word_1_213' title='bbox 413 1423 555 1460; x_wconf 75' lang='grc' dir='ltr'>ἀμφότερα</span> <span class='ocrx_word' id='word_1_214' title='bbox 567 1422 710 1454; x_wconf 78' lang='grc' dir='ltr'>πέπονθεν,</span> <span class='ocrx_word' id='word_1_215' title='bbox 729 1423 790 1458; x_wconf 82' lang='grc' dir='ltr'>μηδ-</span> 
     </span>
    </p>
   </div>
   <div class='ocr_carea' id='block_1_32' title="bbox 14 1468 791 1509">
    <p class='ocr_par' dir='ltr' id='par_1_32' title="bbox 14 1468 791 1509">
     <span class='ocr_line' id='line_1_32' title="bbox 14 1468 791 1509; baseline -0.008 -9"><span class='ocrx_word' id='word_1_216' title='bbox 14 1474 97 1509; x_wconf 65' lang='grc' dir='ltr'>ετέρου</span> <span class='ocrx_word' id='word_1_217' title='bbox 118 1473 164 1499; x_wconf 71' lang='grc' dir='ltr'><strong>τὸν</strong></span> <span class='ocrx_word' id='word_1_218' title='bbox 186 1473 236 1507; x_wconf 78' lang='grc' dir='ltr'><strong>τῆς</strong></span> <span class='ocrx_word' id='word_1_219' title='bbox 263 1471 330 1502; x_wconf 78' lang='grc' dir='ltr'>ἰδίας</span> <span class='ocrx_word' id='word_1_220' title='bbox 345 1470 450 1504; x_wconf 82' lang='grc' dir='ltr'>φύσεως</span> <span class='ocrx_word' id='word_1_221' title='bbox 462 1469 575 1505; x_wconf 82' lang='grc' dir='ltr'>οὑσιώδη</span> <span class='ocrx_word' id='word_1_222' title='bbox 596 1469 673 1503; x_wconf 81' lang='grc' dir='ltr'>λόγον</span> <span class='ocrx_word' id='word_1_223' title='bbox 689 1468 729 1495; x_wconf 73' lang='grc' dir='ltr'>ἔτι</span> <span class='ocrx_word' id='word_1_224' title='bbox 743 1477 791 1494; x_wconf 86' lang='grc' dir='ltr'>σω-</span> 
     </span>
    </p>
   </div>
   <div class='ocr_carea' id='block_1_33' title="bbox 14 1515 792 1554">
    <p class='ocr_par' dir='ltr' id='par_1_33' title="bbox 14 1515 792 1554">
     <span class='ocr_line' id='line_1_33' title="bbox 14 1515 792 1554; baseline -0.008 -8"><span class='ocrx_word' id='word_1_225' title='bbox 14 1520 116 1554; x_wconf 79' lang='grc' dir='ltr'>ζόμενον</span> <span class='ocrx_word' id='word_1_226' title='bbox 130 1519 250 1554; x_wconf 81' lang='grc' dir='ltr'>ἔχοντος.</span> <span class='ocrx_word' id='word_1_227' title='bbox 272 1518 300 1544; x_wconf 90' lang='lat'><strong>&#39;0</strong></span> <span class='ocrx_word' id='word_1_228' title='bbox 325 1517 378 1553; x_wconf 74' lang='grc' dir='ltr'><strong>γὰρ</strong></span> <span class='ocrx_word' id='word_1_229' title='bbox 407 1515 561 1552; x_wconf 69' lang='grc' dir='ltr'>ὲτεροφυῶν</span> <span class='ocrx_word' id='word_1_230' title='bbox 576 1515 652 1546; x_wconf 84' lang='grc' dir='ltr'><strong>εἰδὼς</strong></span> <span class='ocrx_word' id='word_1_231' title='bbox 666 1523 792 1550; x_wconf 81' lang='grc' dir='ltr'>ταυτουρ-</span> 
     </span>
    </p>
   </div>
   <div class='ocr_carea' id='block_1_34' title="bbox 14 1560 792 1600">
    <p class='ocr_par' dir='ltr' id='par_1_34' title="bbox 14 1560 792 1600">
     <span class='ocr_line' id='line_1_34' title="bbox 14 1560 792 1600; baseline -0.008 -7"><span class='ocrx_word' id='word_1_232' title='bbox 14 1567 76 1600; x_wconf 66' lang='grc' dir='ltr'>τίαν,</span> <span class='ocrx_word' id='word_1_233' title='bbox 94 1566 226 1600; x_wconf 78' lang='grc' dir='ltr'>σύγχυσιν</span> <span class='ocrx_word' id='word_1_234' title='bbox 252 1564 320 1600; x_wconf 74' lang='grc' dir='ltr'>ὁμοῦ</span> <span class='ocrx_word' id='word_1_235' title='bbox 336 1562 464 1598; x_wconf 76' lang='grc' dir='ltr'>φυσικὴν,</span> <span class='ocrx_word' id='word_1_236' title='bbox 481 1563 528 1589; x_wconf 72' lang='grc' dir='ltr'><strong>καὶ</strong></span> <span class='ocrx_word' id='word_1_237' title='bbox 550 1562 680 1598; x_wconf 76' lang='grc' dir='ltr'>διαίρεσιν</span> <span class='ocrx_word' id='word_1_238' title='bbox 704 1560 792 1588; x_wconf 75' lang='grc' dir='ltr'>αὐτῶν</span> 
     </span>
    </p>
   </div>
   <div class='ocr_carea' id='block_1_35' title="bbox 14 1607 789 1646">
    <p class='ocr_par' dir='ltr' id='par_1_35' title="bbox 14 1607 789 1646">
     <span class='ocr_line' id='line_1_35' title="bbox 14 1607 789 1646; baseline -0.006 -9"><span class='ocrx_word' id='word_1_239' title='bbox 14 1613 152 1646; x_wconf 73' lang='grc' dir='ltr'>εἰσηγεῖται</span> <span class='ocrx_word' id='word_1_240' title='bbox 177 1610 372 1646; x_wconf 82' lang='grc' dir='ltr'>προσωπικήν·</span> <span class='ocrx_word' id='word_1_241' title='bbox 399 1608 580 1643; x_wconf 79' lang='grc' dir='ltr'>ἁδιαγνώστου</span> <span class='ocrx_word' id='word_1_242' title='bbox 605 1607 742 1638; x_wconf 82' lang='grc' dir='ltr'>παντελῶς</span> <span class='ocrx_word' id='word_1_243' title='bbox 758 1607 789 1642; x_wconf 83' lang='grc' dir='ltr'>τῇ</span> 
     </span>
    </p>
   </div>
   <div class='ocr_carea' id='block_1_36' title="bbox 14 1653 792 1692">
    <p class='ocr_par' dir='ltr' id='par_1_36' title="bbox 14 1653 792 1692">
     <span class='ocr_line' id='line_1_36' title="bbox 14 1653 792 1692; baseline -0.005 -9"><span class='ocrx_word' id='word_1_244' title='bbox 14 1657 58 1683; x_wconf 81' lang='grc' dir='ltr'>τῶν</span> <span class='ocrx_word' id='word_1_245' title='bbox 71 1657 221 1692; x_wconf 77' lang='grc' dir='ltr'>ἰδιωμάτων</span> <span class='ocrx_word' id='word_1_246' title='bbox 237 1656 370 1692; x_wconf 72' lang='grc' dir='ltr'>μεταϐολῇ</span> <span class='ocrx_word' id='word_1_247' title='bbox 381 1656 429 1691; x_wconf 77' lang='grc' dir='ltr'>τῆς</span> <span class='ocrx_word' id='word_1_248' title='bbox 445 1656 563 1691; x_wconf 77' lang='grc' dir='ltr'>φυσικῆς</span> <span class='ocrx_word' id='word_1_249' title='bbox 575 1654 663 1681; x_wconf 80' lang='grc' dir='ltr'>αὐτῶν</span> <span class='ocrx_word' id='word_1_250' title='bbox 681 1653 792 1689; x_wconf 76' lang='grc' dir='ltr'>γενομέ-</span> 
     </span>
    </p>
   </div>
   <div class='ocr_carea' id='block_1_37' title="bbox 14 1703 222 1738">
    <p class='ocr_par' dir='ltr' id='par_1_37' title="bbox 14 1703 222 1738">
     <span class='ocr_line' id='line_1_37' title="bbox 14 1703 222 1738; baseline -0.005 -9"><span class='ocrx_word' id='word_1_251' title='bbox 14 1712 54 1737; x_wconf 79' lang='grc' dir='ltr'>νης</span> <span class='ocrx_word' id='word_1_252' title='bbox 70 1703 222 1738; x_wconf 78' lang='grc' dir='ltr'><strong>ὑπάρξεως.</strong></span> 
     </span>
    </p>
   </div>
   <div class='ocr_carea' id='block_1_38' title="bbox 110 1824 681 1859">
    <p class='ocr_par' dir='ltr' id='par_1_38' title="bbox 110 1824 681 1859">
     <span class='ocr_line' id='line_1_38' title="bbox 110 1824 681 1859; baseline -0.004 -6"><span class='ocrx_word' id='word_1_253' title='bbox 110 1825 168 1853; x_wconf 82' lang='grc' dir='ltr'><strong>Τοῦ</strong></span> <span class='ocrx_word' id='word_1_254' title='bbox 185 1825 287 1857; x_wconf 82' lang='grc' dir='ltr'>αὑτοῦ,</span> <span class='ocrx_word' id='word_1_255' title='bbox 305 1825 340 1851; x_wconf 81' lang='grc' dir='ltr'>ἐκ</span> <span class='ocrx_word' id='word_1_256' title='bbox 352 1824 404 1851; x_wconf 80' lang='grc' dir='ltr'><strong>τοῦ</strong></span> <span class='ocrx_word' id='word_1_257' title='bbox 419 1825 510 1851; x_wconf 83' lang='grc' dir='ltr'>αὺτοῦ</span> <span class='ocrx_word' id='word_1_258' title='bbox 525 1825 627 1859; x_wconf 62' lang='grc' dir='ltr'>λόγου.</span> <span class='ocrx_word' id='word_1_259' title='bbox 652 1824 681 1857; x_wconf 66' lang='grc' dir='ltr'><strong>ζ’.</strong></span> 
     </span>
    </p>
   </div>
   <div class='ocr_carea' id='block_1_39' title="bbox 43 1882 790 1919">
    <p class='ocr_par' dir='ltr' id='par_1_39' title="bbox 43 1882 790 1919">
     <span class='ocr_line' id='line_1_39' title="bbox 43 1882 790 1919; baseline -0.004 -8"><span class='ocrx_word' id='word_1_260' title='bbox 43 1886 70 1911; x_wconf 78' lang='lat' dir='ltr'><strong>El</strong></span> <span class='ocrx_word' id='word_1_261' title='bbox 83 1885 111 1911; x_wconf 76' lang='grc' dir='ltr'><strong>δὲ</strong></span> <span class='ocrx_word' id='word_1_262' title='bbox 129 1884 179 1919; x_wconf 75' lang='grc' dir='ltr'><strong>τῆς</strong></span> <span class='ocrx_word' id='word_1_263' title='bbox 192 1884 276 1919; x_wconf 68' lang='grc' dir='ltr'>αὐτῆς</span> <span class='ocrx_word' id='word_1_264' title='bbox 290 1883 365 1919; x_wconf 81' lang='grc' dir='ltr'>αὐτῷ</span> <span class='ocrx_word' id='word_1_265' title='bbox 380 1884 416 1918; x_wconf 83' lang='grc' dir='ltr'>μὴ</span> <span class='ocrx_word' id='word_1_266' title='bbox 432 1883 528 1917; x_wconf 77' lang='grc' dir='ltr'>γέγονε</span> <span class='ocrx_word' id='word_1_267' title='bbox 543 1882 658 1918; x_wconf 74' lang='grc' dir='ltr'>φύσεως,</span> <span class='ocrx_word' id='word_1_268' title='bbox 668 1883 727 1909; x_wconf 73' lang='grc' dir='ltr'>οὐδὲ</span> <span class='ocrx_word' id='word_1_269' title='bbox 741 1883 790 1917; x_wconf 69' lang='grc' dir='ltr'><strong>τῆς</strong></span> 
     </span>
    </p>
   </div>
   <div class='ocr_carea' id='block_1_40' title="bbox 14 1929 790 1965">
    <p class='ocr_par' dir='ltr' id='par_1_40' title="bbox 14 1929 790 1965">
     <span class='ocr_line' id='line_1_40' title="bbox 14 1929 790 1965; baseline 0 -10"><span class='ocrx_word' id='word_1_270' title='bbox 14 1930 86 1965; x_wconf 70' lang='grc' dir='ltr'><strong>ιῦτῆς</strong></span> <span class='ocrx_word' id='word_1_271' title='bbox 98 1929 175 1964; x_wconf 76' lang='grc' dir='ltr'>αὐτῷ</span> <span class='ocrx_word' id='word_1_272' title='bbox 195 1938 260 1955; x_wconf 78' lang='grc' dir='ltr'>ποτε</span> <span class='ocrx_word' id='word_1_273' title='bbox 283 1930 428 1964; x_wconf 79' lang='grc' dir='ltr'>γενήσεται</span> <span class='ocrx_word' id='word_1_274' title='bbox 445 1929 561 1964; x_wconf 79' lang='grc' dir='ltr'>φυσικῆς</span> <span class='ocrx_word' id='word_1_275' title='bbox 572 1929 720 1964; x_wconf 77' lang='grc' dir='ltr'>ἐνεργείας·</span> <span class='ocrx_word' id='word_1_276' title='bbox 747 1929 790 1955; x_wconf 83' lang='grc' dir='ltr'><strong>ἵνα</strong></span> 
     </span>
    </p>
   </div>
   <div class='ocr_carea' id='block_1_41' title="bbox 14 1975 788 2011">
    <p class='ocr_par' dir='ltr' id='par_1_41' title="bbox 14 1975 788 2011">
     <span class='ocr_line' id='line_1_41' title="bbox 14 1975 788 2011; baseline -0.001 -9"><span class='ocrx_word' id='word_1_277' title='bbox 14 1975 43 2010; x_wconf 82' lang='grc' dir='ltr'>μὴ</span> <span class='ocrx_word' id='word_1_278' title='bbox 57 1976 111 2011; x_wconf 79' lang='grc'><strong>(56)</strong></span> <span class='ocrx_word' id='word_1_279' title='bbox 128 1975 221 2011; x_wconf 81' lang='grc' dir='ltr'>δειχθῇ</span> <span class='ocrx_word' id='word_1_280' title='bbox 235 1977 267 2011; x_wconf 84' lang='grc' dir='ltr'>τῇ</span> <span class='ocrx_word' id='word_1_281' title='bbox 293 1975 372 2010; x_wconf 83' lang='grc' dir='ltr'>φύσει</span> <span class='ocrx_word' id='word_1_282' title='bbox 388 1975 436 2011; x_wconf 80' lang='grc' dir='ltr'>τὴν</span> <span class='ocrx_word' id='word_1_283' title='bbox 449 1975 588 2011; x_wconf 73' lang='grc' dir='ltr'>ἐνέργειαν</span> <span class='ocrx_word' id='word_1_284' title='bbox 605 1975 695 2002; x_wconf 82' lang='grc' dir='ltr'>ἄνισον</span> <span class='ocrx_word' id='word_1_285' title='bbox 711 1975 788 2010; x_wconf 80' lang='grc' dir='ltr'>ἔχων,</span> 
     </span>
    </p>
   </div>
   <div class='ocr_carea' id='block_1_42' title="bbox 14 2019 788 2055">
    <p class='ocr_par' dir='ltr' id='par_1_42' title="bbox 14 2019 788 2055">
     <span class='ocr_line' id='line_1_42' title="bbox 14 2019 788 2055; baseline 0.001 -10"><span class='ocrx_word' id='word_1_286' title='bbox 14 2020 52 2045; x_wconf 73' lang='grc' dir='ltr'>καὶ</span> <span class='ocrx_word' id='word_1_287' title='bbox 72 2020 269 2055; x_wconf 77' lang='grc' dir='ltr'>ἀκατάλληλον·</span> <span class='ocrx_word' id='word_1_288' title='bbox 284 2019 331 2046; x_wconf 80' lang='grc' dir='ltr'><strong>καὶ</strong></span> <span class='ocrx_word' id='word_1_289' title='bbox 343 2021 392 2055; x_wconf 82' lang='grc' dir='ltr'>τῆς</span> <span class='ocrx_word' id='word_1_290' title='bbox 409 2020 490 2047; x_wconf 77' lang='grc' dir='ltr'>αὐτοῦ</span> <span class='ocrx_word' id='word_1_291' title='bbox 502 2021 536 2047; x_wconf 73' lang='grc' dir='ltr'><strong>δι’</strong></span> <span class='ocrx_word' id='word_1_292' title='bbox 549 2020 616 2047; x_wconf 78' lang='grc' dir='ltr'>ὅλων</span> <span class='ocrx_word' id='word_1_293' title='bbox 625 2020 679 2047; x_wconf 84' lang='grc' dir='ltr'>τῶν</span> <span class='ocrx_word' id='word_1_294' title='bbox 692 2020 788 2047; x_wconf 70' lang='grc' dir='ltr'>ἑαυτοῦ</span> 
     </span>
    </p>
   </div>
   <div class='ocr_carea' id='block_1_43' title="bbox 14 2066 789 2103">
    <p class='ocr_par' dir='ltr' id='par_1_43' title="bbox 14 2066 789 2103">
     <span class='ocr_line' id='line_1_43' title="bbox 14 2066 789 2103; baseline 0.004 -12"><span class='ocrx_word' id='word_1_295' title='bbox 14 2067 119 2102; x_wconf 60' lang='grc' dir='ltr'>φυσικῆς</span> <span class='ocrx_word' id='word_1_296' title='bbox 132 2066 186 2099; x_wconf 79' lang='grc' dir='ltr'><strong>ἔξω</strong></span> <span class='ocrx_word' id='word_1_297' title='bbox 198 2066 317 2100; x_wconf 81' lang='grc' dir='ltr'>γεγονὼς</span> <span class='ocrx_word' id='word_1_298' title='bbox 331 2066 462 2102; x_wconf 76' lang='grc' dir='ltr'>ἰσότητος,</span> <span class='ocrx_word' id='word_1_299' title='bbox 478 2067 525 2094; x_wconf 71' lang='grc' dir='ltr'>καὶ</span> <span class='ocrx_word' id='word_1_300' title='bbox 538 2067 710 2103; x_wconf 80' lang='grc' dir='ltr'>ταυτότητος·</span> <span class='ocrx_word' id='word_1_301' title='bbox 722 2067 789 2103; x_wconf 80' lang='grc' dir='ltr'>ὅπερ</span> 
     </span>
    </p>
   </div>
   <div class='ocr_carea' id='block_1_44' title="bbox 14 2110 207 2143">
    <p class='ocr_par' dir='ltr' id='par_1_44' title="bbox 14 2110 207 2143">
     <span class='ocr_line' id='line_1_44' title="bbox 14 2110 207 2143; baseline 0.01 -7"><span class='ocrx_word' id='word_1_302' title='bbox 14 2110 108 2143; x_wconf 69' lang='grc' dir='ltr'><strong>ἀσεϐές.</strong></span> <span class='ocrx_word' id='word_1_303' title='bbox 197 2127 207 2142; x_wconf 67' lang='grc' dir='ltr'><strong>ε</strong></span> 
     </span>
    </p>
   </div>
   <div class='ocr_carea' id='block_1_45' title="bbox 110 2211 682 2250">
    <p class='ocr_par' dir='ltr' id='par_1_45' title="bbox 110 2211 682 2250">
     <span class='ocr_line' id='line_1_45' title="bbox 110 2211 682 2250; baseline 0.007 -12"><span class='ocrx_word' id='word_1_304' title='bbox 110 2211 168 2239; x_wconf 82' lang='grc' dir='ltr'><strong>Τοῦ</strong></span> <span class='ocrx_word' id='word_1_305' title='bbox 185 2212 287 2245; x_wconf 78' lang='grc' dir='ltr'>αὑτοῦ,</span> <span class='ocrx_word' id='word_1_306' title='bbox 301 2212 336 2239; x_wconf 82' lang='grc' dir='ltr'>ἐκ</span> <span class='ocrx_word' id='word_1_307' title='bbox 349 2212 401 2240; x_wconf 84' lang='grc' dir='ltr'>τοῦ</span> <span class='ocrx_word' id='word_1_308' title='bbox 417 2213 509 2240; x_wconf 79' lang='grc' dir='ltr'>αὐτοῦ</span> <span class='ocrx_word' id='word_1_309' title='bbox 530 2215 631 2248; x_wconf 71' lang='grc' dir='ltr'>λόγου.</span> <span class='ocrx_word' id='word_1_310' title='bbox 648 2219 682 2250; x_wconf 88' lang='grc' dir='ltr'><strong>η’.</strong></span> 
     </span>
    </p>
   </div>
   <div class='ocr_carea' id='block_1_46' title="bbox 42 2269 789 2307">
    <p class='ocr_par' dir='ltr' id='par_1_46' title="bbox 42 2269 789 2307">
     <span class='ocr_line' id='line_1_46' title="bbox 42 2269 789 2307; baseline 0.004 -12"><span class='ocrx_word' id='word_1_311' title='bbox 42 2269 84 2301; x_wconf 78' lang='grc' dir='ltr'><strong>Εἰς</strong></span> <span class='ocrx_word' id='word_1_312' title='bbox 105 2269 211 2304; x_wconf 74' lang='grc' dir='ltr'>ταύτην</span> <span class='ocrx_word' id='word_1_313' title='bbox 233 2269 261 2295; x_wconf 79' lang='grc' dir='ltr'><strong>δὲ</strong></span> <span class='ocrx_word' id='word_1_314' title='bbox 276 2269 324 2304; x_wconf 82' lang='grc' dir='ltr'>τὴν</span> <span class='ocrx_word' id='word_1_315' title='bbox 354 2269 457 2304; x_wconf 83' lang='grc' dir='ltr'>πλάνην</span> <span class='ocrx_word' id='word_1_316' title='bbox 480 2271 662 2307; x_wconf 81' lang='grc' dir='ltr'>κατήχθησαν,</span> <span class='ocrx_word' id='word_1_317' title='bbox 697 2272 789 2304; x_wconf 85' lang='grc' dir='ltr'>κακῶς</span> 
     </span>
    </p>
   </div>
   <div class='ocr_carea' id='block_1_47' title="bbox 14 2314 788 2353">
    <p class='ocr_par' dir='ltr' id='par_1_47' title="bbox 14 2314 788 2353">
     <span class='ocr_line' id='line_1_47' title="bbox 14 2314 788 2353; baseline 0.006 -13"><span class='ocrx_word' id='word_1_318' title='bbox 14 2315 161 2346; x_wconf 76' lang='grc' dir='ltr'>πεισθέντες</span> <span class='ocrx_word' id='word_1_319' title='bbox 181 2315 249 2341; x_wconf 79' lang='grc' dir='ltr'>ἰδίαν</span> <span class='ocrx_word' id='word_1_320' title='bbox 265 2314 390 2348; x_wconf 73' lang='grc' dir='ltr'>γενέσθαι</span> <span class='ocrx_word' id='word_1_321' title='bbox 415 2315 464 2351; x_wconf 82' lang='grc' dir='ltr'><strong>τῆς</strong></span> <span class='ocrx_word' id='word_1_322' title='bbox 479 2316 579 2351; x_wconf 77' lang='grc' dir='ltr'>σαρκὸς</span> <span class='ocrx_word' id='word_1_323' title='bbox 599 2316 647 2352; x_wconf 81' lang='grc' dir='ltr'>τὴν</span> <span class='ocrx_word' id='word_1_324' title='bbox 660 2317 693 2344; x_wconf 77' lang='grc' dir='ltr'><strong>δι’</strong></span> <span class='ocrx_word' id='word_1_325' title='bbox 704 2318 788 2353; x_wconf 82' lang='grc' dir='ltr'>αὐτῆς</span> 
     </span>
    </p>
   </div>
   <div class='ocr_carea' id='block_1_48' title="bbox 14 2360 789 2401">
    <p class='ocr_par' dir='ltr' id='par_1_48' title="bbox 14 2360 789 2401">
     <span class='ocr_line' id='line_1_48' title="bbox 14 2360 789 2401; baseline 0.005 -15"><span class='ocrx_word' id='word_1_326' title='bbox 14 2362 186 2396; x_wconf 66' lang='grc' dir='ltr'>ἑκφανθεῖσαλ</span> <span class='ocrx_word' id='word_1_327' title='bbox 200 2361 228 2387; x_wconf 78' lang='grc' dir='ltr'>ἐν</span> <span class='ocrx_word' id='word_1_328' title='bbox 246 2362 301 2392; x_wconf 81' lang='grc' dir='ltr'>τοῖς</span> <span class='ocrx_word' id='word_1_329' title='bbox 321 2360 440 2397; x_wconf 76' lang='grc' dir='ltr'>θαύμασι</span> <span class='ocrx_word' id='word_1_330' title='bbox 468 2362 543 2389; x_wconf 80' lang='grc' dir='ltr'>θείαν</span> <span class='ocrx_word' id='word_1_331' title='bbox 565 2363 713 2399; x_wconf 76' lang='grc' dir='ltr'>ἐνέργειαν·</span> <span class='ocrx_word' id='word_1_332' title='bbox 729 2361 789 2401; x_wconf 84' lang='grc' dir='ltr'><strong>ᾗτδ</strong></span> 
     </span>
    </p>
   </div>
   <div class='ocr_carea' id='block_1_49' title="bbox 14 2406 790 2443">
    <p class='ocr_par' dir='ltr' id='par_1_49' title="bbox 14 2406 790 2443">
     <span class='ocr_line' id='line_1_49' title="bbox 14 2406 790 2443; baseline 0.008 -11"><span class='ocrx_word' id='word_1_333' title='bbox 14 2408 57 2433; x_wconf 70' lang='grc' dir='ltr'>πᾶν</span> <span class='ocrx_word' id='word_1_334' title='bbox 71 2409 85 2434; x_wconf 76' lang='grc' dir='ltr'>ὀ</span> <span class='ocrx_word' id='word_1_335' title='bbox 100 2407 220 2443; x_wconf 81' lang='grc' dir='ltr'>Χριστὸς</span> <span class='ocrx_word' id='word_1_336' title='bbox 236 2406 370 2439; x_wconf 74' lang='grc' dir='ltr'>οὖσιώσας</span> <span class='ocrx_word' id='word_1_337' title='bbox 385 2408 446 2434; x_wconf 76' lang='grc' dir='ltr'>καθ’</span> <span class='ocrx_word' id='word_1_338' title='bbox 466 2408 481 2434; x_wconf 86' lang='grc' dir='ltr'><strong>ὂ</strong></span> <span class='ocrx_word' id='word_1_339' title='bbox 504 2411 602 2436; x_wconf 85' lang='grc' dir='ltr'>νοεῖται</span> <span class='ocrx_word' id='word_1_340' title='bbox 621 2410 696 2442; x_wconf 83' lang='grc' dir='ltr'>Θεὸς,</span> <span class='ocrx_word' id='word_1_341' title='bbox 713 2411 790 2438; x_wconf 82' lang='grc' dir='ltr'>συνέ-</span> 
     </span>
    </p>
   </div>
   <div class='ocr_carea' id='block_1_50' title="bbox 14 2454 790 2490">
    <p class='ocr_par' dir='ltr' id='par_1_50' title="bbox 14 2454 790 2490">
     <span class='ocr_line' id='line_1_50' title="bbox 14 2454 790 2490; baseline 0.008 -11"><span class='ocrx_word' id='word_1_342' title='bbox 14 2462 47 2487; x_wconf 71' lang='grc' dir='ltr'><strong>χει</strong></span> <span class='ocrx_word' id='word_1_343' title='bbox 61 2454 256 2490; x_wconf 77' lang='grc' dir='ltr'>κρατούμενον.</span> <span class='ocrx_word' id='word_1_344' title='bbox 283 2454 320 2480; x_wconf 80' lang='grc' dir='ltr'><strong>Οὐ</strong></span> <span class='ocrx_word' id='word_1_345' title='bbox 348 2454 402 2490; x_wconf 74' lang='grc' dir='ltr'><strong>γὰρ</strong></span> <span class='ocrx_word' id='word_1_346' title='bbox 422 2455 552 2489; x_wconf 76' lang='grc' dir='ltr'>ἔγνωσαν,</span> <span class='ocrx_word' id='word_1_347' title='bbox 576 2456 703 2484; x_wconf 80' lang='grc' dir='ltr'>ἀδύνατον</span> <span class='ocrx_word' id='word_1_348' title='bbox 720 2455 790 2485; x_wconf 84' lang='grc' dir='ltr'>εἶναι</span> 
     </span>
    </p>
   </div>
   <div class='ocr_carea' id='block_1_51' title="bbox 14 2498 790 2540">
    <p class='ocr_par' dir='ltr' id='par_1_51' title="bbox 14 2498 790 2540">
     <span class='ocr_line' id='line_1_51' title="bbox 14 2498 790 2540; baseline 0.009 -15"><span class='ocrx_word' id='word_1_349' title='bbox 14 2498 78 2531; x_wconf 75' lang='grc' dir='ltr'>θείας</span> <span class='ocrx_word' id='word_1_350' title='bbox 91 2501 233 2536; x_wconf 75' lang='grc' dir='ltr'>ἐνέργειαν</span> <span class='ocrx_word' id='word_1_351' title='bbox 257 2500 363 2534; x_wconf 80' lang='grc' dir='ltr'>φύσεως</span> <span class='ocrx_word' id='word_1_352' title='bbox 390 2502 569 2537; x_wconf 78' lang='grc' dir='ltr'>ἐτεροφανοῠς</span> <span class='ocrx_word' id='word_1_353' title='bbox 584 2503 677 2536; x_wconf 82' lang='grc' dir='ltr'>οὐσίας</span> <span class='ocrx_word' id='word_1_354' title='bbox 693 2504 790 2540; x_wconf 76' lang='grc' dir='ltr'>ἰδίωμα</span> 
     </span>
    </p>
   </div>
   <div class='ocr_carea' id='block_1_52' title="bbox 14 2545 790 2583">
    <p class='ocr_par' dir='ltr' id='par_1_52' title="bbox 14 2545 790 2583">
     <span class='ocr_line' id='line_1_52' title="bbox 14 2545 790 2583; baseline 0.009 -13"><span class='ocrx_word' id='word_1_355' title='bbox 14 2545 132 2577; x_wconf 79' lang='grc' dir='ltr'>γενέσθαι</span> <span class='ocrx_word' id='word_1_356' title='bbox 146 2545 208 2580; x_wconf 79' lang='grc' dir='ltr'>δίχα</span> <span class='ocrx_word' id='word_1_357' title='bbox 223 2547 337 2581; x_wconf 80' lang='grc' dir='ltr'>τροπῆς·</span> <span class='ocrx_word' id='word_1_358' title='bbox 350 2547 410 2573; x_wconf 75' lang='grc' dir='ltr'>οὐδὲ</span> <span class='ocrx_word' id='word_1_359' title='bbox 431 2548 560 2583; x_wconf 78' lang='grc' dir='ltr'>συνῆκαν,</span> <span class='ocrx_word' id='word_1_360' title='bbox 577 2548 614 2580; x_wconf 80' lang='grc' dir='ltr'><strong>ὡς</strong></span> <span class='ocrx_word' id='word_1_361' title='bbox 641 2550 671 2575; x_wconf 88' lang='grc' dir='ltr'>οὑ</span> <span class='ocrx_word' id='word_1_362' title='bbox 690 2551 790 2582; x_wconf 78' lang='grc' dir='ltr'>παντὸς</span> 
     </span>
    </p>
   </div>
   <div class='ocr_carea' id='block_1_53' title="bbox 14 2590 789 2630">
    <p class='ocr_par' dir='ltr' id='par_1_53' title="bbox 14 2590 789 2630">
     <span class='ocr_line' id='line_1_53' title="bbox 14 2590 789 2630; baseline 0.009 -14"><span class='ocrx_word' id='word_1_363' title='bbox 14 2590 68 2616; x_wconf 70' lang='grc' dir='ltr'>ίδιόν</span> <span class='ocrx_word' id='word_1_364' title='bbox 85 2591 145 2618; x_wconf 86' lang='grc' dir='ltr'>ὲστι</span> <span class='ocrx_word' id='word_1_365' title='bbox 165 2592 276 2626; x_wconf 82' lang='grc' dir='ltr'>σαρκὸς,</span> <span class='ocrx_word' id='word_1_366' title='bbox 302 2593 332 2619; x_wconf 80' lang='grc' dir='ltr'>τὸ</span> <span class='ocrx_word' id='word_1_367' title='bbox 346 2592 378 2619; x_wconf 86' lang='grc' dir='ltr'><strong>δι’</strong></span> <span class='ocrx_word' id='word_1_368' title='bbox 397 2593 482 2628; x_wconf 78' lang='grc' dir='ltr'>αὐτῆς</span> <span class='ocrx_word' id='word_1_369' title='bbox 506 2595 554 2629; x_wconf 83' lang='grc' dir='ltr'>μὲν</span> <span class='ocrx_word' id='word_1_370' title='bbox 582 2595 789 2630; x_wconf 75' lang='grc' dir='ltr'>ὲκφαινόμενον,</span> 
     </span>
    </p>
   </div>
   <div class='ocr_carea' id='block_1_54' title="bbox 14 2636 789 2675">
    <p class='ocr_par' dir='ltr' id='par_1_54' title="bbox 14 2636 789 2675">
     <span class='ocr_line' id='line_1_54' title="bbox 14 2636 789 2675; baseline 0.009 -14"><span class='ocrx_word' id='word_1_371' title='bbox 14 2636 54 2662; x_wconf 80' lang='grc' dir='ltr'>οὐκ</span> <span class='ocrx_word' id='word_1_372' title='bbox 71 2637 156 2671; x_wconf 78' lang='grc' dir='ltr'>αὐτῆς</span> <span class='ocrx_word' id='word_1_373' title='bbox 168 2637 196 2663; x_wconf 73' lang='grc' dir='ltr'><strong>δὲ</strong></span> <span class='ocrx_word' id='word_1_374' title='bbox 207 2638 328 2672; x_wconf 81' lang='grc' dir='ltr'>φυσικῶς</span> <span class='ocrx_word' id='word_1_375' title='bbox 340 2639 514 2674; x_wconf 81' lang='grc' dir='ltr'>ἐκφυόμενον·</span> <span class='ocrx_word' id='word_1_376' title='bbox 528 2640 615 2667; x_wconf 81' lang='grc' dir='ltr'>καίτοι</span> <span class='ocrx_word' id='word_1_377' title='bbox 627 2641 729 2675; x_wconf 77' lang='grc' dir='ltr'>σαφοῦς</span> <span class='ocrx_word' id='word_1_378' title='bbox 742 2642 789 2668; x_wconf 83' lang='grc' dir='ltr'><strong>αὺ-</strong></span> 
     </span>
    </p>
   </div>
   <div class='ocr_carea' id='block_1_55' title="bbox 14 2682 789 2722">
    <p class='ocr_par' dir='ltr' id='par_1_55' title="bbox 14 2682 789 2722">
     <span class='ocr_line' id='line_1_55' title="bbox 14 2682 789 2722; baseline 0.01 -15"><span class='ocrx_word' id='word_1_379' title='bbox 14 2683 61 2714; x_wconf 80' lang='grc' dir='ltr'>τοῖς</span> <span class='ocrx_word' id='word_1_380' title='bbox 85 2682 181 2718; x_wconf 73' lang='grc' dir='ltr'>οὔσης.</span> <span class='ocrx_word' id='word_1_381' title='bbox 207 2685 253 2710; x_wconf 73' lang='grc' dir='ltr'>καὶ</span> <span class='ocrx_word' id='word_1_382' title='bbox 281 2686 436 2720; x_wconf 73' lang='grc' dir='ltr'>προφανοῦς</span> <span class='ocrx_word' id='word_1_383' title='bbox 452 2687 501 2722; x_wconf 82' lang='grc' dir='ltr'>τῆς</span> <span class='ocrx_word' id='word_1_384' title='bbox 527 2687 699 2720; x_wconf 76' lang='grc' dir='ltr'>ἀποδείξεως.</span> <span class='ocrx_word' id='word_1_385' title='bbox 720 2688 789 2722; x_wconf 86' lang='grc' dir='ltr'><strong>Ἐγὼ</strong></span> 
     </span>
    </p>
   </div>
   <div class='ocr_carea' id='block_1_56' title="bbox 14 2725 788 2768">
    <p class='ocr_par' dir='ltr' id='par_1_56' title="bbox 14 2725 788 2768">
     <span class='ocr_line' id='line_1_56' title="bbox 14 2725 788 2768; baseline 0.01 -16"><span class='ocrx_word' id='word_1_386' title='bbox 14 2725 60 2762; x_wconf 76' lang='grc' dir='ltr'><strong>γὰρ</strong></span> <span class='ocrx_word' id='word_1_387' title='bbox 75 2727 184 2762; x_wconf 59' lang='grc' dir='ltr'>γλώσσῃ</span> <span class='ocrx_word' id='word_1_388' title='bbox 198 2728 296 2761; x_wconf 85' lang='grc' dir='ltr'>λαλῶν,</span> <span class='ocrx_word' id='word_1_389' title='bbox 310 2731 356 2757; x_wconf 77' lang='grc' dir='ltr'><strong>καὶ</strong></span> <span class='ocrx_word' id='word_1_390' title='bbox 370 2732 442 2767; x_wconf 74' lang='grc' dir='ltr'>χειρὶ</span> <span class='ocrx_word' id='word_1_391' title='bbox 456 2732 578 2767; x_wconf 75' lang='grc' dir='ltr'>γράφων,</span> <span class='ocrx_word' id='word_1_392' title='bbox 599 2733 662 2768; x_wconf 86' lang='grc' dir='ltr'>μίαν</span> <span class='ocrx_word' id='word_1_393' title='bbox 678 2733 725 2760; x_wconf 79' lang='grc' dir='ltr'>καὶ</span> <span class='ocrx_word' id='word_1_394' title='bbox 740 2734 788 2760; x_wconf 78' lang='grc' dir='ltr'><strong>αὺ-</strong></span> 
     </span>
    </p>
   </div>
   <div class='ocr_carea' id='block_1_57' title="bbox 841 204 1627 240">
    <p class='ocr_par' dir='ltr' id='par_1_57' title="bbox 841 204 1627 240">
     <span class='ocr_line' id='line_1_57' title="bbox 841 204 1627 240; baseline -0.003 -6"><span class='ocrx_word' id='word_1_395' title='bbox 841 211 902 234; x_wconf 89' lang='lat' dir='ltr'><strong>tura</strong></span> <span class='ocrx_word' id='word_1_396' title='bbox 918 205 989 234; x_wconf 90' lang='lat' dir='ltr'><strong>Deus</strong></span> <span class='ocrx_word' id='word_1_397' title='bbox 1018 214 1079 234; x_wconf 91' lang='lat' dir='ltr'><strong>cum</strong></span> <span class='ocrx_word' id='word_1_398' title='bbox 1107 209 1240 240; x_wconf 88' lang='lat' dir='ltr'><strong>quotquot</strong></span> <span class='ocrx_word' id='word_1_399' title='bbox 1254 209 1296 232; x_wconf 87' lang='lat' dir='ltr'><strong>est</strong></span> <span class='ocrx_word' id='word_1_400' title='bbox 1310 205 1476 240; x_wconf 84' lang='lat' dir='ltr'><strong>intelligatur</strong></span> <span class='ocrx_word' id='word_1_401' title='bbox 1491 204 1584 239; x_wconf 79' lang='lat' dir='ltr'><strong>Deus;</strong></span> <span class='ocrx_word' id='word_1_402' title='bbox 1600 211 1627 232; x_wconf 86' lang='lat' dir='ltr'><strong>et</strong></span> 
     </span>
    </p>
   </div>
   <div class='ocr_carea' id='block_1_58' title="bbox 842 250 1625 285">
    <p class='ocr_par' dir='ltr' id='par_1_58' title="bbox 842 250 1625 285">
     <span class='ocr_line' id='line_1_58' title="bbox 842 250 1625 285; baseline -0.003 -6"><span class='ocrx_word' id='word_1_403' title='bbox 842 252 864 279; x_wconf 91' lang='lat' dir='ltr'><strong>si</strong></span> <span class='ocrx_word' id='word_1_404' title='bbox 876 251 946 279; x_wconf 79' lang='lat' dir='ltr'><strong>facta</strong></span> <span class='ocrx_word' id='word_1_405' title='bbox 959 256 1001 279; x_wconf 87' lang='lat' dir='ltr'><strong>est</strong></span> <span class='ocrx_word' id='word_1_406' title='bbox 1015 251 1155 278; x_wconf 81' lang='lat' dir='ltr'><strong>exinanita</strong></span> <span class='ocrx_word' id='word_1_407' title='bbox 1169 251 1371 285; x_wconf 85' lang='lat' dir='ltr'><strong>eompassibilis</strong></span> <span class='ocrx_word' id='word_1_408' title='bbox 1383 250 1459 278; x_wconf 87' lang='lat' dir='ltr'><strong>carni</strong></span> <span class='ocrx_word' id='word_1_409' title='bbox 1486 251 1625 281; x_wconf 71' lang='lat' dir='ltr'><strong>divinitas,</strong></span> 
     </span>
    </p>
   </div>
   <div class='ocr_carea' id='block_1_59' title="bbox 841 297 1624 332">
    <p class='ocr_par' dir='ltr' id='par_1_59' title="bbox 841 297 1624 332">
     <span class='ocr_line' id='line_1_59' title="bbox 841 297 1624 332; baseline -0.001 -8"><span class='ocrx_word' id='word_1_410' title='bbox 841 298 925 332; x_wconf 89' lang='lat' dir='ltr'><strong>liquet</strong></span> <span class='ocrx_word' id='word_1_411' title='bbox 936 297 1008 332; x_wconf 90' lang='lat' dir='ltr'><strong>quod</strong></span> <span class='ocrx_word' id='word_1_412' title='bbox 1020 301 1047 324; x_wconf 91' lang='lat' dir='ltr'><strong>et</strong></span> <span class='ocrx_word' id='word_1_413' title='bbox 1059 301 1156 324; x_wconf 85' lang='lat' dir='ltr'><strong>natura</strong></span> <span class='ocrx_word' id='word_1_414' title='bbox 1172 304 1236 324; x_wconf 89' lang='lat' dir='ltr'><strong>caro</strong></span> <span class='ocrx_word' id='word_1_415' title='bbox 1253 304 1315 323; x_wconf 91' lang='lat' dir='ltr'><strong>cum</strong></span> <span class='ocrx_word' id='word_1_416' title='bbox 1341 300 1474 331; x_wconf 89' lang='lat' dir='ltr'><strong>quotquot</strong></span> <span class='ocrx_word' id='word_1_417' title='bbox 1485 300 1526 324; x_wconf 87' lang='lat' dir='ltr'><strong>est</strong></span> <span class='ocrx_word' id='word_1_418' title='bbox 1544 301 1624 324; x_wconf 90' lang='lat' dir='ltr'><strong>natu-</strong></span> 
     </span>
    </p>
   </div>
   <div class='ocr_carea' id='block_1_60' title="bbox 840 341 1626 376">
    <p class='ocr_par' dir='ltr' id='par_1_60' title="bbox 840 341 1626 376">
     <span class='ocr_line' id='line_1_60' title="bbox 840 341 1626 376; baseline -0.001 -6"><span class='ocrx_word' id='word_1_419' title='bbox 840 343 934 370; x_wconf 79' lang='lat' dir='ltr'><strong>raliter</strong></span> <span class='ocrx_word' id='word_1_420' title='bbox 945 350 1004 370; x_wconf 81' lang='lat' dir='ltr'><strong>esse</strong></span> <span class='ocrx_word' id='word_1_421' title='bbox 1016 342 1180 376; x_wconf 81' lang='lat' dir='ltr'><strong>intelligatur</strong></span> <span class='ocrx_word' id='word_1_422' title='bbox 1191 349 1265 369; x_wconf 84' lang='lat' dir='ltr'><strong>caro.</strong></span> <span class='ocrx_word' id='word_1_423' title='bbox 1286 341 1325 369; x_wconf 85' lang='lat' dir='ltr'><strong>Ea</strong></span> <span class='ocrx_word' id='word_1_424' title='bbox 1345 341 1444 376; x_wconf 83' lang='lat' dir='ltr'><strong>quippe</strong></span> <span class='ocrx_word' id='word_1_425' title='bbox 1459 349 1518 376; x_wconf 68' lang='lat' dir='ltr'><strong>quae</strong></span> <span class='ocrx_word' id='word_1_426' title='bbox 1530 346 1626 369; x_wconf 87' lang='lat' dir='ltr'><strong>mutuo</strong></span> 
     </span>
    </p>
   </div>
   <div class='ocr_carea' id='block_1_61' title="bbox 841 387 1624 423">
    <p class='ocr_par' dir='ltr' id='par_1_61' title="bbox 841 387 1624 423">
     <span class='ocr_line' id='line_1_61' title="bbox 841 387 1624 423; baseline -0.001 -7"><span class='ocrx_word' id='word_1_427' title='bbox 841 393 906 416; x_wconf 88' lang='lat' dir='ltr'><strong>sunt</strong></span> <span class='ocrx_word' id='word_1_428' title='bbox 919 388 1104 423; x_wconf 88' lang='lat' dir='ltr'><strong>cooperantia,</strong></span> <span class='ocrx_word' id='word_1_429' title='bbox 1128 392 1155 415; x_wconf 87' lang='lat' dir='ltr'><strong>et</strong></span> <span class='ocrx_word' id='word_1_430' title='bbox 1172 388 1266 415; x_wconf 82' lang='lat' dir='ltr'><strong>eadem</strong></span> <span class='ocrx_word' id='word_1_431' title='bbox 1290 387 1441 422; x_wconf 87' lang='lat' dir='ltr'><strong>operantia,</strong></span> <span class='ocrx_word' id='word_1_432' title='bbox 1461 392 1488 414; x_wconf 90' lang='lat' dir='ltr'><strong>et</strong></span> <span class='ocrx_word' id='word_1_433' title='bbox 1502 387 1624 422; x_wconf 84' lang='lat' dir='ltr'><strong>ejusdem</strong></span> 
     </span>
    </p>
   </div>
   <div class='ocr_carea' id='block_1_62' title="bbox 841 434 1625 470">
    <p class='ocr_par' dir='ltr' id='par_1_62' title="bbox 841 434 1625 470">
     <span class='ocr_line' id='line_1_62' title="bbox 841 434 1625 470; baseline 0 -9"><span class='ocrx_word' id='word_1_434' title='bbox 841 435 976 470; x_wconf 79' lang='lat' dir='ltr'><strong>originis,</strong></span> <span class='ocrx_word' id='word_1_435' title='bbox 1003 434 1124 469; x_wconf 77' lang='lat' dir='ltr'><strong>profecto</strong></span> <span class='ocrx_word' id='word_1_436' title='bbox 1158 438 1185 461; x_wconf 86' lang='lat' dir='ltr'><strong>et</strong></span> <span class='ocrx_word' id='word_1_437' title='bbox 1212 434 1424 469; x_wconf 82' lang='lat' dir='ltr'><strong>compassibilia,</strong></span> <span class='ocrx_word' id='word_1_438' title='bbox 1447 438 1550 461; x_wconf 58' lang='lat' dir='ltr'><strong>natura;</strong></span> <span class='ocrx_word' id='word_1_439' title='bbox 1570 443 1625 462; x_wconf 88' lang='lat' dir='ltr'><strong>non</strong></span> 
     </span>
    </p>
   </div>
   <div class='ocr_carea' id='block_1_63' title="bbox 841 479 1624 516">
    <p class='ocr_par' dir='ltr' id='par_1_63' title="bbox 841 479 1624 516">
     <span class='ocr_line' id='line_1_63' title="bbox 841 479 1624 516; baseline 0 -8"><span class='ocrx_word' id='word_1_440' title='bbox 841 480 1016 516; x_wconf 85' lang='lat' dir='ltr'><strong>suscipientia</strong></span> <span class='ocrx_word' id='word_1_441' title='bbox 1041 480 1220 508; x_wconf 78' lang='lat' dir='ltr'><strong>diﬂ&#39;erentiam</strong></span> <span class='ocrx_word' id='word_1_442' title='bbox 1237 490 1243 507; x_wconf 88' lang='lat'><strong>:</strong></span> <span class='ocrx_word' id='word_1_443' title='bbox 1269 484 1295 507; x_wconf 91' lang='lat' dir='ltr'><strong>et</strong></span> <span class='ocrx_word' id='word_1_444' title='bbox 1308 480 1413 507; x_wconf 87' lang='lat' dir='ltr'><strong>naturis</strong></span> <span class='ocrx_word' id='word_1_445' title='bbox 1426 480 1476 507; x_wconf 88' lang='lat' dir='ltr'><strong>sibi</strong></span> <span class='ocrx_word' id='word_1_446' title='bbox 1489 479 1624 512; x_wconf 82' lang='lat' dir='ltr'><strong>confusis.</strong></span> 
     </span>
    </p>
   </div>
   <div class='ocr_carea' id='block_1_64' title="bbox 840 525 1626 560">
    <p class='ocr_par' dir='ltr' id='par_1_64' title="bbox 840 525 1626 560">
     <span class='ocr_line' id='line_1_64' title="bbox 840 525 1626 560; baseline -0.003 -6"><span class='ocrx_word' id='word_1_447' title='bbox 840 527 892 554; x_wconf 88' lang='lat' dir='ltr'><strong>erit</strong></span> <span class='ocrx_word' id='word_1_448' title='bbox 904 527 1021 554; x_wconf 79' lang='lat' dir='ltr'><strong>dualitas</strong></span> <span class='ocrx_word' id='word_1_449' title='bbox 1033 526 1170 558; x_wconf 81' lang='lat' dir='ltr'><strong>Christus,</strong></span> <span class='ocrx_word' id='word_1_450' title='bbox 1182 530 1209 552; x_wconf 92' lang='lat' dir='ltr'><strong>et</strong></span> <span class='ocrx_word' id='word_1_451' title='bbox 1222 525 1345 560; x_wconf 85' lang='lat' dir='ltr'><strong>personis</strong></span> <span class='ocrx_word' id='word_1_452' title='bbox 1359 525 1491 560; x_wconf 82' lang='lat' dir='ltr'><strong>separatis</strong></span> <span class='ocrx_word' id='word_1_453' title='bbox 1506 525 1626 560; x_wconf 85' lang='lat' dir='ltr'><strong>lietqua-</strong></span> 
     </span>
    </p>
   </div>
   <div class='ocr_carea' id='block_1_65' title="bbox 840 571 1627 608">
    <p class='ocr_par' dir='ltr' id='par_1_65' title="bbox 840 571 1627 608">
     <span class='ocr_line' id='line_1_65' title="bbox 840 571 1627 608; baseline -0.001 -8"><span class='ocrx_word' id='word_1_454' title='bbox 840 574 970 607; x_wconf 84' lang='lat' dir='ltr'><strong>ternitas;</strong></span> <span class='ocrx_word' id='word_1_455' title='bbox 984 573 1057 608; x_wconf 91' lang='lat' dir='ltr'><strong>quod</strong></span> <span class='ocrx_word' id='word_1_456' title='bbox 1074 577 1116 600; x_wconf 89' lang='lat' dir='ltr'><strong>est</strong></span> <span class='ocrx_word' id='word_1_457' title='bbox 1131 572 1244 600; x_wconf 90' lang='lat' dir='ltr'><strong>nimium</strong></span> <span class='ocrx_word' id='word_1_458' title='bbox 1256 571 1424 604; x_wconf 68' lang='lat' dir='ltr'><strong>fugiendum.</strong></span> <span class='ocrx_word' id='word_1_459' title='bbox 1441 571 1474 599; x_wconf 89' lang='lat' dir='ltr'><strong>Et</strong></span> <span class='ocrx_word' id='word_1_460' title='bbox 1487 573 1627 607; x_wconf 85' lang='lat' dir='ltr'><strong>quomodo</strong></span> 
     </span>
    </p>
   </div>
   <div class='ocr_carea' id='block_1_66' title="bbox 843 617 1626 652">
    <p class='ocr_par' dir='ltr' id='par_1_66' title="bbox 843 617 1626 652">
     <span class='ocr_line' id='line_1_66' title="bbox 843 617 1626 652; baseline -0.001 -6"><span class='ocrx_word' id='word_1_461' title='bbox 843 619 897 646; x_wconf 87' lang='lat' dir='ltr'><strong>illis</strong></span> <span class='ocrx_word' id='word_1_462' title='bbox 908 626 980 645; x_wconf 91' lang='lat' dir='ltr'><strong>unus</strong></span> <span class='ocrx_word' id='word_1_463' title='bbox 994 624 1021 645; x_wconf 89' lang='lat' dir='ltr'><strong>et</strong></span> <span class='ocrx_word' id='word_1_464' title='bbox 1038 618 1108 645; x_wconf 87' lang='lat' dir='ltr'><strong>idem</strong></span> <span class='ocrx_word' id='word_1_465' title='bbox 1133 617 1190 652; x_wconf 88' lang='lat' dir='ltr'><strong>ipse</strong></span> <span class='ocrx_word' id='word_1_466' title='bbox 1207 617 1268 650; x_wconf 84' lang='lat' dir='ltr'><strong>erit,</strong></span> <span class='ocrx_word' id='word_1_467' title='bbox 1293 617 1364 645; x_wconf 87' lang='lat' dir='ltr'><strong>Deus</strong></span> <span class='ocrx_word' id='word_1_468' title='bbox 1381 624 1476 645; x_wconf 86' lang='lat' dir='ltr'><strong>natura</strong></span> <span class='ocrx_word' id='word_1_469' title='bbox 1502 618 1583 645; x_wconf 90' lang='lat' dir='ltr'><strong>simul</strong></span> <span class='ocrx_word' id='word_1_470' title='bbox 1599 623 1626 645; x_wconf 91' lang='lat' dir='ltr'><strong>et</strong></span> 
     </span>
    </p>
   </div>
   <div class='ocr_carea' id='block_1_67' title="bbox 842 663 1626 699">
    <p class='ocr_par' dir='ltr' id='par_1_67' title="bbox 842 663 1626 699">
     <span class='ocr_line' id='line_1_67' title="bbox 842 663 1626 699; baseline -0.003 -7"><span class='ocrx_word' id='word_1_471' title='bbox 842 665 934 697; x_wconf 90' lang='lat' dir='ltr'><strong>homo,</strong></span> <span class='ocrx_word' id='word_1_472' title='bbox 951 664 1095 692; x_wconf 80' lang='lat' dir='ltr'><strong>Christus?</strong></span> <span class='ocrx_word' id='word_1_473' title='bbox 1122 663 1163 699; x_wconf 89' lang='grc' dir='ltr'><strong>(π)</strong></span> <span class='ocrx_word' id='word_1_474' title='bbox 1189 663 1275 696; x_wconf 84' lang='lat' dir='ltr'><strong>Quam</strong></span> <span class='ocrx_word' id='word_1_475' title='bbox 1291 664 1371 690; x_wconf 85' lang='lat' dir='ltr'><strong>etiam</strong></span> <span class='ocrx_word' id='word_1_476' title='bbox 1389 664 1537 691; x_wconf 86' lang='lat' dir='ltr'><strong>secundum</strong></span> <span class='ocrx_word' id='word_1_477' title='bbox 1553 665 1626 698; x_wconf 81' lang='lat' dir='ltr'><strong>ipsos</strong></span> 
     </span>
    </p>
   </div>
   <div class='ocr_carea' id='block_1_68' title="bbox 841 709 1628 742">
    <p class='ocr_par' dir='ltr' id='par_1_68' title="bbox 841 709 1628 742">
     <span class='ocr_line' id='line_1_68' title="bbox 841 709 1628 742; baseline -0.001 -5"><span class='ocrx_word' id='word_1_478' title='bbox 841 710 949 737; x_wconf 79' lang='lat' dir='ltr'><strong>habebit</strong></span> <span class='ocrx_word' id='word_1_479' title='bbox 963 710 1121 742; x_wconf 86' lang='lat' dir='ltr'><strong>essentiam,</strong></span> <span class='ocrx_word' id='word_1_480' title='bbox 1131 709 1282 736; x_wconf 87' lang='lat' dir='ltr'><strong>mutatione</strong></span> <span class='ocrx_word' id='word_1_481' title='bbox 1300 709 1450 737; x_wconf 71' lang='lat' dir='ltr'><strong>divinitatis</strong></span> <span class='ocrx_word' id='word_1_482' title='bbox 1466 709 1554 736; x_wconf 79' lang='lat' dir='ltr'><strong>factus</strong></span> <span class='ocrx_word' id='word_1_483' title='bbox 1578 710 1628 737; x_wconf 91' lang='lat' dir='ltr'><strong>bo-</strong></span> 
     </span>
    </p>
   </div>
   <div class='ocr_carea' id='block_1_69' title="bbox 840 755 1625 789">
    <p class='ocr_par' dir='ltr' id='par_1_69' title="bbox 840 755 1625 789">
     <span class='ocr_line' id='line_1_69' title="bbox 840 755 1625 789; baseline -0.001 -6"><span class='ocrx_word' id='word_1_484' title='bbox 840 763 896 789; x_wconf 89' lang='lat' dir='ltr'><strong>mo,</strong></span> <span class='ocrx_word' id='word_1_485' title='bbox 913 761 940 783; x_wconf 82' lang='lat' dir='ltr'><strong>et</strong></span> <span class='ocrx_word' id='word_1_486' title='bbox 951 756 1042 783; x_wconf 84' lang='lat' dir='ltr'><strong>carnis</strong></span> <span class='ocrx_word' id='word_1_487' title='bbox 1055 755 1231 783; x_wconf 82' lang='lat' dir='ltr'><strong>translatione</strong></span> <span class='ocrx_word' id='word_1_488' title='bbox 1249 755 1337 783; x_wconf 84' lang='lat' dir='ltr'><strong>Deus?</strong></span> <span class='ocrx_word' id='word_1_489' title='bbox 1353 755 1439 783; x_wconf 87' lang='lat' dir='ltr'><strong>Casus</strong></span> <span class='ocrx_word' id='word_1_490' title='bbox 1453 756 1524 782; x_wconf 90' lang='lat' dir='ltr'><strong>enim</strong></span> <span class='ocrx_word' id='word_1_491' title='bbox 1540 756 1566 782; x_wconf 94' lang='lat' dir='ltr'><strong>in</strong></span> <span class='ocrx_word' id='word_1_492' title='bbox 1585 756 1625 782; x_wconf 88' lang='lat' dir='ltr'><strong>al-</strong></span> 
     </span>
    </p>
   </div>
   <div class='ocr_carea' id='block_1_70' title="bbox 841 801 1625 835">
    <p class='ocr_par' dir='ltr' id='par_1_70' title="bbox 841 801 1625 835">
     <span class='ocr_line' id='line_1_70' title="bbox 841 801 1625 835; baseline 0.001 -8"><span class='ocrx_word' id='word_1_493' title='bbox 841 804 974 831; x_wconf 81' lang='lat' dir='ltr'><strong>terutras,</strong></span> <span class='ocrx_word' id='word_1_494' title='bbox 1005 801 1162 828; x_wconf 87' lang='lat' dir='ltr'><strong>omnimoda</strong></span> <span class='ocrx_word' id='word_1_495' title='bbox 1195 804 1236 827; x_wconf 85' lang='lat' dir='ltr'><strong>est</strong></span> <span class='ocrx_word' id='word_1_496' title='bbox 1261 805 1440 834; x_wconf 85' lang='lat' dir='ltr'><strong>utrarumque</strong></span> <span class='ocrx_word' id='word_1_497' title='bbox 1467 801 1625 835; x_wconf 74' lang='lat' dir='ltr'><strong>pet-emptio.</strong></span> 
     </span>
    </p>
   </div>
   <div class='ocr_carea' id='block_1_71' title="bbox 803 835 1450 881">
    <p class='ocr_par' dir='ltr' id='par_1_71' title="bbox 803 835 1450 881">
     <span class='ocr_line' id='line_1_71' title="bbox 803 835 1450 881; baseline 0 -7"><span class='ocrx_word' id='word_1_498' title='bbox 803 835 824 862; x_wconf 73' lang='grc' dir='ltr'><strong>Β</strong></span> <span class='ocrx_word' id='word_1_499' title='bbox 839 846 1001 881; x_wconf 85' lang='lat' dir='ltr'><strong>inspieiatur</strong></span> <span class='ocrx_word' id='word_1_500' title='bbox 1020 846 1111 881; x_wconf 79' lang='lat' dir='ltr'><strong>itaque</strong></span> <span class='ocrx_word' id='word_1_501' title='bbox 1128 853 1144 873; x_wconf 85' lang='lat' dir='ltr'><strong>a</strong></span> <span class='ocrx_word' id='word_1_502' title='bbox 1161 846 1239 873; x_wconf 83' lang='lat' dir='ltr'><strong>nobis</strong></span> <span class='ocrx_word' id='word_1_503' title='bbox 1256 847 1334 873; x_wconf 87' lang='lat' dir='ltr'><strong>aliter</strong></span> <span class='ocrx_word' id='word_1_504' title='bbox 1349 853 1450 874; x_wconf 88' lang='lat' dir='ltr'><strong>sermo.</strong></span> 
     </span>
    </p>
   </div>
   <div class='ocr_carea' id='block_1_72' title="bbox 980 902 1481 937">
    <p class='ocr_par' dir='ltr' id='par_1_72' title="bbox 980 902 1481 937">
     <span class='ocr_line' id='line_1_72' title="bbox 980 902 1481 937; baseline 0 -9"><span class='ocrx_word' id='word_1_505' title='bbox 980 902 1118 937; x_wconf 82' lang='lat' dir='ltr'><strong>Ejusdem,</strong></span> <span class='ocrx_word' id='word_1_506' title='bbox 1135 910 1167 929; x_wconf 68' lang='lat' dir='ltr'><strong>ex</strong></span> <span class='ocrx_word' id='word_1_507' title='bbox 1182 902 1271 929; x_wconf 85' lang='lat' dir='ltr'><strong>eodem</strong></span> <span class='ocrx_word' id='word_1_508' title='bbox 1285 911 1412 930; x_wconf 81' lang='lat' dir='ltr'><strong>sermone.</strong></span> <span class='ocrx_word' id='word_1_509' title='bbox 1433 902 1481 930; x_wconf 83' lang='lat' dir='ltr'><strong>VI.</strong></span> 
     </span>
    </p>
   </div>
   <div class='ocr_carea' id='block_1_73' title="bbox 874 957 1628 995">
    <p class='ocr_par' dir='ltr' id='par_1_73' title="bbox 874 957 1628 995">
     <span class='ocr_line' id='line_1_73' title="bbox 874 957 1628 995; baseline 0.005 -11"><span class='ocrx_word' id='word_1_510' title='bbox 874 957 918 984; x_wconf 78' lang='lat' dir='ltr'><strong>VI.</strong></span> <span class='ocrx_word' id='word_1_511' title='bbox 931 957 1008 985; x_wconf 85' lang='lat' dir='ltr'><strong>Pium</strong></span> <span class='ocrx_word' id='word_1_512' title='bbox 1022 958 1186 985; x_wconf 81' lang='lat' dir='ltr'><strong>Christianis</strong></span> <span class='ocrx_word' id='word_1_513' title='bbox 1207 958 1384 985; x_wconf 86' lang='lat' dir='ltr'><strong>constitutum</strong></span> <span class='ocrx_word' id='word_1_514' title='bbox 1400 963 1442 986; x_wconf 84' lang='lat' dir='ltr'><strong>est</strong></span> <span class='ocrx_word' id='word_1_515' title='bbox 1456 959 1553 995; x_wconf 82' lang='lat' dir='ltr'><strong>dogma</strong></span> <span class='ocrx_word' id='word_1_516' title='bbox 1569 968 1628 988; x_wconf 47' lang='lat' dir='ltr'><strong>cre‘</strong></span> 
     </span>
    </p>
   </div>
   <div class='ocr_carea' id='block_1_74' title="bbox 840 1004 1628 1040">
    <p class='ocr_par' dir='ltr' id='par_1_74' title="bbox 840 1004 1628 1040">
     <span class='ocr_line' id='line_1_74' title="bbox 840 1004 1628 1040; baseline 0.003 -9"><span class='ocrx_word' id='word_1_517' title='bbox 840 1004 977 1038; x_wconf 83' lang='lat' dir='ltr'><strong>dentibus,</strong></span> <span class='ocrx_word' id='word_1_518' title='bbox 993 1005 1029 1040; x_wconf 90' lang='grc' dir='ltr'>(ρ)</span> <span class='ocrx_word' id='word_1_519' title='bbox 1054 1005 1204 1032; x_wconf 86' lang='lat' dir='ltr'><strong>secundum</strong></span> <span class='ocrx_word' id='word_1_520' title='bbox 1233 1005 1354 1032; x_wconf 83' lang='lat' dir='ltr'><strong>eamdem</strong></span> <span class='ocrx_word' id='word_1_521' title='bbox 1371 1010 1495 1032; x_wconf 89' lang='lat' dir='ltr'><strong>naturam</strong></span> <span class='ocrx_word' id='word_1_522' title='bbox 1513 1014 1545 1032; x_wconf 91' lang='lat' dir='ltr'><strong>ac</strong></span> <span class='ocrx_word' id='word_1_523' title='bbox 1567 1014 1628 1040; x_wconf 86' lang='lat' dir='ltr'><strong>ope-</strong></span> 
     </span>
    </p>
   </div>
   <div class='ocr_carea' id='block_1_75' title="bbox 841 1050 1626 1087">
    <p class='ocr_par' dir='ltr' id='par_1_75' title="bbox 841 1050 1626 1087">
     <span class='ocr_line' id='line_1_75' title="bbox 841 1050 1626 1087; baseline 0.004 -11"><span class='ocrx_word' id='word_1_524' title='bbox 841 1051 985 1082; x_wconf 81' lang='lat' dir='ltr'><strong>rationem,</strong></span> <span class='ocrx_word' id='word_1_525' title='bbox 1006 1055 1033 1077; x_wconf 88' lang='lat' dir='ltr'><strong>et</strong></span> <span class='ocrx_word' id='word_1_526' title='bbox 1046 1058 1126 1077; x_wconf 85' lang='lat' dir='ltr'><strong>omne</strong></span> <span class='ocrx_word' id='word_1_527' title='bbox 1139 1050 1212 1078; x_wconf 87' lang='lat' dir='ltr'><strong>aliud</strong></span> <span class='ocrx_word' id='word_1_528' title='bbox 1229 1051 1279 1078; x_wconf 87' lang='lat' dir='ltr'><strong>sibi</strong></span> <span class='ocrx_word' id='word_1_529' title='bbox 1301 1051 1476 1084; x_wconf 77' lang='lat' dir='ltr'><strong>conveniens,</strong></span> <span class='ocrx_word' id='word_1_530' title='bbox 1495 1052 1626 1087; x_wconf 57' lang='lat' dir='ltr'><strong>aequalem</strong></span> 
     </span>
    </p>
   </div>
   <div class='ocr_carea' id='block_1_76' title="bbox 841 1095 1628 1130">
    <p class='ocr_par' dir='ltr' id='par_1_76' title="bbox 841 1095 1628 1130">
     <span class='ocr_line' id='line_1_76' title="bbox 841 1095 1628 1130; baseline 0.003 -8"><span class='ocrx_word' id='word_1_531' title='bbox 841 1095 892 1122; x_wconf 84' lang='lat' dir='ltr'><strong>sibi</strong></span> <span class='ocrx_word' id='word_1_532' title='bbox 904 1100 930 1122; x_wconf 85' lang='lat' dir='ltr'><strong>et</strong></span> <span class='ocrx_word' id='word_1_533' title='bbox 944 1095 1070 1122; x_wconf 85' lang='lat' dir='ltr'><strong>eumdem</strong></span> <span class='ocrx_word' id='word_1_534' title='bbox 1084 1095 1172 1130; x_wconf 89' lang='lat' dir='ltr'><strong>ipsum</strong></span> <span class='ocrx_word' id='word_1_535' title='bbox 1188 1103 1248 1123; x_wconf 88' lang='lat' dir='ltr'><strong>esse</strong></span> <span class='ocrx_word' id='word_1_536' title='bbox 1262 1095 1357 1128; x_wconf 82' lang='lat' dir='ltr'><strong>Deum,</strong></span> <span class='ocrx_word' id='word_1_537' title='bbox 1373 1096 1439 1122; x_wconf 93' lang='lat' dir='ltr'><strong>nihil</strong></span> <span class='ocrx_word' id='word_1_538' title='bbox 1455 1097 1566 1124; x_wconf 86' lang='lat' dir='ltr'><strong>omnino</strong></span> <span class='ocrx_word' id='word_1_539' title='bbox 1581 1105 1628 1124; x_wconf 85' lang='lat' dir='ltr'><strong>eo—</strong></span> 
     </span>
    </p>
   </div>
   <div class='ocr_carea' id='block_1_77' title="bbox 841 1140 1625 1175">
    <p class='ocr_par' dir='ltr' id='par_1_77' title="bbox 841 1140 1625 1175">
     <span class='ocr_line' id='line_1_77' title="bbox 841 1140 1625 1175; baseline 0.006 -11"><span class='ocrx_word' id='word_1_540' title='bbox 841 1147 901 1165; x_wconf 87' lang='lat' dir='ltr'><strong>rum</strong></span> <span class='ocrx_word' id='word_1_541' title='bbox 920 1147 980 1173; x_wconf 72' lang='lat' dir='ltr'><strong>qua:</strong></span> <span class='ocrx_word' id='word_1_542' title='bbox 992 1147 1039 1166; x_wconf 87' lang='lat' dir='ltr'><strong>sua</strong></span> <span class='ocrx_word' id='word_1_543' title='bbox 1057 1144 1120 1167; x_wconf 88' lang='lat' dir='ltr'><strong>sunt</strong></span> <span class='ocrx_word' id='word_1_544' title='bbox 1138 1140 1270 1175; x_wconf 75' lang='lat' dir='ltr'><strong>inazquale</strong></span> <span class='ocrx_word' id='word_1_545' title='bbox 1293 1140 1437 1168; x_wconf 83' lang='lat' dir='ltr'><strong>habentem</strong></span> <span class='ocrx_word' id='word_1_546' title='bbox 1456 1146 1482 1168; x_wconf 89' lang='lat' dir='ltr'><strong>et</strong></span> <span class='ocrx_word' id='word_1_547' title='bbox 1497 1141 1625 1169; x_wconf 79' lang='lat' dir='ltr'><strong>inconve-</strong></span> 
     </span>
    </p>
   </div>
   <div class='ocr_carea' id='block_1_78' title="bbox 842 1183 1625 1220">
    <p class='ocr_par' dir='ltr' id='par_1_78' title="bbox 842 1183 1625 1220">
     <span class='ocr_line' id='line_1_78' title="bbox 842 1183 1625 1220; baseline 0.004 -10"><span class='ocrx_word' id='word_1_548' title='bbox 842 1184 930 1210; x_wconf 86' lang='lat' dir='ltr'><strong>niens.</strong></span> <span class='ocrx_word' id='word_1_549' title='bbox 950 1183 978 1210; x_wconf 88' lang='lat' dir='ltr'><strong>Si</strong></span> <span class='ocrx_word' id='word_1_550' title='bbox 1002 1183 1082 1218; x_wconf 77' lang='lat' dir='ltr'><strong>igitur</strong></span> <span class='ocrx_word' id='word_1_551' title='bbox 1094 1185 1241 1211; x_wconf 81' lang='lat' dir='ltr'><strong>secundum</strong></span> <span class='ocrx_word' id='word_1_552' title='bbox 1265 1184 1396 1211; x_wconf 87' lang='lat' dir='ltr'><strong>Beronem</strong></span> <span class='ocrx_word' id='word_1_553' title='bbox 1419 1191 1557 1220; x_wconf 85' lang='lat' dir='ltr'><strong>assumpta</strong></span> <span class='ocrx_word' id='word_1_554' title='bbox 1573 1187 1625 1214; x_wconf 83' lang='lat' dir='ltr'><strong>sibi</strong></span> 
     </span>
    </p>
   </div>
   <div class='ocr_carea' id='block_1_79' title="bbox 842 1229 1625 1264">
    <p class='ocr_par' dir='ltr' id='par_1_79' title="bbox 842 1229 1625 1264">
     <span class='ocr_line' id='line_1_79' title="bbox 842 1229 1625 1264; baseline 0.003 -8"><span class='ocrx_word' id='word_1_555' title='bbox 842 1237 904 1256; x_wconf 75' lang='lat' dir='ltr'><strong>caro</strong></span> <span class='ocrx_word' id='word_1_556' title='bbox 919 1229 1040 1264; x_wconf 84' lang='lat' dir='ltr'><strong>ejusdem</strong></span> <span class='ocrx_word' id='word_1_557' title='bbox 1059 1229 1224 1264; x_wconf 74' lang='lat' dir='ltr'><strong>operationis</strong></span> <span class='ocrx_word' id='word_1_558' title='bbox 1251 1229 1345 1256; x_wconf 70' lang='lat' dir='ltr'><strong>elleeta</strong></span> <span class='ocrx_word' id='word_1_559' title='bbox 1360 1234 1410 1263; x_wconf 87' lang='lat' dir='ltr'><strong>est,</strong></span> <span class='ocrx_word' id='word_1_560' title='bbox 1427 1230 1498 1257; x_wconf 89' lang='lat' dir='ltr'><strong>haud</strong></span> <span class='ocrx_word' id='word_1_561' title='bbox 1513 1231 1625 1258; x_wconf 87' lang='lat' dir='ltr'><strong>dubium</strong></span> 
     </span>
    </p>
   </div>
   <div class='ocr_carea' id='block_1_80' title="bbox 842 1275 1627 1311">
    <p class='ocr_par' dir='ltr' id='par_1_80' title="bbox 842 1275 1627 1311">
     <span class='ocr_line' id='line_1_80' title="bbox 842 1275 1627 1311; baseline 0.004 -10"><span class='ocrx_word' id='word_1_562' title='bbox 842 1275 907 1309; x_wconf 89' lang='lat' dir='ltr'><strong>quin</strong></span> <span class='ocrx_word' id='word_1_563' title='bbox 922 1279 949 1302; x_wconf 87' lang='lat' dir='ltr'><strong>et</strong></span> <span class='ocrx_word' id='word_1_564' title='bbox 961 1275 1081 1309; x_wconf 81' lang='lat' dir='ltr'><strong>ejuslem</strong></span> <span class='ocrx_word' id='word_1_565' title='bbox 1096 1275 1164 1302; x_wconf 79' lang='lat' dir='ltr'><strong>facta</strong></span> <span class='ocrx_word' id='word_1_566' title='bbox 1178 1279 1216 1302; x_wconf 85' lang='lat' dir='ltr'><strong>est</strong></span> <span class='ocrx_word' id='word_1_567' title='bbox 1229 1275 1279 1302; x_wconf 91' lang='lat' dir='ltr'><strong>sibi</strong></span> <span class='ocrx_word' id='word_1_568' title='bbox 1293 1280 1405 1306; x_wconf 70' lang='lat' dir='ltr'><strong>naturaz.</strong></span> <span class='ocrx_word' id='word_1_569' title='bbox 1418 1284 1479 1302; x_wconf 88' lang='lat' dir='ltr'><strong>cum</strong></span> <span class='ocrx_word' id='word_1_570' title='bbox 1493 1282 1627 1311; x_wconf 85' lang='lat' dir='ltr'><strong>quotquot</strong></span> 
     </span>
    </p>
   </div>
   <div class='ocr_carea' id='block_1_81' title="bbox 841 1321 1627 1356">
    <p class='ocr_par' dir='ltr' id='par_1_81' title="bbox 841 1321 1627 1356">
     <span class='ocr_line' id='line_1_81' title="bbox 841 1321 1627 1356; baseline 0 -8"><span class='ocrx_word' id='word_1_571' title='bbox 841 1326 883 1348; x_wconf 62' lang='lat' dir='ltr'><strong>Csl,</strong></span> <span class='ocrx_word' id='word_1_572' title='bbox 900 1326 1007 1353; x_wconf 80' lang='lat' dir='ltr'><strong>natura,</strong></span> <span class='ocrx_word' id='word_1_573' title='bbox 1022 1322 1048 1348; x_wconf 88' lang='lat' dir='ltr'><strong>id</strong></span> <span class='ocrx_word' id='word_1_574' title='bbox 1071 1326 1112 1348; x_wconf 85' lang='lat' dir='ltr'><strong>est</strong></span> <span class='ocrx_word' id='word_1_575' title='bbox 1127 1321 1365 1356; x_wconf 83' lang='lat' dir='ltr'><strong>inprincipalitate,</strong></span> <span class='ocrx_word' id='word_1_576' title='bbox 1388 1321 1545 1354; x_wconf 79' lang='lat' dir='ltr'><strong>infactione,</strong></span> <span class='ocrx_word' id='word_1_577' title='bbox 1566 1323 1627 1349; x_wconf 86' lang='lat' dir='ltr'><strong>inti.</strong></span> 
     </span>
    </p>
   </div>
   <div class='ocr_carea' id='block_1_82' title="bbox 842 1367 1626 1402">
    <p class='ocr_par' dir='ltr' id='par_1_82' title="bbox 842 1367 1626 1402">
     <span class='ocr_line' id='line_1_82' title="bbox 842 1367 1626 1402; baseline 0.003 -8"><span class='ocrx_word' id='word_1_578' title='bbox 842 1367 934 1399; x_wconf 83' lang='lat' dir='ltr'><strong>nitate,</strong></span> <span class='ocrx_word' id='word_1_579' title='bbox 961 1367 1192 1402; x_wconf 85' lang='lat' dir='ltr'><strong>setupiternitale,</strong></span> <span class='ocrx_word' id='word_1_580' title='bbox 1222 1367 1563 1401; x_wconf 83' lang='lat' dir='ltr'><strong>ineomprehensibilitate,</strong></span> <span class='ocrx_word' id='word_1_581' title='bbox 1600 1373 1626 1396; x_wconf 88' lang='lat' dir='ltr'><strong>et</strong></span> 
     </span>
    </p>
   </div>
   <div class='ocr_carea' id='block_1_83' title="bbox 842 1413 1630 1448">
    <p class='ocr_par' dir='ltr' id='par_1_83' title="bbox 842 1413 1630 1448">
     <span class='ocr_line' id='line_1_83' title="bbox 842 1413 1630 1448; baseline 0.003 -9"><span class='ocrx_word' id='word_1_582' title='bbox 842 1420 1010 1447; x_wconf 59' lang='lat' dir='ltr'><strong>quascunque</strong></span> <span class='ocrx_word' id='word_1_583' title='bbox 1027 1413 1124 1439; x_wconf 88' lang='lat' dir='ltr'><strong>horum</strong></span> <span class='ocrx_word' id='word_1_584' title='bbox 1139 1413 1287 1440; x_wconf 84' lang='lat' dir='ltr'><strong>secundum</strong></span> <span class='ocrx_word' id='word_1_585' title='bbox 1315 1413 1529 1448; x_wconf 81' lang='lat' dir='ltr'><strong>magnitudinem</strong></span> <span class='ocrx_word' id='word_1_586' title='bbox 1553 1415 1630 1441; x_wconf 83' lang='lat' dir='ltr'><strong>theo-</strong></span> 
     </span>
    </p>
   </div>
   <div class='ocr_carea' id='block_1_84' title="bbox 842 1458 1627 1494">
    <p class='ocr_par' dir='ltr' id='par_1_84' title="bbox 842 1458 1627 1494">
     <span class='ocr_line' id='line_1_84' title="bbox 842 1458 1627 1494; baseline 0.003 -10"><span class='ocrx_word' id='word_1_587' title='bbox 842 1458 929 1493; x_wconf 79' lang='lat' dir='ltr'><strong>logica</strong></span> <span class='ocrx_word' id='word_1_588' title='bbox 946 1458 1114 1492; x_wconf 87' lang='lat' dir='ltr'><strong>atnplissime</strong></span> <span class='ocrx_word' id='word_1_589' title='bbox 1130 1459 1156 1485; x_wconf 93' lang='lat' dir='ltr'><strong>iu</strong></span> <span class='ocrx_word' id='word_1_590' title='bbox 1183 1459 1282 1486; x_wconf 85' lang='lat' dir='ltr'><strong>deitale</strong></span> <span class='ocrx_word' id='word_1_591' title='bbox 1307 1459 1378 1486; x_wconf 81' lang='lat' dir='ltr'><strong>ratio</strong></span> <span class='ocrx_word' id='word_1_592' title='bbox 1406 1460 1604 1494; x_wconf 85' lang='lat' dir='ltr'><strong>contemplatur</strong></span> <span class='ocrx_word' id='word_1_593' title='bbox 1617 1470 1627 1487; x_wconf 70' lang='grc' dir='ltr'><strong>ε</strong></span> 
     </span>
    </p>
   </div>
   <div class='ocr_carea' id='block_1_85' title="bbox 805 1500 1626 1540">
    <p class='ocr_par' dir='ltr' id='par_1_85' title="bbox 805 1500 1626 1540">
     <span class='ocr_line' id='line_1_85' title="bbox 805 1500 1626 1540; baseline 0.001 -9"><span class='ocrx_word' id='word_1_594' title='bbox 805 1500 826 1527; x_wconf 85' lang='lat' dir='ltr'><strong>C</strong></span> <span class='ocrx_word' id='word_1_595' title='bbox 843 1509 870 1531; x_wconf 90' lang='lat' dir='ltr'><strong>et</strong></span> <span class='ocrx_word' id='word_1_596' title='bbox 883 1505 1097 1532; x_wconf 77' lang='lat' dir='ltr'><strong>vicissitudinem</strong></span> <span class='ocrx_word' id='word_1_597' title='bbox 1123 1510 1238 1540; x_wconf 87' lang='lat' dir='ltr'><strong>utraque</strong></span> <span class='ocrx_word' id='word_1_598' title='bbox 1261 1513 1341 1539; x_wconf 80' lang='lat' dir='ltr'><strong>passa</strong></span> <span class='ocrx_word' id='word_1_599' title='bbox 1358 1509 1432 1537; x_wconf 88' lang='lat' dir='ltr'><strong>sunt,</strong></span> <span class='ocrx_word' id='word_1_600' title='bbox 1461 1512 1558 1533; x_wconf 88' lang='lat' dir='ltr'><strong>neutro</strong></span> <span class='ocrx_word' id='word_1_601' title='bbox 1577 1515 1626 1532; x_wconf 85' lang='lat' dir='ltr'><strong>na—</strong></span> 
     </span>
    </p>
   </div>
   <div class='ocr_carea' id='block_1_86' title="bbox 844 1550 1623 1578">
    <p class='ocr_par' dir='ltr' id='par_1_86' title="bbox 844 1550 1623 1578">
     <span class='ocr_line' id='line_1_86' title="bbox 844 1550 1623 1578; baseline 0.001 -2"><span class='ocrx_word' id='word_1_602' title='bbox 844 1554 911 1576; x_wconf 69' lang='lat' dir='ltr'><strong>turae</strong></span> <span class='ocrx_word' id='word_1_603' title='bbox 924 1558 980 1577; x_wconf 72' lang='lat' dir='ltr'><strong>sum</strong></span> <span class='ocrx_word' id='word_1_604' title='bbox 995 1551 1199 1577; x_wconf 80' lang='lat' dir='ltr'><strong>substantial&#39;em</strong></span> <span class='ocrx_word' id='word_1_605' title='bbox 1229 1551 1361 1577; x_wconf 86' lang='lat' dir='ltr'><strong>rationem</strong></span> <span class='ocrx_word' id='word_1_606' title='bbox 1379 1550 1449 1577; x_wconf 83' lang='lat' dir='ltr'><strong>ultra</strong></span> <span class='ocrx_word' id='word_1_607' title='bbox 1466 1551 1623 1578; x_wconf 84' lang='lat' dir='ltr'><strong>salvandam</strong></span> 
     </span>
    </p>
   </div>
   <div class='ocr_carea' id='block_1_87' title="bbox 843 1595 1625 1630">
    <p class='ocr_par' dir='ltr' id='par_1_87' title="bbox 843 1595 1625 1630">
     <span class='ocr_line' id='line_1_87' title="bbox 843 1595 1625 1630; baseline 0.003 -9"><span class='ocrx_word' id='word_1_608' title='bbox 843 1595 967 1622; x_wconf 86' lang='lat' dir='ltr'><strong>habente.</strong></span> <span class='ocrx_word' id='word_1_609' title='bbox 983 1595 1034 1628; x_wconf 82' lang='lat' dir='ltr'><strong>Qui</strong></span> <span class='ocrx_word' id='word_1_610' title='bbox 1047 1596 1118 1622; x_wconf 81' lang='lat' dir='ltr'><strong>cuitu</strong></span> <span class='ocrx_word' id='word_1_611' title='bbox 1130 1604 1222 1622; x_wconf 79' lang='lat' dir='ltr'><strong>eorum</strong></span> <span class='ocrx_word' id='word_1_612' title='bbox 1236 1603 1295 1630; x_wconf 72' lang='lat' dir='ltr'><strong>quae</strong></span> <span class='ocrx_word' id='word_1_613' title='bbox 1311 1595 1422 1623; x_wconf 84' lang='lat' dir='ltr'><strong>alterius</strong></span> <span class='ocrx_word' id='word_1_614' title='bbox 1442 1601 1506 1623; x_wconf 90' lang='lat' dir='ltr'><strong>sunt</strong></span> <span class='ocrx_word' id='word_1_615' title='bbox 1521 1601 1625 1623; x_wconf 71' lang='lat' dir='ltr'><strong>natura:</strong></span> 
     </span>
    </p>
   </div>
   <div class='ocr_carea' id='block_1_88' title="bbox 843 1641 1626 1676">
    <p class='ocr_par' dir='ltr' id='par_1_88' title="bbox 843 1641 1626 1676">
     <span class='ocr_line' id='line_1_88' title="bbox 843 1641 1626 1676; baseline 0.003 -9"><span class='ocrx_word' id='word_1_616' title='bbox 843 1642 924 1668; x_wconf 88' lang='lat' dir='ltr'><strong>sentit</strong></span> <span class='ocrx_word' id='word_1_617' title='bbox 937 1642 1059 1668; x_wconf 90' lang='lat' dir='ltr'><strong>eamdem</strong></span> <span class='ocrx_word' id='word_1_618' title='bbox 1075 1642 1267 1676; x_wconf 76' lang='lat' dir='ltr'><strong>operationem,</strong></span> <span class='ocrx_word' id='word_1_619' title='bbox 1280 1641 1467 1676; x_wconf 83' lang='lat' dir='ltr'><strong>confusionem</strong></span> <span class='ocrx_word' id='word_1_620' title='bbox 1480 1642 1560 1670; x_wconf 91' lang='lat' dir='ltr'><strong>simul</strong></span> <span class='ocrx_word' id='word_1_621' title='bbox 1576 1651 1626 1669; x_wconf 84' lang='lat' dir='ltr'><strong>na-</strong></span> 
     </span>
    </p>
   </div>
   <div class='ocr_carea' id='block_1_89' title="bbox 841 1688 1626 1724">
    <p class='ocr_par' dir='ltr' id='par_1_89' title="bbox 841 1688 1626 1724">
     <span class='ocr_line' id='line_1_89' title="bbox 841 1688 1626 1724; baseline 0.003 -9"><span class='ocrx_word' id='word_1_622' title='bbox 841 1689 968 1721; x_wconf 87' lang='lat' dir='ltr'><strong>turalem,</strong></span> <span class='ocrx_word' id='word_1_623' title='bbox 984 1693 1011 1715; x_wconf 89' lang='lat' dir='ltr'><strong>et</strong></span> <span class='ocrx_word' id='word_1_624' title='bbox 1024 1688 1185 1715; x_wconf 89' lang='lat' dir='ltr'><strong>divisionem</strong></span> <span class='ocrx_word' id='word_1_625' title='bbox 1205 1696 1300 1715; x_wconf 90' lang='lat' dir='ltr'><strong>eorum</strong></span> <span class='ocrx_word' id='word_1_626' title='bbox 1318 1690 1490 1724; x_wconf 82' lang='lat' dir='ltr'><strong>personalem</strong></span> <span class='ocrx_word' id='word_1_627' title='bbox 1502 1690 1626 1717; x_wconf 86' lang='lat' dir='ltr'><strong>introdu-</strong></span> 
     </span>
    </p>
   </div>
   <div class='ocr_carea' id='block_1_90' title="bbox 842 1734 1627 1769">
    <p class='ocr_par' dir='ltr' id='par_1_90' title="bbox 842 1734 1627 1769">
     <span class='ocr_line' id='line_1_90' title="bbox 842 1734 1627 1769; baseline 0.005 -9"><span class='ocrx_word' id='word_1_628' title='bbox 842 1735 897 1761; x_wconf 86' lang='lat' dir='ltr'><strong>cit:</strong></span> <span class='ocrx_word' id='word_1_629' title='bbox 924 1734 1060 1769; x_wconf 76' lang='lat' dir='ltr'><strong>ineognita</strong></span> <span class='ocrx_word' id='word_1_630' title='bbox 1086 1742 1200 1768; x_wconf 86' lang='lat' dir='ltr'><strong>prorsus</strong></span> <span class='ocrx_word' id='word_1_631' title='bbox 1226 1735 1385 1762; x_wconf 84' lang='lat' dir='ltr'><strong>idiomatum</strong></span> <span class='ocrx_word' id='word_1_632' title='bbox 1413 1736 1627 1765; x_wconf 80' lang='lat' dir='ltr'><strong>commutatione</strong></span> 
     </span>
    </p>
   </div>
   <div class='ocr_carea' id='block_1_91' title="bbox 842 1780 1336 1808">
    <p class='ocr_par' dir='ltr' id='par_1_91' title="bbox 842 1780 1336 1808">
     <span class='ocr_line' id='line_1_91' title="bbox 842 1780 1336 1808; baseline 0.002 -1"><span class='ocrx_word' id='word_1_633' title='bbox 842 1780 958 1807; x_wconf 87' lang='lat' dir='ltr'><strong>naturali</strong></span> <span class='ocrx_word' id='word_1_634' title='bbox 970 1788 1065 1807; x_wconf 87' lang='lat' dir='ltr'><strong>eorum</strong></span> <span class='ocrx_word' id='word_1_635' title='bbox 1081 1780 1150 1807; x_wconf 81' lang='lat' dir='ltr'><strong>facta</strong></span> <span class='ocrx_word' id='word_1_636' title='bbox 1166 1780 1336 1808; x_wconf 80' lang='lat' dir='ltr'><strong>exsistentia.</strong></span> 
     </span>
    </p>
   </div>
   <div class='ocr_carea' id='block_1_92' title="bbox 966 1825 1502 1860">
    <p class='ocr_par' dir='ltr' id='par_1_92' title="bbox 966 1825 1502 1860">
     <span class='ocr_line' id='line_1_92' title="bbox 966 1825 1502 1860; baseline 0.002 -8"><span class='ocrx_word' id='word_1_637' title='bbox 966 1825 1102 1860; x_wconf 80' lang='lat' dir='ltr'><strong>Ejusdem,</strong></span> <span class='ocrx_word' id='word_1_638' title='bbox 1119 1834 1150 1853; x_wconf 78' lang='lat' dir='ltr'><strong>ea:</strong></span> <span class='ocrx_word' id='word_1_639' title='bbox 1176 1827 1265 1853; x_wconf 78' lang='lat' dir='ltr'><strong>eadem</strong></span> <span class='ocrx_word' id='word_1_640' title='bbox 1291 1835 1418 1854; x_wconf 83' lang='lat' dir='ltr'><strong>sermone.</strong></span> <span class='ocrx_word' id='word_1_641' title='bbox 1439 1826 1502 1854; x_wconf 89' lang='lat' dir='ltr'><strong>VII.</strong></span> 
     </span>
    </p>
   </div>
   <div class='ocr_carea' id='block_1_93' title="bbox 877 1882 1626 1917">
    <p class='ocr_par' dir='ltr' id='par_1_93' title="bbox 877 1882 1626 1917">
     <span class='ocr_line' id='line_1_93' title="bbox 877 1882 1626 1917; baseline 0.004 -9"><span class='ocrx_word' id='word_1_642' title='bbox 877 1882 932 1911; x_wconf 68' lang='lat' dir='ltr'><strong>\‘ll.</strong></span> <span class='ocrx_word' id='word_1_643' title='bbox 951 1883 977 1910; x_wconf 90' lang='lat' dir='ltr'><strong>Si</strong></span> <span class='ocrx_word' id='word_1_644' title='bbox 995 1891 1059 1910; x_wconf 68' lang='lat' dir='ltr'><strong>vero</strong></span> <span class='ocrx_word' id='word_1_645' title='bbox 1085 1883 1206 1917; x_wconf 82' lang='lat' dir='ltr'><strong>ejusdem</strong></span> <span class='ocrx_word' id='word_1_646' title='bbox 1227 1883 1277 1911; x_wconf 89' lang='lat' dir='ltr'><strong>sibi</strong></span> <span class='ocrx_word' id='word_1_647' title='bbox 1295 1883 1412 1911; x_wconf 78' lang='lat' dir='ltr'><strong>nonfuit</strong></span> <span class='ocrx_word' id='word_1_648' title='bbox 1434 1889 1547 1916; x_wconf 73' lang='lat' dir='ltr'><strong>naturre,</strong></span> <span class='ocrx_word' id='word_1_649' title='bbox 1577 1892 1626 1911; x_wconf 70' lang='lat' dir='ltr'><strong>nec</strong></span> 
     </span>
    </p>
   </div>
   <div class='ocr_carea' id='block_1_94' title="bbox 840 1930 1626 1965">
    <p class='ocr_par' dir='ltr' id='par_1_94' title="bbox 840 1930 1626 1965">
     <span class='ocr_line' id='line_1_94' title="bbox 840 1930 1626 1965; baseline 0.001 -9"><span class='ocrx_word' id='word_1_650' title='bbox 840 1930 960 1964; x_wconf 79' lang='lat' dir='ltr'><strong>ejusdem</strong></span> <span class='ocrx_word' id='word_1_651' title='bbox 979 1930 1030 1957; x_wconf 87' lang='lat' dir='ltr'><strong>sibi</strong></span> <span class='ocrx_word' id='word_1_652' title='bbox 1054 1930 1200 1964; x_wconf 84' lang='lat' dir='ltr'><strong>aliquando</strong></span> <span class='ocrx_word' id='word_1_653' title='bbox 1225 1931 1270 1956; x_wconf 86' lang='lat' dir='ltr'><strong>liet</strong></span> <span class='ocrx_word' id='word_1_654' title='bbox 1292 1931 1423 1957; x_wconf 82' lang='lat' dir='ltr'><strong>naturalis</strong></span> <span class='ocrx_word' id='word_1_655' title='bbox 1443 1931 1626 1965; x_wconf 81' lang='lat' dir='ltr'><strong>operationis;</strong></span> 
     </span>
    </p>
   </div>
   <div class='ocr_carea' id='block_1_95' title="bbox 840 1976 1626 2011">
    <p class='ocr_par' dir='ltr' id='par_1_95' title="bbox 840 1976 1626 2011">
     <span class='ocr_line' id='line_1_95' title="bbox 840 1976 1626 2011; baseline 0.003 -10"><span class='ocrx_word' id='word_1_656' title='bbox 840 1984 874 2002; x_wconf 83' lang='lat' dir='ltr'><strong>ne</strong></span> <span class='ocrx_word' id='word_1_657' title='bbox 887 1981 1015 2010; x_wconf 84' lang='lat' dir='ltr'><strong>appareat</strong></span> <span class='ocrx_word' id='word_1_658' title='bbox 1029 1976 1178 2002; x_wconf 82' lang='lat' dir='ltr'><strong>secundum</strong></span> <span class='ocrx_word' id='word_1_659' title='bbox 1207 1980 1333 2003; x_wconf 86' lang='lat' dir='ltr'><strong>naturam</strong></span> <span class='ocrx_word' id='word_1_660' title='bbox 1351 1977 1536 2011; x_wconf 87' lang='lat' dir='ltr'><strong>operationem</strong></span> <span class='ocrx_word' id='word_1_661' title='bbox 1558 1977 1626 2004; x_wconf 67' lang='lat' dir='ltr'><strong>ina-—</strong></span> 
     </span>
    </p>
   </div>
   <div class='ocr_carea' id='block_1_96' title="bbox 840 2020 1626 2055">
    <p class='ocr_par' dir='ltr' id='par_1_96' title="bbox 840 2020 1626 2055">
     <span class='ocr_line' id='line_1_96' title="bbox 840 2020 1626 2055; baseline 0.001 -8"><span class='ocrx_word' id='word_1_662' title='bbox 840 2021 948 2055; x_wconf 88' lang='lat' dir='ltr'><strong>qualem</strong></span> <span class='ocrx_word' id='word_1_663' title='bbox 962 2021 1063 2048; x_wconf 85' lang='lat' dir='ltr'><strong>habere</strong></span> <span class='ocrx_word' id='word_1_664' title='bbox 1075 2025 1101 2047; x_wconf 88' lang='lat' dir='ltr'><strong>et</strong></span> <span class='ocrx_word' id='word_1_665' title='bbox 1117 2021 1364 2053; x_wconf 81' lang='lat' dir='ltr'><strong>ineonvcnientem,</strong></span> <span class='ocrx_word' id='word_1_666' title='bbox 1382 2020 1418 2055; x_wconf 89' lang='grc' dir='ltr'><strong>(σ)</strong></span> <span class='ocrx_word' id='word_1_667' title='bbox 1432 2026 1459 2048; x_wconf 86' lang='lat' dir='ltr'><strong>et</strong></span> <span class='ocrx_word' id='word_1_668' title='bbox 1472 2028 1528 2048; x_wconf 72' lang='lat' dir='ltr'><strong>sua:</strong></span> <span class='ocrx_word' id='word_1_669' title='bbox 1539 2021 1626 2055; x_wconf 79' lang='lat' dir='ltr'><strong>ipsius</strong></span> 
     </span>
    </p>
   </div>
   <div class='ocr_carea' id='block_1_97' title="bbox 839 2066 1626 2102">
    <p class='ocr_par' dir='ltr' id='par_1_97' title="bbox 839 2066 1626 2102">
     <span class='ocr_line' id='line_1_97' title="bbox 839 2066 1626 2102; baseline 0.001 -9"><span class='ocrx_word' id='word_1_670' title='bbox 839 2075 889 2101; x_wconf 88' lang='lat' dir='ltr'><strong>per</strong></span> <span class='ocrx_word' id='word_1_671' title='bbox 900 2066 990 2094; x_wconf 89' lang='lat' dir='ltr'><strong>omnia</strong></span> <span class='ocrx_word' id='word_1_672' title='bbox 1006 2074 1101 2094; x_wconf 86' lang='lat' dir='ltr'><strong>eorum</strong></span> <span class='ocrx_word' id='word_1_673' title='bbox 1120 2075 1180 2102; x_wconf 73' lang='lat' dir='ltr'><strong>qua:</strong></span> <span class='ocrx_word' id='word_1_674' title='bbox 1195 2075 1244 2094; x_wconf 79' lang='lat' dir='ltr'><strong>sua</strong></span> <span class='ocrx_word' id='word_1_675' title='bbox 1256 2072 1320 2094; x_wconf 88' lang='lat' dir='ltr'><strong>sunt</strong></span> <span class='ocrx_word' id='word_1_676' title='bbox 1332 2067 1465 2094; x_wconf 79' lang='lat' dir='ltr'><strong>naturalis</strong></span> <span class='ocrx_word' id='word_1_677' title='bbox 1481 2072 1626 2094; x_wconf 80' lang='lat' dir='ltr'><strong>extraneus</strong></span> 
     </span>
    </p>
   </div>
   <div class='ocr_carea' id='block_1_98' title="bbox 839 2113 1626 2150">
    <p class='ocr_par' dir='ltr' id='par_1_98' title="bbox 839 2113 1626 2150">
     <span class='ocr_line' id='line_1_98' title="bbox 839 2113 1626 2150; baseline -0.001 -8"><span class='ocrx_word' id='word_1_678' title='bbox 839 2113 928 2142; x_wconf 78' lang='lat' dir='ltr'><strong>factus</strong></span> <span class='ocrx_word' id='word_1_679' title='bbox 943 2114 1105 2150; x_wconf 77' lang='lat' dir='ltr'><strong>:equalitatis</strong></span> <span class='ocrx_word' id='word_1_680' title='bbox 1130 2119 1157 2142; x_wconf 89' lang='lat' dir='ltr'><strong>et</strong></span> <span class='ocrx_word' id='word_1_681' title='bbox 1179 2115 1348 2143; x_wconf 88' lang='lat' dir='ltr'><strong>identitatis:</strong></span> <span class='ocrx_word' id='word_1_682' title='bbox 1369 2115 1440 2150; x_wconf 68' lang='lat' dir='ltr'><strong>quin]</strong></span> <span class='ocrx_word' id='word_1_683' title='bbox 1453 2120 1494 2143; x_wconf 88' lang='lat' dir='ltr'><strong>est</strong></span> <span class='ocrx_word' id='word_1_684' title='bbox 1517 2116 1626 2150; x_wconf 83' lang='lat' dir='ltr'><strong>penitus</strong></span> 
     </span>
    </p>
   </div>
   <div class='ocr_carea' id='block_1_99' title="bbox 803 2162 962 2197">
    <p class='ocr_par' dir='ltr' id='par_1_99' title="bbox 803 2162 962 2197">
     <span class='ocr_line' id='line_1_99' title="bbox 803 2162 962 2197; baseline 0 -9"><span class='ocrx_word' id='word_1_685' title='bbox 803 2169 825 2197; x_wconf 72' lang='grc' dir='ltr'>ι)</span> <span class='ocrx_word' id='word_1_686' title='bbox 839 2162 962 2196; x_wconf 85' lang='lat' dir='ltr'><strong>impium.</strong></span> 
     </span>
    </p>
   </div>
   <div class='ocr_carea' id='block_1_100' title="bbox 966 2217 1499 2253">
    <p class='ocr_par' dir='ltr' id='par_1_100' title="bbox 966 2217 1499 2253">
     <span class='ocr_line' id='line_1_100' title="bbox 966 2217 1499 2253; baseline -0.004 -8"><span class='ocrx_word' id='word_1_687' title='bbox 966 2218 1103 2253; x_wconf 77' lang='lat' dir='ltr'><strong>Ejusdem,</strong></span> <span class='ocrx_word' id='word_1_688' title='bbox 1117 2225 1148 2244; x_wconf 77' lang='lat' dir='ltr'><strong>ex</strong></span> <span class='ocrx_word' id='word_1_689' title='bbox 1163 2218 1251 2244; x_wconf 77' lang='lat' dir='ltr'><strong>eadem</strong></span> <span class='ocrx_word' id='word_1_690' title='bbox 1269 2226 1394 2245; x_wconf 72' lang='lat' dir='ltr'><strong>sernwuu.</strong></span> <span class='ocrx_word' id='word_1_691' title='bbox 1418 2217 1499 2244; x_wconf 64' lang='lat' dir='ltr'><strong>VIII.</strong></span> 
     </span>
    </p>
   </div>
   <div class='ocr_carea' id='block_1_101' title="bbox 879 2274 1627 2308">
    <p class='ocr_par' dir='ltr' id='par_1_101' title="bbox 879 2274 1627 2308">
     <span class='ocr_line' id='line_1_101' title="bbox 879 2274 1627 2308; baseline 0 -6"><span class='ocrx_word' id='word_1_692' title='bbox 879 2274 945 2303; x_wconf 84' lang='lat' dir='ltr'><strong>Vili.</strong></span> <span class='ocrx_word' id='word_1_693' title='bbox 962 2275 991 2302; x_wconf 93' lang='lat' dir='ltr'><strong>ln</strong></span> <span class='ocrx_word' id='word_1_694' title='bbox 1018 2275 1091 2303; x_wconf 88' lang='lat' dir='ltr'><strong>hunc</strong></span> <span class='ocrx_word' id='word_1_695' title='bbox 1111 2281 1201 2303; x_wconf 85' lang='lat' dir='ltr'><strong>autem</strong></span> <span class='ocrx_word' id='word_1_696' title='bbox 1228 2283 1349 2302; x_wconf 88' lang='lat' dir='ltr'><strong>errorem</strong></span> <span class='ocrx_word' id='word_1_697' title='bbox 1364 2276 1430 2302; x_wconf 89' lang='lat' dir='ltr'><strong>illati</strong></span> <span class='ocrx_word' id='word_1_698' title='bbox 1462 2280 1535 2308; x_wconf 90' lang='lat' dir='ltr'><strong>sunt,</strong></span> <span class='ocrx_word' id='word_1_699' title='bbox 1557 2276 1627 2302; x_wconf 80' lang='lat' dir='ltr'><strong>male.</strong></span> 
     </span>
    </p>
   </div>
   <div class='ocr_carea' id='block_1_102' title="bbox 841 2322 1627 2357">
    <p class='ocr_par' dir='ltr' id='par_1_102' title="bbox 841 2322 1627 2357">
     <span class='ocr_line' id='line_1_102' title="bbox 841 2322 1627 2357; baseline -0.001 -8"><span class='ocrx_word' id='word_1_700' title='bbox 841 2322 981 2349; x_wconf 85' lang='lat' dir='ltr'><strong>credentes</strong></span> <span class='ocrx_word' id='word_1_701' title='bbox 989 2322 1123 2357; x_wconf 88' lang='lat' dir='ltr'><strong>propriam</strong></span> <span class='ocrx_word' id='word_1_702' title='bbox 1136 2322 1225 2349; x_wconf 90' lang='lat' dir='ltr'><strong>carnis</strong></span> <span class='ocrx_word' id='word_1_703' title='bbox 1234 2322 1356 2349; x_wconf 75' lang='lat' dir='ltr'><strong>eli&#39;ectam</strong></span> <span class='ocrx_word' id='word_1_704' title='bbox 1367 2322 1485 2349; x_wconf 80' lang='lat' dir='ltr'><strong>divinam</strong></span> <span class='ocrx_word' id='word_1_705' title='bbox 1496 2323 1627 2357; x_wconf 84' lang='lat' dir='ltr'><strong>operatio-</strong></span> 
     </span>
    </p>
   </div>
   <div class='ocr_carea' id='block_1_103' title="bbox 843 2368 1626 2404">
    <p class='ocr_par' dir='ltr' id='par_1_103' title="bbox 843 2368 1626 2404">
     <span class='ocr_line' id='line_1_103' title="bbox 843 2368 1626 2404; baseline 0 -10"><span class='ocrx_word' id='word_1_706' title='bbox 843 2374 915 2400; x_wconf 85' lang='lat' dir='ltr'><strong>nem,</strong></span> <span class='ocrx_word' id='word_1_707' title='bbox 928 2375 988 2402; x_wconf 74' lang='lat' dir='ltr'><strong>quae</strong></span> <span class='ocrx_word' id='word_1_708' title='bbox 1001 2368 1142 2402; x_wconf 84' lang='lat' dir='ltr'><strong>peripsam</strong></span> <span class='ocrx_word' id='word_1_709' title='bbox 1155 2368 1183 2394; x_wconf 95' lang='lat' dir='ltr'><strong>in</strong></span> <span class='ocrx_word' id='word_1_710' title='bbox 1198 2368 1337 2395; x_wconf 87' lang='lat' dir='ltr'><strong>miraculis</strong></span> <span class='ocrx_word' id='word_1_711' title='bbox 1346 2368 1516 2396; x_wconf 81' lang='lat' dir='ltr'><strong>manifestata</strong></span> <span class='ocrx_word' id='word_1_712' title='bbox 1529 2374 1580 2402; x_wconf 86' lang='lat' dir='ltr'><strong>est;</strong></span> <span class='ocrx_word' id='word_1_713' title='bbox 1589 2373 1626 2404; x_wconf 70' lang='grc' dir='ltr'><strong>(τ)</strong></span> 
     </span>
    </p>
   </div>
   <div class='ocr_carea' id='block_1_104' title="bbox 842 2413 1627 2450">
    <p class='ocr_par' dir='ltr' id='par_1_104' title="bbox 842 2413 1627 2450">
     <span class='ocr_line' id='line_1_104' title="bbox 842 2413 1627 2450; baseline 0.001 -10"><span class='ocrx_word' id='word_1_714' title='bbox 842 2421 895 2448; x_wconf 78' lang='lat' dir='ltr'><strong>qua</strong></span> <span class='ocrx_word' id='word_1_715' title='bbox 909 2417 993 2441; x_wconf 87' lang='lat' dir='ltr'><strong>totum</strong></span> <span class='ocrx_word' id='word_1_716' title='bbox 1008 2414 1134 2441; x_wconf 80' lang='lat' dir='ltr'><strong>Christus</strong></span> <span class='ocrx_word' id='word_1_717' title='bbox 1145 2413 1331 2442; x_wconf 83' lang='lat' dir='ltr'><strong>substantians</strong></span> <span class='ocrx_word' id='word_1_718' title='bbox 1343 2415 1490 2442; x_wconf 84' lang='lat' dir='ltr'><strong>secundum</strong></span> <span class='ocrx_word' id='word_1_719' title='bbox 1501 2415 1574 2450; x_wconf 88' lang='lat' dir='ltr'><strong>quod</strong></span> <span class='ocrx_word' id='word_1_720' title='bbox 1585 2415 1627 2442; x_wconf 92' lang='lat' dir='ltr'><strong>in-</strong></span> 
     </span>
    </p>
   </div>
   <div class='ocr_carea' id='block_1_105' title="bbox 844 2459 1625 2496">
    <p class='ocr_par' dir='ltr' id='par_1_105' title="bbox 844 2459 1625 2496">
     <span class='ocr_line' id='line_1_105' title="bbox 844 2459 1625 2496; baseline 0.003 -10"><span class='ocrx_word' id='word_1_721' title='bbox 844 2459 970 2494; x_wconf 81' lang='lat' dir='ltr'><strong>telligitur</strong></span> <span class='ocrx_word' id='word_1_722' title='bbox 981 2459 1062 2492; x_wconf 74' lang='lat' dir='ltr'><strong>Deus,</strong></span> <span class='ocrx_word' id='word_1_723' title='bbox 1080 2463 1152 2486; x_wconf 90' lang='lat' dir='ltr'><strong>tenct</strong></span> <span class='ocrx_word' id='word_1_724' title='bbox 1166 2463 1311 2486; x_wconf 86' lang='lat' dir='ltr'><strong>relentum.</strong></span> <span class='ocrx_word' id='word_1_725' title='bbox 1329 2459 1387 2487; x_wconf 85' lang='lat' dir='ltr'><strong>Non</strong></span> <span class='ocrx_word' id='word_1_726' title='bbox 1402 2461 1474 2488; x_wconf 86' lang='lat' dir='ltr'><strong>enim</strong></span> <span class='ocrx_word' id='word_1_727' title='bbox 1488 2469 1625 2496; x_wconf 78' lang='lat' dir='ltr'><strong>cognove-</strong></span> 
     </span>
    </p>
   </div>
   <div class='ocr_carea' id='block_1_106' title="bbox 843 2505 1625 2540">
    <p class='ocr_par' dir='ltr' id='par_1_106' title="bbox 843 2505 1625 2540">
     <span class='ocr_line' id='line_1_106' title="bbox 843 2505 1625 2540; baseline 0.003 -8"><span class='ocrx_word' id='word_1_728' title='bbox 843 2510 916 2538; x_wconf 86' lang='lat' dir='ltr'><strong>runt,</strong></span> <span class='ocrx_word' id='word_1_729' title='bbox 935 2505 1102 2540; x_wconf 85' lang='lat' dir='ltr'><strong>impossibile</strong></span> <span class='ocrx_word' id='word_1_730' title='bbox 1127 2513 1186 2532; x_wconf 88' lang='lat' dir='ltr'><strong>esse</strong></span> <span class='ocrx_word' id='word_1_731' title='bbox 1202 2505 1300 2532; x_wconf 72' lang='lat' dir='ltr'><strong>dirinze</strong></span> <span class='ocrx_word' id='word_1_732' title='bbox 1311 2507 1497 2540; x_wconf 84' lang='lat' dir='ltr'><strong>operationem</strong></span> <span class='ocrx_word' id='word_1_733' title='bbox 1512 2512 1625 2539; x_wconf 70' lang='lat' dir='ltr'><strong>natur-re.</strong></span> 
     </span>
    </p>
   </div>
   <div class='ocr_carea' id='block_1_107' title="bbox 841 2552 1627 2588">
    <p class='ocr_par' dir='ltr' id='par_1_107' title="bbox 841 2552 1627 2588">
     <span class='ocr_line' id='line_1_107' title="bbox 841 2552 1627 2588; baseline 0.004 -10"><span class='ocrx_word' id='word_1_734' title='bbox 841 2552 954 2579; x_wconf 86' lang='lat' dir='ltr'><strong>alterius</strong></span> <span class='ocrx_word' id='word_1_735' title='bbox 985 2556 1088 2578; x_wconf 78' lang='lat' dir='ltr'><strong>naturze</strong></span> <span class='ocrx_word' id='word_1_736' title='bbox 1115 2552 1275 2579; x_wconf 64' lang='lat' dir='ltr'><strong>substantiae</strong></span> <span class='ocrx_word' id='word_1_737' title='bbox 1303 2552 1405 2579; x_wconf 78' lang='lat' dir='ltr'><strong>Edioma</strong></span> <span class='ocrx_word' id='word_1_738' title='bbox 1433 2553 1492 2580; x_wconf 82' lang='lat' dir='ltr'><strong>ﬁeri</strong></span> <span class='ocrx_word' id='word_1_739' title='bbox 1524 2554 1627 2588; x_wconf 83' lang='lat' dir='ltr'><strong>absque</strong></span> 
     </span>
    </p>
   </div>
   <div class='ocr_carea' id='block_1_108' title="bbox 838 2597 1626 2634">
    <p class='ocr_par' dir='ltr' id='par_1_108' title="bbox 838 2597 1626 2634">
     <span class='ocr_line' id='line_1_108' title="bbox 838 2597 1626 2634; baseline 0.004 -10"><span class='ocrx_word' id='word_1_740' title='bbox 838 2597 1068 2625; x_wconf 77' lang='lat' dir='ltr'><strong>‘couvertibilitate</strong></span> <span class='ocrx_word' id='word_1_741' title='bbox 1097 2607 1103 2624; x_wconf 93' lang='lat'>:</span> <span class='ocrx_word' id='word_1_742' title='bbox 1131 2605 1218 2632; x_wconf 82' lang='lat' dir='ltr'><strong>neque</strong></span> <span class='ocrx_word' id='word_1_743' title='bbox 1245 2597 1451 2632; x_wconf 75' lang='lat' dir='ltr'><strong>intellexerunt,</strong></span> <span class='ocrx_word' id='word_1_744' title='bbox 1477 2600 1549 2634; x_wconf 92' lang='lat' dir='ltr'><strong>quod</strong></span> <span class='ocrx_word' id='word_1_745' title='bbox 1571 2608 1626 2627; x_wconf 89' lang='lat' dir='ltr'><strong>non</strong></span> 
     </span>
    </p>
   </div>
   <div class='ocr_carea' id='block_1_109' title="bbox 843 2643 1625 2681">
    <p class='ocr_par' dir='ltr' id='par_1_109' title="bbox 843 2643 1625 2681">
     <span class='ocr_line' id='line_1_109' title="bbox 843 2643 1625 2681; baseline 0.003 -10"><span class='ocrx_word' id='word_1_746' title='bbox 843 2645 935 2679; x_wconf 89' lang='lat' dir='ltr'><strong>utique</strong></span> <span class='ocrx_word' id='word_1_747' title='bbox 950 2643 1089 2679; x_wconf 88' lang='lat' dir='ltr'><strong>proprium</strong></span> <span class='ocrx_word' id='word_1_748' title='bbox 1107 2644 1141 2671; x_wconf 89' lang='lat' dir='ltr'><strong>sit</strong></span> <span class='ocrx_word' id='word_1_749' title='bbox 1156 2644 1262 2674; x_wconf 82' lang='lat' dir='ltr'><strong>carnis,</strong></span> <span class='ocrx_word' id='word_1_750' title='bbox 1287 2644 1359 2678; x_wconf 91' lang='lat' dir='ltr'><strong>quod</strong></span> <span class='ocrx_word' id='word_1_751' title='bbox 1379 2652 1427 2680; x_wconf 88' lang='lat' dir='ltr'><strong>per</strong></span> <span class='ocrx_word' id='word_1_752' title='bbox 1442 2652 1502 2672; x_wconf 86' lang='lat' dir='ltr'><strong>eam</strong></span> <span class='ocrx_word' id='word_1_753' title='bbox 1517 2645 1625 2681; x_wconf 83' lang='lat' dir='ltr'><strong>quidem</strong></span> 
     </span>
    </p>
   </div>
   <div class='ocr_carea' id='block_1_110' title="bbox 843 2691 1627 2726">
    <p class='ocr_par' dir='ltr' id='par_1_110' title="bbox 843 2691 1627 2726">
     <span class='ocr_line' id='line_1_110' title="bbox 843 2691 1627 2726; baseline 0.003 -9"><span class='ocrx_word' id='word_1_754' title='bbox 843 2695 983 2718; x_wconf 86' lang='lat' dir='ltr'><strong>ostensum</strong></span> <span class='ocrx_word' id='word_1_755' title='bbox 997 2695 1048 2722; x_wconf 87' lang='lat' dir='ltr'><strong>est,</strong></span> <span class='ocrx_word' id='word_1_756' title='bbox 1062 2698 1116 2717; x_wconf 89' lang='lat' dir='ltr'><strong>non</strong></span> <span class='ocrx_word' id='word_1_757' title='bbox 1132 2698 1164 2717; x_wconf 77' lang='lat' dir='ltr'><strong>cx</strong></span> <span class='ocrx_word' id='word_1_758' title='bbox 1177 2698 1208 2717; x_wconf 88' lang='lat' dir='ltr'><strong>ea</strong></span> <span class='ocrx_word' id='word_1_759' title='bbox 1224 2691 1384 2717; x_wconf 87' lang='lat' dir='ltr'><strong>naturaliter</strong></span> <span class='ocrx_word' id='word_1_760' title='bbox 1397 2696 1498 2723; x_wconf 86' lang='lat' dir='ltr'><strong>ortum,</strong></span> <span class='ocrx_word' id='word_1_761' title='bbox 1512 2698 1627 2726; x_wconf 64' lang='lat' dir='ltr'><strong>praeser-</strong></span> 
     </span>
    </p>
   </div>
   <div class='ocr_carea' id='block_1_111' title="bbox 845 2735 1626 2773">
    <p class='ocr_par' dir='ltr' id='par_1_111' title="bbox 845 2735 1626 2773">
     <span class='ocr_line' id='line_1_111' title="bbox 845 2735 1626 2773; baseline 0.004 -10"><span class='ocrx_word' id='word_1_762' title='bbox 845 2737 892 2763; x_wconf 91' lang='lat' dir='ltr'><strong>tim</strong></span> <span class='ocrx_word' id='word_1_763' title='bbox 905 2744 967 2764; x_wconf 88' lang='lat' dir='ltr'><strong>cum</strong></span> <span class='ocrx_word' id='word_1_764' title='bbox 979 2736 1058 2763; x_wconf 74' lang='lat' dir='ltr'><strong>clara:</strong></span> <span class='ocrx_word' id='word_1_765' title='bbox 1073 2735 1108 2764; x_wconf 90' lang='lat' dir='ltr'><strong>sit</strong></span> <span class='ocrx_word' id='word_1_766' title='bbox 1120 2736 1160 2765; x_wconf 82' lang='lat' dir='ltr'><strong>eis</strong></span> <span class='ocrx_word' id='word_1_767' title='bbox 1175 2741 1200 2764; x_wconf 91' lang='lat' dir='ltr'><strong>et</strong></span> <span class='ocrx_word' id='word_1_768' title='bbox 1213 2736 1362 2764; x_wconf 65' lang='lat' dir='ltr'><strong>manifestm</strong></span> <span class='ocrx_word' id='word_1_769' title='bbox 1375 2737 1554 2772; x_wconf 85' lang='lat' dir='ltr'><strong>probationis.</strong></span> <span class='ocrx_word' id='word_1_770' title='bbox 1571 2738 1626 2773; x_wconf 58' lang='lat' dir='ltr'><strong>E50</strong></span> 
     </span>
    </p>
   </div>
   <div class='ocr_carea' id='block_1_112' title="bbox 47 2828 1374 2875">
    <p class='ocr_par' dir='ltr' id='par_1_112' title="bbox 47 2828 1374 2875">
     <span class='ocr_line' id='line_1_112' title="bbox 47 2828 1374 2875; baseline 0.008 -19"><span class='ocrx_word' id='word_1_771' title='bbox 47 2828 99 2862; x_wconf 62' lang='lat'><strong>(7:6)</strong></span> <span class='ocrx_word' id='word_1_772' title='bbox 123 2829 179 2863; x_wconf 77' lang='grc' dir='ltr'><strong>Μή.</strong></span> <span class='ocrx_word' id='word_1_773' title='bbox 206 2829 243 2858; x_wconf 86' lang='lat' dir='ltr'><strong>ita</strong></span> <span class='ocrx_word' id='word_1_774' title='bbox 269 2838 329 2859; x_wconf 86' lang='lat' dir='ltr'><strong>eum</strong></span> <span class='ocrx_word' id='word_1_775' title='bbox 345 2832 490 2868; x_wconf 80' lang='lat' dir='ltr'><strong>interprete</strong></span> <span class='ocrx_word' id='word_1_776' title='bbox 512 2834 701 2864; x_wconf 82' lang='lat' dir='ltr'><strong>Combelisius.</strong></span> <span class='ocrx_word' id='word_1_777' title='bbox 716 2835 786 2865; x_wconf 85' lang='lat' dir='ltr'><strong>Editi</strong></span> <span class='ocrx_word' id='word_1_778' title='bbox 805 2836 943 2865; x_wconf 88' lang='lat' dir='ltr'><strong>Sirmond.</strong></span> <span class='ocrx_word' id='word_1_779' title='bbox 959 2843 986 2867; x_wconf 90' lang='lat' dir='ltr'><strong>et</strong></span> <span class='ocrx_word' id='word_1_780' title='bbox 999 2838 1105 2868; x_wconf 81' lang='lat' dir='ltr'><strong>Fabric.</strong></span> <span class='ocrx_word' id='word_1_781' title='bbox 1122 2843 1217 2874; x_wconf 60' lang='lat' dir='ltr'><strong>prater</strong></span> <span class='ocrx_word' id='word_1_782' title='bbox 1232 2848 1297 2873; x_wconf 85' lang='lat' dir='ltr'><strong>rem,</strong></span> <span class='ocrx_word' id='word_1_783' title='bbox 1317 2839 1374 2875; x_wconf 74' lang='grc' dir='ltr'>μέν.</span> 
     </span>
    </p>
   </div>
  </div>
