1856 3050
43 124 83 150 Sil
376 117 379 121 ”
543 123 680 150 CONTRA
701 122 861 150 BERONEM
882 121 924 148 ΕΤ
946 121 1150 149 lIELlCONEM.

233 185 271 212 E1.
286 185 399 213 editione
416 186 614 212 Sirmoudiuna.

73 231 101 258 ll.
126 230 243 266 Utraque
255 231 311 267 (40)
323 232 469 259 ostendens
486 240 567 266 super
583 239 643 266 quae
659 231 813 266 dupliciter,

43 277 122 304 divine
140 278 243 305 scilicet
259 282 286 304 et
302 278 428 311 humane,
447 283 588 312 operatum
602 281 644 304 est
663 276 813 304 secundum

42 323 152 351 eamdem
176 331 236 357 qua:
254 323 384 350 veraciter
408 331 469 350 vera
491 328 532 350 est
554 327 581 350 et
596 323 731 350 naturalis
746 322 813 350 sub-

42 369 141 402 stantia,
155 368 238 396 Deum
259 369 421 397 immensum
438 369 520 397 simul
535 374 563 396 et
576 369 812 413 circumscriptum

42 416 165 443 hominem
191 417 365 444 exsistcntem
391 422 418 444 et
440 417 614 449 intellectum,
632 416 812 444 substantiam

41 463 169 497 utriusque
183 462 301 497 perfecte
314 462 461 498 perfectam
476 463 619 490 habentem
637 470 698 490 cum
713 470 813 496 opera.

41 510 104 536 tione
121 517 185 541 sua,
210 509 237 536 id
256 515 297 537 est
313 509 430 536 naturali
450 510 623 544 proprietate.
647 508 681 536 Et
702 517 812 538 rursus:

39 555 90 582 Non
103 556 171 582 cnim
189 556 245 589 (41)
261 555 331 583 facta
346 560 388 583 est
408 561 505 583 natura
524 556 612 584 deitas
629 559 811 584 transmutata

40 607 124 629 natura
150 609 225 635 caro,
255 602 325 630 facta
352 607 450 630 natura
475 602 625 631 divinitalis
647 610 712 630 caro
737 611 743 629 :
765 603 812 631 sed

39 649 102 683 quod
119 654 174 675 erat
190 649 271 676 etiam
287 649 380 677 deitati
404 655 528 686 coaptata
549 650 652 679 mansit
672 658 746 683 caro,
771 651 814 678 in-

39 694 106 722 ﬁrma
127 700 153 722 et
173 696 313 730 passibilis
335 701 432 724 natura
449 701 476 724 et
491 698 664 733 operatione,
692 698 763 726 sicut
775 698 814 725 ait

41 741 172 769 Salvator:
188 752 197 768 ι
213 741 331 777 Spiritus
346 744 454 778 quidem
473 749 625 780 promptus,
640 753 704 773 caro
720 749 811 773 autem

40 788 136 815 infirma
147 788 178 816 ³⁸.
195 798 204 813 ι
225 788 259 815 Et
271 790 367 817 iterum
379 798 388 817 :
399 789 450 818 Per
465 798 545 826 quam
562 791 620 827 (42)
642 796 771 827 operatus
786 796 812 819 et

39 835 133 868 patiens
152 843 213 870 qua:
235 841 313 863 erant
333 837 423 865 carnis
449 837 508 864 sine
525 842 646 872 peccato,
667 846 716 873 pro
733 838 812 867 nobis

39 880 156 909 indicavit
172 881 386 910 exinanitioncm
405 883 527 917 deitatis,
546 884 686 912 miraculis
709 889 737 912 et
753 893 813 913 car-

39 926 75 954 nis
87 928 258 962 passionibus
272 930 433 957 naturaliter
449 930 616 958 roboratam.
644 930 679 958 Et
698 932 813 958 iterum:

39 972 183 1008 Mysterium
207 975 263 1010 (45)
287 975 384 1003 divinae
416 976 610 1004 incarnationis
632 978 765 1012 apostolis
788 983 815 1005 et

39 1019 164 1054 prophetis
179 1026 261 1055 atque
280 1021 438 1049 doctoribus
455 1023 564 1056 duplam
580 1027 607 1050 et
621 1023 755 1051 diversam
770 1024 815 1051 Ita-

38 1066 92 1092 bere
115 1066 285 1102 dignoscitur
304 1068 454 1095 naturalem
474 1068 500 1095 in
519 1069 646 1096 omnibus
669 1070 813 1102 theoriam,

39 1111 196 1140 indiminuue
209 1113 318 1141 deitatis
334 1114 479 1147 exsistcns,
495 1119 522 1142 et
541 1115 626 1149 plenae
645 1116 814 1143 demonstra-

39 1157 111 1185 tivum
128 1159 317 1187 humanitatis.
348 1160 382 1186 Et
396 1162 492 1188 iterum
507 1169 516 1188 :
532 1161 637 1194 Quibus
651 1163 708 1197 (14)
724 1163 814 1190 divine

38 1204 127 1236 pariter
140 1209 167 1232 et
182 1205 302 1233 humane
314 1211 442 1241 operatus
457 1212 515 1240 est,
533 1207 726 1242 perfectionem
738 1229 744 1241 ,
768 1217 814 1244 per

37 1257 133 1278 omnem
150 1252 295 1286 utriusque
305 1253 455 1290 rationem,
468 1253 518 1280 sibi
535 1254 695 1282 naturaliter
707 1255 814 1282 incom-

38 1297 183 1324 mutabilem
213 1299 332 1326 salvans.
355 1298 388 1325 Et
411 1299 530 1326 iterum:
552 1299 595 1327 Nil
617 1301 738 1328 divinum
757 1301 814 1337 (-55)

38 1343 127 1370 nudum
150 1351 268 1378 corpore
284 1350 423 1379 operatus,
448 1346 485 1372 nil
503 1346 652 1374 humanum
670 1347 740 1375 idem
757 1349 815 1384 ipse

38 1386 159 1421 privatum
170 1389 313 1417 divinitate
324 1398 436 1424 gerens:
455 1399 568 1418 servans
580 1392 688 1420 sibimet
703 1394 814 1421 modum

37 1433 172 1461 secundum
190 1440 336 1470 utrumque
350 1435 544 1463 immutabilem
555 1457 563 1469 ,
589 1445 638 1471 per
649 1445 730 1472 quem
749 1446 814 1473 ope-

37 1484 104 1507 ratus
118 1486 158 1508 est
180 1486 298 1516 utraque
312 1482 417 1509 decenti
435 1489 520 1515 more,
542 1483 574 1509 ad
592 1484 814 1521 approbationem

36 1525 148 1559 perfecte
164 1534 198 1555 ac
215 1535 284 1554 verae
299 1527 422 1562 nihilque
434 1528 559 1566 habentis
575 1529 716 1563 pravitatis
733 1530 814 1556 inhu-

36 1570 189 1600 manationis
206 1580 273 1600 sure.

65 1617 104 1645 lll.
123 1619 162 1647 De
175 1620 218 1647 Itis
231 1628 289 1647 vero
298 1641 306 1654 ,
324 1621 369 1656 qui
382 1629 462 1647 unum
485 1621 592 1648 deitatis
604 1626 629 1649 et
641 1622 813 1650 humanitatis

33 1664 83 1698 ejus
104 1666 302 1700 operationem,
327 1671 351 1694 et
373 1673 498 1694 naturam
517 1675 598 1694 unum
619 1668 813 1703 dagmatizant,

34 1711 91 1738 dicit
104 1711 182 1740 :Non
199 1713 274 1740 enim
290 1713 346 1749 (66)
364 1713 600 1741 circumscribitur
616 1713 719 1742 laetitia
735 1719 816 1742 natu-

35 1765 58 1783 ra
72 1758 96 1785 id
110 1759 181 1793 quod
200 1767 249 1794 per
263 1764 388 1787 naturam
414 1760 516 1787 factum
531 1768 583 1788 non
599 1765 651 1794 est,
673 1762 736 1789 licet
750 1769 815 1790 coo-

34 1804 110 1831 riatur
126 1806 151 1832 ei
168 1814 219 1841 per
236 1807 455 1841 conceptionem,
465 1815 573 1835 omnem
586 1807 815 1836 circumscriben-

32 1854 78 1877 tem
98 1859 210 1879 sensum
228 1861 235 1879 :
253 1860 303 1879 nec
315 1852 396 1880 etiam
414 1852 441 1880 in
455 1853 550 1880 eodem
570 1853 630 1888 ipso
645 1853 696 1880 sibi
716 1859 812 1880 natura

31 1897 144 1925 differtur
165 1898 316 1933 aliquando
344 1903 373 1926 et
399 1899 532 1926 naturalis
560 1899 701 1934 operatio,
726 1899 813 1926 donec

32 1946 168 1978 utrumque
193 1944 265 1970 intra
284 1944 421 1978 propriam
436 1948 529 1971 manet
552 1944 701 1971 naturalem
716 1944 812 1971 incon-

32 1988 238 2016 versibilitatem.
260 1988 295 2015 Et
308 1990 370 2016 item
383 1998 392 2016 .'
403 1989 627 2017 Counaturalium
642 1989 698 2025 (47)
713 1989 813 2025 quippe

31 2037 126 2061 tantum
150 2040 194 2063 est
213 2035 308 2063 eadem
333 2036 392 2070 ipsa
407 2044 524 2071 operans
537 2040 643 2068 motus,
665 2037 811 2064 essentiam

32 2079 156 2114 iudicans,
183 2082 266 2116 cujus
289 2082 442 2109 naturalem
467 2087 575 2110 constat
595 2091 656 2110 esse
672 2083 809 2115 virtutem,

30 2127 131 2155 alterius
154 2133 265 2155 natura:
290 2128 454 2162 proprietate
477 2129 636 2156 substantiae
659 2130 810 2157 secundum

31 2173 122 2200 nullam
140 2174 277 2201 rationem
294 2181 355 2201 esse
369 2174 411 2200 vel
425 2174 482 2201 ﬁcri
499 2174 559 2202 sine
580 2175 810 2202 conversibilitate

30 2218 135 2246 valente.
173 2219 245 2246 Item
260 2227 269 2246 :
287 2219 324 2246 Ea
348 2220 447 2254 quippe
459 2219 532 2256 (48),
557 2228 618 2256 quae
634 2226 729 2248 mutuo
745 2227 808 2249 sunt

30 2265 214 2299 cooperantia,
240 2269 268 2292 et
279 2265 374 2292 eadem
397 2266 554 2300 operantia,
572 2271 598 2293 et
611 2266 732 2301 ejusdem
752 2267 808 2294 ori-

30 2310 104 2344 ginis;
121 2311 248 2346 profecto
270 2316 297 2339 et
318 2311 518 2346 compassibilia
531 2316 636 2340 natura:
653 2321 708 2340 non
720 2313 806 2340 susci-

31 2359 120 2391 pientia
145 2359 331 2386 differentiam
348 2368 354 2386 :
371 2363 399 2386 et
419 2359 526 2386 naturis
546 2359 597 2386 sibi
619 2358 741 2387 confusis
757 2359 810 2386 erit

29 2405 134 2434 dualitas
147 2405 290 2438 Christus,
306 2410 332 2432 et
348 2406 472 2440 personis
488 2405 620 2440 separatis
637 2406 683 2433 lict
699 2410 808 2440 quater-

30 2451 106 2479 uitas:
120 2453 194 2488 quod
209 2457 252 2480 est
266 2452 380 2479 nimium
396 2451 565 2488 fugiendum.
584 2451 615 2478 Et
636 2452 731 2479 iterum
746 2460 755 2479 :
778 2451 806 2479 Si

57 2520 78 2536 “
95 2521 191 2548 Matth.
215 2529 289 2552 xxvi,
310 2520 355 2548 42.

58 2576 109 2614 (th)
131 2577 261 2613 Utraque.
280 2577 443 2614 Sgirarcap.
462 2578 486 2609 1,
503 2585 549 2605 seu
566 2576 702 2604 testitnou.
720 2577 744 2604 1.

58 2614 109 2646 (Η)
127 2614 188 2640 Non
207 2615 286 2640 enim.
308 2613 420 2640 Tcstiut.
433 2614 458 2640 9..

59 2647 110 2682 (42)
133 2649 184 2676 Per
201 2658 291 2683 quam.
311 2649 377 2676 Ibid.

59 2683 110 2717 (45)
130 2684 300 2719 Mysterium.
321 2684 433 2712 Testim.
451 2684 478 2711 xl.

59 2719 110 2753 ut;
129 2720 242 2751 Quibus.
265 2720 332 2747 Ibid.

60 2753 111 2788 (45)
132 2754 180 2781 Nil
194 2755 323 2782 divinum.
344 2754 456 2782 Testim.
473 2755 497 2784 8.

58 2789 109 2824 (46)
131 2789 193 2816 Non
208 2791 288 2818 enim.
307 2790 418 2818 Testim.
433 2791 459 2817 5.

57 2826 110 2858 (47)
130 2825 364 2853 Cannaturalium.
386 2825 452 2852 Ibid.

59 2859 109 2896 (l8)
130 2861 171 2887 Ea
186 2861 291 2896 quippe.
313 2861 426 2888 Testim.
442 2861 468 2888 5.

178 2910 317 2940 PA'I‘ItOL.
353 2910 410 2940 Gn.
432 2910 473 2942 Χ.

1601 121 1652 148 Si?

1027 182 1066 209 Ex
1084 183 1197 209 editione
1216 182 1408 217 Combeﬁsiaua
1426 180 1492 215 (49).

899 229 930 256 11.
954 228 1074 264 Utraque
1089 229 1234 256 ostendens
1251 236 1290 261 se,
1304 235 1337 255 eo
1351 227 1423 263 quod
1439 227 1583 262 dupliciter
1601 227 1652 263 (di-

864 275 927 303 vine
947 275 1052 302 scilicet
1070 279 1097 302 et
1119 275 1250 310 humane)
1268 280 1410 310 operatum
1424 279 1481 307 est,
1503 274 1653 301 secundum

864 321 987 349 eamdem
1009 329 1070 356 quae
1087 321 1219 348 veraciter
1234 329 1296 348 vera
1312 326 1339 348 et
1354 320 1487 348 naturalis
1501 320 1654 347 substantia

865 372 916 399 est.
935 368 1020 395 Deum
1038 367 1201 395 immensum
1216 367 1308 401 simul,
1321 372 1348 395 et
1359 367 1595 402 circumscriptum
1608 374 1655 393 ex—

865 412 961 439 sistere
985 419 1016 439 ac
1041 411 1153 447 intelligi
1177 412 1336 445 hominem;
1369 413 1511 447 utriusque
1535 411 1655 446 perfecte

864 456 1010 492 perfectam
1027 457 1174 484 essentiam
1191 457 1345 490 habentem,
1356 466 1417 485 cum
1432 457 1655 492 illius’operatio-

865 511 914 535 ne,
940 503 966 530 id
982 509 1039 536 est,
1067 503 1184 530 naturali
1204 503 1380 538 proprietate.
1413 502 1445 530 Et
1462 512 1554 530 rursus
1570 511 1579 530 :
1595 503 1654 530 Non

863 549 936 575 enim
952 556 1016 576 caro
1035 548 1106 576 facta
1122 553 1164 576 est
1178 553 1276 576 natura
1290 549 1387 582 deitas,
1401 550 1532 577 translata
1544 555 1654 581 natura,

864 593 935 621 facta
949 594 1078 622 videlicet
1091 595 1242 623 secundum
1260 600 1388 622 naturam
1404 595 1555 624 divinitatis
1569 603 1633 624 caro
1646 605 1654 629 ς

864 640 911 667 sed
925 640 998 675 quod
1010 645 1078 673 erat,
1097 641 1179 668 etiam
1200 640 1292 668 deitati
1307 645 1414 676 coapta,
1433 641 1545 674 mansit,
1561 641 1586 668 id
1602 645 1654 674 est,

864 695 928 714 caro
941 687 1049 715 infirma
1065 692 1092 715 et
1104 687 1241 723 passibilis
1257 693 1355 716 natura
1372 692 1399 715 et
1407 687 1575 723 operatione,
1585 688 1656 715 sicut

863 734 902 760 ait
927 733 1078 761 Salvator:
1109 743 1118 760 ε
1141 733 1257 769 Spiritus
1291 734 1401 770 quidem
1425 739 1585 769 promptus,
1606 742 1655 762 ca-

864 787 895 806 ro
919 784 1010 807 autem
1034 780 1153 808 infirma.
1173 790 1182 806 ›
1212 780 1247 807 Et
1264 789 1356 808 rursus
1373 788 1383 807 .'
1404 780 1463 814 Qua
1485 785 1613 815 operatus
1629 784 1656 807 et

863 834 971 862 passus,
983 834 1044 863 qua:
1055 832 1136 854 erant
1150 826 1242 854 carnis
1258 827 1292 855 ab
1304 827 1378 854 omni
1389 831 1501 862 peccato
1512 826 1654 859 immunis,

829 868 850 896 Β
865 872 1016 901 divinitatis
1039 881 1089 909 pro
1116 874 1197 902 nobis
1220 874 1435 902 exiuanitionem
1462 873 1603 902 miraculis
1629 877 1657 901 et

864 919 957 948 carnis
968 919 1144 954 passiouibus
1158 919 1319 947 naturaliter
1332 920 1520 948 confirmatam
1532 940 1539 952 ,
1557 920 1656 955 proba-

864 965 912 993 vit.
946 965 980 992 Et
1005 966 1124 993 iterum:
1142 965 1301 1002 Mysterium
1325 966 1424 1004 divina:
1447 966 1654 998 incarnationis,

867 1011 998 1046 apostolis
1014 1017 1040 1039 et
1054 1012 1195 1047 prophetis
1208 1017 1289 1047 atque
1305 1012 1480 1045 doctoribus,
1499 1011 1608 1047 duplam
1624 1019 1655 1039 ae

866 1057 1001 1085 diversam
1019 1058 1045 1085 in
1058 1058 1186 1086 omnibus
1200 1058 1299 1085 habere
1312 1063 1480 1093 compertum
1493 1062 1656 1085 cstnatura»

865 1105 916 1132 lent
935 1105 1198 1138 considerationem;
1217 1112 1279 1132 cum
1290 1104 1416 1140 perfectae
1430 1105 1549 1137 deitatis,
1560 1104 1655 1139 etple-

865 1158 907 1177 πω
924 1150 978 1177 vim
994 1150 1092 1178 habeat
1107 1151 1280 1178 ostendenda:
1294 1151 1482 1178 humanitatis.
1495 1150 1529 1177 Et
1543 1151 1655 1177 iterum:

865 1196 969 1231 Quibus
982 1195 1073 1224 divine
1088 1198 1191 1232 pariter
1202 1202 1229 1224 et
1244 1198 1365 1224 humane
1382 1201 1510 1232 operatus
1523 1201 1574 1229 est,
1591 1205 1654 1232 per--

866 1243 935 1271 fecte
957 1248 1073 1279 utroque
1089 1243 1131 1271 sui
1149 1244 1282 1278 rationem
1303 1248 1400 1270 natura
1419 1251 1531 1271 servans
1548 1243 1655 1271 incom-

866 1290 1036 1317 mutabilem.
1065 1289 1099 1316 Et
1115 1290 1231 1316 iterum:
1248 1288 1320 1316 Nihil
1338 1282 1459 1316 divinum
1475 1289 1578 1316 nudum
1593 1297 1656 1316 cor—

866 1344 932 1372 pore
955 1341 1101 1371 operatus,
1131 1336 1198 1363 nihil
1217 1335 1367 1362 humanum
1387 1335 1457 1362 idem
1481 1336 1538 1369 ipse
1558 1344 1655 1371 gerens

866 1382 938 1418 quod
950 1390 1049 1417 expers
1067 1386 1139 1409 esset
1152 1381 1261 1409 deitatis
1279 1391 1284 1408 ε
1302 1389 1355 1416 qua
1375 1381 1432 1415 ipsa
1447 1389 1517 1408 nova
1534 1381 1655 1409 decenti-

865 1436 919 1464 que
932 1428 1036 1456 ratione
1053 1433 1168 1462 utraque
1183 1432 1311 1463 operatus
1324 1431 1375 1458 est.
1391 1427 1534 1462 utriusque
1550 1427 1655 1454 ratione

866 1475 1016 1514 immunem
1034 1482 1063 1502 se
1076 1482 1090 1501 a
1107 1474 1257 1501 mutatione
1272 1481 1395 1506 servans,
1413 1474 1446 1501 ad
1463 1473 1587 1509 perfectae
1598 1482 1655 1502 sute

867 1520 1082 1553 humanationis,
1099 1527 1159 1555 qua:
1173 1520 1252 1554 plane
1265 1527 1327 1547 vera
1339 1520 1385 1552 sit,
1398 1520 1519 1555 nihilque
1536 1525 1584 1548 aut
1596 1521 1654 1548 vitii

868 1571 916 1594 aut
928 1567 997 1595 labis
1014 1567 1150 1600 admittat,
1163 1567 1242 1594 ﬁdem
1257 1567 1441 1594 astruendam.

886 1612 948 1640 ‘lll.
968 1612 1007 1640 De
1018 1613 1058 1639 his
1068 1621 1139 1645 vero,
1157 1613 1203 1648 qui
1220 1621 1300 1639 unam
1314 1612 1422 1640 deitatis
1439 1617 1463 1640 et
1479 1613 1654 1641 humanitatis

865 1660 923 1695 ejus
938 1661 1125 1695 operationem,
1153 1665 1177 1687 et
1200 1665 1326 1687 naturam
1347 1660 1540 1696 dogmatizaut,
1565 1661 1654 1690 dicit:

866 1705 924 1732 Non
939 1705 1012 1733 enim
1027 1705 1215 1732 circumscribi
1242 1710 1336 1732 natura
1360 1706 1449 1741 genita
1463 1713 1654 1742 comparatum

866 1756 926 1781 est.
956 1751 1029 1786 quod
1056 1751 1206 1790 secundum
1224 1757 1349 1779 naturam
1373 1753 1522 1788 ingenitum
1539 1757 1597 1787 est,
1614 1758 1652 1782 ta-

866 1795 945 1823 metsi
960 1797 985 1824 ei
997 1796 1108 1828 coaluit,
1122 1805 1170 1832 per
1180 1798 1399 1832 conceptionem,
1407 1806 1469 1833 quae
1479 1798 1533 1826 vim
1545 1807 1653 1826 omnem

865 1844 964 1870 mentis
987 1841 1202 1875 circumscribit;
1231 1850 1263 1870 ac
1279 1850 1328 1870 nec
1342 1851 1461 1879 unquam
1484 1845 1511 1872 in
1529 1846 1652 1873 eamdem

865 1893 993 1916 naturam
1015 1888 1225 1923 naturalemque
1248 1890 1374 1916 virtutem
1398 1897 1446 1917 seu
1466 1890 1651 1925 operationem

864 1940 1016 1968 vertantur,
1033 1935 1120 1962 donec
1133 1940 1279 1971 utrumque
1295 1935 1366 1963 intra
1387 1937 1525 1970 propriam
1540 1941 1653 1964 natura—

865 1980 916 2007 lem
939 1980 1223 2008 inconverlibilitatem
1247 1986 1348 2009 manet.
1379 1981 1414 2008 Et
1433 1982 1496 2009 item
1517 1989 1527 2008 .'
1550 1981 1652 2010 Eorum

863 2027 936 2054 enim
950 2027 1098 2061 duntaxat,
1123 2035 1185 2062 quae
1196 2027 1319 2062 ejusdem
1336 2032 1440 2055 naturte
1453 2034 1533 2062 sunt,
1561 2035 1652 2058 motus

863 2073 984 2108 ejusdem
1000 2073 1108 2100 virtutis
1122 2080 1155 2100 ac
1167 2073 1292 2101 efﬁcacia:
1307 2077 1363 2105 est,
1378 2074 1559 2102 substantiam
1575 2075 1651 2103 desi-

862 2128 963 2155 gnans,
987 2120 1066 2155 cujus
1079 2125 1120 2148 est
1135 2120 1268 2148 naturalis
1279 2121 1381 2154 virtus;
1410 2129 1473 2149 cum
1498 2122 1650 2150 substantia

862 2166 977 2193 diversa:
992 2170 1090 2193 natura
1104 2166 1280 2201 proprietatis
1293 2166 1366 2193 nulla
1379 2166 1484 2194 ratione
1492 2174 1552 2194 esse
1564 2168 1651 2202 possit

825 2213 846 2240 Ι)
861 2215 909 2238 aut
925 2211 982 2238 fieri
995 2231 1002 2241 .
1025 2211 1129 2246 absque
1153 2211 1388 2239 convertibilitate.
1408 2211 1475 2239 Item
1488 2220 1497 2238 :
1512 2211 1549 2240 Ea
1565 2214 1649 2246 enim,

862 2265 922 2292 qum
943 2257 1065 2292 ejusdem
1089 2258 1159 2285 inter
1183 2265 1212 2285 se
1230 2257 1338 2285 virtutis
1351 2262 1454 2286 suntet
1469 2259 1648 2293 operationis,

859 2303 1037 2338 ejusdemque
1058 2311 1170 2339 prorsus
1194 2303 1309 2340 originis
1323 2312 1355 2331 ac
1367 2304 1524 2332 earumdem
1543 2305 1649 2340 passio-

859 2357 936 2383 num,
952 2358 984 2377 ea
997 2354 1101 2377 naturae
1115 2350 1318 2378 distinctionem
1335 2358 1388 2378 non
1407 2351 1568 2385 admittunt;
1582 2360 1648 2380 con—

859 2396 983 2431 fusisque
1007 2404 1100 2424 secum
1130 2397 1253 2430 naturis,
1278 2397 1331 2425 crit
1357 2397 1482 2425 Christus
1512 2398 1647 2432 dualitas,

858 2443 1039 2479 personisque
1055 2443 1150 2471 divisis
1164 2443 1210 2470 tiet
1228 2444 1398 2479 quaternitas
1413 2453 1420 2471 :
1435 2444 1507 2479 quod
1523 2445 1645 2472 omnium

895 2578 950 2613 (49)
971 2577 1033 2604 lltce
1051 2576 1205 2613 testimonia
1217 2597 1224 2608 ,
1253 2583 1292 2613 es
1308 2577 1449 2613 superiore
1466 2576 1495 2603 S.
1510 2575 1646 2612 Hippolyti

859 2611 984 2640 sermone
1006 2617 1097 2639 contra
1118 2611 1245 2638 Beronem
1269 2612 1303 2638 ab
1324 2612 1470 2639 Anastasio
1491 2611 1646 2646 desumpta,

857 2647 1397 2688 recensuitcastigavitque'Combefisius
1411 2647 1437 2673 in
1450 2647 1571 2688 editione
1583 2655 1648 2688 opt--

858 2691 919 2722 rum
936 2683 964 2710 S.
980 2682 1090 2722 Maximi
1101 2703 1108 2714 ,
1127 2682 1218 2722 tomLI
1230 2702 1236 2713 ,
1252 2689 1313 2722 pag.
1328 2682 1361 2722 Ἱβ
1372 2703 1379 2713 ,
1396 2689 1429 2722 eo
1441 2685 1513 2716 quod
1528 2683 1559 2722 in.
1572 2684 1645 2710 edito

859 2718 1053 2746 Sirmondiano
1068 2717 1205 2752 Anastasii
1231 2717 1321 2744 versio
1347 2717 1462 2752 implexa
1487 2718 1589 2752 passim
1615 2726 1648 2745 ac

858 2754 990 2781 mendosa
1017 2758 1154 2780 noscatur.
1185 2751 1305 2787 Utraque
1321 2753 1378 2779 sive
1391 2759 1452 2779 cum
1471 2751 1563 2785 textu,
1590 2752 1647 2779 sive

857 2797 920 2817 cum
933 2789 1004 2816 notis
1015 2793 1041 2815 et
1049 2788 1562 2822 animadversionibusCappcronnierii
1575 2787 1644 2815 infra

858 2825 949 2852 relatis
961 2824 1132 2852 conferenda.

1450 2903 1486 2933 ‘27
