1856 3050
205 67 260 95 845

405 129 446 157 Ea;
464 129 578 156 editione
594 129 792 158 Sirmondiana.

201 176 282 208 igitur
294 173 352 210 (50)
378 178 526 203 secundum
550 176 681 203 Beronem
697 182 836 212 assumpta
854 177 906 205 sibi
920 185 984 206 caro

201 220 324 255 ejusdem
338 222 506 255 operationis
519 222 613 250 eﬁ‘ecta
631 227 682 256 est,
701 224 774 251 haud
790 225 903 252 dubium
918 225 983 260 quin
1001 248 1005 254 ,

202 271 229 293 et
251 267 371 301 ejusdem
389 267 459 294 facta
479 272 520 295 est
543 268 595 296 sibi
620 274 739 303 naturae,
766 277 827 297 cum
852 276 985 306 quotquot

152 346 159 353 ε
203 317 244 340 est
258 317 366 346 natura,
389 313 415 340 id
430 318 471 341 est
484 314 720 350 inprincipalitate,
737 316 893 350 infactione,
921 318 982 345 inti-

202 358 286 385 nit-ate
296 379 303 391 ,
333 359 545 394 sempiternitate
555 381 562 394 ,
576 392 581 399 δ
596 361 933 398 incomprehensibilitate;
959 369 985 392 et

202 411 369 439 quaecunque
382 405 479 432 horum
497 406 645 434 secundum
657 409 870 443 magnitudinem
882 410 985 438 theolo—

202 450 260 483 gica
277 449 444 484 amplissime
468 450 495 477 in
520 451 619 478 deitate
633 452 702 479 ratio
726 454 923 488 contemplatur
937 464 943 481 :
957 460 985 482 et

200 495 415 523 vicissitudinem
435 501 549 532 utraque
565 505 645 533 passa
669 504 743 531 sunt,
767 505 864 528 neutro
882 506 984 530 natura:

201 549 257 567 suae
271 542 475 568 substantialem
488 543 619 570 rationem
633 544 701 571 ultra
715 545 869 572 salvandam
883 545 984 573 haben-

200 589 237 612 te.
259 585 294 612 Et
309 594 423 613 rursus:
444 586 494 620 Qui
511 588 582 614 enim
603 588 657 623 (5|)
674 597 785 621 eorum,
801 598 861 624 qua:
873 590 985 618 alterius

200 637 264 660 sunt
289 639 409 666 naturte,
431 634 552 661 eamdem
577 635 662 669 ipsam
687 636 768 662 sentit
780 637 982 671 operationem;

200 679 389 707 confusionem
413 681 514 716 pariter
530 683 681 709 naturalem
693 703 699 715 ,
722 688 749 710 et
762 683 922 711 divisionem
938 691 985 711 eo-

199 733 260 752 rum
289 725 393 753 inducit
415 727 603 761 personalem;
628 728 764 763 incognita
781 737 894 764 prorsus
911 730 983 757 idio-

200 776 303 798 malum
326 772 505 799 translatione
527 773 645 800 naturali
660 782 753 801 eorum
771 774 841 802 facta
855 776 981 802 essentia.

201 815 291 843 Item:
313 816 341 844 Si
363 825 428 844 vero
446 818 502 853 (52)
525 819 644 852 ejusdem
661 820 711 846 sibi
732 828 786 848 non
803 820 853 848 fuit
869 826 983 855 naturm,

199 870 287 898 neque
310 863 430 898 ejusdem
457 864 508 891 sibi
533 864 578 892 fiet
600 866 731 893 naturalis
753 867 927 901 operationis.
949 867 984 893 Et

199 909 296 935 iterum
310 917 319 935 :
336 909 364 935 In
379 910 503 937 eumdem
516 911 571 947 (55)
587 915 678 938 autem
697 919 815 939 errorem
829 913 894 939 illati
909 918 982 946 sunt,

200 955 271 982 male
294 956 434 983 credentes
455 957 592 991 propriam
618 957 716 985 iactant
748 959 838 986 carnis
865 960 984 987 divinam

200 1001 394 1036 operationem.
413 1010 473 1036 qua:
490 1003 516 1029 in
531 1003 670 1031 miraculis
686 1012 734 1038 per
748 1005 832 1039 ipsam
847 1007 982 1040 apparuit,

200 1055 253 1081 qua
277 1051 363 1074 totum
387 1048 513 1076 Christus
539 1050 724 1078 substantians
747 1051 895 1079 secundum
910 1053 983 1088 quod

200 1094 359 1129 intelligitur
382 1094 452 1123 Deus
474 1097 593 1123 continet
618 1102 761 1125 retentum.
797 1098 831 1125 Et
857 1099 953 1126 iterum
973 1107 983 1127 :

200 1139 259 1167 Non
273 1142 345 1168 enim
359 1142 414 1177 (54)
430 1148 614 1177 cognoverunt
630 1143 798 1178 impossibile
810 1153 869 1173 esse
886 1146 983 1174 divinae

199 1187 384 1220 operationem
410 1192 513 1214 natura
536 1188 635 1215 idioma
651 1189 708 1215 fieri
724 1189 783 1217 sine
800 1191 983 1218 convertibili-

201 1236 265 1260 tate.
290 1232 325 1259 Et
339 1234 434 1259 iterum
450 1241 459 1260 :
476 1232 597 1266 Quarum
613 1234 668 1270 (55)
686 1234 772 1263 donec
788 1244 869 1263 unam
886 1245 983 1265 secun-

198 1277 263 1305 dum
279 1278 458 1306 substantiam
482 1285 661 1314 cognoscatur
677 1280 794 1308 Verbum
819 1282 902 1310 unius
918 1289 983 1317 ope-

198 1324 324 1356 rationis,
341 1332 479 1360 nunquam
497 1326 643 1360 aliquando
657 1334 690 1353 eo
702 1327 775 1361 quod
792 1327 934 1362 utriusque
947 1328 982 1355 sit

197 1375 375 1405 cognoscctur
401 1375 502 1398 motus.
536 1371 569 1398 Et
589 1372 708 1399 iterant:
728 1373 821 1408 Itaque
843 1373 912 1401 Bero
925 1374 981 1410 (56)

196 1416 304 1450 quidem
318 1416 357 1444 sic
373 1423 403 1443 se
418 1416 532 1450 habens,
546 1422 575 1444 ut
588 1418 654 1451 dixi,
670 1419 835 1453 operationis
851 1419 982 1447 unalitate

196 1462 322 1489 deitatem
339 1462 440 1490 Christi
459 1468 486 1490 et
501 1464 695 1492 humanitatem
711 1465 793 1492 simul
807 1463 977 1494 confundens

197 1508 372 1540 naturaliter,
390 1513 418 1536 et
438 1509 558 1544 partiens
584 1511 781 1545 personaliter,
803 1511 925 1539 dissolvit
937 1513 977 1539 vi-

197 1555 267 1585 tam;
293 1553 422 1587 ignorans
449 1554 534 1581 solius
556 1556 774 1582 connaturalium
800 1563 978 1597 personarum

196 1599 381 1626 connaturalis
392 1599 541 1628 identitatis
551 1601 672 1628 eamdem
691 1601 777 1637 ipsam
792 1603 978 1637 operationem

196 1652 257 1672 esse
274 1645 488 1681 significativam.

234 1840 245 1858 ε
261 1830 305 1859 IV.
325 1830 372 1860 His
390 1831 473 1867 igitur
489 1831 525 1859 ita
540 1835 567 1859 et
581 1831 615 1858 ab
639 1831 693 1860 hoc
715 1839 824 1868 quoque
850 1834 979 1861 saeratis-

197 1877 267 1905 simo
290 1882 316 1905 et
342 1886 440 1913 magno
462 1878 573 1906 doctare
595 1886 626 1905 ac
651 1884 771 1915 martyre
797 1879 918 1907 veritatis
935 1880 979 1914 (id

197 1924 286 1959 ipsum
302 1928 391 1951 autem
405 1928 456 1957 est,
473 1925 495 1951 si
514 1925 635 1952 dicamus
656 1933 671 1952 a
690 1926 873 1958 sanctissimo.
888 1927 934 1961 qui
953 1927 980 1954 in

195 1979 229 1998 eo
245 1971 375 2006 loquitur,
391 1970 524 2006 Spiritu),
550 1971 720 2000 manifestius
733 1972 824 2005 dictis,
839 1973 981 2007 diligenter

195 2016 338 2043 intendant
361 2017 407 2051 qui
422 2017 524 2048 volunt,
539 2021 566 2043 et
590 2017 707 2044 maxime
719 2017 764 2051 qui
778 2018 981 2045 communicant

196 2062 250 2096 his,
264 2063 311 2097 qui
323 2063 455 2090 novitates
473 2069 545 2089 nunc
568 2062 672 2097 operati
689 2067 767 2090 sunt:
781 2067 807 2090 et
820 2063 906 2090 sciant
919 2071 979 2090 cer-

195 2109 311 2143 tissime,
329 2110 392 2144 quia
406 2108 452 2143 qui
464 2109 532 2135 duas
546 2109 693 2136 Salvatoris
710 2110 797 2135 nostri
814 2109 915 2137 Christi
930 2117 974 2136 vo-

541 69 569 97 S.
591 68 769 97 HIPPOLYTI
788 69 864 96 OPP.
884 68 974 96 PARS

1072 83 1081 89 -
1099 68 1249 98 DOGMAT.
1270 69 1313 97 ET
1333 69 1502 99 HISTONC.

1777 73 1823 101 θα

1232 130 1275 157 Ex
1293 131 1405 159 editione
1423 131 1629 167 Combeﬁriuna.
1646 129 1648 133 ’

1036 176 1154 203 maxime
1166 177 1327 204 cavendum.
1349 177 1382 203 Et
1401 178 1495 204 iterum
1509 186 1517 203 :
1533 178 1677 213 Siquidem
1693 178 1786 212 igitur,
1799 186 1822 206 ut

1037 227 1131 249 auctor
1142 222 1210 249 Bero
1226 228 1276 256 est,
1300 228 1437 259 assumpta
1449 224 1488 251 illi
1502 232 1567 251 caro
1584 224 1711 259 ejusdem
1724 232 1758 252 ac
1771 225 1821 259 ipse

1035 270 1143 296 virtutis
1157 277 1204 297 seu
1221 270 1387 304 operationis
1404 270 1473 297 facta
1488 275 1546 303 est;
1560 271 1640 305 plane
1656 271 1742 297 etiam
1757 271 1822 304 ejus-

1035 316 1096 343 dem
1121 316 1190 342 facta
1213 321 1253 343 est
1268 321 1383 347 naturm,
1398 324 1459 343 cum
1474 317 1573 351 quibus
1585 316 1718 343 omnibus
1731 322 1820 344 natura

1036 366 1086 393 ost,
1105 362 1177 396 quod
1194 362 1321 397 principii
1337 370 1444 396 expers,
1459 363 1530 396 quod
1546 363 1679 397 ingenita,
1697 363 1772 397 quod
1787 364 1821 389 in-

1035 405 1121 435 tinita,
1146 405 1218 438 quod
1231 405 1407 439 sempiterna,
1423 406 1494 440 quod
1509 405 1756 440 incomprehensa,
1768 406 1820 433 etsi

1036 457 1088 484 qua
1106 449 1240 484 ejusmodi
1264 450 1412 477 secundum
1438 450 1625 477 excellentiam
1652 451 1820 486 theologicus

1036 503 1125 522 sermo
1151 495 1250 522 eximie
1275 495 1302 522 in
1327 495 1425 522 deitate
1439 496 1662 530 contemplatur:
1681 501 1710 523 et
1724 497 1822 536 vicissi-

1036 541 1155 567 tudinem
1174 545 1290 575 utraque
1311 548 1392 574 passa
1406 544 1484 573 sunt,
1501 545 1599 568 neutro
1615 541 1821 569 substantialem

1035 591 1138 614 natura:
1162 594 1218 613 suae
1241 587 1374 613 rationem
1398 587 1469 614 ultra
1496 587 1665 614 incolumem
1684 593 1820 615 servante.

1036 632 1070 658 Et
1087 641 1198 660 rursus:
1211 632 1262 665 Qui
1278 633 1349 660 enim
1364 640 1469 666 eorum,
1487 641 1547 668 qua:
1568 639 1633 661 sunt
1650 634 1770 662 diversae
1780 642 1821 662 na-

1035 683 1119 711 turae,
1142 679 1263 705 eamdem
1290 679 1370 706 sentit
1396 679 1598 714 operationem;
1633 680 1821 708 confusionem

1035 725 1137 759 pariter
1164 725 1313 752 naturalem
1334 725 1549 760 divisionemque
1575 726 1702 760 ipsorum
1723 727 1821 753 inducit

1035 771 1187 797 naturalem
1200 779 1207 804 ;
1219 771 1309 805 ignota
1325 778 1436 805 prorsus
1447 779 1478 798 ac
1490 771 1637 798 obscurata
1654 780 1706 806 per
1717 772 1823 798 idioma-

1001 819 1022 845 Β
1037 820 1092 843 tum
1108 816 1347 843 commutationem
1363 817 1480 843 naturali
1496 824 1591 844 eorum
1606 818 1766 845 substantia
1781 825 1822 844 ex-

1035 863 1222 897 sistenliaque.
1245 863 1313 890 Item
1327 871 1336 889 :
1351 862 1379 890 Si
1395 871 1460 890 vero
1475 871 1528 890 non
1541 864 1665 898 ejusdem
1678 872 1712 892 ac
1725 865 1772 890 ille
1786 863 1817 890 fa-

1034 915 1076 937 cta
1095 914 1135 936 est
1149 914 1263 942 naturze,
1289 917 1337 936 nec
1352 910 1471 944 ejusdem
1489 918 1610 944 unquam
1628 910 1676 937 ﬁet
1689 911 1822 945 operatio-

1034 955 1086 983 nis.
1118 955 1152 981 Et
1171 956 1266 982 iterant
1283 963 1291 981 :
1310 955 1338 982 lu
1357 956 1429 983 hunc
1446 959 1534 983 autem
1553 963 1674 983 errorem
1703 957 1820 991 impege-

1033 1005 1116 1033 runt,
1147 1001 1287 1028 credentes
1317 1001 1386 1028 male
1411 1002 1549 1036 propriam
1579 994 1677 1029 carnis
1699 1002 1819 1029 effectam

1033 1048 1152 1075 divinam
1170 1049 1365 1082 operationem,
1391 1056 1452 1082 quae
1468 1056 1516 1082 per
1531 1048 1617 1082 ipsam
1637 1048 1663 1074 in
1684 1049 1821 1076 miraculis

1033 1094 1204 1121 manifestata
1228 1099 1283 1127 est;
1312 1102 1365 1130 qua
1380 1094 1515 1126 Christus,
1541 1102 1635 1122 rerum
1650 1095 1703 1122 hac
1717 1095 1821 1122 univcr-

1033 1140 1113 1167 sitate
1139 1139 1259 1172 condita,
1286 1139 1434 1167 secundum
1458 1140 1529 1174 quod
1553 1140 1718 1174 intelligitur
1743 1140 1820 1170 Deus.

1032 1185 1105 1219 quod
1129 1185 1164 1211 ita
1181 1185 1318 1212 conditum
1333 1188 1391 1218 est,
1412 1189 1485 1211 tenet
1498 1192 1530 1211 ac
1542 1189 1700 1212 conservat.
1725 1185 1764 1211 Et
1778 1186 1821 1211 iu-

1031 1239 1091 1257 rum
1108 1239 1117 1258 .'
1139 1230 1198 1257 Non
1219 1231 1289 1257 enim
1307 1235 1508 1265 cognoverunt,
1532 1230 1592 1258 fieri
1610 1238 1663 1257 non
1679 1239 1783 1266 posse,
1800 1237 1822 1257 ut

1032 1277 1130 1303 divina:
1155 1281 1259 1304 natura:
1275 1278 1409 1312 operatio,
1433 1277 1545 1304 alterius
1571 1277 1746 1311 diversaeque
1764 1279 1819 1305 sub-

1033 1323 1139 1350 stantiae
1160 1323 1310 1359 proprietas
1337 1323 1429 1356 tieret,
1454 1323 1558 1358 absque
1581 1324 1821 1350 convcrtibilitate.

1032 1368 1067 1395 Et
1081 1370 1177 1396 iterum
1200 1377 1209 1396 :
1229 1368 1352 1402 Quandiu
1372 1377 1425 1396 non
1451 1377 1535 1396 unum
1556 1369 1710 1396 secundum
1728 1378 1822 1397 essea-

1032 1415 1095 1442 tiam
1110 1415 1191 1443 unius
1204 1415 1325 1442 noscitur
1340 1414 1457 1442 Verbum
1471 1415 1642 1450 operationis
1653 1436 1660 1447 ,
1684 1416 1764 1443 nulla
1779 1424 1822 1443 un-

1031 1469 1112 1496 quam
1129 1462 1234 1489 ratione
1248 1462 1304 1494 tiat,
1322 1466 1351 1489 ut
1364 1462 1506 1489 amborum
1521 1466 1613 1489 motus
1628 1467 1821 1497 cognoscatur.

1032 1507 1066 1534 Et
1079 1508 1174 1534 iterum
1198 1515 1207 1534 :
1227 1507 1320 1542 Itaque
1334 1507 1420 1541 Bero,
1437 1509 1482 1542 qui
1504 1508 1545 1535 sic
1561 1508 1680 1542 habeat,
1698 1514 1730 1536 ut
1752 1510 1820 1536 diee—

1032 1553 1105 1586 bam,
1120 1561 1173 1580 una
1184 1554 1341 1588 operatione
1355 1554 1455 1581 Christi
1469 1555 1575 1589 pariter
1586 1555 1719 1582 deitatem
1738 1560 1767 1582 et
1780 1556 1824 1581 bu-

1034 1600 1194 1626 nianitatem
1212 1604 1307 1626 natura
1321 1600 1490 1627 confundens
1504 1608 1535 1627 ac
1546 1601 1676 1635 personis
1688 1601 1822 1634 dividens,

1036 1646 1120 1673 vitam
1143 1646 1282 1680 dissolvit;
1310 1647 1355 1681 qui
1379 1654 1475 1681 nempe
1489 1647 1599 1682 nesciat;
1611 1648 1743 1675 eamdem
1763 1655 1823 1683 ope~

1032 1690 1176 1721 rationem,
1203 1697 1379 1724 personarum
1397 1699 1458 1725 quae
1477 1691 1600 1725 ejusdem
1627 1696 1741 1720 natura:
1763 1693 1821 1723 sint,

1031 1734 1201 1763 identitatem
1222 1736 1352 1763 duntaxat
1367 1736 1517 1772 designare.

1032 1834 1178 1863 fessionem
1205 1836 1341 1871 abnegant
1357 1840 1383 1863 et
1406 1836 1548 1871 objiciunt,
1564 1841 1650 1872 atque
1666 1837 1785 1873 impiam
1801 1843 1823 1865 ct

1033 1882 1147 1909 alienam
1160 1890 1175 1910 a
1187 1883 1369 1910 Christianico
1393 1882 1519 1918 dogmate
1536 1891 1597 1911 esse
1609 1890 1786 1916 asseverant,
1800 1890 1822 1911 et

1033 1936 1109 1963 mque
1124 1934 1152 1956 ut
1168 1930 1312 1964 praedictus
1331 1930 1485 1964 haereticus,
1502 1931 1567 1965 quin
1581 1931 1679 1966 potius
1691 1936 1726 1959 ut
1733 1939 1823 1959 omnes

1034 1977 1114 2004 simul
1131 1977 1236 2011 profani
1249 1977 1378 2009 hreretici,
1395 1978 1441 2012 qui
1461 1978 1489 2004 in
1505 1978 1672 2005 confusione
1689 1987 1725 2006 ac
1745 1979 1823 2014 phan-

1033 2021 1101 2047 tasia
1113 2026 1139 2048 et
1153 2021 1285 2048 divisiOne
1296 2021 1399 2056 decepti
1411 2026 1484 2054 sunt,
1497 2023 1585 2049 solum
1605 2025 1822 2058 super-substan-

1033 2067 1105 2095 tialis
1121 2067 1262 2102 theologia:
1276 2076 1307 2095 ac
1323 2069 1470 2096 incuruata:
1478 2069 1696 2104 dispensationis
1706 2079 1762 2098 non
1777 2072 1821 2098 ab-

1030 2118 1165 2148 negantet
1177 2115 1332 2141 subvertunl
1350 2116 1524 2150 mysterium:
1540 2122 1759 2150 quaternttatem
1772 2118 1823 2153 qui~

195 2155 313 2183 luntates
334 2155 472 2182 naturales
485 2159 511 2181 et
526 2155 697 2189 operationes
723 2155 857 2190 denegant
867 2160 893 2182 et
908 2155 978 2190 abji-
997 2160 1016 2187 D
1032 2159 1092 2186 dem
1122 2159 1305 2188 Personarum
1323 2166 1443 2188 sanctam
1466 2162 1626 2190 confitentes
1638 2163 1821 2194 Trinitatem;

196 2202 281 2233 ciunt,
295 2201 405 2236 impiam
421 2208 453 2228 ac
464 2201 578 2227 alienam
591 2200 763 2228 Christianici
778 2202 910 2236 dogmatis
925 2207 979 2229 tam

196 2255 302 2274 sacram
328 2251 354 2274 et
382 2247 561 2274 orthodoxam
593 2246 792 2275 confessionem
820 2248 979 2282 appellant,

197 2300 335 2328 unamque
352 2293 461 2320 deitatis
474 2298 501 2323 et
517 2293 694 2320 humanitatis
705 2294 763 2328 ejus
772 2294 938 2322 voluntatem
954 2299 981 2322 et

197 2339 380 2374 operationem
395 2339 591 2373 dogmatizant,
604 2347 650 2367 eos
665 2339 716 2374 ,qui
738 2340 825 2367 taliter
842 2340 893 2367 sibi
913 2349 980 2368 con—

197 2392 264 2412 sone
282 2392 334 2411 non
361 2384 524 2412 conﬁtentur
544 2386 814 2419 anatlicmatizantes,
834 2386 938 2421 liquido
954 2392 981 2413 et

197 2432 300 2466 absque
313 2431 366 2458 ullo
390 2435 496 2466 tegente
509 2432 640 2458 velamine
663 2437 771 2460 sanctos
790 2433 938 2467 prophetas
955 2439 981 2460 et

198 2476 334 2511 apostolos
352 2481 431 2511 atque
442 2477 585 2510 doctores;
608 2478 649 2504 vel
675 2478 766 2510 etiam,
780 2483 807 2505 ut
832 2479 921 2506 verius
940 2479 982 2506 di-

195 2527 287 2554 catur,
302 2522 502 2550 sanctissimum
523 2523 653 2557 Spiritum
679 2524 725 2559 qui
750 2525 777 2551 in
798 2525 851 2551 illis
874 2525 981 2552 locutus

196 2573 249 2599 est,
267 2568 389 2602 quinimo
405 2572 431 2596 ct
456 2569 585 2603 loquitur,
610 2569 850 2601 anatlicmatizant,
864 2575 889 2597 et
902 2571 935 2597 ab
949 2578 981 2598 eo

197 2620 246 2648 per
259 2612 322 2640 illos
335 2614 460 2641 traditam
473 2615 551 2642 nobis
561 2623 666 2642 sacram
678 2620 704 2642 et
717 2616 896 2643 orthodoxam
913 2624 976 2643 con-

233 2680 289 2717 (ξξο)
310 2679 339 2708 Si
354 2682 444 2717 igitur.
466 2681 578 2709 Testim.
592 2682 616 2709 6.

233 2716 288 2749 (5i)
310 2717 361 2748 Qui
377 2718 456 2744 enim.
477 2718 543 2744 Ibid.

233 2750 288 2786 (52)
309 2751 337 2778 Si
353 2760 421 2778 vero.
443 2752 555 2779 Testim.
570 2753 595 2779 7.

233 2786 289 2821 (55)
307 2787 340 2813 In
352 2788 480 2814 eumdem.
500 2787 611 2814 Testim.
625 2787 651 2815 8.

1031 2209 1059 2230 at
1075 2212 1139 2232 vero
1154 2213 1238 2232 unum
1256 2206 1346 2239 huius,
1372 2206 1399 2233 id
1412 2210 1453 2233 est
1467 2205 1613 2234 Dominum
1630 2214 1763 2236 nostrum
1783 2209 1823 2236 Je-

1031 2258 1091 2277 sum
1101 2250 1251 2284 Christum,
1263 2251 1451 2284 inanimatum,
1463 2255 1489 2278 ct
1499 2252 1557 2279 sine
1566 2253 1710 2281 intellectu
1723 2263 1757 2282 ac
1768 2256 1823 2281 sine

1032 2296 1146 2329 ratione,
1157 2297 1303 2324 secundum
1313 2298 1385 2332 quod
1395 2303 1502 2332 propter
1514 2306 1563 2326 nos
1575 2298 1664 2326 factus
1674 2306 1718 2328 est
1730 2301 1821 2330 homo.

1032 2341 1244 2375 introducentes,
1262 2347 1289 2370 et
1312 2344 1565 2371 convertibilitatem
1593 2345 1679 2372 simul
1708 2352 1736 2374 et
1761 2355 1823 2374 con-

1032 2388 1199 2422 spersionem
1225 2396 1257 2416 ac
1273 2389 1491 2423 mutabilitatem,
1516 2391 1770 2427 confusionemque
1795 2399 1822 2419 ac

1033 2433 1203 2466 phantasiam
1229 2437 1255 2460 et
1269 2433 1429 2460 divisionem
1445 2434 1588 2469 utriusque
1612 2441 1722 2463 natura:
1739 2438 1822 2471 ipsius

1033 2479 1250 2512 pronuntiantes,
1266 2483 1292 2506 et
1312 2480 1372 2514 puri
1390 2487 1436 2513 per
1461 2480 1512 2507 hoc
1527 2480 1660 2513 hominis,
1674 2482 1718 2509 vel
1732 2482 1821 2517 prodi-

1033 2524 1068 2559 gii
1083 2524 1225 2558 cujusdam
1243 2529 1357 2551 matrem
1372 2529 1494 2552 sanctam
1507 2533 1616 2561 semper
1640 2527 1778 2564 virginem
1793 2536 1822 2555 ac

1033 2569 1080 2598 Dei
1096 2571 1253 2606 genitricem
1265 2570 1377 2599 Mariam
1391 2572 1551 2599 scribentes.

1072 2626 1080 2642 I
1094 2615 1125 2643 V.
1138 2616 1237 2644 Deinde
1252 2624 1316 2644 vero
1328 2617 1406 2649 hanc,
1420 2625 1480 2652 quae
1491 2618 1619 2646 videlicet
1634 2619 1662 2646 in
1677 2627 1712 2648 eo
1725 2620 1762 2648 ab
1773 2620 1821 2647 ilIis

1068 2687 1124 2721 (54)
1137 2686 1198 2713 Non
1212 2687 1290 2715 enim.
1308 2686 1374 2714 Ibid.

1080 2723 1124 2756 55)
1145 2722 1275 2754 Quarum.
1291 2721 1402 2749 Testim.
1417 2722 1443 2748 4.

1080 2723 1124 2756 55)
1145 2723 1275 2754 Quarum.
1291 2723 1402 2749 Testim.
1417 2723 1443 2748 4.

1068 2723 1124 2793 ξεδ)
1141 2757 1235 2792 Itaque
1249 2757 1327 2784 Bero.
1341 2756 1454 2784 Testim.
1470 2756 1496 2784 8.
