  <div class='ocr_page' id='page_1' title='image "/cluster/home/n/w/nwhite01/storage/ocr_20150623/10/njp.32101077772406/466.png"; bbox 0 0 1856 3050; ppageno 0'>
   <div class='ocr_carea' id='block_1_1' title="bbox 45 91 107 122">
    <p class='ocr_par' dir='ltr' id='par_1_1' title="bbox 45 91 107 122">
     <span class='ocr_line' id='line_1_1' title="bbox 45 91 107 122; baseline 0.032 -2"><span class='ocrx_word' id='word_1_1' title='bbox 45 91 107 122; x_wconf 66' lang='grc' dir='ltr'><strong>8όὸ</strong></span> 
     </span>
    </p>
   </div>
   <div class='ocr_carea' id='block_1_2' title="bbox 42 205 843 248">
    <p class='ocr_par' dir='ltr' id='par_1_2' title="bbox 42 205 843 248">
     <span class='ocr_line' id='line_1_2' title="bbox 42 205 843 248; baseline 0.025 -24"><span class='ocrx_word' id='word_1_2' title='bbox 42 205 117 225; x_wconf 84' lang='lat' dir='ltr'><strong>nem</strong></span> <span class='ocrx_word' id='word_1_3' title='bbox 135 206 309 235; x_wconf 84' lang='lat' dir='ltr'><strong>respuentes,</strong></span> <span class='ocrx_word' id='word_1_4' title='bbox 323 209 349 231; x_wconf 86' lang='lat' dir='ltr'><strong>et</strong></span> <span class='ocrx_word' id='word_1_5' title='bbox 368 213 454 241; x_wconf 87' lang='lat' dir='ltr'><strong>neque</strong></span> <span class='ocrx_word' id='word_1_6' title='bbox 469 215 562 241; x_wconf 90' lang='lat' dir='ltr'><strong>unam,</strong></span> <span class='ocrx_word' id='word_1_7' title='bbox 576 219 662 246; x_wconf 89' lang='lat' dir='ltr'><strong>neque</strong></span> <span class='ocrx_word' id='word_1_8' title='bbox 675 213 753 248; x_wconf 87' lang='lat' dir='ltr'><strong>duas,</strong></span> <span class='ocrx_word' id='word_1_9' title='bbox 766 215 791 242; x_wconf 94' lang='lat' dir='ltr'><strong>id</strong></span> <span class='ocrx_word' id='word_1_10' title='bbox 802 221 843 244; x_wconf 90' lang='lat' dir='ltr'><strong>est</strong></span> 
     </span>
    </p>
   </div>
   <div class='ocr_carea' id='block_1_3' title="bbox 41 242 840 293">
    <p class='ocr_par' dir='ltr' id='par_1_3' title="bbox 41 242 840 293">
     <span class='ocr_line' id='line_1_3' title="bbox 41 242 840 293; baseline 0.029 -26"><span class='ocrx_word' id='word_1_11' title='bbox 41 242 182 272; x_wconf 81' lang='lat' dir='ltr'><strong>divinam</strong></span> <span class='ocrx_word' id='word_1_12' title='bbox 200 252 228 273; x_wconf 91' lang='lat' dir='ltr'><strong>et</strong></span> <span class='ocrx_word' id='word_1_13' title='bbox 245 248 390 278; x_wconf 79' lang='lat' dir='ltr'><strong>humanam</strong></span> <span class='ocrx_word' id='word_1_14' title='bbox 417 253 582 282; x_wconf 77' lang='lat' dir='ltr'><strong>voluntatem</strong></span> <span class='ocrx_word' id='word_1_15' title='bbox 597 258 637 284; x_wconf 87' lang='lat' dir='ltr'><strong>vel</strong></span> <span class='ocrx_word' id='word_1_16' title='bbox 658 261 840 293; x_wconf 92' lang='lat' dir='ltr'><strong>operationem</strong></span> 
     </span>
    </p>
   </div>
   <div class='ocr_carea' id='block_1_4' title="bbox 41 287 839 342">
    <p class='ocr_par' dir='ltr' id='par_1_4' title="bbox 41 287 839 342">
     <span class='ocr_line' id='line_1_4' title="bbox 41 287 839 342; baseline 0.029 -28"><span class='ocrx_word' id='word_1_17' title='bbox 41 287 75 315; x_wconf 86' lang='lat' dir='ltr'><strong>in</strong></span> <span class='ocrx_word' id='word_1_18' title='bbox 97 297 150 322; x_wconf 83' lang='lat' dir='ltr'><strong>eo,</strong></span> <span class='ocrx_word' id='word_1_19' title='bbox 168 293 209 320; x_wconf 88' lang='lat' dir='ltr'><strong>vel</strong></span> <span class='ocrx_word' id='word_1_20' title='bbox 225 296 367 328; x_wconf 80' lang='lat' dir='ltr'><strong>quamdam</strong></span> <span class='ocrx_word' id='word_1_21' title='bbox 385 305 418 324; x_wconf 79' lang='lat' dir='ltr'><strong>ex</strong></span> <span class='ocrx_word' id='word_1_22' title='bbox 433 301 559 329; x_wconf 86' lang='lat' dir='ltr'><strong>omnibus</strong></span> <span class='ocrx_word' id='word_1_23' title='bbox 574 305 695 332; x_wconf 84' lang='lat' dir='ltr'><strong>conﬁteri</strong></span> <span class='ocrx_word' id='word_1_24' title='bbox 710 307 839 342; x_wconf 84' lang='lat' dir='ltr'><strong>volentes,</strong></span> 
     </span>
    </p>
   </div>
   <div class='ocr_carea' id='block_1_5' title="bbox 39 337 840 383">
    <p class='ocr_par' dir='ltr' id='par_1_5' title="bbox 39 337 840 383">
     <span class='ocr_line' id='line_1_5' title="bbox 39 337 840 383; baseline 0.029 -24"><span class='ocrx_word' id='word_1_25' title='bbox 39 341 101 361; x_wconf 92' lang='lat' dir='ltr'><strong>non</strong></span> <span class='ocrx_word' id='word_1_26' title='bbox 121 337 217 364; x_wconf 89' lang='lat' dir='ltr'><strong>solum</strong></span> <span class='ocrx_word' id='word_1_27' title='bbox 245 339 384 370; x_wconf 86' lang='lat' dir='ltr'><strong>instabiles</strong></span> <span class='ocrx_word' id='word_1_28' title='bbox 396 348 422 370; x_wconf 90' lang='lat' dir='ltr'><strong>et</strong></span> <span class='ocrx_word' id='word_1_29' title='bbox 437 346 669 383; x_wconf 71' lang='lat' dir='ltr'><strong>tergiversatores,</strong></span> <span class='ocrx_word' id='word_1_30' title='bbox 684 352 730 379; x_wconf 88' lang='lat' dir='ltr'><strong>sed</strong></span> <span class='ocrx_word' id='word_1_31' title='bbox 745 360 771 380; x_wconf 90' lang='lat' dir='ltr'><strong>et</strong></span> <span class='ocrx_word' id='word_1_32' title='bbox 786 355 840 382; x_wconf 74' lang='lat' dir='ltr'><strong>lite-</strong></span> 
     </span>
    </p>
   </div>
   <div class='ocr_carea' id='block_1_6' title="bbox 37 381 838 428">
    <p class='ocr_par' dir='ltr' id='par_1_6' title="bbox 37 381 838 428">
     <span class='ocr_line' id='line_1_6' title="bbox 37 381 838 428; baseline 0.027 -22"><span class='ocrx_word' id='word_1_33' title='bbox 37 381 146 409; x_wconf 86' lang='lat' dir='ltr'><strong>reticis</strong></span> <span class='ocrx_word' id='word_1_34' title='bbox 162 384 209 418; x_wconf 87' lang='lat' dir='ltr'><strong>qui</strong></span> <span class='ocrx_word' id='word_1_35' title='bbox 225 385 253 412; x_wconf 91' lang='lat' dir='ltr'><strong>in</strong></span> <span class='ocrx_word' id='word_1_36' title='bbox 276 387 438 417; x_wconf 85' lang='lat' dir='ltr'><strong>confusiOnc</strong></span> <span class='ocrx_word' id='word_1_37' title='bbox 451 399 483 419; x_wconf 90' lang='lat' dir='ltr'><strong>ac</strong></span> <span class='ocrx_word' id='word_1_38' title='bbox 497 393 640 427; x_wconf 85' lang='lat' dir='ltr'><strong>phantasia</strong></span> <span class='ocrx_word' id='word_1_39' title='bbox 665 402 692 424; x_wconf 90' lang='lat' dir='ltr'><strong>et</strong></span> <span class='ocrx_word' id='word_1_40' title='bbox 705 399 838 428; x_wconf 84' lang='lat' dir='ltr'><strong>divisione</strong></span> 
     </span>
    </p>
   </div>
   <div class='ocr_carea' id='block_1_7' title="bbox 36 432 838 478">
    <p class='ocr_par' dir='ltr' id='par_1_7' title="bbox 36 432 838 478">
     <span class='ocr_line' id='line_1_7' title="bbox 36 432 838 478; baseline 0.029 -27"><span class='ocrx_word' id='word_1_41' title='bbox 36 432 226 463; x_wconf 89' lang='lat' dir='ltr'><strong>erraverunt,</strong></span> <span class='ocrx_word' id='word_1_42' title='bbox 243 433 329 468; x_wconf 78' lang='lat' dir='ltr'><strong>magis</strong></span> <span class='ocrx_word' id='word_1_43' title='bbox 344 434 440 470; x_wconf 86' lang='lat' dir='ltr'><strong>impios</strong></span> <span class='ocrx_word' id='word_1_44' title='bbox 458 437 508 472; x_wconf 88' lang='lat' dir='ltr'><strong>ipsi</strong></span> <span class='ocrx_word' id='word_1_45' title='bbox 521 440 626 474; x_wconf 90' lang='lat' dir='ltr'><strong>seipsos</strong></span> <span class='ocrx_word' id='word_1_46' title='bbox 645 444 763 478; x_wconf 82' lang='lat' dir='ltr'><strong>propriis</strong></span> <span class='ocrx_word' id='word_1_47' title='bbox 777 453 838 473; x_wconf 85' lang='lat' dir='ltr'><strong>ver-</strong></span> 
     </span>
    </p>
   </div>
   <div class='ocr_carea' id='block_1_8' title="bbox 35 471 836 525">
    <p class='ocr_par' dir='ltr' id='par_1_8' title="bbox 35 471 836 525">
     <span class='ocr_line' id='line_1_8' title="bbox 35 471 836 525; baseline 0.027 -27"><span class='ocrx_word' id='word_1_48' title='bbox 35 471 84 500; x_wconf 87' lang='lat' dir='ltr'><strong>bis</strong></span> <span class='ocrx_word' id='word_1_49' title='bbox 99 478 132 501; x_wconf 85' lang='lat' dir='ltr'><strong>et</strong></span> <span class='ocrx_word' id='word_1_50' title='bbox 150 475 325 510; x_wconf 84' lang='lat' dir='ltr'><strong>dogmatibus</strong></span> <span class='ocrx_word' id='word_1_51' title='bbox 353 471 514 512; x_wconf 75' lang='lat' dir='ltr'><strong>monstrant.</strong></span> <span class='ocrx_word' id='word_1_52' title='bbox 533 471 599 514; x_wconf 79' lang='lat' dir='ltr'><strong>Nam</strong></span> <span class='ocrx_word' id='word_1_53' title='bbox 621 471 658 516; x_wconf 66' lang='lat' dir='ltr'><strong>iiii</strong></span> <span class='ocrx_word' id='word_1_54' title='bbox 674 471 782 525; x_wconf 79' lang='lat' dir='ltr'><strong>quidem</strong></span> <span class='ocrx_word' id='word_1_55' title='bbox 795 494 836 521; x_wconf 82' lang='lat' dir='ltr'><strong>vel</strong></span> 
     </span>
    </p>
   </div>
   <div class='ocr_carea' id='block_1_9' title="bbox 35 520 837 572">
    <p class='ocr_par' dir='ltr' id='par_1_9' title="bbox 35 520 837 572">
     <span class='ocr_line' id='line_1_9' title="bbox 35 520 837 572; baseline 0.031 -30"><span class='ocrx_word' id='word_1_56' title='bbox 35 524 143 552; x_wconf 88' lang='lat' dir='ltr'><strong>unam,</strong></span> <span class='ocrx_word' id='word_1_57' title='bbox 158 520 203 547; x_wconf 89' lang='lat' dir='ltr'><strong>isti</strong></span> <span class='ocrx_word' id='word_1_58' title='bbox 220 530 283 549; x_wconf 86' lang='lat' dir='ltr'><strong>vero</strong></span> <span class='ocrx_word' id='word_1_59' title='bbox 303 533 352 553; x_wconf 86' lang='lat' dir='ltr'><strong>nec</strong></span> <span class='ocrx_word' id='word_1_60' title='bbox 378 536 458 556; x_wconf 89' lang='lat' dir='ltr'><strong>unam</strong></span> <span class='ocrx_word' id='word_1_61' title='bbox 484 531 649 561; x_wconf 79' lang='lat' dir='ltr'><strong>voluntatem</strong></span> <span class='ocrx_word' id='word_1_62' title='bbox 674 537 715 563; x_wconf 89' lang='lat' dir='ltr'><strong>vel</strong></span> <span class='ocrx_word' id='word_1_63' title='bbox 741 546 837 572; x_wconf 88' lang='lat' dir='ltr'><strong>opera-</strong></span> 
     </span>
    </p>
   </div>
   <div class='ocr_carea' id='block_1_10' title="bbox 34 564 835 613">
    <p class='ocr_par' dir='ltr' id='par_1_10' title="bbox 34 564 835 613">
     <span class='ocr_line' id='line_1_10' title="bbox 34 564 835 613; baseline 0.03 -24"><span class='ocrx_word' id='word_1_64' title='bbox 34 564 151 592; x_wconf 83' lang='lat' dir='ltr'><strong>tionem</strong></span> <span class='ocrx_word' id='word_1_65' title='bbox 168 574 230 594; x_wconf 89' lang='lat' dir='ltr'><strong>eum</strong></span> <span class='ocrx_word' id='word_1_66' title='bbox 248 569 347 599; x_wconf 91' lang='lat' dir='ltr'><strong>habere</strong></span> <span class='ocrx_word' id='word_1_67' title='bbox 360 574 464 607; x_wconf 88' lang='lat' dir='ltr'><strong>volunt,</strong></span> <span class='ocrx_word' id='word_1_68' title='bbox 482 584 514 605; x_wconf 91' lang='lat' dir='ltr'><strong>ac</strong></span> <span class='ocrx_word' id='word_1_69' title='bbox 543 586 590 613; x_wconf 89' lang='lat' dir='ltr'><strong>per</strong></span> <span class='ocrx_word' id='word_1_70' title='bbox 607 580 658 608; x_wconf 90' lang='lat' dir='ltr'><strong>hoc</strong></span> <span class='ocrx_word' id='word_1_71' title='bbox 681 582 835 612; x_wconf 89' lang='lat' dir='ltr'><strong>insuhstan-</strong></span> 
     </span>
    </p>
   </div>
   <div class='ocr_carea' id='block_1_11' title="bbox 33 607 834 658">
    <p class='ocr_par' dir='ltr' id='par_1_11' title="bbox 33 607 834 658">
     <span class='ocr_line' id='line_1_11' title="bbox 33 607 834 658; baseline 0.031 -24"><span class='ocrx_word' id='word_1_72' title='bbox 33 607 138 637; x_wconf 84' lang='lat' dir='ltr'><strong>tialem</strong></span> <span class='ocrx_word' id='word_1_73' title='bbox 160 611 237 640; x_wconf 93' lang='lat' dir='ltr'><strong>illum</strong></span> <span class='ocrx_word' id='word_1_74' title='bbox 252 619 278 641; x_wconf 90' lang='lat' dir='ltr'><strong>et</strong></span> <span class='ocrx_word' id='word_1_75' title='bbox 298 616 515 655; x_wconf 86' lang='lat' dir='ltr'><strong>inessentialem;</strong></span> <span class='ocrx_word' id='word_1_76' title='bbox 540 624 631 652; x_wconf 91' lang='lat' dir='ltr'><strong>minus</strong></span> <span class='ocrx_word' id='word_1_77' title='bbox 643 627 715 654; x_wconf 90' lang='lat' dir='ltr'><strong>enim</strong></span> <span class='ocrx_word' id='word_1_78' title='bbox 729 633 770 656; x_wconf 89' lang='lat' dir='ltr'><strong>est</strong></span> <span class='ocrx_word' id='word_1_79' title='bbox 793 631 834 658; x_wconf 93' lang='lat' dir='ltr'><strong>di-</strong></span> 
     </span>
    </p>
   </div>
   <div class='ocr_carea' id='block_1_12' title="bbox 32 656 831 706">
    <p class='ocr_par' dir='ltr' id='par_1_12' title="bbox 32 656 831 706">
     <span class='ocr_line' id='line_1_12' title="bbox 32 656 831 706; baseline 0.033 -28"><span class='ocrx_word' id='word_1_80' title='bbox 32 659 113 686; x_wconf 83' lang='lat' dir='ltr'><strong>cere,</strong></span> <span class='ocrx_word' id='word_1_81' title='bbox 136 656 199 684; x_wconf 84' lang='lat' dir='ltr'><strong>sine</strong></span> <span class='ocrx_word' id='word_1_82' title='bbox 224 660 359 689; x_wconf 82' lang='lat' dir='ltr'><strong>voluntate</strong></span> <span class='ocrx_word' id='word_1_83' title='bbox 384 671 416 692; x_wconf 89' lang='lat' dir='ltr'><strong>ac</strong></span> <span class='ocrx_word' id='word_1_84' title='bbox 442 665 660 706; x_wconf 81' lang='lat' dir='ltr'><strong>impotem(57)</strong></span> <span class='ocrx_word' id='word_1_85' title='bbox 684 676 831 704; x_wconf 88' lang='lat' dir='ltr'><strong>secundum</strong></span> 
     </span>
    </p>
   </div>
   <div class='ocr_carea' id='block_1_13' title="bbox 31 704 832 751">
    <p class='ocr_par' dir='ltr' id='par_1_13' title="bbox 31 704 832 751">
     <span class='ocr_line' id='line_1_13' title="bbox 31 704 832 751; baseline 0.032 -27"><span class='ocrx_word' id='word_1_86' title='bbox 31 704 180 736; x_wconf 78' lang='lat' dir='ltr'><strong>utrasque</strong></span> <span class='ocrx_word' id='word_1_87' title='bbox 194 709 307 734; x_wconf 87' lang='lat' dir='ltr'><strong>naturas</strong></span> <span class='ocrx_word' id='word_1_88' title='bbox 321 712 506 747; x_wconf 88' lang='lat' dir='ltr'><strong>pronuntiant,</strong></span> <span class='ocrx_word' id='word_1_89' title='bbox 520 723 580 742; x_wconf 92' lang='lat' dir='ltr'><strong>cum</strong></span> <span class='ocrx_word' id='word_1_90' title='bbox 591 716 670 751; x_wconf 79' lang='lat' dir='ltr'><strong>juxta</strong></span> <span class='ocrx_word' id='word_1_91' title='bbox 682 727 774 748; x_wconf 81' lang='lat' dir='ltr'><strong>sacras</strong></span> <span class='ocrx_word' id='word_1_92' title='bbox 785 723 832 750; x_wconf 88' lang='lat' dir='ltr'><strong>de—</strong></span> 
     </span>
    </p>
   </div>
   <div class='ocr_carea' id='block_1_14' title="bbox 29 744 830 802">
    <p class='ocr_par' dir='ltr' id='par_1_14' title="bbox 29 744 830 802">
     <span class='ocr_line' id='line_1_14' title="bbox 29 744 830 802; baseline 0.031 -31"><span class='ocrx_word' id='word_1_93' title='bbox 29 744 183 776; x_wconf 87' lang='lat' dir='ltr'><strong>finitiones</strong></span> <span class='ocrx_word' id='word_1_94' title='bbox 197 756 224 777; x_wconf 87' lang='lat' dir='ltr'><strong>et</strong></span> <span class='ocrx_word' id='word_1_95' title='bbox 240 753 358 782; x_wconf 82' lang='lat' dir='ltr'><strong>rationes</strong></span> <span class='ocrx_word' id='word_1_96' title='bbox 378 760 524 794; x_wconf 83' lang='lat' dir='ltr'><strong>corruptio,</strong></span> <span class='ocrx_word' id='word_1_97' title='bbox 551 762 576 788; x_wconf 94' lang='lat' dir='ltr'><strong>id</strong></span> <span class='ocrx_word' id='word_1_98' title='bbox 602 769 643 791; x_wconf 88' lang='lat' dir='ltr'><strong>est</strong></span> <span class='ocrx_word' id='word_1_99' title='bbox 659 765 830 802; x_wconf 89' lang='lat' dir='ltr'><strong>interemptio</strong></span> 
     </span>
    </p>
   </div>
   <div class='ocr_carea' id='block_1_15' title="bbox 28 793 829 842">
    <p class='ocr_par' dir='ltr' id='par_1_15' title="bbox 28 793 829 842">
     <span class='ocr_line' id='line_1_15' title="bbox 460 793 827 802; baseline 0.022 -14"><span class='ocrx_word' id='word_1_100' title='bbox 460 793 465 794; x_wconf 24' lang='grc' dir='ltr'><em>γ</em></span> <span class='ocrx_word' id='word_1_101' title='bbox 735 793 827 802; x_wconf 37' lang='grc' dir='ltr'><strong>ππ.-</strong></span> 
     </span>
     <span class='ocr_line' id='line_1_16' title="bbox 28 793 829 842; baseline 0.03 -24"><span class='ocrx_word' id='word_1_102' title='bbox 28 796 58 818; x_wconf 86' lang='lat' dir='ltr'><strong>et</strong></span> <span class='ocrx_word' id='word_1_103' title='bbox 69 793 270 825; x_wconf 81' lang='lat' dir='ltr'><strong>inexsistentia</strong></span> <span class='ocrx_word' id='word_1_104' title='bbox 284 806 397 834; x_wconf 47' lang='lat' dir='ltr'><strong>naturai,</strong></span> <span class='ocrx_word' id='word_1_105' title='bbox 420 807 582 834; x_wconf 81' lang='lat' dir='ltr'><strong>naturalium</strong></span> <span class='ocrx_word' id='word_1_106' title='bbox 601 809 788 840; x_wconf 88' lang='lat' dir='ltr'><strong>habitudinum</strong></span> <span class='ocrx_word' id='word_1_107' title='bbox 803 819 829 842; x_wconf 88' lang='lat' dir='ltr'><strong>et</strong></span> 
     </span>
    </p>
   </div>
   <div class='ocr_carea' id='block_1_16' title="bbox 28 841 864 888">
    <p class='ocr_par' dir='ltr' id='par_1_16' title="bbox 28 841 864 888">
     <span class='ocr_line' id='line_1_17' title="bbox 28 841 864 888; baseline 0.03 -25"><span class='ocrx_word' id='word_1_108' title='bbox 28 841 235 872; x_wconf 86' lang='lat' dir='ltr'><strong>operationum</strong></span> <span class='ocrx_word' id='word_1_109' title='bbox 251 848 332 880; x_wconf 88' lang='lat' dir='ltr'><strong>atque</strong></span> <span class='ocrx_word' id='word_1_110' title='bbox 347 848 476 877; x_wconf 90' lang='lat' dir='ltr'><strong>virtutum</strong></span> <span class='ocrx_word' id='word_1_111' title='bbox 495 851 638 882; x_wconf 81' lang='lat' dir='ltr'><strong>infirmitas</strong></span> <span class='ocrx_word' id='word_1_112' title='bbox 655 860 681 882; x_wconf 90' lang='lat' dir='ltr'><strong>et</strong></span> <span class='ocrx_word' id='word_1_113' title='bbox 706 857 827 888; x_wconf 88' lang='lat' dir='ltr'><strong>defectus</strong></span> <span class='ocrx_word' id='word_1_114' title='bbox 843 855 864 883; x_wconf 80' lang='grc' dir='ltr'><strong><em>Β</em></strong></span> 
     </span>
    </p>
   </div>
   <div class='ocr_carea' id='block_1_17' title="bbox 27 886 825 933">
    <p class='ocr_par' dir='ltr' id='par_1_17' title="bbox 27 886 825 933">
     <span class='ocr_line' id='line_1_18' title="bbox 27 886 825 933; baseline 0.028 -22"><span class='ocrx_word' id='word_1_115' title='bbox 27 886 166 919; x_wconf 81' lang='lat' dir='ltr'><strong>exsistat,</strong></span> <span class='ocrx_word' id='word_1_116' title='bbox 184 893 212 916; x_wconf 90' lang='lat' dir='ltr'><strong>et</strong></span> <span class='ocrx_word' id='word_1_117' title='bbox 223 893 295 925; x_wconf 89' lang='lat' dir='ltr'><strong>quod</strong></span> <span class='ocrx_word' id='word_1_118' title='bbox 308 894 495 924; x_wconf 80' lang='lat' dir='ltr'><strong>univorsaliter</strong></span> <span class='ocrx_word' id='word_1_119' title='bbox 511 901 649 928; x_wconf 73' lang='lat' dir='ltr'><strong>voluntate</strong></span> <span class='ocrx_word' id='word_1_120' title='bbox 661 905 778 932; x_wconf 82' lang='lat' dir='ltr'><strong>naturali</strong></span> <span class='ocrx_word' id='word_1_121' title='bbox 793 913 825 933; x_wconf 89' lang='lat' dir='ltr'><strong>ac</strong></span> 
     </span>
    </p>
   </div>
   <div class='ocr_carea' id='block_1_18' title="bbox 27 932 823 985">
    <p class='ocr_par' dir='ltr' id='par_1_18' title="bbox 27 932 823 985">
     <span class='ocr_line' id='line_1_19' title="bbox 27 932 823 985; baseline 0.028 -28"><span class='ocrx_word' id='word_1_122' title='bbox 27 932 216 962; x_wconf 85' lang='lat' dir='ltr'><strong>substantiali</strong></span> <span class='ocrx_word' id='word_1_123' title='bbox 235 939 390 972; x_wconf 81' lang='lat' dir='ltr'><strong>operatione</strong></span> <span class='ocrx_word' id='word_1_124' title='bbox 407 942 539 977; x_wconf 84' lang='lat' dir='ltr'><strong>privatur,</strong></span> <span class='ocrx_word' id='word_1_125' title='bbox 567 953 655 982; x_wconf 89' lang='lat' dir='ltr'><strong>neque</strong></span> <span class='ocrx_word' id='word_1_126' title='bbox 668 954 720 982; x_wconf 90' lang='lat' dir='ltr'><strong>est,</strong></span> <span class='ocrx_word' id='word_1_127' title='bbox 738 958 823 985; x_wconf 69' lang='lat' dir='ltr'><strong>neque</strong></span> 
     </span>
    </p>
   </div>
   <div class='ocr_carea' id='block_1_19' title="bbox 26 977 683 1024">
    <p class='ocr_par' dir='ltr' id='par_1_19' title="bbox 26 977 683 1024">
     <span class='ocr_line' id='line_1_20' title="bbox 26 977 683 1024; baseline 0.027 -21"><span class='ocrx_word' id='word_1_128' title='bbox 26 977 138 1012; x_wconf 84' lang='lat' dir='ltr'><strong>aliquid</strong></span> <span class='ocrx_word' id='word_1_129' title='bbox 157 985 210 1013; x_wconf 89' lang='lat' dir='ltr'><strong>est,</strong></span> <span class='ocrx_word' id='word_1_130' title='bbox 227 989 313 1018; x_wconf 90' lang='lat' dir='ltr'><strong>neque</strong></span> <span class='ocrx_word' id='word_1_131' title='bbox 321 987 468 1021; x_wconf 70' lang='lat' dir='ltr'><strong>estquaavis</strong></span> <span class='ocrx_word' id='word_1_132' title='bbox 479 989 540 1024; x_wconf 88' lang='lat' dir='ltr'><strong>ejus</strong></span> <span class='ocrx_word' id='word_1_133' title='bbox 555 993 683 1021; x_wconf 86' lang='lat' dir='ltr'><strong>essentia.</strong></span> 
     </span>
    </p>
   </div>
   <div class='ocr_carea' id='block_1_20' title="bbox 65 1022 822 1072">
    <p class='ocr_par' dir='ltr' id='par_1_20' title="bbox 65 1022 822 1072">
     <span class='ocr_line' id='line_1_21' title="bbox 65 1022 822 1072; baseline 0.03 -25"><span class='ocrx_word' id='word_1_134' title='bbox 65 1030 76 1046; x_wconf 73' lang='grc' dir='ltr'><strong><em>ι</em></strong></span> <span class='ocrx_word' id='word_1_135' title='bbox 100 1022 150 1051; x_wconf 77' lang='lat' dir='ltr'><strong>Vl.</strong></span> <span class='ocrx_word' id='word_1_136' title='bbox 167 1024 201 1052; x_wconf 87' lang='lat' dir='ltr'><strong>Et</strong></span> <span class='ocrx_word' id='word_1_137' title='bbox 227 1035 280 1054; x_wconf 94' lang='lat' dir='ltr'><strong>non</strong></span> <span class='ocrx_word' id='word_1_138' title='bbox 306 1029 392 1064; x_wconf 88' lang='lat' dir='ltr'><strong>ipsum</strong></span> <span class='ocrx_word' id='word_1_139' title='bbox 411 1022 526 1066; x_wconf 85' lang='lat' dir='ltr'><strong>tantum,</strong></span> <span class='ocrx_word' id='word_1_140' title='bbox 544 1037 590 1063; x_wconf 90' lang='lat' dir='ltr'><strong>sed</strong></span> <span class='ocrx_word' id='word_1_141' title='bbox 616 1043 642 1066; x_wconf 87' lang='lat' dir='ltr'><strong>et</strong></span> <span class='ocrx_word' id='word_1_142' title='bbox 660 1039 777 1072; x_wconf 84' lang='lat' dir='ltr'><strong>Patrem.</strong></span> <span class='ocrx_word' id='word_1_143' title='bbox 796 1047 822 1069; x_wconf 91' lang='lat' dir='ltr'><strong>et</strong></span> 
     </span>
    </p>
   </div>
   <div class='ocr_carea' id='block_1_21' title="bbox 27 1065 821 1115">
    <p class='ocr_par' dir='ltr' id='par_1_21' title="bbox 27 1065 821 1115">
     <span class='ocr_line' id='line_1_22' title="bbox 27 1065 821 1115; baseline 0.029 -22"><span class='ocrx_word' id='word_1_144' title='bbox 27 1065 171 1102; x_wconf 90' lang='lat' dir='ltr'><strong>Spiritum</strong></span> <span class='ocrx_word' id='word_1_145' title='bbox 186 1079 321 1107; x_wconf 86' lang='lat' dir='ltr'><strong>sanctum,</strong></span> <span class='ocrx_word' id='word_1_146' title='bbox 334 1075 563 1108; x_wconf 82' lang='lat' dir='ltr'><strong>insubstantivum</strong></span> <span class='ocrx_word' id='word_1_147' title='bbox 573 1088 698 1112; x_wconf 85' lang='lat' dir='ltr'><strong>astruunt</strong></span> <span class='ocrx_word' id='word_1_148' title='bbox 709 1091 736 1113; x_wconf 90' lang='lat' dir='ltr'><strong>et</strong></span> <span class='ocrx_word' id='word_1_149' title='bbox 747 1088 821 1115; x_wconf 85' lang='lat' dir='ltr'><strong>inex-</strong></span> 
     </span>
    </p>
   </div>
   <div class='ocr_carea' id='block_1_22' title="bbox 25 1113 820 1162">
    <p class='ocr_par' dir='ltr' id='par_1_22' title="bbox 25 1113 820 1162">
     <span class='ocr_line' id='line_1_23' title="bbox 25 1113 820 1162; baseline 0.028 -23"><span class='ocrx_word' id='word_1_150' title='bbox 25 1113 194 1143; x_wconf 83' lang='lat' dir='ltr'><strong>sistentem.</strong></span> <span class='ocrx_word' id='word_1_151' title='bbox 221 1117 348 1153; x_wconf 86' lang='lat' dir='ltr'><strong>Ejusdem</strong></span> <span class='ocrx_word' id='word_1_152' title='bbox 372 1123 443 1150; x_wconf 87' lang='lat' dir='ltr'><strong>enim</strong></span> <span class='ocrx_word' id='word_1_153' title='bbox 469 1126 591 1162; x_wconf 88' lang='lat' dir='ltr'><strong>utrisque</strong></span> <span class='ocrx_word' id='word_1_154' title='bbox 615 1129 668 1158; x_wconf 90' lang='lat' dir='ltr'><strong>illis</strong></span> <span class='ocrx_word' id='word_1_155' title='bbox 693 1132 820 1160; x_wconf 87' lang='lat' dir='ltr'><strong>substan-</strong></span> 
     </span>
    </p>
   </div>
   <div class='ocr_carea' id='block_1_23' title="bbox 23 1160 819 1211">
    <p class='ocr_par' dir='ltr' id='par_1_23' title="bbox 23 1160 819 1211">
     <span class='ocr_line' id='line_1_24' title="bbox 23 1160 819 1211; baseline 0.028 -26"><span class='ocrx_word' id='word_1_156' title='bbox 23 1160 81 1193; x_wconf 62' lang='lat' dir='ltr'><strong>tia},</strong></span> <span class='ocrx_word' id='word_1_157' title='bbox 105 1161 133 1189; x_wconf 92' lang='lat' dir='ltr'><strong>id</strong></span> <span class='ocrx_word' id='word_1_158' title='bbox 157 1167 202 1190; x_wconf 88' lang='lat' dir='ltr'><strong>est</strong></span> <span class='ocrx_word' id='word_1_159' title='bbox 218 1164 337 1200; x_wconf 87' lang='lat' dir='ltr'><strong>deitatis,</strong></span> <span class='ocrx_word' id='word_1_160' title='bbox 368 1173 394 1196; x_wconf 92' lang='lat' dir='ltr'><strong>et</strong></span> <span class='ocrx_word' id='word_1_161' title='bbox 413 1160 570 1206; x_wconf 78' lang='lat' dir='ltr'><strong>voluntatis,</strong></span> <span class='ocrx_word' id='word_1_162' title='bbox 596 1182 628 1202; x_wconf 88' lang='lat' dir='ltr'><strong>ac</strong></span> <span class='ocrx_word' id='word_1_163' title='bbox 656 1179 819 1211; x_wconf 79' lang='lat' dir='ltr'><strong>operationis</strong></span> 
     </span>
    </p>
   </div>
   <div class='ocr_carea' id='block_1_24' title="bbox 24 1206 818 1253">
    <p class='ocr_par' dir='ltr' id='par_1_24' title="bbox 24 1206 818 1253">
     <span class='ocr_line' id='line_1_25' title="bbox 24 1206 818 1253; baseline 0.026 -21"><span class='ocrx_word' id='word_1_164' title='bbox 24 1206 163 1235; x_wconf 85' lang='lat' dir='ltr'><strong>Salvator</strong></span> <span class='ocrx_word' id='word_1_165' title='bbox 177 1211 294 1245; x_wconf 82' lang='lat' dir='ltr'><strong>exsistit,</strong></span> <span class='ocrx_word' id='word_1_166' title='bbox 307 1215 454 1243; x_wconf 85' lang='lat' dir='ltr'><strong>secundum</strong></span> <span class='ocrx_word' id='word_1_167' title='bbox 470 1219 541 1252; x_wconf 87' lang='lat' dir='ltr'><strong>quod</strong></span> <span class='ocrx_word' id='word_1_168' title='bbox 555 1226 596 1247; x_wconf 87' lang='lat' dir='ltr'><strong>est</strong></span> <span class='ocrx_word' id='word_1_169' title='bbox 615 1226 641 1248; x_wconf 87' lang='lat' dir='ltr'><strong>et</strong></span> <span class='ocrx_word' id='word_1_170' title='bbox 656 1223 755 1251; x_wconf 88' lang='lat' dir='ltr'><strong>dicitur</strong></span> <span class='ocrx_word' id='word_1_171' title='bbox 769 1233 818 1253; x_wconf 83' lang='lat' dir='ltr'><strong>na-</strong></span> 
     </span>
    </p>
   </div>
   <div class='ocr_carea' id='block_1_25' title="bbox 21 1253 819 1298">
    <p class='ocr_par' dir='ltr' id='par_1_25' title="bbox 21 1253 819 1298">
     <span class='ocr_line' id='line_1_26' title="bbox 21 1253 819 1298; baseline 0.026 -20"><span class='ocrx_word' id='word_1_172' title='bbox 21 1255 84 1280; x_wconf 86' lang='lat' dir='ltr'><strong>tura</strong></span> <span class='ocrx_word' id='word_1_173' title='bbox 103 1253 203 1288; x_wconf 85' lang='lat' dir='ltr'><strong>Deus;</strong></span> <span class='ocrx_word' id='word_1_174' title='bbox 222 1257 258 1284; x_wconf 89' lang='lat' dir='ltr'><strong>ita</strong></span> <span class='ocrx_word' id='word_1_175' title='bbox 286 1263 315 1285; x_wconf 93' lang='lat' dir='ltr'><strong>ut</strong></span> <span class='ocrx_word' id='word_1_176' title='bbox 343 1261 538 1297; x_wconf 84' lang='lat' dir='ltr'><strong>subsequenter</strong></span> <span class='ocrx_word' id='word_1_177' title='bbox 554 1271 581 1293; x_wconf 89' lang='lat' dir='ltr'><strong>et</strong></span> <span class='ocrx_word' id='word_1_178' title='bbox 605 1267 742 1297; x_wconf 82' lang='lat' dir='ltr'><strong>dominam</strong></span> <span class='ocrx_word' id='word_1_179' title='bbox 768 1278 819 1298; x_wconf 91' lang='lat' dir='ltr'><strong>n0-</strong></span> 
     </span>
    </p>
   </div>
   <div class='ocr_carea' id='block_1_26' title="bbox 23 1303 817 1346">
    <p class='ocr_par' dir='ltr' id='par_1_26' title="bbox 23 1303 817 1346">
     <span class='ocr_line' id='line_1_27' title="bbox 23 1303 817 1346; baseline 0.028 -22"><span class='ocrx_word' id='word_1_180' title='bbox 23 1303 111 1326; x_wconf 86' lang='lat' dir='ltr'><strong>stram</strong></span> <span class='ocrx_word' id='word_1_181' title='bbox 144 1309 211 1330; x_wconf 83' lang='lat' dir='ltr'><strong>vere</strong></span> <span class='ocrx_word' id='word_1_182' title='bbox 237 1306 447 1342; x_wconf 84' lang='lat' dir='ltr'><strong>sanctissimam,</strong></span> <span class='ocrx_word' id='word_1_183' title='bbox 474 1317 556 1345; x_wconf 85' lang='lat' dir='ltr'><strong>super</strong></span> <span class='ocrx_word' id='word_1_184' title='bbox 583 1319 679 1342; x_wconf 90' lang='lat' dir='ltr'><strong>omnes</strong></span> <span class='ocrx_word' id='word_1_185' title='bbox 708 1323 817 1346; x_wconf 84' lang='lat' dir='ltr'><strong>sanctos</strong></span> 
     </span>
    </p>
   </div>
   <div class='ocr_carea' id='block_1_27' title="bbox 20 1347 818 1397">
    <p class='ocr_par' dir='ltr' id='par_1_27' title="bbox 20 1347 818 1397">
     <span class='ocr_line' id='line_1_28' title="bbox 20 1347 818 1397; baseline 0.029 -28"><span class='ocrx_word' id='word_1_186' title='bbox 20 1347 216 1375; x_wconf 78' lang='lat' dir='ltr'><strong>venerandam</strong></span> <span class='ocrx_word' id='word_1_187' title='bbox 239 1351 342 1379; x_wconf 86' lang='lat' dir='ltr'><strong>scilicet</strong></span> <span class='ocrx_word' id='word_1_188' title='bbox 372 1358 398 1380; x_wconf 90' lang='lat' dir='ltr'><strong>et</strong></span> <span class='ocrx_word' id='word_1_189' title='bbox 416 1354 588 1391; x_wconf 86' lang='lat' dir='ltr'><strong>laudandam,</strong></span> <span class='ocrx_word' id='word_1_190' title='bbox 614 1364 643 1386; x_wconf 89' lang='lat' dir='ltr'><strong>ut</strong></span> <span class='ocrx_word' id='word_1_191' title='bbox 661 1362 768 1397; x_wconf 91' lang='lat' dir='ltr'><strong>proprie</strong></span> <span class='ocrx_word' id='word_1_192' title='bbox 785 1371 818 1392; x_wconf 85' lang='lat' dir='ltr'><strong>ac</strong></span> 
     </span>
    </p>
   </div>
   <div class='ocr_carea' id='block_1_28' title="bbox 20 1391 816 1443">
    <p class='ocr_par' dir='ltr' id='par_1_28' title="bbox 20 1391 816 1443">
     <span class='ocr_line' id='line_1_29' title="bbox 20 1391 816 1443; baseline 0.028 -28"><span class='ocrx_word' id='word_1_193' title='bbox 20 1397 75 1416; x_wconf 93' lang='lat' dir='ltr'><strong>non</strong></span> <span class='ocrx_word' id='word_1_194' title='bbox 91 1391 243 1426; x_wconf 80' lang='lat' dir='ltr'><strong>fallaciter,</strong></span> <span class='ocrx_word' id='word_1_195' title='bbox 263 1398 396 1425; x_wconf 87' lang='lat' dir='ltr'><strong>veraciter</strong></span> <span class='ocrx_word' id='word_1_196' title='bbox 411 1399 459 1427; x_wconf 90' lang='lat' dir='ltr'><strong>Dei</strong></span> <span class='ocrx_word' id='word_1_197' title='bbox 480 1403 635 1435; x_wconf 76' lang='lat' dir='ltr'><strong>genitricem</strong></span> <span class='ocrx_word' id='word_1_198' title='bbox 657 1414 816 1443; x_wconf 83' lang='lat' dir='ltr'><strong>semperque</strong></span> 
     </span>
    </p>
   </div>
   <div class='ocr_carea' id='block_1_29' title="bbox 19 1434 815 1482">
    <p class='ocr_par' dir='ltr' id='par_1_29' title="bbox 19 1434 815 1482">
     <span class='ocr_line' id='line_1_30' title="bbox 19 1434 815 1482; baseline 0.028 -22"><span class='ocrx_word' id='word_1_199' title='bbox 19 1434 176 1470; x_wconf 75' lang='lat' dir='ltr'><strong>virginem,</strong></span> <span class='ocrx_word' id='word_1_200' title='bbox 193 1447 246 1467; x_wconf 91' lang='lat' dir='ltr'><strong>non</strong></span> <span class='ocrx_word' id='word_1_201' title='bbox 263 1444 371 1477; x_wconf 89' lang='lat' dir='ltr'><strong>proprie</strong></span> <span class='ocrx_word' id='word_1_202' title='bbox 383 1452 416 1472; x_wconf 86' lang='lat' dir='ltr'><strong>ac</strong></span> <span class='ocrx_word' id='word_1_203' title='bbox 435 1448 566 1476; x_wconf 86' lang='lat' dir='ltr'><strong>veraciter</strong></span> <span class='ocrx_word' id='word_1_204' title='bbox 581 1454 693 1479; x_wconf 89' lang='lat' dir='ltr'><strong>matrem</strong></span> <span class='ocrx_word' id='word_1_205' title='bbox 707 1452 753 1481; x_wconf 86' lang='lat' dir='ltr'><strong>Dei</strong></span> <span class='ocrx_word' id='word_1_206' title='bbox 768 1455 815 1482; x_wconf 83' lang='lat' dir='ltr'><strong>de-</strong></span> 
     </span>
    </p>
   </div>
   <div class='ocr_carea' id='block_1_30' title="bbox 19 1481 813 1534">
    <p class='ocr_par' dir='ltr' id='par_1_30' title="bbox 19 1481 813 1534">
     <span class='ocr_line' id='line_1_31' title="bbox 19 1481 813 1534; baseline 0.028 -28"><span class='ocrx_word' id='word_1_207' title='bbox 19 1481 161 1514; x_wconf 85' lang='lat' dir='ltr'><strong>scribant,</strong></span> <span class='ocrx_word' id='word_1_208' title='bbox 180 1485 227 1512; x_wconf 90' lang='lat' dir='ltr'><strong>sed</strong></span> <span class='ocrx_word' id='word_1_209' title='bbox 241 1486 301 1521; x_wconf 85' lang='lat' dir='ltr'><strong>ejus</strong></span> <span class='ocrx_word' id='word_1_210' title='bbox 313 1489 360 1523; x_wconf 87' lang='lat' dir='ltr'><strong>qui</strong></span> <span class='ocrx_word' id='word_1_211' title='bbox 382 1491 538 1521; x_wconf 89' lang='lat' dir='ltr'><strong>nullomodo</strong></span> <span class='ocrx_word' id='word_1_212' title='bbox 565 1497 714 1525; x_wconf 74' lang='lat' dir='ltr'><strong>secundum</strong></span> <span class='ocrx_word' id='word_1_213' title='bbox 740 1499 813 1534; x_wconf 80' lang='lat' dir='ltr'><strong>ipsos</strong></span> 
     </span>
    </p>
   </div>
   <div class='ocr_carea' id='block_1_31' title="bbox 18 1527 845 1577">
    <p class='ocr_par' dir='ltr' id='par_1_31' title="bbox 18 1527 845 1577">
     <span class='ocr_line' id='line_1_32' title="bbox 18 1527 845 1577; baseline 0.028 -26"><span class='ocrx_word' id='word_1_214' title='bbox 18 1527 144 1555; x_wconf 80' lang='lat' dir='ltr'><strong>exsistit.</strong></span> <span class='ocrx_word' id='word_1_215' title='bbox 161 1528 195 1556; x_wconf 85' lang='lat' dir='ltr'><strong>Et</strong></span> <span class='ocrx_word' id='word_1_216' title='bbox 209 1530 254 1558; x_wconf 89' lang='lat' dir='ltr'><strong>isti</strong></span> <span class='ocrx_word' id='word_1_217' title='bbox 266 1534 373 1567; x_wconf 88' lang='lat' dir='ltr'><strong>quidem</strong></span> <span class='ocrx_word' id='word_1_218' title='bbox 388 1537 486 1565; x_wconf 88' lang='lat' dir='ltr'><strong>talibus</strong></span> <span class='ocrx_word' id='word_1_219' title='bbox 496 1546 528 1566; x_wconf 85' lang='lat' dir='ltr'><strong>ac</strong></span> <span class='ocrx_word' id='word_1_220' title='bbox 539 1527 811 1577; x_wconf 80' lang='lat' dir='ltr'><strong>tantisimpietatibus</strong></span> <span class='ocrx_word' id='word_1_221' title='bbox 824 1538 845 1566; x_wconf 71' lang='grc' dir='ltr'>ο</span> 
     </span>
    </p>
   </div>
   <div class='ocr_carea' id='block_1_32' title="bbox 18 1573 810 1622">
    <p class='ocr_par' dir='ltr' id='par_1_32' title="bbox 18 1573 810 1622">
     <span class='ocr_line' id='line_1_33' title="bbox 18 1573 810 1622; baseline 0.025 -24"><span class='ocrx_word' id='word_1_222' title='bbox 18 1573 103 1607; x_wconf 82' lang='lat' dir='ltr'><strong>capti,</strong></span> <span class='ocrx_word' id='word_1_223' title='bbox 117 1582 172 1609; x_wconf 89' lang='lat' dir='ltr'><strong>per</strong></span> <span class='ocrx_word' id='word_1_224' title='bbox 188 1583 236 1603; x_wconf 88' lang='lat' dir='ltr'><strong>sua</strong></span> <span class='ocrx_word' id='word_1_225' title='bbox 260 1577 346 1613; x_wconf 90' lang='lat' dir='ltr'><strong>ipsius</strong></span> <span class='ocrx_word' id='word_1_226' title='bbox 361 1580 416 1617; x_wconf 82' lang='grc'>(58)</span> <span class='ocrx_word' id='word_1_227' title='bbox 432 1583 558 1619; x_wconf 76' lang='lat' dir='ltr'><strong>dogmata</strong></span> <span class='ocrx_word' id='word_1_228' title='bbox 578 1573 761 1622; x_wconf 76' lang='lat' dir='ltr'><strong>propalantur.</strong></span> <span class='ocrx_word' id='word_1_229' title='bbox 779 1590 810 1617; x_wconf 90' lang='lat' dir='ltr'><strong>Hi</strong></span> 
     </span>
    </p>
   </div>
   <div class='ocr_carea' id='block_1_33' title="bbox 17 1620 812 1670">
    <p class='ocr_par' dir='ltr' id='par_1_33' title="bbox 17 1620 812 1670">
     <span class='ocr_line' id='line_1_34' title="bbox 17 1620 812 1670; baseline 0.025 -27"><span class='ocrx_word' id='word_1_230' title='bbox 17 1624 94 1651; x_wconf 78' lang='lat' dir='ltr'><strong>vero,</strong></span> <span class='ocrx_word' id='word_1_231' title='bbox 113 1620 167 1654; x_wconf 83' lang='lat' dir='ltr'><strong>qui</strong></span> <span class='ocrx_word' id='word_1_232' title='bbox 186 1622 268 1649; x_wconf 88' lang='lat' dir='ltr'><strong>simul</strong></span> <span class='ocrx_word' id='word_1_233' title='bbox 280 1632 340 1652; x_wconf 88' lang='lat' dir='ltr'><strong>eum</strong></span> <span class='ocrx_word' id='word_1_234' title='bbox 353 1626 459 1655; x_wconf 90' lang='lat' dir='ltr'><strong>duabus</strong></span> <span class='ocrx_word' id='word_1_235' title='bbox 473 1620 658 1661; x_wconf 83' lang='lat' dir='ltr'><strong>voluntatibus</strong></span> <span class='ocrx_word' id='word_1_236' title='bbox 671 1638 697 1661; x_wconf 88' lang='lat' dir='ltr'><strong>et</strong></span> <span class='ocrx_word' id='word_1_237' title='bbox 714 1643 812 1670; x_wconf 83' lang='lat' dir='ltr'><strong>opera-</strong></span> 
     </span>
    </p>
   </div>
   <div class='ocr_carea' id='block_1_34' title="bbox 16 1663 810 1710">
    <p class='ocr_par' dir='ltr' id='par_1_34' title="bbox 16 1663 810 1710">
     <span class='ocr_line' id='line_1_35' title="bbox 16 1663 810 1710; baseline 0.025 -20"><span class='ocrx_word' id='word_1_238' title='bbox 16 1663 158 1699; x_wconf 82' lang='lat' dir='ltr'><strong>tionibus,</strong></span> <span class='ocrx_word' id='word_1_239' title='bbox 175 1674 236 1701; x_wconf 69' lang='lat' dir='ltr'><strong>qum</strong></span> <span class='ocrx_word' id='word_1_240' title='bbox 261 1671 362 1698; x_wconf 87' lang='lat' dir='ltr'><strong>sanctis</strong></span> <span class='ocrx_word' id='word_1_241' title='bbox 378 1673 517 1702; x_wconf 73' lang='lat' dir='ltr'><strong>catholicae</strong></span> <span class='ocrx_word' id='word_1_242' title='bbox 540 1677 740 1708; x_wconf 84' lang='lat' dir='ltr'><strong>institutoribus</strong></span> <span class='ocrx_word' id='word_1_243' title='bbox 757 1681 810 1710; x_wconf 84' lang='lat' dir='ltr'><strong>Ec-</strong></span> 
     </span>
    </p>
   </div>
   <div class='ocr_carea' id='block_1_35' title="bbox 15 1709 808 1757">
    <p class='ocr_par' dir='ltr' id='par_1_35' title="bbox 15 1709 808 1757">
     <span class='ocr_line' id='line_1_36' title="bbox 15 1709 808 1757; baseline 0.024 -22"><span class='ocrx_word' id='word_1_244' title='bbox 15 1709 106 1737; x_wconf 64' lang='lat' dir='ltr'><strong>clesiae</strong></span> <span class='ocrx_word' id='word_1_245' title='bbox 116 1711 202 1745; x_wconf 84' lang='lat' dir='ltr'><strong>piein</strong></span> <span class='ocrx_word' id='word_1_246' title='bbox 216 1712 353 1743; x_wconf 86' lang='lat' dir='ltr'><strong>Salvatore</strong></span> <span class='ocrx_word' id='word_1_247' title='bbox 362 1722 455 1746; x_wconf 92' lang='lat' dir='ltr'><strong>nostro</strong></span> <span class='ocrx_word' id='word_1_248' title='bbox 464 1718 715 1757; x_wconf 86' lang='lat' dir='ltr'><strong>Christodieuntur,</strong></span> <span class='ocrx_word' id='word_1_249' title='bbox 728 1727 808 1754; x_wconf 88' lang='lat' dir='ltr'><strong>aliam</strong></span> 
     </span>
    </p>
   </div>
   <div class='ocr_carea' id='block_1_36' title="bbox 15 1758 807 1802">
    <p class='ocr_par' dir='ltr' id='par_1_36' title="bbox 15 1758 807 1802">
     <span class='ocr_line' id='line_1_37' title="bbox 15 1758 807 1802; baseline 0.025 -21"><span class='ocrx_word' id='word_1_250' title='bbox 15 1761 98 1782; x_wconf 83' lang='lat' dir='ltr'><strong>unam</strong></span> <span class='ocrx_word' id='word_1_251' title='bbox 113 1758 213 1785; x_wconf 83' lang='lat' dir='ltr'><strong>nescio</strong></span> <span class='ocrx_word' id='word_1_252' title='bbox 226 1759 296 1787; x_wconf 89' lang='lat' dir='ltr'><strong>unde</strong></span> <span class='ocrx_word' id='word_1_253' title='bbox 308 1761 436 1799; x_wconf 81' lang='lat' dir='ltr'><strong>tingentes</strong></span> <span class='ocrx_word' id='word_1_254' title='bbox 449 1766 569 1794; x_wconf 79' lang='lat' dir='ltr'><strong>conﬁteri</strong></span> <span class='ocrx_word' id='word_1_255' title='bbox 582 1769 683 1802; x_wconf 84' lang='lat' dir='ltr'><strong>volunt,</strong></span> <span class='ocrx_word' id='word_1_256' title='bbox 699 1776 726 1798; x_wconf 88' lang='lat' dir='ltr'><strong>et</strong></span> <span class='ocrx_word' id='word_1_257' title='bbox 741 1780 807 1801; x_wconf 86' lang='lat' dir='ltr'><strong>ana-</strong></span> 
     </span>
    </p>
   </div>
   <div class='ocr_carea' id='block_1_37' title="bbox 14 1801 806 1851">
    <p class='ocr_par' dir='ltr' id='par_1_37' title="bbox 14 1801 806 1851">
     <span class='ocr_line' id='line_1_38' title="bbox 14 1801 806 1851; baseline 0.025 -25"><span class='ocrx_word' id='word_1_258' title='bbox 14 1801 204 1830; x_wconf 86' lang='lat' dir='ltr'><strong>thematizant</strong></span> <span class='ocrx_word' id='word_1_259' title='bbox 216 1811 262 1832; x_wconf 87' lang='lat' dir='ltr'><strong>eos</strong></span> <span class='ocrx_word' id='word_1_260' title='bbox 275 1806 321 1840; x_wconf 89' lang='lat' dir='ltr'><strong>qui</strong></span> <span class='ocrx_word' id='word_1_261' title='bbox 336 1816 390 1835; x_wconf 89' lang='lat' dir='ltr'><strong>non</strong></span> <span class='ocrx_word' id='word_1_262' title='bbox 401 1816 519 1839; x_wconf 88' lang='lat' dir='ltr'><strong>consone</strong></span> <span class='ocrx_word' id='word_1_263' title='bbox 528 1813 577 1840; x_wconf 85' lang='lat' dir='ltr'><strong>sibi</strong></span> <span class='ocrx_word' id='word_1_264' title='bbox 592 1822 673 1842; x_wconf 91' lang='lat' dir='ltr'><strong>unam</strong></span> <span class='ocrx_word' id='word_1_265' title='bbox 689 1821 716 1844; x_wconf 92' lang='lat' dir='ltr'><strong>et</strong></span> <span class='ocrx_word' id='word_1_266' title='bbox 728 1818 806 1851; x_wconf 87' lang='lat' dir='ltr'><strong>duas,</strong></span> 
     </span>
    </p>
   </div>
   <div class='ocr_carea' id='block_1_38' title="bbox 13 1847 808 1891">
    <p class='ocr_par' dir='ltr' id='par_1_38' title="bbox 13 1847 808 1891">
     <span class='ocr_line' id='line_1_39' title="bbox 13 1847 808 1891; baseline 0.021 -17"><span class='ocrx_word' id='word_1_267' title='bbox 13 1847 39 1874; x_wconf 90' lang='lat' dir='ltr'><strong>id</strong></span> <span class='ocrx_word' id='word_1_268' title='bbox 55 1853 99 1875; x_wconf 89' lang='lat' dir='ltr'><strong>est</strong></span> <span class='ocrx_word' id='word_1_269' title='bbox 115 1853 176 1876; x_wconf 86' lang='lat' dir='ltr'><strong>tres</strong></span> <span class='ocrx_word' id='word_1_270' title='bbox 206 1850 358 1880; x_wconf 83' lang='lat' dir='ltr'><strong>voluntates</strong></span> <span class='ocrx_word' id='word_1_271' title='bbox 374 1859 400 1882; x_wconf 90' lang='lat' dir='ltr'><strong>et</strong></span> <span class='ocrx_word' id='word_1_272' title='bbox 423 1858 593 1890; x_wconf 89' lang='lat' dir='ltr'><strong>operationes</strong></span> <span class='ocrx_word' id='word_1_273' title='bbox 616 1861 642 1887; x_wconf 93' lang='lat' dir='ltr'><strong>in</strong></span> <span class='ocrx_word' id='word_1_274' title='bbox 670 1869 703 1889; x_wconf 90' lang='lat' dir='ltr'><strong>eo</strong></span> <span class='ocrx_word' id='word_1_275' title='bbox 726 1864 808 1891; x_wconf 81' lang='lat' dir='ltr'><strong>eonfi-</strong></span> 
     </span>
    </p>
   </div>
   <div class='ocr_carea' id='block_1_39' title="bbox 13 1896 807 1942">
    <p class='ocr_par' dir='ltr' id='par_1_39' title="bbox 13 1896 807 1942">
     <span class='ocr_line' id='line_1_40' title="bbox 13 1896 807 1942; baseline 0.023 -22"><span class='ocrx_word' id='word_1_276' title='bbox 13 1897 126 1928; x_wconf 85' lang='lat' dir='ltr'><strong>tentur;</strong></span> <span class='ocrx_word' id='word_1_277' title='bbox 155 1896 334 1927; x_wconf 87' lang='lat' dir='ltr'><strong>nihilominus</strong></span> <span class='ocrx_word' id='word_1_278' title='bbox 360 1905 387 1928; x_wconf 87' lang='lat' dir='ltr'><strong>et</strong></span> <span class='ocrx_word' id='word_1_279' title='bbox 415 1902 458 1929; x_wconf 89' lang='lat' dir='ltr'><strong>isti</strong></span> <span class='ocrx_word' id='word_1_280' title='bbox 479 1909 587 1932; x_wconf 89' lang='lat' dir='ltr'><strong>sanctos</strong></span> <span class='ocrx_word' id='word_1_281' title='bbox 609 1908 752 1942; x_wconf 86' lang='lat' dir='ltr'><strong>prophetas</strong></span> <span class='ocrx_word' id='word_1_282' title='bbox 780 1915 807 1938; x_wconf 89' lang='lat' dir='ltr'><strong>et.</strong></span> 
     </span>
    </p>
   </div>
   <div class='ocr_carea' id='block_1_40' title="bbox 12 1941 803 1987">
    <p class='ocr_par' dir='ltr' id='par_1_40' title="bbox 12 1941 803 1987">
     <span class='ocr_line' id='line_1_41' title="bbox 12 1941 803 1987; baseline 0.019 -22"><span class='ocrx_word' id='word_1_283' title='bbox 12 1941 161 1973; x_wconf 85' lang='lat' dir='ltr'><strong>apostolos</strong></span> <span class='ocrx_word' id='word_1_284' title='bbox 178 1948 211 1968; x_wconf 88' lang='lat' dir='ltr'><strong>ac</strong></span> <span class='ocrx_word' id='word_1_285' title='bbox 231 1941 367 1978; x_wconf 85' lang='lat' dir='ltr'><strong>doctores,</strong></span> <span class='ocrx_word' id='word_1_286' title='bbox 380 1947 445 1980; x_wconf 94' lang='lat' dir='ltr'><strong>quin</strong></span> <span class='ocrx_word' id='word_1_287' title='bbox 460 1951 488 1974; x_wconf 83' lang='lat' dir='ltr'><strong>et</strong></span> <span class='ocrx_word' id='word_1_288' title='bbox 515 1956 596 1984; x_wconf 86' lang='lat' dir='ltr'><strong>super</strong></span> <span class='ocrx_word' id='word_1_289' title='bbox 622 1941 684 1984; x_wconf 71' lang='lat' dir='ltr'><strong>hos,</strong></span> <span class='ocrx_word' id='word_1_290' title='bbox 708 1954 753 1987; x_wconf 88' lang='lat' dir='ltr'><strong>qui</strong></span> <span class='ocrx_word' id='word_1_291' title='bbox 777 1955 803 1981; x_wconf 89' lang='lat' dir='ltr'><strong>in</strong></span> 
     </span>
    </p>
   </div>
   <div class='ocr_carea' id='block_1_41' title="bbox 12 1985 804 2029">
    <p class='ocr_par' dir='ltr' id='par_1_41' title="bbox 12 1985 804 2029">
     <span class='ocr_line' id='line_1_42' title="bbox 12 1985 804 2029; baseline 0.02 -18"><span class='ocrx_word' id='word_1_292' title='bbox 12 1985 77 2019; x_wconf 86' lang='lat' dir='ltr'><strong>ipsis</strong></span> <span class='ocrx_word' id='word_1_293' title='bbox 89 1987 207 2015; x_wconf 87' lang='lat' dir='ltr'><strong>locutus</strong></span> <span class='ocrx_word' id='word_1_294' title='bbox 218 1993 269 2020; x_wconf 83' lang='lat' dir='ltr'><strong>est,</strong></span> <span class='ocrx_word' id='word_1_295' title='bbox 280 1989 334 2016; x_wconf 89' lang='lat' dir='ltr'><strong>imo</strong></span> <span class='ocrx_word' id='word_1_296' title='bbox 342 1995 368 2018; x_wconf 91' lang='lat' dir='ltr'><strong>et</strong></span> <span class='ocrx_word' id='word_1_297' title='bbox 382 1999 454 2019; x_wconf 93' lang='lat' dir='ltr'><strong>nunc</strong></span> <span class='ocrx_word' id='word_1_298' title='bbox 463 2001 509 2025; x_wconf 77' lang='lat' dir='ltr'><strong>per</strong></span> <span class='ocrx_word' id='word_1_299' title='bbox 517 2002 563 2021; x_wconf 87' lang='lat' dir='ltr'><strong>eos</strong></span> <span class='ocrx_word' id='word_1_300' title='bbox 572 1995 678 2029; x_wconf 78' lang='lat' dir='ltr'><strong>ati&#39;atur,</strong></span> <span class='ocrx_word' id='word_1_301' title='bbox 690 2000 804 2027; x_wconf 69' lang='lat' dir='ltr'><strong>sanctis-</strong></span> 
     </span>
    </p>
   </div>
   <div class='ocr_carea' id='block_1_42' title="bbox 12 2035 803 2082">
    <p class='ocr_par' dir='ltr' id='par_1_42' title="bbox 12 2035 803 2082">
     <span class='ocr_line' id='line_1_43' title="bbox 12 2035 803 2082; baseline 0.019 -22"><span class='ocrx_word' id='word_1_302' title='bbox 12 2035 112 2063; x_wconf 85' lang='lat' dir='ltr'><strong>simum</strong></span> <span class='ocrx_word' id='word_1_303' title='bbox 128 2035 262 2070; x_wconf 87' lang='lat' dir='ltr'><strong>Spiritum</strong></span> <span class='ocrx_word' id='word_1_304' title='bbox 272 2038 510 2074; x_wconf 87' lang='lat' dir='ltr'><strong>anathematizant,</strong></span> <span class='ocrx_word' id='word_1_305' title='bbox 522 2049 549 2069; x_wconf 88' lang='lat' dir='ltr'><strong>et</strong></span> <span class='ocrx_word' id='word_1_306' title='bbox 557 2045 681 2072; x_wconf 89' lang='lat' dir='ltr'><strong>traditam</strong></span> <span class='ocrx_word' id='word_1_307' title='bbox 695 2054 743 2082; x_wconf 83' lang='lat' dir='ltr'><strong>per</strong></span> <span class='ocrx_word' id='word_1_308' title='bbox 755 2055 803 2075; x_wconf 86' lang='lat' dir='ltr'><strong>eos</strong></span> 
     </span>
    </p>
   </div>
   <div class='ocr_carea' id='block_1_43' title="bbox 12 2081 802 2121">
    <p class='ocr_par' dir='ltr' id='par_1_43' title="bbox 12 2081 802 2121">
     <span class='ocr_line' id='line_1_44' title="bbox 12 2081 802 2121; baseline 0.019 -15"><span class='ocrx_word' id='word_1_309' title='bbox 12 2081 89 2109; x_wconf 82' lang='lat' dir='ltr'><strong>nobis</strong></span> <span class='ocrx_word' id='word_1_310' title='bbox 103 2081 144 2108; x_wconf 90' lang='lat' dir='ltr'><strong>ab</strong></span> <span class='ocrx_word' id='word_1_311' title='bbox 157 2082 205 2108; x_wconf 92' lang='lat' dir='ltr'><strong>illo</strong></span> <span class='ocrx_word' id='word_1_312' title='bbox 228 2088 347 2110; x_wconf 84' lang='lat' dir='ltr'><strong>sanctam</strong></span> <span class='ocrx_word' id='word_1_313' title='bbox 372 2089 398 2112; x_wconf 89' lang='lat' dir='ltr'><strong>et</strong></span> <span class='ocrx_word' id='word_1_314' title='bbox 413 2085 613 2117; x_wconf 88' lang='lat' dir='ltr'><strong>immaculatam</strong></span> <span class='ocrx_word' id='word_1_315' title='bbox 629 2091 707 2119; x_wconf 87' lang='lat' dir='ltr'><strong>fidem</strong></span> <span class='ocrx_word' id='word_1_316' title='bbox 724 2095 802 2121; x_wconf 87' lang='lat' dir='ltr'><strong>novis</strong></span> 
     </span>
    </p>
   </div>
   <div class='ocr_carea' id='block_1_44' title="bbox 11 2127 799 2170">
    <p class='ocr_par' dir='ltr' id='par_1_44' title="bbox 11 2127 799 2170">
     <span class='ocr_line' id='line_1_45' title="bbox 11 2127 799 2170; baseline 0.02 -18"><span class='ocrx_word' id='word_1_317' title='bbox 11 2127 443 2161; x_wconf 86' lang='lat' dir='ltr'><strong>adulterantesadinventionibus</strong></span> <span class='ocrx_word' id='word_1_318' title='bbox 460 2135 603 2170; x_wconf 85' lang='lat' dir='ltr'><strong>abnegant,</strong></span> <span class='ocrx_word' id='word_1_319' title='bbox 624 2143 650 2165; x_wconf 89' lang='lat' dir='ltr'><strong>et</strong></span> <span class='ocrx_word' id='word_1_320' title='bbox 665 2139 745 2166; x_wconf 90' lang='lat' dir='ltr'><strong>aliam</strong></span> <span class='ocrx_word' id='word_1_321' title='bbox 774 2141 799 2168; x_wconf 91' lang='lat' dir='ltr'><strong>in</strong></span> 
     </span>
    </p>
   </div>
   <div class='ocr_carea' id='block_1_45' title="bbox 11 2171 800 2215">
    <p class='ocr_par' dir='ltr' id='par_1_45' title="bbox 11 2171 800 2215">
     <span class='ocr_line' id='line_1_46' title="bbox 11 2171 800 2215; baseline 0.018 -16"><span class='ocrx_word' id='word_1_322' title='bbox 11 2171 159 2201; x_wconf 85' lang='lat' dir='ltr'><strong>Salvatore</strong></span> <span class='ocrx_word' id='word_1_323' title='bbox 189 2174 298 2203; x_wconf 84' lang='lat' dir='ltr'><strong>Christo</strong></span> <span class='ocrx_word' id='word_1_324' title='bbox 322 2183 446 2206; x_wconf 85' lang='lat' dir='ltr'><strong>naturam</strong></span> <span class='ocrx_word' id='word_1_325' title='bbox 468 2185 564 2215; x_wconf 66' lang='lat' dir='ltr'><strong>praeter</strong></span> <span class='ocrx_word' id='word_1_326' title='bbox 578 2182 696 2210; x_wconf 88' lang='lat' dir='ltr'><strong>divinam</strong></span> <span class='ocrx_word' id='word_1_327' title='bbox 710 2189 736 2212; x_wconf 92' lang='lat' dir='ltr'><strong>et</strong></span> <span class='ocrx_word' id='word_1_328' title='bbox 749 2186 800 2212; x_wconf 93' lang='lat' dir='ltr'><strong>hu-</strong></span> 
     </span>
    </p>
   </div>
   <div class='ocr_carea' id='block_1_46' title="bbox 10 2225 795 2258">
    <p class='ocr_par' dir='ltr' id='par_1_46' title="bbox 10 2225 795 2258">
     <span class='ocr_line' id='line_1_47' title="bbox 10 2225 795 2258; baseline 0.017 -13"><span class='ocrx_word' id='word_1_329' title='bbox 10 2227 133 2253; x_wconf 82' lang='lat' dir='ltr'><strong>manam,</strong></span> <span class='ocrx_word' id='word_1_330' title='bbox 150 2225 307 2249; x_wconf 80' lang='lat' dir='ltr'><strong>extrancam</strong></span> <span class='ocrx_word' id='word_1_331' title='bbox 332 2226 476 2258; x_wconf 86' lang='lat' dir='ltr'><strong>quamdam</strong></span> <span class='ocrx_word' id='word_1_332' title='bbox 503 2231 529 2254; x_wconf 90' lang='lat' dir='ltr'><strong>et</strong></span> <span class='ocrx_word' id='word_1_333' title='bbox 541 2229 662 2255; x_wconf 91' lang='lat' dir='ltr'><strong>omnium</strong></span> <span class='ocrx_word' id='word_1_334' title='bbox 680 2229 795 2258; x_wconf 87' lang='lat' dir='ltr'><strong>alienam</strong></span> 
     </span>
    </p>
   </div>
   <div class='ocr_carea' id='block_1_47' title="bbox 10 2266 796 2306">
    <p class='ocr_par' dir='ltr' id='par_1_47' title="bbox 10 2266 796 2306">
     <span class='ocr_line' id='line_1_48' title="bbox 10 2266 796 2306; baseline 0.015 -14"><span class='ocrx_word' id='word_1_335' title='bbox 10 2266 204 2294; x_wconf 78' lang='lat' dir='ltr'><strong>cxsistentium</strong></span> <span class='ocrx_word' id='word_1_336' title='bbox 230 2268 332 2303; x_wconf 83' lang='lat' dir='ltr'><strong>tingunt</strong></span> <span class='ocrx_word' id='word_1_337' title='bbox 349 2271 417 2306; x_wconf 77' lang='grc'>(59),</span> <span class='ocrx_word' id='word_1_338' title='bbox 432 2273 511 2306; x_wconf 82' lang='lat' dir='ltr'><strong>Cujus</strong></span> <span class='ocrx_word' id='word_1_339' title='bbox 536 2281 596 2301; x_wconf 88' lang='lat' dir='ltr'><strong>esse</strong></span> <span class='ocrx_word' id='word_1_340' title='bbox 617 2275 712 2302; x_wconf 89' lang='lat' dir='ltr'><strong>volunt</strong></span> <span class='ocrx_word' id='word_1_341' title='bbox 731 2284 745 2303; x_wconf 89' lang='lat' dir='ltr'><strong>a</strong></span> <span class='ocrx_word' id='word_1_342' title='bbox 767 2285 796 2304; x_wconf 90' lang='lat' dir='ltr'><strong>se</strong></span> 
     </span>
    </p>
   </div>
   <div class='ocr_carea' id='block_1_48' title="bbox 10 2311 795 2355">
    <p class='ocr_par' dir='ltr' id='par_1_48' title="bbox 10 2311 795 2355">
     <span class='ocr_line' id='line_1_49' title="bbox 10 2311 795 2355; baseline 0.017 -18"><span class='ocrx_word' id='word_1_343' title='bbox 10 2311 96 2339; x_wconf 83' lang='lat' dir='ltr'><strong>ﬁctam</strong></span> <span class='ocrx_word' id='word_1_344' title='bbox 113 2314 144 2339; x_wconf 95' lang='lat' dir='ltr'><strong>in</strong></span> <span class='ocrx_word' id='word_1_345' title='bbox 157 2313 203 2340; x_wconf 85' lang='lat' dir='ltr'><strong>illo</strong></span> <span class='ocrx_word' id='word_1_346' title='bbox 216 2322 295 2341; x_wconf 92' lang='lat' dir='ltr'><strong>unam</strong></span> <span class='ocrx_word' id='word_1_347' title='bbox 304 2316 469 2344; x_wconf 86' lang='lat' dir='ltr'><strong>voluntatem</strong></span> <span class='ocrx_word' id='word_1_348' title='bbox 480 2321 709 2354; x_wconf 86' lang='lat' dir='ltr'><strong>etoperationem.</strong></span> <span class='ocrx_word' id='word_1_349' title='bbox 722 2322 795 2355; x_wconf 83' lang='lat' dir='ltr'><strong>Quo-</strong></span> 
     </span>
    </p>
   </div>
   <div class='ocr_carea' id='block_1_49' title="bbox 9 2357 795 2403">
    <p class='ocr_par' dir='ltr' id='par_1_49' title="bbox 9 2357 795 2403">
     <span class='ocr_line' id='line_1_50' title="bbox 9 2357 795 2403; baseline 0.015 -21"><span class='ocrx_word' id='word_1_350' title='bbox 9 2357 77 2384; x_wconf 86' lang='lat' dir='ltr'><strong>niam</strong></span> <span class='ocrx_word' id='word_1_351' title='bbox 90 2358 190 2385; x_wconf 89' lang='lat' dir='ltr'><strong>omnis</strong></span> <span class='ocrx_word' id='word_1_352' title='bbox 204 2359 328 2387; x_wconf 91' lang='lat' dir='ltr'><strong>voluntas</strong></span> <span class='ocrx_word' id='word_1_353' title='bbox 339 2363 472 2390; x_wconf 88' lang='lat' dir='ltr'><strong>naturalis</strong></span> <span class='ocrx_word' id='word_1_354' title='bbox 484 2367 510 2390; x_wconf 87' lang='lat' dir='ltr'><strong>et</strong></span> <span class='ocrx_word' id='word_1_355' title='bbox 536 2365 721 2394; x_wconf 87' lang='lat' dir='ltr'><strong>substantialis</strong></span> <span class='ocrx_word' id='word_1_356' title='bbox 732 2375 795 2403; x_wconf 86' lang='lat' dir='ltr'><strong>ope-</strong></span> 
     </span>
    </p>
   </div>
   <div class='ocr_carea' id='block_1_50' title="bbox 9 2404 794 2445">
    <p class='ocr_par' dir='ltr' id='par_1_50' title="bbox 9 2404 794 2445">
     <span class='ocr_line' id='line_1_51' title="bbox 9 2404 794 2445; baseline 0.014 -16"><span class='ocrx_word' id='word_1_357' title='bbox 9 2404 85 2436; x_wconf 79' lang='lat' dir='ltr'><strong>ratio,</strong></span> <span class='ocrx_word' id='word_1_358' title='bbox 101 2409 212 2431; x_wconf 78' lang='lat' dir='ltr'><strong>naturae</strong></span> <span class='ocrx_word' id='word_1_359' title='bbox 222 2405 341 2440; x_wconf 81' lang='lat' dir='ltr'><strong>profecto</strong></span> <span class='ocrx_word' id='word_1_360' title='bbox 350 2408 521 2436; x_wconf 66' lang='lat' dir='ltr'><strong>voluntativae</strong></span> <span class='ocrx_word' id='word_1_361' title='bbox 532 2417 564 2437; x_wconf 89' lang='lat' dir='ltr'><strong>ac</strong></span> <span class='ocrx_word' id='word_1_362' title='bbox 572 2412 715 2445; x_wconf 73' lang='lat' dir='ltr'><strong>operatiwe</strong></span> <span class='ocrx_word' id='word_1_363' title='bbox 726 2413 794 2440; x_wconf 61' lang='lat' dir='ltr'><strong>idio«</strong></span> 
     </span>
    </p>
   </div>
   <div class='ocr_carea' id='block_1_51' title="bbox 9 2450 792 2486">
    <p class='ocr_par' dir='ltr' id='par_1_51' title="bbox 9 2450 792 2486">
     <span class='ocr_line' id='line_1_52' title="bbox 9 2450 792 2486; baseline 0.011 -10"><span class='ocrx_word' id='word_1_364' title='bbox 9 2456 76 2478; x_wconf 88' lang='lat' dir='ltr'><strong>mata</strong></span> <span class='ocrx_word' id='word_1_365' title='bbox 96 2454 176 2478; x_wconf 89' lang='lat' dir='ltr'><strong>sunt.</strong></span> <span class='ocrx_word' id='word_1_366' title='bbox 192 2450 224 2478; x_wconf 85' lang='lat' dir='ltr'><strong>Et</strong></span> <span class='ocrx_word' id='word_1_367' title='bbox 240 2452 327 2480; x_wconf 88' lang='lat' dir='ltr'><strong>omnis</strong></span> <span class='ocrx_word' id='word_1_368' title='bbox 338 2455 458 2482; x_wconf 85' lang='lat' dir='ltr'><strong>oneratio</strong></span> <span class='ocrx_word' id='word_1_369' title='bbox 469 2456 600 2483; x_wconf 84' lang='lat' dir='ltr'><strong>naturalis</strong></span> <span class='ocrx_word' id='word_1_370' title='bbox 613 2458 792 2486; x_wconf 88' lang='lat' dir='ltr'><strong>substantiam</strong></span> 
     </span>
    </p>
   </div>
   <div class='ocr_carea' id='block_1_52' title="bbox 8 2496 793 2537">
    <p class='ocr_par' dir='ltr' id='par_1_52' title="bbox 8 2496 793 2537">
     <span class='ocr_line' id='line_1_53' title="bbox 8 2496 793 2537; baseline 0.011 -15"><span class='ocrx_word' id='word_1_371' title='bbox 8 2496 120 2529; x_wconf 83' lang='lat' dir='ltr'><strong>indicat,</strong></span> <span class='ocrx_word' id='word_1_372' title='bbox 134 2504 170 2524; x_wconf 80' lang='lat' dir='ltr'><strong>ex</strong></span> <span class='ocrx_word' id='word_1_373' title='bbox 183 2505 236 2532; x_wconf 86' lang='lat' dir='ltr'><strong>qua</strong></span> <span class='ocrx_word' id='word_1_374' title='bbox 256 2500 376 2533; x_wconf 88' lang='lat' dir='ltr'><strong>procedit</strong></span> <span class='ocrx_word' id='word_1_375' title='bbox 400 2505 426 2527; x_wconf 88' lang='lat' dir='ltr'><strong>ct</strong></span> <span class='ocrx_word' id='word_1_376' title='bbox 455 2501 529 2528; x_wconf 80' lang='lat' dir='ltr'><strong>inest</strong></span> <span class='ocrx_word' id='word_1_377' title='bbox 540 2502 617 2537; x_wconf 82' lang='lat'><strong>(60):</strong></span> <span class='ocrx_word' id='word_1_378' title='bbox 648 2508 674 2530; x_wconf 90' lang='lat' dir='ltr'><strong>et</strong></span> <span class='ocrx_word' id='word_1_379' title='bbox 691 2504 793 2531; x_wconf 85' lang='lat' dir='ltr'><strong>indica-</strong></span> 
     </span>
    </p>
   </div>
   <div class='ocr_carea' id='block_1_53' title="bbox 39 2589 559 2625">
    <p class='ocr_par' dir='ltr' id='par_1_53' title="bbox 39 2589 559 2625">
     <span class='ocr_line' id='line_1_54' title="bbox 39 2589 559 2625; baseline 0.008 -10"><span class='ocrx_word' id='word_1_380' title='bbox 39 2589 61 2605; x_wconf 74' lang='grc' dir='ltr'>ιι</span> <span class='ocrx_word' id='word_1_381' title='bbox 78 2590 137 2616; x_wconf 83' lang='lat' dir='ltr'><strong>15a.</strong></span> <span class='ocrx_word' id='word_1_382' title='bbox 154 2596 175 2623; x_wconf 83' lang='grc' dir='ltr'><strong>ι,</strong></span> <span class='ocrx_word' id='word_1_383' title='bbox 187 2589 232 2616; x_wconf 77' lang='lat'><strong>2-2.</strong></span> <span class='ocrx_word' id='word_1_384' title='bbox 272 2590 296 2605; x_wconf 62' lang='grc' dir='ltr'>ιε</span> <span class='ocrx_word' id='word_1_385' title='bbox 309 2590 328 2616; x_wconf 90' lang='lat' dir='ltr'><strong>u</strong></span> <span class='ocrx_word' id='word_1_386' title='bbox 337 2590 402 2618; x_wconf 85' lang='lat' dir='ltr'><strong>Cor.</strong></span> <span class='ocrx_word' id='word_1_387' title='bbox 416 2599 452 2625; x_wconf 81' lang='lat' dir='ltr'><strong>vt,</strong></span> <span class='ocrx_word' id='word_1_388' title='bbox 468 2593 559 2620; x_wconf 65' lang='grc' dir='ltr'><strong>ιιι-ιδ.</strong></span> 
     </span>
    </p>
   </div>
   <div class='ocr_carea' id='block_1_54' title="bbox 39 2681 538 2719">
    <p class='ocr_par' dir='ltr' id='par_1_54' title="bbox 39 2681 538 2719">
     <span class='ocr_line' id='line_1_55' title="bbox 39 2681 538 2719; baseline 0.016 -13"><span class='ocrx_word' id='word_1_389' title='bbox 39 2681 97 2719; x_wconf 56' lang='lat' dir='ltr'><strong>(ii?)</strong></span> <span class='ocrx_word' id='word_1_390' title='bbox 108 2681 441 2719; x_wconf 63' lang='lat' dir='ltr'><strong>{mpotemepotcntem</strong></span> <span class='ocrx_word' id='word_1_391' title='bbox 455 2686 538 2714; x_wconf 62' lang='lat' dir='ltr'><strong>Baux.</strong></span> 
     </span>
    </p>
   </div>
   <div class='ocr_carea' id='block_1_55' title="bbox 40 2716 417 2752">
    <p class='ocr_par' dir='ltr' id='par_1_55' title="bbox 40 2716 417 2752">
     <span class='ocr_line' id='line_1_56' title="bbox 40 2716 417 2752; baseline 0.013 -10"><span class='ocrx_word' id='word_1_392' title='bbox 40 2717 98 2751; x_wconf 73' lang='lat' dir='ltr'><strong>t58)</strong></span> <span class='ocrx_word' id='word_1_393' title='bbox 112 2716 215 2752; x_wconf 67' lang='lat' dir='ltr'><strong>Ipsius.</strong></span> <span class='ocrx_word' id='word_1_394' title='bbox 229 2716 362 2752; x_wconf 76' lang='lat' dir='ltr'><strong>ipsorum.</strong></span> <span class='ocrx_word' id='word_1_395' title='bbox 379 2721 417 2747; x_wconf 84' lang='lat' dir='ltr'><strong>In.</strong></span> 
     </span>
    </p>
   </div>
   <div class='ocr_carea' id='block_1_56' title="bbox 38 2747 788 2794">
    <p class='ocr_par' dir='ltr' id='par_1_56' title="bbox 38 2747 788 2794">
     <span class='ocr_line' id='line_1_57' title="bbox 38 2747 788 2794; baseline 0.017 -18"><span class='ocrx_word' id='word_1_396' title='bbox 38 2747 95 2786; x_wconf 78' lang='lat'><strong>(59)</strong></span> <span class='ocrx_word' id='word_1_397' title='bbox 105 2747 139 2778; x_wconf 74' lang='lat' dir='ltr'><strong>El</strong></span> <span class='ocrx_word' id='word_1_398' title='bbox 150 2747 303 2794; x_wconf 49' lang='lat' dir='ltr'><strong>omnin-nt...</strong></span> <span class='ocrx_word' id='word_1_399' title='bbox 313 2756 467 2794; x_wconf 52' lang='lat' dir='ltr'><strong>ﬁnguntJIt</strong></span> <span class='ocrx_word' id='word_1_400' title='bbox 475 2758 508 2784; x_wconf 88' lang='lat' dir='ltr'><strong>ab</strong></span> <span class='ocrx_word' id='word_1_401' title='bbox 516 2758 639 2786; x_wconf 79' lang='lat' dir='ltr'><strong>omnibus</strong></span> <span class='ocrx_word' id='word_1_402' title='bbox 651 2767 710 2794; x_wconf 78' lang='lat' dir='ltr'><strong>qua:</strong></span> <span class='ocrx_word' id='word_1_403' title='bbox 724 2765 788 2789; x_wconf 86' lang='lat' dir='ltr'><strong>sunt</strong></span> 
     </span>
    </p>
   </div>
   <div class='ocr_carea' id='block_1_57' title="bbox 9 2784 532 2824">
    <p class='ocr_par' dir='ltr' id='par_1_57' title="bbox 9 2784 532 2824">
     <span class='ocr_line' id='line_1_58' title="bbox 9 2784 532 2824; baseline 0.019 -14"><span class='ocrx_word' id='word_1_404' title='bbox 9 2784 33 2810; x_wconf 90' lang='lat' dir='ltr'><strong>in</strong></span> <span class='ocrx_word' id='word_1_405' title='bbox 43 2784 270 2824; x_wconf 33' lang='lat' dir='ltr'><strong>relius‘aIn-nam.</strong></span> <span class='ocrx_word' id='word_1_406' title='bbox 289 2784 399 2824; x_wconf 67' lang='lat' dir='ltr'><strong>lingtiut.</strong></span> <span class='ocrx_word' id='word_1_407' title='bbox 415 2792 532 2820; x_wconf 64' lang='lat' dir='ltr'><strong>Const.</strong></span> 
     </span>
    </p>
   </div>
   <div class='ocr_carea' id='block_1_58' title="bbox 40 2821 451 2856">
    <p class='ocr_par' dir='ltr' id='par_1_58' title="bbox 40 2821 451 2856">
     <span class='ocr_line' id='line_1_59' title="bbox 40 2821 451 2856; baseline 0.017 -10"><span class='ocrx_word' id='word_1_408' title='bbox 40 2821 96 2856; x_wconf 66' lang='lat'><strong>(60)</strong></span> <span class='ocrx_word' id='word_1_409' title='bbox 113 2821 149 2847; x_wconf 82' lang='lat' dir='ltr'><strong>Et</strong></span> <span class='ocrx_word' id='word_1_410' title='bbox 165 2823 242 2849; x_wconf 78' lang='lat' dir='ltr'><strong>inm.</strong></span> <span class='ocrx_word' id='word_1_411' title='bbox 256 2823 304 2850; x_wconf 79' lang='lat' dir='ltr'><strong>Cui</strong></span> <span class='ocrx_word' id='word_1_412' title='bbox 323 2821 401 2852; x_wconf 76' lang='lat' dir='ltr'><strong>mest.</strong></span> <span class='ocrx_word' id='word_1_413' title='bbox 416 2825 451 2854; x_wconf 84' lang='lat' dir='ltr'><strong>In.</strong></span> 
     </span>
    </p>
   </div>
   <div class='ocr_carea' id='block_1_59' title="bbox 568 106 1175 146">
    <p class='ocr_par' dir='ltr' id='par_1_59' title="bbox 568 106 1175 146">
     <span class='ocr_line' id='line_1_60' title="bbox 568 106 1175 146; baseline 0.023 -13"><span class='ocrx_word' id='word_1_414' title='bbox 568 106 706 136; x_wconf 77' lang='lat' dir='ltr'><strong>CONTRA</strong></span> <span class='ocrx_word' id='word_1_415' title='bbox 727 109 888 140; x_wconf 79' lang='lat' dir='ltr'><strong>BERONEM</strong></span> <span class='ocrx_word' id='word_1_416' title='bbox 908 114 952 141; x_wconf 82' lang='lat' dir='ltr'><strong>ET</strong></span> <span class='ocrx_word' id='word_1_417' title='bbox 971 115 1175 146; x_wconf 75' lang='lat' dir='ltr'><strong>HELICONEM.</strong></span> 
     </span>
    </p>
   </div>
   <div class='ocr_carea' id='block_1_60' title="bbox 42 152 846 202">
    <p class='ocr_par' dir='ltr' id='par_1_60' title="bbox 42 152 846 202">
     <span class='ocr_line' id='line_1_61' title="bbox 42 152 846 202; baseline 0.024 -24"><span class='ocrx_word' id='word_1_418' title='bbox 42 152 244 187; x_wconf 79' lang='lat' dir='ltr'><strong>dogmatizata</strong></span> <span class='ocrx_word' id='word_1_419' title='bbox 259 161 310 190; x_wconf 86' lang='lat' dir='ltr'><strong>est,</strong></span> <span class='ocrx_word' id='word_1_420' title='bbox 318 165 398 186; x_wconf 91' lang='lat' dir='ltr'><strong>unam</strong></span> <span class='ocrx_word' id='word_1_421' title='bbox 413 160 576 190; x_wconf 84' lang='lat' dir='ltr'><strong>voluntatem</strong></span> <span class='ocrx_word' id='word_1_422' title='bbox 586 169 700 193; x_wconf 87' lang='lat' dir='ltr'><strong>ctunam</strong></span> <span class='ocrx_word' id='word_1_423' title='bbox 711 169 846 202; x_wconf 89' lang='lat' dir='ltr'><strong>operatio-</strong></span> 
     </span>
    </p>
   </div>
   <div class='ocr_carea' id='block_1_61' title="bbox 1623 131 1674 159">
    <p class='ocr_par' dir='ltr' id='par_1_61' title="bbox 1623 131 1674 159">
     <span class='ocr_line' id='line_1_62' title="bbox 1623 131 1674 159; baseline 0.02 -1"><span class='ocrx_word' id='word_1_424' title='bbox 1623 131 1674 159; x_wconf 68' lang='lat'><strong>846</strong></span> 
     </span>
    </p>
   </div>
   <div class='ocr_carea' id='block_1_62' title="bbox 860 170 1672 217">
    <p class='ocr_par' dir='ltr' id='par_1_62' title="bbox 860 170 1672 217">
     <span class='ocr_line' id='line_1_63' title="bbox 860 170 1672 217; baseline 0.026 -20"><span class='ocrx_word' id='word_1_425' title='bbox 860 173 881 201; x_wconf 82' lang='lat' dir='ltr'><strong>A</strong></span> <span class='ocrx_word' id='word_1_426' title='bbox 896 170 981 200; x_wconf 85' lang='lat' dir='ltr'><strong>tivum</strong></span> <span class='ocrx_word' id='word_1_427' title='bbox 1010 175 1223 212; x_wconf 78' lang='lat' dir='ltr'><strong>uniuscujusque</strong></span> <span class='ocrx_word' id='word_1_428' title='bbox 1244 183 1346 208; x_wconf 66' lang='lat' dir='ltr'><strong>natum</strong></span> <span class='ocrx_word' id='word_1_429' title='bbox 1360 183 1481 217; x_wconf 87' lang='lat' dir='ltr'><strong>operatio</strong></span> <span class='ocrx_word' id='word_1_430' title='bbox 1495 190 1521 213; x_wconf 88' lang='lat' dir='ltr'><strong>et</strong></span> <span class='ocrx_word' id='word_1_431' title='bbox 1537 191 1613 216; x_wconf 72' lang='lat' dir='ltr'><strong>estet</strong></span> <span class='ocrx_word' id='word_1_432' title='bbox 1624 197 1672 217; x_wconf 59' lang='lat' dir='ltr'><strong>co.</strong></span> 
     </span>
    </p>
   </div>
   <div class='ocr_carea' id='block_1_63' title="bbox 893 219 1672 270">
    <p class='ocr_par' dir='ltr' id='par_1_63' title="bbox 893 219 1672 270">
     <span class='ocr_line' id='line_1_64' title="bbox 893 219 1672 270; baseline 0.026 -27"><span class='ocrx_word' id='word_1_433' title='bbox 893 219 1034 251; x_wconf 81' lang='lat' dir='ltr'><strong>gnoscitur</strong></span> <span class='ocrx_word' id='word_1_434' title='bbox 1048 221 1180 249; x_wconf 87' lang='lat' dir='ltr'><strong>naturalis</strong></span> <span class='ocrx_word' id='word_1_435' title='bbox 1193 232 1200 249; x_wconf 90' lang='lat'><strong>:</strong></span> <span class='ocrx_word' id='word_1_436' title='bbox 1224 229 1252 251; x_wconf 89' lang='lat' dir='ltr'><strong>et</strong></span> <span class='ocrx_word' id='word_1_437' title='bbox 1262 226 1351 253; x_wconf 88' lang='lat' dir='ltr'><strong>omnis</strong></span> <span class='ocrx_word' id='word_1_438' title='bbox 1370 234 1466 257; x_wconf 86' lang='lat' dir='ltr'><strong>natura</strong></span> <span class='ocrx_word' id='word_1_439' title='bbox 1480 233 1596 267; x_wconf 76' lang='lat' dir='ltr'><strong>propriae</strong></span> <span class='ocrx_word' id='word_1_440' title='bbox 1607 241 1672 270; x_wconf 50' lang='lat' dir='ltr'><strong>ope.</strong></span> 
     </span>
    </p>
   </div>
   <div class='ocr_carea' id='block_1_64' title="bbox 891 265 1671 310">
    <p class='ocr_par' dir='ltr' id='par_1_64' title="bbox 891 265 1671 310">
     <span class='ocr_line' id='line_1_65' title="bbox 891 265 1671 310; baseline 0.024 -20"><span class='ocrx_word' id='word_1_441' title='bbox 891 265 1006 293; x_wconf 87' lang='lat' dir='ltr'><strong>rationis</strong></span> <span class='ocrx_word' id='word_1_442' title='bbox 1019 267 1189 296; x_wconf 91' lang='lat' dir='ltr'><strong>substantiali</strong></span> <span class='ocrx_word' id='word_1_443' title='bbox 1202 272 1307 300; x_wconf 91' lang='lat' dir='ltr'><strong>ratione</strong></span> <span class='ocrx_word' id='word_1_444' title='bbox 1328 277 1512 310; x_wconf 73' lang='lat' dir='ltr'><strong>cognoscitur,</strong></span> <span class='ocrx_word' id='word_1_445' title='bbox 1530 285 1556 306; x_wconf 89' lang='lat' dir='ltr'><strong>et</strong></span> <span class='ocrx_word' id='word_1_446' title='bbox 1581 282 1671 309; x_wconf 74' lang='lat' dir='ltr'><strong>omnis</strong></span> 
     </span>
    </p>
   </div>
   <div class='ocr_carea' id='block_1_65' title="bbox 890 314 1671 357">
    <p class='ocr_par' dir='ltr' id='par_1_65' title="bbox 890 314 1671 357">
     <span class='ocr_line' id='line_1_66' title="bbox 890 314 1671 357; baseline 0.027 -22"><span class='ocrx_word' id='word_1_447' title='bbox 890 314 986 338; x_wconf 81' lang='lat' dir='ltr'><strong>natura</strong></span> <span class='ocrx_word' id='word_1_448' title='bbox 1001 314 1203 343; x_wconf 83' lang='lat' dir='ltr'><strong>convenientem</strong></span> <span class='ocrx_word' id='word_1_449' title='bbox 1219 317 1269 344; x_wconf 90' lang='lat' dir='ltr'><strong>sibi</strong></span> <span class='ocrx_word' id='word_1_450' title='bbox 1285 325 1368 354; x_wconf 90' lang='lat' dir='ltr'><strong>seque</strong></span> <span class='ocrx_word' id='word_1_451' title='bbox 1382 321 1577 357; x_wconf 75' lang='lat' dir='ltr'><strong>signiﬁcantem</strong></span> <span class='ocrx_word' id='word_1_452' title='bbox 1589 327 1671 357; x_wconf 84' lang='lat' dir='ltr'><strong>habet</strong></span> 
     </span>
    </p>
   </div>
   <div class='ocr_carea' id='block_1_66' title="bbox 889 356 1670 403">
    <p class='ocr_par' dir='ltr' id='par_1_66' title="bbox 889 356 1670 403">
     <span class='ocr_line' id='line_1_67' title="bbox 889 356 1670 403; baseline 0.028 -22"><span class='ocrx_word' id='word_1_453' title='bbox 889 356 1085 392; x_wconf 85' lang='lat' dir='ltr'><strong>operationem,</strong></span> <span class='ocrx_word' id='word_1_454' title='bbox 1105 360 1176 388; x_wconf 89' lang='lat' dir='ltr'><strong>hanc</strong></span> <span class='ocrx_word' id='word_1_455' title='bbox 1186 363 1220 389; x_wconf 90' lang='lat' dir='ltr'><strong>ab</strong></span> <span class='ocrx_word' id='word_1_456' title='bbox 1233 364 1293 392; x_wconf 92' lang='lat' dir='ltr'><strong>aliis</strong></span> <span class='ocrx_word' id='word_1_457' title='bbox 1314 356 1521 403; x_wconf 87' lang='lat' dir='ltr'><strong>discernentem,</strong></span> <span class='ocrx_word' id='word_1_458' title='bbox 1535 373 1670 402; x_wconf 83' lang='lat' dir='ltr'><strong>delinitio—</strong></span> 
     </span>
    </p>
   </div>
   <div class='ocr_carea' id='block_1_67' title="bbox 888 403 1668 451">
    <p class='ocr_par' dir='ltr' id='par_1_67' title="bbox 888 403 1668 451">
     <span class='ocr_line' id='line_1_68' title="bbox 888 403 1668 451; baseline 0.028 -26"><span class='ocrx_word' id='word_1_459' title='bbox 888 406 991 435; x_wconf 89' lang='lat' dir='ltr'><strong>nesque</strong></span> <span class='ocrx_word' id='word_1_460' title='bbox 1004 403 1218 434; x_wconf 81' lang='lat' dir='ltr'><strong>substantiarum</strong></span> <span class='ocrx_word' id='word_1_461' title='bbox 1230 411 1366 439; x_wconf 84' lang='lat' dir='ltr'><strong>naturales</strong></span> <span class='ocrx_word' id='word_1_462' title='bbox 1390 421 1481 441; x_wconf 90' lang='lat' dir='ltr'><strong>carum</strong></span> <span class='ocrx_word' id='word_1_463' title='bbox 1497 420 1668 451; x_wconf 88' lang='lat' dir='ltr'><strong>operationes</strong></span> 
     </span>
    </p>
   </div>
   <div class='ocr_carea' id='block_1_68' title="bbox 887 448 1668 498">
    <p class='ocr_par' dir='ltr' id='par_1_68' title="bbox 887 448 1668 498">
     <span class='ocr_line' id='line_1_69' title="bbox 887 448 1668 498; baseline 0.027 -27"><span class='ocrx_word' id='word_1_464' title='bbox 887 452 950 473; x_wconf 87' lang='lat' dir='ltr'><strong>vera</strong></span> <span class='ocrx_word' id='word_1_465' title='bbox 976 448 1046 476; x_wconf 86' lang='lat' dir='ltr'><strong>ratio</strong></span> <span class='ocrx_word' id='word_1_466' title='bbox 1060 451 1142 478; x_wconf 91' lang='lat' dir='ltr'><strong>novit.</strong></span> <span class='ocrx_word' id='word_1_467' title='bbox 1162 451 1195 479; x_wconf 87' lang='lat' dir='ltr'><strong>Et</strong></span> <span class='ocrx_word' id='word_1_468' title='bbox 1216 459 1246 482; x_wconf 90' lang='lat' dir='ltr'><strong>ut</strong></span> <span class='ocrx_word' id='word_1_469' title='bbox 1262 459 1451 492; x_wconf 82' lang='lat' dir='ltr'><strong>compendiose</strong></span> <span class='ocrx_word' id='word_1_470' title='bbox 1478 461 1594 498; x_wconf 85' lang='lat' dir='ltr'><strong>dicatur,</strong></span> <span class='ocrx_word' id='word_1_471' title='bbox 1619 472 1668 493; x_wconf 88' lang='lat' dir='ltr'><strong>nec</strong></span> 
     </span>
    </p>
   </div>
   <div class='ocr_carea' id='block_1_69' title="bbox 887 495 1667 539">
    <p class='ocr_par' dir='ltr' id='par_1_69' title="bbox 887 495 1667 539">
     <span class='ocr_line' id='line_1_70' title="bbox 887 495 1667 539; baseline 0.028 -22"><span class='ocrx_word' id='word_1_472' title='bbox 887 495 1010 520; x_wconf 87' lang='lat' dir='ltr'><strong>naturam</strong></span> <span class='ocrx_word' id='word_1_473' title='bbox 1026 495 1084 523; x_wconf 88' lang='lat' dir='ltr'><strong>sine</strong></span> <span class='ocrx_word' id='word_1_474' title='bbox 1100 499 1256 532; x_wconf 86' lang='lat' dir='ltr'><strong>operatione</strong></span> <span class='ocrx_word' id='word_1_475' title='bbox 1272 510 1332 536; x_wconf 70' lang='lat' dir='ltr'><strong>qua:</strong></span> <span class='ocrx_word' id='word_1_476' title='bbox 1356 504 1430 531; x_wconf 92' lang='lat' dir='ltr'><strong>illam</strong></span> <span class='ocrx_word' id='word_1_477' title='bbox 1453 507 1667 539; x_wconf 84' lang='lat' dir='ltr'><strong>substantialitcr</strong></span> 
     </span>
    </p>
   </div>
   <div class='ocr_carea' id='block_1_70' title="bbox 885 537 1665 589">
    <p class='ocr_par' dir='ltr' id='par_1_70' title="bbox 885 537 1665 589">
     <span class='ocr_line' id='line_1_71' title="bbox 885 537 1665 589; baseline 0.027 -26"><span class='ocrx_word' id='word_1_478' title='bbox 885 537 1091 573; x_wconf 88' lang='lat' dir='ltr'><strong>characterizet,</strong></span> <span class='ocrx_word' id='word_1_479' title='bbox 1105 550 1155 574; x_wconf 84' lang='lat' dir='ltr'><strong>nec</strong></span> <span class='ocrx_word' id='word_1_480' title='bbox 1171 552 1267 574; x_wconf 86' lang='lat' dir='ltr'><strong>rursus</strong></span> <span class='ocrx_word' id='word_1_481' title='bbox 1293 548 1458 578; x_wconf 85' lang='lat' dir='ltr'><strong>voluntatem</strong></span> <span class='ocrx_word' id='word_1_482' title='bbox 1473 553 1513 580; x_wconf 89' lang='lat' dir='ltr'><strong>vel</strong></span> <span class='ocrx_word' id='word_1_483' title='bbox 1530 557 1665 589; x_wconf 88' lang='lat' dir='ltr'><strong>operatio—</strong></span> 
     </span>
    </p>
   </div>
   <div class='ocr_carea' id='block_1_71' title="bbox 884 590 1665 631">
    <p class='ocr_par' dir='ltr' id='par_1_71' title="bbox 884 590 1665 631">
     <span class='ocr_line' id='line_1_72' title="bbox 884 590 1665 631; baseline 0.029 -23"><span class='ocrx_word' id='word_1_484' title='bbox 884 590 946 610; x_wconf 87' lang='lat' dir='ltr'><strong>nem</strong></span> <span class='ocrx_word' id='word_1_485' title='bbox 961 590 1067 612; x_wconf 86' lang='lat' dir='ltr'><strong>constat</strong></span> <span class='ocrx_word' id='word_1_486' title='bbox 1090 594 1151 615; x_wconf 88' lang='lat' dir='ltr'><strong>esse</strong></span> <span class='ocrx_word' id='word_1_487' title='bbox 1175 590 1233 618; x_wconf 89' lang='lat' dir='ltr'><strong>sine</strong></span> <span class='ocrx_word' id='word_1_488' title='bbox 1253 593 1368 626; x_wconf 91' lang='lat' dir='ltr'><strong>quadam</strong></span> <span class='ocrx_word' id='word_1_489' title='bbox 1395 597 1557 631; x_wconf 87' lang='lat' dir='ltr'><strong>substantia,</strong></span> <span class='ocrx_word' id='word_1_490' title='bbox 1583 602 1608 629; x_wconf 91' lang='lat' dir='ltr'><strong>id</strong></span> <span class='ocrx_word' id='word_1_491' title='bbox 1622 607 1665 631; x_wconf 85' lang='lat' dir='ltr'><strong>est</strong></span> 
     </span>
    </p>
   </div>
   <div class='ocr_carea' id='block_1_72' title="bbox 882 629 1664 674">
    <p class='ocr_par' dir='ltr' id='par_1_72' title="bbox 882 629 1664 674">
     <span class='ocr_line' id='line_1_73' title="bbox 882 629 1664 674; baseline 0.027 -20"><span class='ocrx_word' id='word_1_492' title='bbox 882 629 1012 662; x_wconf 91' lang='lat' dir='ltr'><strong>possibile</strong></span> <span class='ocrx_word' id='word_1_493' title='bbox 1027 631 1102 667; x_wconf 85' lang='lat' dir='ltr'><strong>(6i);</strong></span> <span class='ocrx_word' id='word_1_494' title='bbox 1124 636 1446 669; x_wconf 88' lang='lat' dir='ltr'><strong>quemadmodumdivina</strong></span> <span class='ocrx_word' id='word_1_495' title='bbox 1467 629 1664 674; x_wconf 79' lang='lat' dir='ltr'><strong>concionantur</strong></span> 
     </span>
    </p>
   </div>
   <div class='ocr_carea' id='block_1_73' title="bbox 882 673 1480 716">
    <p class='ocr_par' dir='ltr' id='par_1_73' title="bbox 882 673 1480 716">
     <span class='ocr_line' id='line_1_74' title="bbox 882 673 1480 716; baseline 0.028 -16"><span class='ocrx_word' id='word_1_496' title='bbox 882 673 1006 709; x_wconf 83' lang='lat' dir='ltr'><strong>Eloquia.</strong></span> <span class='ocrx_word' id='word_1_497' title='bbox 1032 682 1059 704; x_wconf 94' lang='lat' dir='ltr'><strong>et</strong></span> <span class='ocrx_word' id='word_1_498' title='bbox 1083 679 1139 713; x_wconf 86' lang='lat' dir='ltr'><strong>ipsa</strong></span> <span class='ocrx_word' id='word_1_499' title='bbox 1155 688 1245 708; x_wconf 92' lang='lat' dir='ltr'><strong>rerum</strong></span> <span class='ocrx_word' id='word_1_500' title='bbox 1260 689 1355 712; x_wconf 88' lang='lat' dir='ltr'><strong>natura</strong></span> <span class='ocrx_word' id='word_1_501' title='bbox 1371 687 1480 716; x_wconf 90' lang='lat' dir='ltr'><strong>clamat.</strong></span> 
     </span>
    </p>
   </div>
   <div class='ocr_carea' id='block_1_74' title="bbox 918 720 1660 769">
    <p class='ocr_par' dir='ltr' id='par_1_74' title="bbox 918 720 1660 769">
     <span class='ocr_line' id='line_1_75' title="bbox 918 720 1660 769; baseline 0.031 -23"><span class='ocrx_word' id='word_1_502' title='bbox 918 728 928 745; x_wconf 84' lang='grc'><strong><em>‹</em></strong></span> <span class='ocrx_word' id='word_1_503' title='bbox 953 720 1008 749; x_wconf 78' lang='lat' dir='ltr'><strong>Vll.</strong></span> <span class='ocrx_word' id='word_1_504' title='bbox 1028 722 1111 758; x_wconf 79' lang='lat' dir='ltr'><strong>Igitur</strong></span> <span class='ocrx_word' id='word_1_505' title='bbox 1133 726 1299 756; x_wconf 89' lang='lat' dir='ltr'><strong>voluntatem</strong></span> <span class='ocrx_word' id='word_1_506' title='bbox 1316 735 1343 758; x_wconf 92' lang='lat' dir='ltr'><strong>et</strong></span> <span class='ocrx_word' id='word_1_507' title='bbox 1367 735 1552 767; x_wconf 85' lang='lat' dir='ltr'><strong>operationem</strong></span> <span class='ocrx_word' id='word_1_508' title='bbox 1578 747 1660 769; x_wconf 89' lang='lat' dir='ltr'><strong>unam</strong></span> 
     </span>
    </p>
   </div>
   <div class='ocr_carea' id='block_1_75' title="bbox 879 767 1659 820">
    <p class='ocr_par' dir='ltr' id='par_1_75' title="bbox 879 767 1659 820">
     <span class='ocr_line' id='line_1_76' title="bbox 879 767 1659 820; baseline 0.031 -30"><span class='ocrx_word' id='word_1_509' title='bbox 879 771 977 799; x_wconf 58' lang='lat' dir='ltr'><strong>praeter</strong></span> <span class='ocrx_word' id='word_1_510' title='bbox 990 767 1057 796; x_wconf 89' lang='lat' dir='ltr'><strong>duas</strong></span> <span class='ocrx_word' id='word_1_511' title='bbox 1075 770 1146 798; x_wconf 91' lang='lat' dir='ltr'><strong>circa</strong></span> <span class='ocrx_word' id='word_1_512' title='bbox 1172 772 1338 803; x_wconf 85' lang='lat' dir='ltr'><strong>Salvatorem</strong></span> <span class='ocrx_word' id='word_1_513' title='bbox 1354 778 1492 808; x_wconf 87' lang='lat' dir='ltr'><strong>Christum</strong></span> <span class='ocrx_word' id='word_1_514' title='bbox 1518 783 1659 820; x_wconf 78' lang='lat' dir='ltr'><strong>ﬁngentes,</strong></span> 
     </span>
    </p>
   </div>
   <div class='ocr_carea' id='block_1_76' title="bbox 878 813 1661 862">
    <p class='ocr_par' dir='ltr' id='par_1_76' title="bbox 878 813 1661 862">
     <span class='ocr_line' id='line_1_77' title="bbox 878 813 1661 862; baseline 0.032 -27"><span class='ocrx_word' id='word_1_515' title='bbox 878 814 905 836; x_wconf 89' lang='lat' dir='ltr'><strong>et</strong></span> <span class='ocrx_word' id='word_1_516' title='bbox 917 813 1079 841; x_wconf 87' lang='lat' dir='ltr'><strong>necessitate</strong></span> <span class='ocrx_word' id='word_1_517' title='bbox 1093 815 1150 852; x_wconf 79' lang='grc'>(62)</span> <span class='ocrx_word' id='word_1_518' title='bbox 1169 819 1249 847; x_wconf 87' lang='lat' dir='ltr'><strong>etiam</strong></span> <span class='ocrx_word' id='word_1_519' title='bbox 1265 821 1345 848; x_wconf 87' lang='lat' dir='ltr'><strong>aliam</strong></span> <span class='ocrx_word' id='word_1_520' title='bbox 1370 829 1495 853; x_wconf 85' lang='lat' dir='ltr'><strong>naturam</strong></span> <span class='ocrx_word' id='word_1_521' title='bbox 1511 813 1608 862; x_wconf 42' lang='lat' dir='ltr'><strong>prte’ter</strong></span> <span class='ocrx_word' id='word_1_522' title='bbox 1619 833 1661 860; x_wconf 76' lang='lat' dir='ltr'><strong>di—</strong></span> 
     </span>
    </p>
   </div>
   <div class='ocr_carea' id='block_1_77' title="bbox 878 855 1661 910">
    <p class='ocr_par' dir='ltr' id='par_1_77' title="bbox 878 855 1661 910">
     <span class='ocr_line' id='line_1_78' title="bbox 878 855 1661 910; baseline 0.031 -29"><span class='ocrx_word' id='word_1_523' title='bbox 878 855 979 889; x_wconf 88' lang='lat' dir='ltr'><strong>vinam,</strong></span> <span class='ocrx_word' id='word_1_524' title='bbox 990 863 1019 886; x_wconf 91' lang='lat' dir='ltr'><strong>ut</strong></span> <span class='ocrx_word' id='word_1_525' title='bbox 1029 859 1130 889; x_wconf 91' lang='lat' dir='ltr'><strong>dictum</strong></span> <span class='ocrx_word' id='word_1_526' title='bbox 1142 868 1194 896; x_wconf 89' lang='lat' dir='ltr'><strong>est,</strong></span> <span class='ocrx_word' id='word_1_527' title='bbox 1205 869 1232 892; x_wconf 88' lang='lat' dir='ltr'><strong>et</strong></span> <span class='ocrx_word' id='word_1_528' title='bbox 1242 865 1389 896; x_wconf 89' lang='lat' dir='ltr'><strong>humanam</strong></span> <span class='ocrx_word' id='word_1_529' title='bbox 1400 876 1555 901; x_wconf 83' lang='lat' dir='ltr'><strong>extraneam</strong></span> <span class='ocrx_word' id='word_1_530' title='bbox 1567 884 1661 910; x_wconf 90' lang='lat' dir='ltr'><strong>quam-</strong></span> 
     </span>
     <span class='ocr_line' id='line_1_79' title="bbox 878 900 1094 910; baseline 0.028 0"><span class='ocrx_word' id='word_1_531' title='bbox 878 900 903 910; x_wconf 32' lang='grc' dir='ltr'><strong>,γ</strong></span> <span class='ocrx_word' id='word_1_532' title='bbox 1006 904 1011 910; x_wconf 71' lang='grc' dir='ltr'>ι</span> <span class='ocrx_word' id='word_1_533' title='bbox 1089 907 1094 910; x_wconf 98' lang='grc'><strong>-</strong></span> 
     </span>
    </p>
   </div>
   <div class='ocr_carea' id='block_1_78' title="bbox 874 900 1658 958">
    <p class='ocr_par' dir='ltr' id='par_1_78' title="bbox 874 900 1658 958">
     <span class='ocr_line' id='line_1_80' title="bbox 1540 900 1647 910; baseline 0.028 -9"><span class='ocrx_word' id='word_1_534' title='bbox 1540 900 1555 901; x_wconf 35' lang='grc' dir='ltr'><em>γ</em></span> <span class='ocrx_word' id='word_1_535' title='bbox 1569 900 1647 910; x_wconf 51' lang='lat'><strong>1&quot;...</strong></span> 
     </span>
     <span class='ocr_line' id='line_1_81' title="bbox 874 900 1658 958; baseline 0.028 -30"><span class='ocrx_word' id='word_1_536' title='bbox 874 900 937 928; x_wconf 90' lang='lat' dir='ltr'><strong>dam</strong></span> <span class='ocrx_word' id='word_1_537' title='bbox 955 904 1143 935; x_wconf 77' lang='lat' dir='ltr'><strong>exsistentium</strong></span> <span class='ocrx_word' id='word_1_538' title='bbox 1159 911 1279 939; x_wconf 92' lang='lat' dir='ltr'><strong>omnium</strong></span> <span class='ocrx_word' id='word_1_539' title='bbox 1292 913 1407 942; x_wconf 87' lang='lat' dir='ltr'><strong>alienam</strong></span> <span class='ocrx_word' id='word_1_540' title='bbox 1420 917 1586 951; x_wconf 89' lang='lat' dir='ltr'><strong>plasmantes</strong></span> <span class='ocrx_word' id='word_1_541' title='bbox 1609 930 1658 958; x_wconf 90' lang='lat' dir='ltr'><strong>ap-</strong></span> 
     </span>
     <span class='ocr_line' id='line_1_82' title="bbox 874 947 1225 958; baseline 0.026 0"><span class='ocrx_word' id='word_1_542' title='bbox 874 947 971 958; x_wconf 38' lang='lat' dir='ltr'><strong>_I!--7-</strong></span> <span class='ocrx_word' id='word_1_543' title='bbox 1005 951 1011 956; x_wconf 85' lang='lat'>&#39;</span> <span class='ocrx_word' id='word_1_544' title='bbox 1075 952 1081 958; x_wconf 83' lang='grc'><strong><em>⁵</em></strong></span> <span class='ocrx_word' id='word_1_545' title='bbox 1222 957 1225 958; x_wconf 70' lang='grc'><strong><em>⁷</em></strong></span> 
     </span>
    </p>
   </div>
   <div class='ocr_carea' id='block_1_79' title="bbox 873 947 1656 997">
    <p class='ocr_par' dir='ltr' id='par_1_79' title="bbox 873 947 1656 997">
     <span class='ocr_line' id='line_1_83' title="bbox 1420 947 1640 958; baseline 0.032 -7"><span class='ocrx_word' id='word_1_546' title='bbox 1420 947 1428 951; x_wconf 94' lang='grc'>.</span> <span class='ocrx_word' id='word_1_547' title='bbox 1562 947 1584 948; x_wconf 50' lang='grc' dir='ltr'>η</span> <span class='ocrx_word' id='word_1_548' title='bbox 1610 947 1640 958; x_wconf 68' lang='grc' dir='ltr'><strong>-τ</strong></span> 
     </span>
     <span class='ocr_line' id='line_1_84' title="bbox 873 947 1656 997; baseline 0.031 -24"><span class='ocrx_word' id='word_1_549' title='bbox 873 947 974 981; x_wconf 89' lang='lat' dir='ltr'><strong>plicant</strong></span> <span class='ocrx_word' id='word_1_550' title='bbox 987 951 1023 982; x_wconf 92' lang='lat' dir='ltr'><strong>ei,</strong></span> <span class='ocrx_word' id='word_1_551' title='bbox 1037 952 1116 987; x_wconf 87' lang='lat' dir='ltr'><strong>cujus</strong></span> <span class='ocrx_word' id='word_1_552' title='bbox 1130 962 1191 983; x_wconf 89' lang='lat' dir='ltr'><strong>esse</strong></span> <span class='ocrx_word' id='word_1_553' title='bbox 1204 957 1259 993; x_wconf 81' lang='grc'>(65)</span> <span class='ocrx_word' id='word_1_554' title='bbox 1274 959 1331 993; x_wconf 89' lang='lat' dir='ltr'><strong>jam</strong></span> <span class='ocrx_word' id='word_1_555' title='bbox 1361 961 1460 990; x_wconf 89' lang='lat' dir='ltr'><strong>dictam</strong></span> <span class='ocrx_word' id='word_1_556' title='bbox 1477 973 1492 992; x_wconf 90' lang='lat' dir='ltr'><strong>a</strong></span> <span class='ocrx_word' id='word_1_557' title='bbox 1519 974 1547 993; x_wconf 91' lang='lat' dir='ltr'><strong>se</strong></span> <span class='ocrx_word' id='word_1_558' title='bbox 1574 976 1656 997; x_wconf 91' lang='lat' dir='ltr'><strong>unam</strong></span> 
     </span>
    </p>
   </div>
   <div class='ocr_carea' id='block_1_80' title="bbox 872 992 1656 1047">
    <p class='ocr_par' dir='ltr' id='par_1_80' title="bbox 872 992 1656 1047">
     <span class='ocr_line' id='line_1_85' title="bbox 872 992 1656 1047; baseline 0.031 -29"><span class='ocrx_word' id='word_1_559' title='bbox 872 992 1048 1029; x_wconf 81' lang='lat' dir='ltr'><strong>voluntatem,</strong></span> <span class='ocrx_word' id='word_1_560' title='bbox 1064 1006 1124 1033; x_wconf 66' lang='lat' dir='ltr'><strong>quae</strong></span> <span class='ocrx_word' id='word_1_561' title='bbox 1138 1000 1218 1029; x_wconf 89' lang='lat' dir='ltr'><strong>inane</strong></span> <span class='ocrx_word' id='word_1_562' title='bbox 1239 992 1393 1039; x_wconf 83' lang='lat' dir='ltr'><strong>ligmentum</strong></span> <span class='ocrx_word' id='word_1_563' title='bbox 1418 1009 1488 1037; x_wconf 63' lang='lat' dir='ltr'><strong>ﬁctae</strong></span> <span class='ocrx_word' id='word_1_564' title='bbox 1514 1013 1656 1047; x_wconf 75' lang='lat' dir='ltr'><strong>cogitatio-</strong></span> 
     </span>
    </p>
   </div>
   <div class='ocr_carea' id='block_1_81' title="bbox 872 1038 1655 1091">
    <p class='ocr_par' dir='ltr' id='par_1_81' title="bbox 872 1038 1655 1091">
     <span class='ocr_line' id='line_1_86' title="bbox 872 1038 1655 1091; baseline 0.028 -26"><span class='ocrx_word' id='word_1_565' title='bbox 872 1038 915 1066; x_wconf 90' lang='lat' dir='ltr'><strong>nis</strong></span> <span class='ocrx_word' id='word_1_566' title='bbox 923 1044 973 1073; x_wconf 84' lang='lat' dir='ltr'><strong>est,</strong></span> <span class='ocrx_word' id='word_1_567' title='bbox 988 1047 1014 1069; x_wconf 90' lang='lat' dir='ltr'><strong>et</strong></span> <span class='ocrx_word' id='word_1_568' title='bbox 1023 1050 1131 1076; x_wconf 77' lang='lat' dir='ltr'><strong>germen</strong></span> <span class='ocrx_word' id='word_1_569' title='bbox 1144 1048 1215 1081; x_wconf 87' lang='lat' dir='ltr'><strong>quod</strong></span> <span class='ocrx_word' id='word_1_570' title='bbox 1231 1038 1266 1077; x_wconf 81' lang='lat' dir='ltr'><strong>ab</strong></span> <span class='ocrx_word' id='word_1_571' title='bbox 1278 1050 1427 1081; x_wconf 80' lang='lat' dir='ltr'><strong>idololatria</strong></span> <span class='ocrx_word' id='word_1_572' title='bbox 1440 1056 1477 1082; x_wconf 90' lang='lat' dir='ltr'><strong>ml</strong></span> <span class='ocrx_word' id='word_1_573' title='bbox 1489 1038 1655 1091; x_wconf 49' lang='lat' dir='ltr'><strong>peniiusdif-</strong></span> 
     </span>
    </p>
   </div>
   <div class='ocr_carea' id='block_1_82' title="bbox 871 1084 1653 1140">
    <p class='ocr_par' dir='ltr' id='par_1_82' title="bbox 871 1084 1653 1140">
     <span class='ocr_line' id='line_1_87' title="bbox 871 1084 1653 1140; baseline 0.031 -29"><span class='ocrx_word' id='word_1_574' title='bbox 871 1084 932 1112; x_wconf 83' lang='lat' dir='ltr'><strong>fert.</strong></span> <span class='ocrx_word' id='word_1_575' title='bbox 945 1086 1016 1116; x_wconf 89' lang='lat' dir='ltr'><strong>Deus</strong></span> <span class='ocrx_word' id='word_1_576' title='bbox 1027 1090 1098 1117; x_wconf 92' lang='lat' dir='ltr'><strong>enim</strong></span> <span class='ocrx_word' id='word_1_577' title='bbox 1114 1092 1195 1121; x_wconf 87' lang='lat' dir='ltr'><strong>simul</strong></span> <span class='ocrx_word' id='word_1_578' title='bbox 1220 1099 1246 1122; x_wconf 91' lang='lat' dir='ltr'><strong>et</strong></span> <span class='ocrx_word' id='word_1_579' title='bbox 1266 1096 1347 1125; x_wconf 91' lang='lat' dir='ltr'><strong>homo</strong></span> <span class='ocrx_word' id='word_1_580' title='bbox 1365 1100 1488 1129; x_wconf 82' lang='lat' dir='ltr'><strong>Salvator</strong></span> <span class='ocrx_word' id='word_1_581' title='bbox 1508 1105 1653 1140; x_wconf 80' lang='lat' dir='ltr'><strong>exsistens,</strong></span> 
     </span>
    </p>
   </div>
   <div class='ocr_carea' id='block_1_83' title="bbox 870 1130 1653 1180">
    <p class='ocr_par' dir='ltr' id='par_1_83' title="bbox 870 1130 1653 1180">
     <span class='ocr_line' id='line_1_88' title="bbox 1526 1130 1653 1140; baseline 0.031 -4"><span class='ocrx_word' id='word_1_582' title='bbox 1526 1130 1653 1140; x_wconf 55' lang='grc' dir='ltr'><strong>η-η---η</strong></span> 
     </span>
     <span class='ocr_line' id='line_1_89' title="bbox 870 1130 1653 1180; baseline 0.029 -23"><span class='ocrx_word' id='word_1_583' title='bbox 870 1130 939 1160; x_wconf 89' lang='lat' dir='ltr'><strong>duas</strong></span> <span class='ocrx_word' id='word_1_584' title='bbox 949 1136 1054 1162; x_wconf 87' lang='lat' dir='ltr'><strong>tantum</strong></span> <span class='ocrx_word' id='word_1_585' title='bbox 1067 1144 1245 1171; x_wconf 84' lang='lat' dir='ltr'><strong>congruentes</strong></span> <span class='ocrx_word' id='word_1_586' title='bbox 1262 1143 1312 1169; x_wconf 88' lang='lat' dir='ltr'><strong>sibi</strong></span> <span class='ocrx_word' id='word_1_587' title='bbox 1336 1149 1446 1174; x_wconf 86' lang='lat' dir='ltr'><strong>naturas</strong></span> <span class='ocrx_word' id='word_1_588' title='bbox 1460 1152 1487 1175; x_wconf 81' lang='lat' dir='ltr'><strong>et</strong></span> <span class='ocrx_word' id='word_1_589' title='bbox 1501 1149 1653 1180; x_wconf 82' lang='lat' dir='ltr'><strong>voluntates</strong></span> 
     </span>
    </p>
   </div>
   <div class='ocr_carea' id='block_1_84' title="bbox 870 1180 1651 1229">
    <p class='ocr_par' dir='ltr' id='par_1_84' title="bbox 870 1180 1651 1229">
     <span class='ocr_line' id='line_1_90' title="bbox 870 1180 1651 1229; baseline 0.028 -26"><span class='ocrx_word' id='word_1_590' title='bbox 870 1180 897 1204; x_wconf 87' lang='lat' dir='ltr'><strong>et</strong></span> <span class='ocrx_word' id='word_1_591' title='bbox 912 1180 1094 1213; x_wconf 84' lang='lat' dir='ltr'><strong>operationes,</strong></span> <span class='ocrx_word' id='word_1_592' title='bbox 1112 1182 1137 1210; x_wconf 92' lang='lat' dir='ltr'><strong>id</strong></span> <span class='ocrx_word' id='word_1_593' title='bbox 1153 1189 1194 1211; x_wconf 88' lang='lat' dir='ltr'><strong>est</strong></span> <span class='ocrx_word' id='word_1_594' title='bbox 1206 1185 1325 1214; x_wconf 88' lang='lat' dir='ltr'><strong>divinam</strong></span> <span class='ocrx_word' id='word_1_595' title='bbox 1341 1195 1367 1217; x_wconf 92' lang='lat' dir='ltr'><strong>et</strong></span> <span class='ocrx_word' id='word_1_596' title='bbox 1389 1191 1536 1221; x_wconf 82' lang='lat' dir='ltr'><strong>humanam</strong></span> <span class='ocrx_word' id='word_1_597' title='bbox 1561 1196 1651 1229; x_wconf 87' lang='lat' dir='ltr'><strong>habet,</strong></span> 
     </span>
    </p>
   </div>
   <div class='ocr_carea' id='block_1_85' title="bbox 869 1225 1653 1271">
    <p class='ocr_par' dir='ltr' id='par_1_85' title="bbox 869 1225 1653 1271">
     <span class='ocr_line' id='line_1_91' title="bbox 869 1225 1653 1271; baseline 0.031 -23"><span class='ocrx_word' id='word_1_598' title='bbox 869 1225 1097 1257; x_wconf 90' lang='lat' dir='ltr'><strong>quemadmodum</strong></span> <span class='ocrx_word' id='word_1_599' title='bbox 1109 1229 1202 1266; x_wconf 90' lang='lat' dir='ltr'><strong>inclyti</strong></span> <span class='ocrx_word' id='word_1_600' title='bbox 1224 1240 1403 1270; x_wconf 71' lang='lat' dir='ltr'><strong>prmceptores</strong></span> <span class='ocrx_word' id='word_1_601' title='bbox 1414 1241 1500 1267; x_wconf 91' lang='lat' dir='ltr'><strong>nostri</strong></span> <span class='ocrx_word' id='word_1_602' title='bbox 1516 1249 1548 1268; x_wconf 90' lang='lat' dir='ltr'><strong>ac</strong></span> <span class='ocrx_word' id='word_1_603' title='bbox 1563 1243 1653 1271; x_wconf 86' lang='lat' dir='ltr'><strong>docto-</strong></span> 
     </span>
    </p>
   </div>
   <div class='ocr_carea' id='block_1_86' title="bbox 868 1269 1651 1322">
    <p class='ocr_par' dir='ltr' id='par_1_86' title="bbox 868 1269 1651 1322">
     <span class='ocr_line' id='line_1_92' title="bbox 868 1269 1651 1322; baseline 0.028 -27"><span class='ocrx_word' id='word_1_604' title='bbox 868 1275 912 1296; x_wconf 88' lang='lat' dir='ltr'><strong>res</strong></span> <span class='ocrx_word' id='word_1_605' title='bbox 928 1269 1063 1301; x_wconf 76' lang='lat' dir='ltr'><strong>aﬂirmant</strong></span> <span class='ocrx_word' id='word_1_606' title='bbox 1080 1284 1087 1301; x_wconf 91' lang='lat'><strong>:</strong></span> <span class='ocrx_word' id='word_1_607' title='bbox 1113 1283 1167 1303; x_wconf 92' lang='lat' dir='ltr'><strong>non</strong></span> <span class='ocrx_word' id='word_1_608' title='bbox 1183 1284 1263 1305; x_wconf 90' lang='lat' dir='ltr'><strong>unam</strong></span> <span class='ocrx_word' id='word_1_609' title='bbox 1280 1269 1319 1306; x_wconf 15' lang='lat' dir='ltr'><strong>et?</strong></span> <span class='ocrx_word' id='word_1_610' title='bbox 1332 1281 1412 1314; x_wconf 88' lang='lat' dir='ltr'><strong>duas,</strong></span> <span class='ocrx_word' id='word_1_611' title='bbox 1428 1284 1454 1310; x_wconf 92' lang='lat' dir='ltr'><strong>id</strong></span> <span class='ocrx_word' id='word_1_612' title='bbox 1482 1290 1523 1313; x_wconf 87' lang='lat' dir='ltr'><strong>est</strong></span> <span class='ocrx_word' id='word_1_613' title='bbox 1541 1291 1605 1322; x_wconf 85' lang='lat' dir='ltr'><strong>tres,</strong></span> <span class='ocrx_word' id='word_1_614' title='bbox 1622 1294 1651 1316; x_wconf 88' lang='lat' dir='ltr'><strong>ut</strong></span> 
     </span>
    </p>
   </div>
   <div class='ocr_carea' id='block_1_87' title="bbox 868 1315 1650 1362">
    <p class='ocr_par' dir='ltr' id='par_1_87' title="bbox 868 1315 1650 1362">
     <span class='ocr_line' id='line_1_93' title="bbox 868 1315 1650 1362; baseline 0.028 -21"><span class='ocrx_word' id='word_1_615' title='bbox 868 1315 1016 1344; x_wconf 84' lang='lat' dir='ltr'><strong>adversarii</strong></span> <span class='ocrx_word' id='word_1_616' title='bbox 1043 1319 1243 1356; x_wconf 75' lang='lat' dir='ltr'><strong>dogmatizant;</strong></span> <span class='ocrx_word' id='word_1_617' title='bbox 1276 1333 1331 1359; x_wconf 90' lang='lat' dir='ltr'><strong>quo</strong></span> <span class='ocrx_word' id='word_1_618' title='bbox 1357 1327 1423 1356; x_wconf 93' lang='lat' dir='ltr'><strong>illud</strong></span> <span class='ocrx_word' id='word_1_619' title='bbox 1448 1331 1650 1362; x_wconf 88' lang='lat' dir='ltr'><strong>evidentissime</strong></span> 
     </span>
    </p>
   </div>
   <div class='ocr_carea' id='block_1_88' title="bbox 867 1365 1646 1413">
    <p class='ocr_par' dir='ltr' id='par_1_88' title="bbox 867 1365 1646 1413">
     <span class='ocr_line' id='line_1_94' title="bbox 867 1365 1646 1413; baseline 0.027 -26"><span class='ocrx_word' id='word_1_620' title='bbox 867 1367 972 1395; x_wconf 76' lang='lat' dir='ltr'><strong>gerant,</strong></span> <span class='ocrx_word' id='word_1_621' title='bbox 1004 1365 1075 1398; x_wconf 90' lang='lat' dir='ltr'><strong>quod</strong></span> <span class='ocrx_word' id='word_1_622' title='bbox 1101 1366 1165 1394; x_wconf 91' lang='lat' dir='ltr'><strong>olim</strong></span> <span class='ocrx_word' id='word_1_623' title='bbox 1193 1376 1208 1395; x_wconf 87' lang='lat' dir='ltr'><strong>a</strong></span> <span class='ocrx_word' id='word_1_624' title='bbox 1235 1369 1289 1398; x_wconf 90' lang='lat' dir='ltr'><strong>Deo</strong></span> <span class='ocrx_word' id='word_1_625' title='bbox 1315 1379 1362 1406; x_wconf 90' lang='lat' dir='ltr'><strong>per</strong></span> <span class='ocrx_word' id='word_1_626' title='bbox 1376 1373 1472 1403; x_wconf 88' lang='lat' dir='ltr'><strong>lsaiam</strong></span> <span class='ocrx_word' id='word_1_627' title='bbox 1488 1379 1646 1413; x_wconf 88' lang='lat' dir='ltr'><strong>prophetam</strong></span> 
     </span>
    </p>
   </div>
   <div class='ocr_carea' id='block_1_89' title="bbox 866 1406 1647 1455">
    <p class='ocr_par' dir='ltr' id='par_1_89' title="bbox 866 1406 1647 1455">
     <span class='ocr_line' id='line_1_95' title="bbox 866 1406 1647 1455; baseline 0.029 -23"><span class='ocrx_word' id='word_1_628' title='bbox 866 1406 894 1433; x_wconf 82' lang='lat' dir='ltr'><strong>in</strong></span> <span class='ocrx_word' id='word_1_629' title='bbox 908 1407 1072 1437; x_wconf 87' lang='lat' dir='ltr'><strong>calumniam</strong></span> <span class='ocrx_word' id='word_1_630' title='bbox 1087 1411 1196 1448; x_wconf 83' lang='lat' dir='ltr'><strong>dicitur,</strong></span> <span class='ocrx_word' id='word_1_631' title='bbox 1211 1415 1236 1442; x_wconf 94' lang='lat' dir='ltr'><strong>id</strong></span> <span class='ocrx_word' id='word_1_632' title='bbox 1264 1422 1324 1445; x_wconf 87' lang='lat' dir='ltr'><strong>est:</strong></span> <span class='ocrx_word' id='word_1_633' title='bbox 1347 1419 1482 1455; x_wconf 80' lang='lat' dir='ltr'><strong>Caupones</strong></span> <span class='ocrx_word' id='word_1_634' title='bbox 1508 1426 1546 1452; x_wconf 82' lang='lat' dir='ltr'><strong>tui</strong></span> <span class='ocrx_word' id='word_1_635' title='bbox 1558 1427 1647 1454; x_wconf 79' lang='lat' dir='ltr'><strong>vinum</strong></span> 
     </span>
    </p>
   </div>
   <div class='ocr_carea' id='block_1_90' title="bbox 866 1455 1645 1501">
    <p class='ocr_par' dir='ltr' id='par_1_90' title="bbox 866 1455 1645 1501">
     <span class='ocr_line' id='line_1_96' title="bbox 866 1455 1645 1501; baseline 0.03 -23"><span class='ocrx_word' id='word_1_636' title='bbox 866 1460 934 1488; x_wconf 78' lang='lat' dir='ltr'><strong>aqua</strong></span> <span class='ocrx_word' id='word_1_637' title='bbox 950 1455 1057 1484; x_wconf 81' lang='lat' dir='ltr'><strong>miscent</strong></span> <span class='ocrx_word' id='word_1_638' title='bbox 1069 1457 1102 1484; x_wconf 83' lang='grc'><strong>⁸⁸.</strong></span> <span class='ocrx_word' id='word_1_639' title='bbox 1119 1457 1153 1485; x_wconf 86' lang='lat' dir='ltr'><strong>Ut</strong></span> <span class='ocrx_word' id='word_1_640' title='bbox 1168 1461 1240 1488; x_wconf 89' lang='lat' dir='ltr'><strong>enim</strong></span> <span class='ocrx_word' id='word_1_641' title='bbox 1254 1470 1385 1498; x_wconf 89' lang='lat' dir='ltr'><strong>apparet,</strong></span> <span class='ocrx_word' id='word_1_642' title='bbox 1414 1472 1440 1495; x_wconf 85' lang='lat' dir='ltr'><strong>et</strong></span> <span class='ocrx_word' id='word_1_643' title='bbox 1461 1469 1506 1497; x_wconf 89' lang='lat' dir='ltr'><strong>isti</strong></span> <span class='ocrx_word' id='word_1_644' title='bbox 1533 1472 1645 1501; x_wconf 83' lang='lat' dir='ltr'><strong>verbum</strong></span> 
     </span>
    </p>
   </div>
   <div class='ocr_carea' id='block_1_91' title="bbox 864 1499 1646 1546">
    <p class='ocr_par' dir='ltr' id='par_1_91' title="bbox 864 1499 1646 1546">
     <span class='ocr_line' id='line_1_97' title="bbox 864 1499 1646 1546; baseline 0.027 -21"><span class='ocrx_word' id='word_1_645' title='bbox 864 1499 985 1528; x_wconf 82' lang='lat' dir='ltr'><strong>veritatis</strong></span> <span class='ocrx_word' id='word_1_646' title='bbox 1014 1509 1166 1537; x_wconf 89' lang='lat' dir='ltr'><strong>cauponum</strong></span> <span class='ocrx_word' id='word_1_647' title='bbox 1200 1514 1276 1536; x_wconf 87' lang='lat' dir='ltr'><strong>more</strong></span> <span class='ocrx_word' id='word_1_648' title='bbox 1303 1511 1503 1546; x_wconf 87' lang='lat' dir='ltr'><strong>adulterando,</strong></span> <span class='ocrx_word' id='word_1_649' title='bbox 1536 1522 1646 1546; x_wconf 87' lang='lat' dir='ltr'><strong>natura-</strong></span> 
     </span>
    </p>
   </div>
   <div class='ocr_carea' id='block_1_92' title="bbox 861 1544 1646 1592">
    <p class='ocr_par' dir='ltr' id='par_1_92' title="bbox 861 1544 1646 1592">
     <span class='ocr_line' id='line_1_98' title="bbox 861 1544 1646 1592; baseline 0.027 -21"><span class='ocrx_word' id='word_1_650' title='bbox 861 1544 914 1572; x_wconf 89' lang='lat' dir='ltr'><strong>lem</strong></span> <span class='ocrx_word' id='word_1_651' title='bbox 941 1547 1098 1576; x_wconf 86' lang='lat' dir='ltr'><strong>dualitatem</strong></span> <span class='ocrx_word' id='word_1_652' title='bbox 1121 1551 1289 1581; x_wconf 86' lang='lat' dir='ltr'><strong>voluntatum</strong></span> <span class='ocrx_word' id='word_1_653' title='bbox 1315 1559 1342 1583; x_wconf 91' lang='lat' dir='ltr'><strong>et</strong></span> <span class='ocrx_word' id='word_1_654' title='bbox 1369 1560 1555 1592; x_wconf 85' lang='lat' dir='ltr'><strong>operationum</strong></span> <span class='ocrx_word' id='word_1_655' title='bbox 1584 1563 1646 1591; x_wconf 81' lang='lat' dir='ltr'><strong>Sal-</strong></span> 
     </span>
    </p>
   </div>
   <div class='ocr_carea' id='block_1_93' title="bbox 863 1592 1643 1642">
    <p class='ocr_par' dir='ltr' id='par_1_93' title="bbox 863 1592 1643 1642">
     <span class='ocr_line' id='line_1_99' title="bbox 863 1592 1643 1642; baseline 0.026 -25"><span class='ocrx_word' id='word_1_656' title='bbox 863 1592 964 1620; x_wconf 90' lang='lat' dir='ltr'><strong>vatoris</strong></span> <span class='ocrx_word' id='word_1_657' title='bbox 977 1595 1064 1622; x_wconf 89' lang='lat' dir='ltr'><strong>nostri</strong></span> <span class='ocrx_word' id='word_1_658' title='bbox 1079 1596 1180 1624; x_wconf 90' lang='lat' dir='ltr'><strong>Christi</strong></span> <span class='ocrx_word' id='word_1_659' title='bbox 1196 1606 1250 1626; x_wconf 91' lang='lat' dir='ltr'><strong>una</strong></span> <span class='ocrx_word' id='word_1_660' title='bbox 1258 1601 1397 1630; x_wconf 77' lang='lat' dir='ltr'><strong>voluntate</strong></span> <span class='ocrx_word' id='word_1_661' title='bbox 1419 1612 1451 1632; x_wconf 87' lang='lat' dir='ltr'><strong>ac</strong></span> <span class='ocrx_word' id='word_1_662' title='bbox 1475 1609 1643 1642; x_wconf 83' lang='lat' dir='ltr'><strong>operatione,</strong></span> 
     </span>
    </p>
   </div>
   <div class='ocr_carea' id='block_1_94' title="bbox 861 1638 1644 1683">
    <p class='ocr_par' dir='ltr' id='par_1_94' title="bbox 861 1638 1644 1683">
     <span class='ocr_line' id='line_1_100' title="bbox 861 1638 1644 1683; baseline 0.026 -19"><span class='ocrx_word' id='word_1_663' title='bbox 861 1645 923 1672; x_wconf 66' lang='lat' dir='ltr'><strong>quae</strong></span> <span class='ocrx_word' id='word_1_664' title='bbox 935 1638 961 1666; x_wconf 94' lang='lat' dir='ltr'><strong>in</strong></span> <span class='ocrx_word' id='word_1_665' title='bbox 978 1639 1036 1674; x_wconf 92' lang='lat' dir='ltr'><strong>ipso</strong></span> <span class='ocrx_word' id='word_1_666' title='bbox 1049 1641 1084 1668; x_wconf 91' lang='lat' dir='ltr'><strong>ab</strong></span> <span class='ocrx_word' id='word_1_667' title='bbox 1106 1643 1240 1673; x_wconf 71' lang='lat' dir='ltr'><strong>haereticis</strong></span> <span class='ocrx_word' id='word_1_668' title='bbox 1256 1647 1301 1681; x_wconf 88' lang='lat' dir='ltr'><strong>qui</strong></span> <span class='ocrx_word' id='word_1_669' title='bbox 1315 1647 1342 1675; x_wconf 92' lang='lat' dir='ltr'><strong>in</strong></span> <span class='ocrx_word' id='word_1_670' title='bbox 1358 1650 1517 1680; x_wconf 82' lang='lat' dir='ltr'><strong>confusione</strong></span> <span class='ocrx_word' id='word_1_671' title='bbox 1530 1661 1562 1682; x_wconf 91' lang='lat' dir='ltr'><strong>ac</strong></span> <span class='ocrx_word' id='word_1_672' title='bbox 1574 1655 1644 1683; x_wconf 89' lang='lat' dir='ltr'><strong>divi-</strong></span> 
     </span>
    </p>
   </div>
   <div class='ocr_carea' id='block_1_95' title="bbox 861 1683 1643 1734">
    <p class='ocr_par' dir='ltr' id='par_1_95' title="bbox 861 1683 1643 1734">
     <span class='ocr_line' id='line_1_101' title="bbox 861 1683 1643 1734; baseline 0.026 -25"><span class='ocrx_word' id='word_1_673' title='bbox 861 1683 938 1710; x_wconf 90' lang='lat' dir='ltr'><strong>sione</strong></span> <span class='ocrx_word' id='word_1_674' title='bbox 955 1692 1001 1711; x_wconf 88' lang='lat' dir='ltr'><strong>seu</strong></span> <span class='ocrx_word' id='word_1_675' title='bbox 1019 1686 1160 1720; x_wconf 88' lang='lat' dir='ltr'><strong>phantasia</strong></span> <span class='ocrx_word' id='word_1_676' title='bbox 1183 1689 1286 1725; x_wconf 85' lang='lat' dir='ltr'><strong>decepti</strong></span> <span class='ocrx_word' id='word_1_677' title='bbox 1307 1698 1380 1727; x_wconf 91' lang='lat' dir='ltr'><strong>sunt,</strong></span> <span class='ocrx_word' id='word_1_678' title='bbox 1405 1695 1487 1731; x_wconf 91' lang='lat' dir='ltr'><strong>impie</strong></span> <span class='ocrx_word' id='word_1_679' title='bbox 1508 1699 1643 1734; x_wconf 78' lang='lat' dir='ltr'><strong>dogmati-</strong></span> 
     </span>
    </p>
   </div>
   <div class='ocr_carea' id='block_1_96' title="bbox 860 1731 1642 1780">
    <p class='ocr_par' dir='ltr' id='par_1_96' title="bbox 860 1731 1642 1780">
     <span class='ocr_line' id='line_1_102' title="bbox 860 1731 1642 1780; baseline 0.027 -26"><span class='ocrx_word' id='word_1_680' title='bbox 860 1732 919 1755; x_wconf 86' lang='lat' dir='ltr'><strong>zata</strong></span> <span class='ocrx_word' id='word_1_681' title='bbox 932 1734 983 1762; x_wconf 89' lang='lat' dir='ltr'><strong>est,</strong></span> <span class='ocrx_word' id='word_1_682' title='bbox 1002 1731 1084 1759; x_wconf 87' lang='lat' dir='ltr'><strong>veluti</strong></span> <span class='ocrx_word' id='word_1_683' title='bbox 1100 1733 1191 1761; x_wconf 91' lang='lat' dir='ltr'><strong>vinum</strong></span> <span class='ocrx_word' id='word_1_684' title='bbox 1203 1743 1273 1770; x_wconf 89' lang='lat' dir='ltr'><strong>aqua</strong></span> <span class='ocrx_word' id='word_1_685' title='bbox 1290 1739 1445 1774; x_wconf 77' lang='lat' dir='ltr'><strong>miscentes,</strong></span> <span class='ocrx_word' id='word_1_686' title='bbox 1458 1748 1586 1780; x_wconf 88' lang='lat' dir='ltr'><strong>utrasque</strong></span> <span class='ocrx_word' id='word_1_687' title='bbox 1597 1754 1642 1774; x_wconf 90' lang='lat' dir='ltr'><strong>se-</strong></span> 
     </span>
    </p>
   </div>
   <div class='ocr_carea' id='block_1_97' title="bbox 858 1774 1642 1821">
    <p class='ocr_par' dir='ltr' id='par_1_97' title="bbox 858 1774 1642 1821">
     <span class='ocr_line' id='line_1_103' title="bbox 858 1774 1642 1821; baseline 0.027 -23"><span class='ocrx_word' id='word_1_688' title='bbox 858 1776 917 1799; x_wconf 85' lang='lat' dir='ltr'><strong>ctas</strong></span> <span class='ocrx_word' id='word_1_689' title='bbox 933 1774 1055 1801; x_wconf 79' lang='lat' dir='ltr'><strong>confiteri</strong></span> <span class='ocrx_word' id='word_1_690' title='bbox 1067 1778 1250 1812; x_wconf 89' lang='lat' dir='ltr'><strong>compellunt;</strong></span> <span class='ocrx_word' id='word_1_691' title='bbox 1273 1785 1345 1816; x_wconf 90' lang='lat' dir='ltr'><strong>quod</strong></span> <span class='ocrx_word' id='word_1_692' title='bbox 1374 1784 1486 1821; x_wconf 88' lang='lat' dir='ltr'><strong>impium</strong></span> <span class='ocrx_word' id='word_1_693' title='bbox 1509 1791 1642 1818; x_wconf 85' lang='lat' dir='ltr'><strong>veraciter</strong></span> 
     </span>
    </p>
   </div>
   <div class='ocr_carea' id='block_1_98' title="bbox 858 1819 1641 1865">
    <p class='ocr_par' dir='ltr' id='par_1_98' title="bbox 858 1819 1641 1865">
     <span class='ocr_line' id='line_1_104' title="bbox 858 1819 1641 1865; baseline 0.028 -22"><span class='ocrx_word' id='word_1_694' title='bbox 858 1823 899 1844; x_wconf 84' lang='lat' dir='ltr'><strong>est</strong></span> <span class='ocrx_word' id='word_1_695' title='bbox 917 1822 945 1845; x_wconf 89' lang='lat' dir='ltr'><strong>et</strong></span> <span class='ocrx_word' id='word_1_696' title='bbox 959 1819 1077 1848; x_wconf 88' lang='lat' dir='ltr'><strong>alienum</strong></span> <span class='ocrx_word' id='word_1_697' title='bbox 1101 1821 1281 1853; x_wconf 68' lang='lat' dir='ltr'><strong>immaculata:</strong></span> <span class='ocrx_word' id='word_1_698' title='bbox 1299 1827 1360 1856; x_wconf 80' lang='lat' dir='ltr'><strong>fidei</strong></span> <span class='ocrx_word' id='word_1_699' title='bbox 1382 1819 1485 1860; x_wconf 73' lang='lat' dir='ltr'><strong>nostrae</strong></span> <span class='ocrx_word' id='word_1_700' title='bbox 1508 1834 1641 1865; x_wconf 81' lang='lat' dir='ltr'><strong>Christia-</strong></span> 
     </span>
    </p>
   </div>
   <div class='ocr_carea' id='block_1_99' title="bbox 857 1866 1638 1912">
    <p class='ocr_par' dir='ltr' id='par_1_99' title="bbox 857 1866 1638 1912">
     <span class='ocr_line' id='line_1_105' title="bbox 857 1866 1638 1912; baseline 0.028 -24"><span class='ocrx_word' id='word_1_701' title='bbox 857 1870 972 1898; x_wconf 91' lang='lat' dir='ltr'><strong>norum;</strong></span> <span class='ocrx_word' id='word_1_702' title='bbox 999 1866 1046 1901; x_wconf 84' lang='lat' dir='ltr'><strong>qui</strong></span> <span class='ocrx_word' id='word_1_703' title='bbox 1062 1874 1096 1894; x_wconf 83' lang='lat' dir='ltr'><strong>ex</strong></span> <span class='ocrx_word' id='word_1_704' title='bbox 1110 1868 1243 1898; x_wconf 89' lang='lat' dir='ltr'><strong>diametro</strong></span> <span class='ocrx_word' id='word_1_705' title='bbox 1260 1872 1386 1902; x_wconf 86' lang='lat' dir='ltr'><strong>similiter</strong></span> <span class='ocrx_word' id='word_1_706' title='bbox 1404 1880 1433 1903; x_wconf 89' lang='lat' dir='ltr'><strong>ut</strong></span> <span class='ocrx_word' id='word_1_707' title='bbox 1460 1885 1638 1912; x_wconf 72' lang='lat' dir='ltr'><strong>praecessores</strong></span> 
     </span>
    </p>
   </div>
   <div class='ocr_carea' id='block_1_100' title="bbox 855 1909 1636 1955">
    <p class='ocr_par' dir='ltr' id='par_1_100' title="bbox 855 1909 1636 1955">
     <span class='ocr_line' id='line_1_106' title="bbox 855 1909 1636 1955; baseline 0.028 -21"><span class='ocrx_word' id='word_1_708' title='bbox 855 1909 899 1935; x_wconf 91' lang='lat' dir='ltr'><strong>sui</strong></span> <span class='ocrx_word' id='word_1_709' title='bbox 912 1910 992 1937; x_wconf 89' lang='lat' dir='ltr'><strong>etiam</strong></span> <span class='ocrx_word' id='word_1_710' title='bbox 1018 1919 1068 1946; x_wconf 89' lang='lat' dir='ltr'><strong>per</strong></span> <span class='ocrx_word' id='word_1_711' title='bbox 1083 1914 1157 1944; x_wconf 87' lang='lat' dir='ltr'><strong>hunc</strong></span> <span class='ocrx_word' id='word_1_712' title='bbox 1186 1924 1202 1945; x_wconf 89' lang='lat' dir='ltr'><strong>a</strong></span> <span class='ocrx_word' id='word_1_713' title='bbox 1230 1918 1342 1947; x_wconf 84' lang='lat' dir='ltr'><strong>veritate</strong></span> <span class='ocrx_word' id='word_1_714' title='bbox 1364 1922 1492 1951; x_wconf 88' lang='lat' dir='ltr'><strong>decidunt</strong></span> <span class='ocrx_word' id='word_1_715' title='bbox 1515 1928 1636 1955; x_wconf 82' lang='lat' dir='ltr'><strong>modum.</strong></span> 
     </span>
    </p>
   </div>
   <div class='ocr_carea' id='block_1_101' title="bbox 856 1953 1683 2001">
    <p class='ocr_par' dir='ltr' id='par_1_101' title="bbox 856 1953 1683 2001">
     <span class='ocr_line' id='line_1_107' title="bbox 856 1953 1683 2001; baseline 0.028 -21"><span class='ocrx_word' id='word_1_716' title='bbox 856 1953 972 1989; x_wconf 63' lang='lat' dir='ltr'><strong>Equale</strong></span> <span class='ocrx_word' id='word_1_717' title='bbox 982 1958 1082 1993; x_wconf 88' lang='lat' dir='ltr'><strong>quippe</strong></span> <span class='ocrx_word' id='word_1_718' title='bbox 1099 1967 1133 1988; x_wconf 81' lang='lat' dir='ltr'><strong>ex</strong></span> <span class='ocrx_word' id='word_1_719' title='bbox 1155 1962 1290 1991; x_wconf 89' lang='lat' dir='ltr'><strong>diametro</strong></span> <span class='ocrx_word' id='word_1_720' title='bbox 1311 1969 1338 1992; x_wconf 89' lang='lat' dir='ltr'><strong>et</strong></span> <span class='ocrx_word' id='word_1_721' title='bbox 1362 1967 1450 1996; x_wconf 86' lang='lat' dir='ltr'><strong>simile</strong></span> <span class='ocrx_word' id='word_1_722' title='bbox 1478 1971 1580 2000; x_wconf 88' lang='lat' dir='ltr'><strong>malum</strong></span> <span class='ocrx_word' id='word_1_723' title='bbox 1596 1979 1638 2001; x_wconf 86' lang='lat' dir='ltr'><strong>est</strong></span> <span class='ocrx_word' id='word_1_724' title='bbox 1675 1966 1683 1974; x_wconf 51' lang='grc'><strong><em>’</em></strong></span> 
     </span>
    </p>
   </div>
   <div class='ocr_carea' id='block_1_102' title="bbox 854 2002 1636 2048">
    <p class='ocr_par' dir='ltr' id='par_1_102' title="bbox 854 2002 1636 2048">
     <span class='ocr_line' id='line_1_108' title="bbox 854 2002 1636 2048; baseline 0.028 -22"><span class='ocrx_word' id='word_1_725' title='bbox 854 2007 916 2027; x_wconf 86' lang='lat' dir='ltr'><strong>eum</strong></span> <span class='ocrx_word' id='word_1_726' title='bbox 934 2002 1059 2032; x_wconf 65' lang='lat' dir='ltr'><strong>hazretiea</strong></span> <span class='ocrx_word' id='word_1_727' title='bbox 1074 2007 1203 2040; x_wconf 89' lang='lat' dir='ltr'><strong>opinione</strong></span> <span class='ocrx_word' id='word_1_728' title='bbox 1218 2014 1359 2044; x_wconf 88' lang='lat' dir='ltr'><strong>paternam</strong></span> <span class='ocrx_word' id='word_1_729' title='bbox 1383 2015 1514 2048; x_wconf 89' lang='lat' dir='ltr'><strong>projicere</strong></span> <span class='ocrx_word' id='word_1_730' title='bbox 1539 2026 1571 2046; x_wconf 89' lang='lat' dir='ltr'><strong>ac</strong></span> <span class='ocrx_word' id='word_1_731' title='bbox 1592 2027 1636 2047; x_wconf 91' lang='lat' dir='ltr'><strong>re-</strong></span> 
     </span>
    </p>
   </div>
   <div class='ocr_carea' id='block_1_103' title="bbox 853 2046 1636 2097">
    <p class='ocr_par' dir='ltr' id='par_1_103' title="bbox 853 2046 1636 2097">
     <span class='ocr_line' id='line_1_109' title="bbox 853 2046 1636 2097; baseline 0.027 -26"><span class='ocrx_word' id='word_1_732' title='bbox 853 2046 970 2079; x_wconf 86' lang='lat' dir='ltr'><strong>probare</strong></span> <span class='ocrx_word' id='word_1_733' title='bbox 984 2050 1185 2085; x_wconf 84' lang='lat' dir='ltr'><strong>orthodoxiam,</strong></span> <span class='ocrx_word' id='word_1_734' title='bbox 1198 2059 1224 2081; x_wconf 89' lang='lat' dir='ltr'><strong>et</strong></span> <span class='ocrx_word' id='word_1_735' title='bbox 1240 2056 1372 2085; x_wconf 89' lang='lat' dir='ltr'><strong>ediverso</strong></span> <span class='ocrx_word' id='word_1_736' title='bbox 1394 2067 1456 2087; x_wconf 90' lang='lat' dir='ltr'><strong>cum</strong></span> <span class='ocrx_word' id='word_1_737' title='bbox 1473 2062 1523 2089; x_wconf 91' lang='lat' dir='ltr'><strong>hac</strong></span> <span class='ocrx_word' id='word_1_738' title='bbox 1535 2065 1636 2097; x_wconf 90' lang='lat' dir='ltr'><strong>pariter</strong></span> 
     </span>
    </p>
   </div>
   <div class='ocr_carea' id='block_1_104' title="bbox 852 2092 1634 2142">
    <p class='ocr_par' dir='ltr' id='par_1_104' title="bbox 852 2092 1634 2142">
     <span class='ocr_line' id='line_1_110' title="bbox 852 2092 1634 2142; baseline 0.023 -24"><span class='ocrx_word' id='word_1_739' title='bbox 852 2096 879 2118; x_wconf 89' lang='lat' dir='ltr'><strong>et</strong></span> <span class='ocrx_word' id='word_1_740' title='bbox 891 2092 962 2120; x_wconf 88' lang='lat' dir='ltr'><strong>illam</strong></span> <span class='ocrx_word' id='word_1_741' title='bbox 979 2095 1100 2123; x_wconf 82' lang='lat' dir='ltr'><strong>confiteri</strong></span> <span class='ocrx_word' id='word_1_742' title='bbox 1112 2102 1139 2124; x_wconf 87' lang='lat' dir='ltr'><strong>et</strong></span> <span class='ocrx_word' id='word_1_743' title='bbox 1159 2101 1324 2133; x_wconf 86' lang='lat' dir='ltr'><strong>approbare:</strong></span> <span class='ocrx_word' id='word_1_744' title='bbox 1352 2102 1418 2136; x_wconf 77' lang='lat' dir='ltr'><strong>Qua:</strong></span> <span class='ocrx_word' id='word_1_745' title='bbox 1433 2106 1502 2132; x_wconf 72' lang='lat' dir='ltr'><strong>enim</strong></span> <span class='ocrx_word' id='word_1_746' title='bbox 1520 2110 1634 2142; x_wconf 80' lang='lat' dir='ltr'><strong>partici-</strong></span> 
     </span>
    </p>
   </div>
   <div class='ocr_carea' id='block_1_105' title="bbox 851 2139 1632 2184">
    <p class='ocr_par' dir='ltr' id='par_1_105' title="bbox 851 2139 1632 2184">
     <span class='ocr_line' id='line_1_111' title="bbox 851 2139 1632 2184; baseline 0.024 -21"><span class='ocrx_word' id='word_1_747' title='bbox 851 2139 924 2172; x_wconf 83' lang='lat' dir='ltr'><strong>patio</strong></span> <span class='ocrx_word' id='word_1_748' title='bbox 935 2139 1051 2173; x_wconf 80' lang='lat' dir='ltr'><strong>justitia:</strong></span> <span class='ocrx_word' id='word_1_749' title='bbox 1065 2148 1090 2169; x_wconf 89' lang='lat' dir='ltr'><strong>et</strong></span> <span class='ocrx_word' id='word_1_750' title='bbox 1107 2144 1242 2179; x_wconf 78' lang='lat' dir='ltr'><strong>iniquitati</strong></span> <span class='ocrx_word' id='word_1_751' title='bbox 1255 2148 1267 2174; x_wconf 83' lang='lat'><strong><em>?</em></strong></span> <span class='ocrx_word' id='word_1_752' title='bbox 1278 2153 1323 2174; x_wconf 84' lang='lat' dir='ltr'><strong>aut</strong></span> <span class='ocrx_word' id='word_1_753' title='bbox 1334 2158 1392 2184; x_wconf 75' lang='lat' dir='ltr'><strong>qua:</strong></span> <span class='ocrx_word' id='word_1_754' title='bbox 1406 2152 1515 2179; x_wconf 75' lang='lat' dir='ltr'><strong>societas</strong></span> <span class='ocrx_word' id='word_1_755' title='bbox 1529 2153 1583 2181; x_wconf 83' lang='lat' dir='ltr'><strong>luci</strong></span> <span class='ocrx_word' id='word_1_756' title='bbox 1597 2157 1632 2182; x_wconf 81' lang='lat' dir='ltr'><strong>ad</strong></span> 
     </span>
    </p>
   </div>
   <div class='ocr_carea' id='block_1_106' title="bbox 852 2184 1631 2234">
    <p class='ocr_par' dir='ltr' id='par_1_106' title="bbox 852 2184 1631 2234">
     <span class='ocr_line' id='line_1_112' title="bbox 852 2184 1631 2234; baseline 0.024 -25"><span class='ocrx_word' id='word_1_757' title='bbox 852 2184 992 2212; x_wconf 73' lang='lat' dir='ltr'><strong>tenebras?</strong></span> <span class='ocrx_word' id='word_1_758' title='bbox 1007 2192 1052 2213; x_wconf 84' lang='lat' dir='ltr'><strong>aut</strong></span> <span class='ocrx_word' id='word_1_759' title='bbox 1063 2196 1122 2222; x_wconf 79' lang='lat' dir='ltr'><strong>qua:</strong></span> <span class='ocrx_word' id='word_1_760' title='bbox 1135 2194 1269 2220; x_wconf 81' lang='lat' dir='ltr'><strong>conventio</strong></span> <span class='ocrx_word' id='word_1_761' title='bbox 1286 2193 1384 2222; x_wconf 76' lang='lat' dir='ltr'><strong>Christi</strong></span> <span class='ocrx_word' id='word_1_762' title='bbox 1398 2197 1433 2222; x_wconf 73' lang='lat' dir='ltr'><strong>ad</strong></span> <span class='ocrx_word' id='word_1_763' title='bbox 1455 2198 1539 2234; x_wconf 70' lang='lat' dir='ltr'><strong>Belial</strong></span> <span class='ocrx_word' id='word_1_764' title='bbox 1550 2201 1563 2226; x_wconf 83' lang='lat'><strong><em>?</em></strong></span> <span class='ocrx_word' id='word_1_765' title='bbox 1585 2207 1631 2228; x_wconf 83' lang='lat' dir='ltr'><strong>aut</strong></span> 
     </span>
    </p>
   </div>
   <div class='ocr_carea' id='block_1_107' title="bbox 849 2233 1630 2274">
    <p class='ocr_par' dir='ltr' id='par_1_107' title="bbox 849 2233 1630 2274">
     <span class='ocr_line' id='line_1_113' title="bbox 849 2233 1630 2274; baseline 0.023 -19"><span class='ocrx_word' id='word_1_766' title='bbox 849 2237 907 2264; x_wconf 73' lang='lat' dir='ltr'><strong>qua:</strong></span> <span class='ocrx_word' id='word_1_767' title='bbox 920 2239 981 2264; x_wconf 82' lang='lat' dir='ltr'><strong>pars</strong></span> <span class='ocrx_word' id='word_1_768' title='bbox 1000 2233 1072 2266; x_wconf 78' lang='lat' dir='ltr'><strong>fideli</strong></span> <span class='ocrx_word' id='word_1_769' title='bbox 1098 2243 1158 2262; x_wconf 84' lang='lat' dir='ltr'><strong>cum</strong></span> <span class='ocrx_word' id='word_1_770' title='bbox 1184 2238 1286 2272; x_wconf 81' lang='lat' dir='ltr'><strong>inﬁdeli</strong></span> <span class='ocrx_word' id='word_1_771' title='bbox 1297 2240 1310 2266; x_wconf 74' lang='grc'><em>2</em></span> <span class='ocrx_word' id='word_1_772' title='bbox 1322 2241 1367 2274; x_wconf 85' lang='lat' dir='ltr'><strong>qui</strong></span> <span class='ocrx_word' id='word_1_773' title='bbox 1382 2246 1469 2268; x_wconf 79' lang='lat' dir='ltr'><strong>mttem</strong></span> <span class='ocrx_word' id='word_1_774' title='bbox 1490 2252 1630 2273; x_wconf 69' lang='lat' dir='ltr'><strong>consensus</strong></span> 
     </span>
    </p>
   </div>
   <div class='ocr_carea' id='block_1_108' title="bbox 849 2277 1630 2325">
    <p class='ocr_par' dir='ltr' id='par_1_108' title="bbox 849 2277 1630 2325">
     <span class='ocr_line' id='line_1_114' title="bbox 849 2277 1630 2325; baseline 0.022 -23"><span class='ocrx_word' id='word_1_775' title='bbox 849 2277 944 2312; x_wconf 83' lang='lat' dir='ltr'><strong>templo</strong></span> <span class='ocrx_word' id='word_1_776' title='bbox 958 2278 1005 2305; x_wconf 81' lang='lat' dir='ltr'><strong>Dei</strong></span> <span class='ocrx_word' id='word_1_777' title='bbox 1019 2288 1078 2307; x_wconf 82' lang='lat' dir='ltr'><strong>cum</strong></span> <span class='ocrx_word' id='word_1_778' title='bbox 1089 2282 1166 2309; x_wconf 80' lang='lat' dir='ltr'><strong>idolis</strong></span> <span class='ocrx_word' id='word_1_779' title='bbox 1179 2284 1222 2311; x_wconf 71' lang='grc'><strong>⁸⁸9</strong></span> <span class='ocrx_word' id='word_1_780' title='bbox 1239 2285 1353 2325; x_wconf 66' lang='lat' dir='ltr'><strong>divinus</strong></span> <span class='ocrx_word' id='word_1_781' title='bbox 1363 2287 1401 2314; x_wconf 85' lang='lat' dir='ltr'><strong>ait</strong></span> <span class='ocrx_word' id='word_1_782' title='bbox 1413 2288 1570 2323; x_wconf 87' lang='lat' dir='ltr'><strong>Apostolus.</strong></span> <span class='ocrx_word' id='word_1_783' title='bbox 1586 2291 1630 2319; x_wconf 85' lang='lat' dir='ltr'><strong>ln-</strong></span> 
     </span>
    </p>
   </div>
   <div class='ocr_carea' id='block_1_109' title="bbox 848 2328 1626 2368">
    <p class='ocr_par' dir='ltr' id='par_1_109' title="bbox 848 2328 1626 2368">
     <span class='ocr_line' id='line_1_115' title="bbox 848 2328 1626 2368; baseline 0.021 -18"><span class='ocrx_word' id='word_1_784' title='bbox 848 2331 929 2357; x_wconf 83' lang='lat' dir='ltr'><strong>quam</strong></span> <span class='ocrx_word' id='word_1_785' title='bbox 946 2333 1011 2353; x_wconf 90' lang='lat' dir='ltr'><strong>vero</strong></span> <span class='ocrx_word' id='word_1_786' title='bbox 1025 2331 1052 2354; x_wconf 90' lang='lat' dir='ltr'><strong>et</strong></span> <span class='ocrx_word' id='word_1_787' title='bbox 1077 2328 1151 2362; x_wconf 89' lang='lat' dir='ltr'><strong>ipse:</strong></span> <span class='ocrx_word' id='word_1_788' title='bbox 1167 2330 1232 2363; x_wconf 74' lang='lat' dir='ltr'><strong>Quae</strong></span> <span class='ocrx_word' id='word_1_789' title='bbox 1247 2333 1427 2368; x_wconf 88' lang='lat' dir='ltr'><strong>participatio,</strong></span> <span class='ocrx_word' id='word_1_790' title='bbox 1444 2336 1485 2363; x_wconf 90' lang='lat' dir='ltr'><strong>vel</strong></span> <span class='ocrx_word' id='word_1_791' title='bbox 1503 2345 1626 2366; x_wconf 90' lang='lat' dir='ltr'><strong>commu-</strong></span> 
     </span>
    </p>
   </div>
   <div class='ocr_carea' id='block_1_110' title="bbox 848 2369 1629 2417">
    <p class='ocr_par' dir='ltr' id='par_1_110' title="bbox 848 2369 1629 2417">
     <span class='ocr_line' id='line_1_116' title="bbox 848 2369 1629 2417; baseline 0.02 -22"><span class='ocrx_word' id='word_1_792' title='bbox 848 2369 958 2403; x_wconf 89' lang='lat' dir='ltr'><strong>nicatio,</strong></span> <span class='ocrx_word' id='word_1_793' title='bbox 975 2374 1128 2407; x_wconf 85' lang='lat' dir='ltr'><strong>conventio,</strong></span> <span class='ocrx_word' id='word_1_794' title='bbox 1150 2381 1197 2402; x_wconf 88' lang='lat' dir='ltr'><strong>aut</strong></span> <span class='ocrx_word' id='word_1_795' title='bbox 1208 2384 1280 2411; x_wconf 85' lang='lat' dir='ltr'><strong>pars,</strong></span> <span class='ocrx_word' id='word_1_796' title='bbox 1293 2383 1338 2405; x_wconf 89' lang='lat' dir='ltr'><strong>aut</strong></span> <span class='ocrx_word' id='word_1_797' title='bbox 1349 2387 1498 2409; x_wconf 88' lang='lat' dir='ltr'><strong>consensus</strong></span> <span class='ocrx_word' id='word_1_798' title='bbox 1510 2387 1629 2417; x_wconf 71' lang='lat' dir='ltr'><strong>paternae</strong></span> 
     </span>
    </p>
   </div>
   <div class='ocr_carea' id='block_1_111' title="bbox 847 2416 1627 2463">
    <p class='ocr_par' dir='ltr' id='par_1_111' title="bbox 847 2416 1627 2463">
     <span class='ocr_line' id='line_1_117' title="bbox 847 2416 1627 2463; baseline 0.022 -22"><span class='ocrx_word' id='word_1_799' title='bbox 847 2416 1023 2451; x_wconf 66' lang='lat' dir='ltr'><strong>orthodoxiaa,</strong></span> <span class='ocrx_word' id='word_1_800' title='bbox 1040 2419 1074 2446; x_wconf 90' lang='lat' dir='ltr'><strong>ad</strong></span> <span class='ocrx_word' id='word_1_801' title='bbox 1104 2428 1219 2456; x_wconf 89' lang='lat' dir='ltr'><strong>nequam</strong></span> <span class='ocrx_word' id='word_1_802' title='bbox 1241 2423 1429 2453; x_wconf 67' lang='lat' dir='ltr'><strong>haereticorum</strong></span> <span class='ocrx_word' id='word_1_803' title='bbox 1459 2428 1627 2463; x_wconf 83' lang='lat' dir='ltr'><strong>opinionem,</strong></span> 
     </span>
    </p>
   </div>
   <div class='ocr_carea' id='block_1_112' title="bbox 846 2464 1628 2510">
    <p class='ocr_par' dir='ltr' id='par_1_112' title="bbox 846 2464 1628 2510">
     <span class='ocr_line' id='line_1_118' title="bbox 846 2464 1628 2510; baseline 0.022 -23"><span class='ocrx_word' id='word_1_804' title='bbox 846 2466 876 2488; x_wconf 86' lang='lat' dir='ltr'><strong>ut</strong></span> <span class='ocrx_word' id='word_1_805' title='bbox 885 2468 946 2489; x_wconf 88' lang='lat' dir='ltr'><strong>cum</strong></span> <span class='ocrx_word' id='word_1_806' title='bbox 960 2464 1042 2492; x_wconf 88' lang='lat' dir='ltr'><strong>altera</strong></span> <span class='ocrx_word' id='word_1_807' title='bbox 1055 2465 1137 2493; x_wconf 88' lang='lat' dir='ltr'><strong>altera</strong></span> <span class='ocrx_word' id='word_1_808' title='bbox 1147 2469 1316 2502; x_wconf 60' lang='lat' dir='ltr'><strong>pradicetur,</strong></span> <span class='ocrx_word' id='word_1_809' title='bbox 1325 2471 1366 2498; x_wconf 90' lang='lat' dir='ltr'><strong>vel</strong></span> <span class='ocrx_word' id='word_1_810' title='bbox 1375 2473 1455 2499; x_wconf 82' lang='lat' dir='ltr'><strong>etiam</strong></span> <span class='ocrx_word' id='word_1_811' title='bbox 1464 2478 1628 2510; x_wconf 76' lang='lat' dir='ltr'><strong>respuatur?</strong></span> 
     </span>
    </p>
   </div>
   <div class='ocr_carea' id='block_1_113' title="bbox 885 2507 1626 2556">
    <p class='ocr_par' dir='ltr' id='par_1_113' title="bbox 885 2507 1626 2556">
     <span class='ocr_line' id='line_1_119' title="bbox 885 2507 1626 2556; baseline 0.02 -22"><span class='ocrx_word' id='word_1_812' title='bbox 885 2516 895 2533; x_wconf 75' lang='grc' dir='ltr'>ι</span> <span class='ocrx_word' id='word_1_813' title='bbox 921 2507 987 2537; x_wconf 87' lang='lat' dir='ltr'><strong>Vlll.</strong></span> <span class='ocrx_word' id='word_1_814' title='bbox 1002 2509 1034 2537; x_wconf 85' lang='lat' dir='ltr'><strong>Et</strong></span> <span class='ocrx_word' id='word_1_815' title='bbox 1048 2511 1100 2539; x_wconf 84' lang='lat' dir='ltr'><strong>hoc</strong></span> <span class='ocrx_word' id='word_1_816' title='bbox 1112 2519 1221 2548; x_wconf 87' lang='lat' dir='ltr'><strong>quoque</strong></span> <span class='ocrx_word' id='word_1_817' title='bbox 1237 2515 1380 2551; x_wconf 78' lang='lat' dir='ltr'><strong>diligenter</strong></span> <span class='ocrx_word' id='word_1_818' title='bbox 1396 2507 1547 2553; x_wconf 82' lang='lat' dir='ltr'><strong>intendant,</strong></span> <span class='ocrx_word' id='word_1_819' title='bbox 1561 2522 1626 2556; x_wconf 71' lang='lat' dir='ltr'><strong>quia</strong></span> 
     </span>
    </p>
   </div>
   <div class='ocr_carea' id='block_1_114' title="bbox 876 2693 1250 2735">
    <p class='ocr_par' dir='ltr' id='par_1_114' title="bbox 876 2693 1250 2735">
     <span class='ocr_line' id='line_1_120' title="bbox 876 2693 1250 2735; baseline 0.024 -14"><span class='ocrx_word' id='word_1_820' title='bbox 876 2693 932 2735; x_wconf 63' lang='grc'><strong>(61)</strong></span> <span class='ocrx_word' id='word_1_821' title='bbox 944 2696 1054 2735; x_wconf 69' lang='lat' dir='ltr'><strong>constat</strong></span> <span class='ocrx_word' id='word_1_822' title='bbox 1118 2701 1250 2735; x_wconf 80' lang='lat' dir='ltr'><strong>possibile.</strong></span> 
     </span>
    </p>
   </div>
   <div class='ocr_carea' id='block_1_115' title="bbox 841 2731 1270 2769">
    <p class='ocr_par' dir='ltr' id='par_1_115' title="bbox 841 2731 1270 2769">
     <span class='ocr_line' id='line_1_121' title="bbox 841 2731 1270 2769; baseline 0.021 -13"><span class='ocrx_word' id='word_1_823' title='bbox 841 2731 1004 2762; x_wconf 83' lang='lat' dir='ltr'><strong>substantia,</strong></span> <span class='ocrx_word' id='word_1_824' title='bbox 1023 2739 1064 2760; x_wconf 88' lang='lat' dir='ltr'><strong>est</strong></span> <span class='ocrx_word' id='word_1_825' title='bbox 1078 2731 1216 2769; x_wconf 56' lang='lat' dir='ltr'><strong>poésiltile.</strong></span> <span class='ocrx_word' id='word_1_826' title='bbox 1231 2739 1270 2765; x_wconf 82' lang='lat' dir='ltr'><strong>in.</strong></span> 
     </span>
    </p>
   </div>
   <div class='ocr_carea' id='block_1_116' title="bbox 876 2776 1449 2813">
    <p class='ocr_par' dir='ltr' id='par_1_116' title="bbox 876 2776 1449 2813">
     <span class='ocr_line' id='line_1_122' title="bbox 876 2776 1449 2813; baseline 0.021 -11"><span class='ocrx_word' id='word_1_827' title='bbox 876 2776 932 2811; x_wconf 75' lang='lat'><strong>(62)</strong></span> <span class='ocrx_word' id='word_1_828' title='bbox 947 2776 980 2803; x_wconf 87' lang='lat' dir='ltr'><strong>Et</strong></span> <span class='ocrx_word' id='word_1_829' title='bbox 994 2781 1154 2808; x_wconf 66' lang='lat' dir='ltr'><strong>necessitate.</strong></span> <span class='ocrx_word' id='word_1_830' title='bbox 1175 2781 1213 2809; x_wconf 84' lang='lat' dir='ltr'><strong>Ex</strong></span> <span class='ocrx_word' id='word_1_831' title='bbox 1228 2787 1398 2813; x_wconf 76' lang='lat' dir='ltr'><strong>necessitate.</strong></span> <span class='ocrx_word' id='word_1_832' title='bbox 1412 2786 1449 2813; x_wconf 89' lang='lat' dir='ltr'><strong>In.</strong></span> 
     </span>
    </p>
   </div>
   <div class='ocr_carea' id='block_1_117' title="bbox 877 2822 1438 2862">
    <p class='ocr_par' dir='ltr' id='par_1_117' title="bbox 877 2822 1438 2862">
     <span class='ocr_line' id='line_1_123' title="bbox 877 2822 1438 2862; baseline 0.021 -14"><span class='ocrx_word' id='word_1_833' title='bbox 877 2822 932 2857; x_wconf 74' lang='lat'><strong>(63)</strong></span> <span class='ocrx_word' id='word_1_834' title='bbox 946 2823 1028 2858; x_wconf 64' lang='lat' dir='ltr'><strong>Cujus</strong></span> <span class='ocrx_word' id='word_1_835' title='bbox 1044 2833 1107 2853; x_wconf 71' lang='lat' dir='ltr'><strong>esse.</strong></span> <span class='ocrx_word' id='word_1_836' title='bbox 1122 2827 1207 2862; x_wconf 86' lang='lat' dir='ltr'><strong>Cujus</strong></span> <span class='ocrx_word' id='word_1_837' title='bbox 1223 2831 1305 2859; x_wconf 82' lang='lat' dir='ltr'><strong>relint</strong></span> <span class='ocrx_word' id='word_1_838' title='bbox 1319 2839 1387 2859; x_wconf 81' lang='lat' dir='ltr'><strong>csse.</strong></span> <span class='ocrx_word' id='word_1_839' title='bbox 1403 2832 1438 2860; x_wconf 82' lang='lat' dir='ltr'><strong>In.</strong></span> 
     </span>
    </p>
   </div>
   <div class='ocr_carea' id='block_1_118' title="bbox 1282 2703 1624 2744">
    <p class='ocr_par' dir='ltr' id='par_1_118' title="bbox 1282 2703 1624 2744">
     <span class='ocr_line' id='line_1_124' title="bbox 1282 2703 1624 2744; baseline 0.02 -13"><span class='ocrx_word' id='word_1_840' title='bbox 1282 2703 1414 2733; x_wconf 88' lang='lat' dir='ltr'><strong>Constare</strong></span> <span class='ocrx_word' id='word_1_841' title='bbox 1434 2707 1493 2735; x_wconf 82' lang='lat' dir='ltr'><strong>sine</strong></span> <span class='ocrx_word' id='word_1_842' title='bbox 1505 2709 1624 2744; x_wconf 65' lang='lat' dir='ltr'><strong>quadam</strong></span> 
     </span>
    </p>
   </div>
  </div>
