  <div class='ocr_page' id='page_1' title='image "/cluster/home/n/w/nwhite01/storage/ocr_20150623/10/njp.32101077772406/467.png"; bbox 0 0 1856 3050; ppageno 0'>
   <div class='ocr_carea' id='block_1_1' title="bbox 210 82 262 109">
    <p class='ocr_par' dir='ltr' id='par_1_1' title="bbox 210 82 262 109">
     <span class='ocr_line' id='line_1_1' title="bbox 210 82 262 109; baseline -0.019 0"><span class='ocrx_word' id='word_1_1' title='bbox 210 82 262 109; x_wconf 59' lang='grc' dir='ltr'><strong>8η</strong></span> 
     </span>
    </p>
   </div>
   <div class='ocr_carea' id='block_1_2' title="bbox 536 73 1507 108">
    <p class='ocr_par' dir='ltr' id='par_1_2' title="bbox 536 73 1507 108">
     <span class='ocr_line' id='line_1_2' title="bbox 536 73 1507 108; baseline 0 -1"><span class='ocrx_word' id='word_1_2' title='bbox 536 80 564 108; x_wconf 89' lang='lat' dir='ltr'><strong>S.</strong></span> <span class='ocrx_word' id='word_1_3' title='bbox 585 78 765 106; x_wconf 71' lang='lat' dir='ltr'><strong>illPPOLYTl</strong></span> <span class='ocrx_word' id='word_1_4' title='bbox 785 78 858 106; x_wconf 86' lang='lat' dir='ltr'><strong>OPP.</strong></span> <span class='ocrx_word' id='word_1_5' title='bbox 880 78 970 106; x_wconf 77' lang='lat' dir='ltr'><strong>PARS</strong></span> <span class='ocrx_word' id='word_1_6' title='bbox 989 78 1022 106; x_wconf 93' lang='lat' dir='ltr'><strong>ll.</strong></span> <span class='ocrx_word' id='word_1_7' title='bbox 1043 94 1076 99; x_wconf 98' lang='lat'>—</span> <span class='ocrx_word' id='word_1_8' title='bbox 1096 73 1244 106; x_wconf 78' lang='lat' dir='ltr'><strong>DOGMA&#39;I‘.</strong></span> <span class='ocrx_word' id='word_1_9' title='bbox 1266 79 1309 106; x_wconf 84' lang='lat' dir='ltr'><strong>ET</strong></span> <span class='ocrx_word' id='word_1_10' title='bbox 1329 79 1507 107; x_wconf 76' lang='lat' dir='ltr'><strong>lllSTORlC.‘</strong></span> 
     </span>
    </p>
   </div>
   <div class='ocr_carea' id='block_1_3' title="bbox 1781 79 1828 105">
    <p class='ocr_par' dir='ltr' id='par_1_3' title="bbox 1781 79 1828 105">
     <span class='ocr_line' id='line_1_3' title="bbox 1781 79 1828 105; baseline 0 0"><span class='ocrx_word' id='word_1_11' title='bbox 1781 79 1828 105; x_wconf 71' lang='lat' dir='ltr'><strong>Sis</strong></span> 
     </span>
    </p>
   </div>
   <div class='ocr_carea' id='block_1_4' title="bbox 210 139 1827 177">
    <p class='ocr_par' dir='ltr' id='par_1_4' title="bbox 210 139 1827 177">
     <span class='ocr_line' id='line_1_4' title="bbox 210 139 1827 177; baseline -0.002 -9"><span class='ocrx_word' id='word_1_12' title='bbox 210 142 233 168; x_wconf 89' lang='lat' dir='ltr'><strong>si</strong></span> <span class='ocrx_word' id='word_1_13' title='bbox 249 140 477 177; x_wconf 90' lang='lat' dir='ltr'><strong>quemadmodum</strong></span> <span class='ocrx_word' id='word_1_14' title='bbox 493 147 606 175; x_wconf 83' lang='lat' dir='ltr'><strong>magnus</strong></span> <span class='ocrx_word' id='word_1_15' title='bbox 623 140 656 167; x_wconf 90' lang='lat' dir='ltr'><strong>ab</strong></span> <span class='ocrx_word' id='word_1_16' title='bbox 672 139 874 167; x_wconf 70' lang='lat' dir='ltr'><strong>immortalitate</strong></span> <span class='ocrx_word' id='word_1_17' title='bbox 887 146 988 174; x_wconf 78' lang='lat' dir='ltr'><strong>cogno—</strong></span> <span class='ocrx_word' id='word_1_18' title='bbox 1003 142 1025 170; x_wconf 80' lang='grc' dir='ltr'><strong>Α</strong></span> <span class='ocrx_word' id='word_1_19' title='bbox 1041 145 1157 167; x_wconf 76' lang='lat' dir='ltr'><strong>creatam</strong></span> <span class='ocrx_word' id='word_1_20' title='bbox 1167 140 1588 174; x_wconf 70' lang='lat' dir='ltr'><strong>etcrratam,sineinceptioneet</strong></span> <span class='ocrx_word' id='word_1_21' title='bbox 1596 139 1827 174; x_wconf 69' lang='lat' dir='ltr'><strong>euminceptiono,</strong></span> 
     </span>
    </p>
   </div>
   <div class='ocr_carea' id='block_1_5' title="bbox 211 185 993 222">
    <p class='ocr_par' dir='ltr' id='par_1_5' title="bbox 211 185 993 222">
     <span class='ocr_line' id='line_1_5' title="bbox 211 185 993 222; baseline 0 -8"><span class='ocrx_word' id='word_1_22' title='bbox 211 188 331 215; x_wconf 89' lang='lat' dir='ltr'><strong>minatus</strong></span> <span class='ocrx_word' id='word_1_23' title='bbox 346 186 413 222; x_wconf 68' lang='lat'><strong>(64),</strong></span> <span class='ocrx_word' id='word_1_24' title='bbox 428 188 483 213; x_wconf 90' lang='lat' dir='ltr'><strong>imo</strong></span> <span class='ocrx_word' id='word_1_25' title='bbox 498 193 562 213; x_wconf 88' lang='lat' dir='ltr'><strong>vero</strong></span> <span class='ocrx_word' id='word_1_26' title='bbox 578 190 691 213; x_wconf 88' lang='lat' dir='ltr'><strong>cunctus</strong></span> <span class='ocrx_word' id='word_1_27' title='bbox 713 189 870 213; x_wconf 89' lang='lat' dir='ltr'><strong>sanctorum</strong></span> <span class='ocrx_word' id='word_1_28' title='bbox 892 185 993 214; x_wconf 83' lang='lat' dir='ltr'><strong>chorus</strong></span> 
     </span>
    </p>
   </div>
   <div class='ocr_carea' id='block_1_6' title="bbox 211 230 994 267">
    <p class='ocr_par' dir='ltr' id='par_1_6' title="bbox 211 230 994 267">
     <span class='ocr_line' id='line_1_6' title="bbox 211 230 994 267; baseline -0.004 -7"><span class='ocrx_word' id='word_1_29' title='bbox 211 233 334 265; x_wconf 88' lang='lat' dir='ltr'><strong>afﬁrmat,</strong></span> <span class='ocrx_word' id='word_1_30' title='bbox 349 232 421 267; x_wconf 91' lang='lat' dir='ltr'><strong>quod</strong></span> <span class='ocrx_word' id='word_1_31' title='bbox 442 239 509 267; x_wconf 86' lang='lat' dir='ltr'><strong>pene</strong></span> <span class='ocrx_word' id='word_1_32' title='bbox 527 231 592 258; x_wconf 87' lang='lat' dir='ltr'><strong>ﬁdes</strong></span> <span class='ocrx_word' id='word_1_33' title='bbox 603 231 753 258; x_wconf 77' lang='lat' dir='ltr'><strong>Salvatoris</strong></span> <span class='ocrx_word' id='word_1_34' title='bbox 767 230 853 259; x_wconf 92' lang='lat' dir='ltr'><strong>nostri</strong></span> <span class='ocrx_word' id='word_1_35' title='bbox 875 238 928 257; x_wconf 91' lang='lat' dir='ltr'><strong>non</strong></span> <span class='ocrx_word' id='word_1_36' title='bbox 949 230 994 257; x_wconf 83' lang='lat' dir='ltr'><strong>ad-</strong></span> 
     </span>
    </p>
   </div>
   <div class='ocr_carea' id='block_1_7' title="bbox 210 276 992 312">
    <p class='ocr_par' dir='ltr' id='par_1_7' title="bbox 210 276 992 312">
     <span class='ocr_line' id='line_1_7' title="bbox 210 276 992 312; baseline -0.004 -6"><span class='ocrx_word' id='word_1_37' title='bbox 210 279 308 312; x_wconf 90' lang='lat' dir='ltr'><strong>mittat,</strong></span> <span class='ocrx_word' id='word_1_38' title='bbox 324 286 386 306; x_wconf 90' lang='lat' dir='ltr'><strong>eum</strong></span> <span class='ocrx_word' id='word_1_39' title='bbox 405 278 457 305; x_wconf 92' lang='lat' dir='ltr'><strong>hoc</strong></span> <span class='ocrx_word' id='word_1_40' title='bbox 473 277 597 304; x_wconf 85' lang='lat' dir='ltr'><strong>instabile</strong></span> <span class='ocrx_word' id='word_1_41' title='bbox 607 277 736 312; x_wconf 75' lang='lat' dir='ltr'><strong>quiddam</strong></span> <span class='ocrx_word' id='word_1_42' title='bbox 749 276 898 304; x_wconf 89' lang='lat' dir='ltr'><strong>secundum</strong></span> <span class='ocrx_word' id='word_1_43' title='bbox 914 283 992 304; x_wconf 85' lang='lat' dir='ltr'><strong>suam</strong></span> 
     </span>
    </p>
   </div>
   <div class='ocr_carea' id='block_1_8' title="bbox 210 322 991 360">
    <p class='ocr_par' dir='ltr' id='par_1_8' title="bbox 210 322 991 360">
     <span class='ocr_line' id='line_1_8' title="bbox 210 322 991 360; baseline -0.004 -8"><span class='ocrx_word' id='word_1_44' title='bbox 210 325 294 360; x_wconf 88' lang='lat' dir='ltr'><strong>ipsius</strong></span> <span class='ocrx_word' id='word_1_45' title='bbox 308 325 440 352; x_wconf 88' lang='lat' dir='ltr'><strong>rationem</strong></span> <span class='ocrx_word' id='word_1_46' title='bbox 454 324 577 351; x_wconf 77' lang='lat' dir='ltr'><strong>exsistat.</strong></span> <span class='ocrx_word' id='word_1_47' title='bbox 591 322 668 355; x_wconf 85' lang='lat' dir='ltr'><strong>Quod</strong></span> <span class='ocrx_word' id='word_1_48' title='bbox 683 323 705 349; x_wconf 84' lang='lat' dir='ltr'><strong>si</strong></span> <span class='ocrx_word' id='word_1_49' title='bbox 720 322 772 350; x_wconf 90' lang='lat' dir='ltr'><strong>hoc</strong></span> <span class='ocrx_word' id='word_1_50' title='bbox 795 322 878 350; x_wconf 85' lang='lat' dir='ltr'><strong>fuerit</strong></span> <span class='ocrx_word' id='word_1_51' title='bbox 899 329 991 358; x_wconf 88' lang='lat' dir='ltr'><strong>passa,</strong></span> 
     </span>
    </p>
   </div>
   <div class='ocr_carea' id='block_1_9' title="bbox 209 367 993 405">
    <p class='ocr_par' dir='ltr' id='par_1_9' title="bbox 209 367 993 405">
     <span class='ocr_line' id='line_1_9' title="bbox 209 367 993 405; baseline -0.003 -7"><span class='ocrx_word' id='word_1_52' title='bbox 209 370 317 405; x_wconf 82' lang='lat' dir='ltr'><strong>etquod</strong></span> <span class='ocrx_word' id='word_1_53' title='bbox 333 369 394 397; x_wconf 84' lang='lat' dir='ltr'><strong>huic</strong></span> <span class='ocrx_word' id='word_1_54' title='bbox 405 373 446 397; x_wconf 84' lang='lat' dir='ltr'><strong>est</strong></span> <span class='ocrx_word' id='word_1_55' title='bbox 466 369 633 397; x_wconf 86' lang='lat' dir='ltr'><strong>contrarium</strong></span> <span class='ocrx_word' id='word_1_56' title='bbox 663 368 757 403; x_wconf 87' lang='lat' dir='ltr'><strong>procul</strong></span> <span class='ocrx_word' id='word_1_57' title='bbox 776 367 858 395; x_wconf 88' lang='lat' dir='ltr'><strong>dubio</strong></span> <span class='ocrx_word' id='word_1_58' title='bbox 875 369 993 396; x_wconf 87' lang='lat' dir='ltr'><strong>sustine-</strong></span> 
     </span>
    </p>
   </div>
   <div class='ocr_carea' id='block_1_10' title="bbox 208 414 992 453">
    <p class='ocr_par' dir='ltr' id='par_1_10' title="bbox 208 414 992 453">
     <span class='ocr_line' id='line_1_10' title="bbox 208 414 992 453; baseline -0.004 -9"><span class='ocrx_word' id='word_1_59' title='bbox 208 417 257 448; x_wconf 87' lang='lat' dir='ltr'><strong>bit,</strong></span> <span class='ocrx_word' id='word_1_60' title='bbox 283 416 495 444; x_wconf 79' lang='lat' dir='ltr'><strong>additamentum</strong></span> <span class='ocrx_word' id='word_1_61' title='bbox 522 415 636 448; x_wconf 75' lang='lat' dir='ltr'><strong>scilicet,</strong></span> <span class='ocrx_word' id='word_1_62' title='bbox 656 419 683 441; x_wconf 89' lang='lat' dir='ltr'><strong>et</strong></span> <span class='ocrx_word' id='word_1_63' title='bbox 708 414 846 453; x_wconf 81' lang='lat' dir='ltr'><strong>quomodo</strong></span> <span class='ocrx_word' id='word_1_64' title='bbox 872 414 992 442; x_wconf 88' lang='lat' dir='ltr'><strong>manebit</strong></span> 
     </span>
    </p>
   </div>
   <div class='ocr_carea' id='block_1_11' title="bbox 208 460 993 496">
    <p class='ocr_par' dir='ltr' id='par_1_11' title="bbox 208 460 993 496">
     <span class='ocr_line' id='line_1_11' title="bbox 208 460 993 496; baseline -0.005 -5"><span class='ocrx_word' id='word_1_65' title='bbox 208 463 321 491; x_wconf 87' lang='lat' dir='ltr'><strong>ulterius</strong></span> <span class='ocrx_word' id='word_1_66' title='bbox 334 462 401 490; x_wconf 87' lang='lat' dir='ltr'><strong>ﬁdes</strong></span> <span class='ocrx_word' id='word_1_67' title='bbox 422 462 569 489; x_wconf 80' lang='lat' dir='ltr'><strong>defectibus</strong></span> <span class='ocrx_word' id='word_1_68' title='bbox 584 468 616 488; x_wconf 88' lang='lat' dir='ltr'><strong>ac</strong></span> <span class='ocrx_word' id='word_1_69' title='bbox 641 460 807 496; x_wconf 82' lang='lat' dir='ltr'><strong>profectibus</strong></span> <span class='ocrx_word' id='word_1_70' title='bbox 828 460 993 488; x_wconf 83' lang='lat' dir='ltr'><strong>immutata?</strong></span> 
     </span>
    </p>
   </div>
   <div class='ocr_carea' id='block_1_12' title="bbox 208 505 992 543">
    <p class='ocr_par' dir='ltr' id='par_1_12' title="bbox 208 505 992 543">
     <span class='ocr_line' id='line_1_12' title="bbox 208 505 992 543; baseline -0.003 -7"><span class='ocrx_word' id='word_1_71' title='bbox 208 509 314 541; x_wconf 84' lang='lat' dir='ltr'><strong>Dicant,</strong></span> <span class='ocrx_word' id='word_1_72' title='bbox 331 509 429 543; x_wconf 84' lang='lat' dir='ltr'><strong>inquit,</strong></span> <span class='ocrx_word' id='word_1_73' title='bbox 457 507 541 541; x_wconf 81' lang='lat' dir='ltr'><strong>nobis,</strong></span> <span class='ocrx_word' id='word_1_74' title='bbox 559 507 603 542; x_wconf 85' lang='lat' dir='ltr'><strong>qui</strong></span> <span class='ocrx_word' id='word_1_75' title='bbox 631 515 676 542; x_wconf 82' lang='lat' dir='ltr'><strong>per</strong></span> <span class='ocrx_word' id='word_1_76' title='bbox 702 505 820 541; x_wconf 71' lang='lat' dir='ltr'><strong>singulos</strong></span> <span class='ocrx_word' id='word_1_77' title='bbox 846 507 900 533; x_wconf 78' lang='lat' dir='ltr'><strong>dies</strong></span> <span class='ocrx_word' id='word_1_78' title='bbox 927 506 992 541; x_wconf 72' lang='lat' dir='ltr'><strong>ﬁdes</strong></span> 
     </span>
    </p>
   </div>
   <div class='ocr_carea' id='block_1_13' title="bbox 208 553 991 588">
    <p class='ocr_par' dir='ltr' id='par_1_13' title="bbox 208 553 991 588">
     <span class='ocr_line' id='line_1_13' title="bbox 208 553 991 588; baseline -0.005 -6"><span class='ocrx_word' id='word_1_79' title='bbox 208 560 308 588; x_wconf 83' lang='lat' dir='ltr'><strong>creant,</strong></span> <span class='ocrx_word' id='word_1_80' title='bbox 326 555 377 581; x_wconf 80' lang='lat' dir='ltr'><strong>imo</strong></span> <span class='ocrx_word' id='word_1_81' title='bbox 387 555 447 581; x_wconf 75' lang='lat' dir='ltr'><strong>deos</strong></span> <span class='ocrx_word' id='word_1_82' title='bbox 464 554 514 580; x_wconf 76' lang='lat' dir='ltr'><strong>sibi</strong></span> <span class='ocrx_word' id='word_1_83' title='bbox 534 553 648 580; x_wconf 79' lang='lat' dir='ltr'><strong>diversos</strong></span> <span class='ocrx_word' id='word_1_84' title='bbox 664 553 775 588; x_wconf 80' lang='lat' dir='ltr'><strong>ﬁngunt,</strong></span> <span class='ocrx_word' id='word_1_85' title='bbox 791 553 916 587; x_wconf 86' lang='lat' dir='ltr'><strong>quoniam</strong></span> <span class='ocrx_word' id='word_1_86' title='bbox 933 561 991 579; x_wconf 78' lang='lat' dir='ltr'><strong>cum</strong></span> 
     </span>
    </p>
   </div>
   <div class='ocr_carea' id='block_1_14' title="bbox 208 597 992 635">
    <p class='ocr_par' dir='ltr' id='par_1_14' title="bbox 208 597 992 635">
     <span class='ocr_line' id='line_1_14' title="bbox 208 597 992 635; baseline -0.004 -8"><span class='ocrx_word' id='word_1_87' title='bbox 208 601 269 635; x_wconf 79' lang='lat' dir='ltr'><strong>ﬁdei</strong></span> <span class='ocrx_word' id='word_1_88' title='bbox 281 600 355 627; x_wconf 84' lang='lat' dir='ltr'><strong>verba</strong></span> <span class='ocrx_word' id='word_1_89' title='bbox 371 604 490 626; x_wconf 83' lang='lat' dir='ltr'><strong>mutatur</strong></span> <span class='ocrx_word' id='word_1_90' title='bbox 506 603 584 634; x_wconf 86' lang='lat' dir='ltr'><strong>atque</strong></span> <span class='ocrx_word' id='word_1_91' title='bbox 607 597 798 632; x_wconf 81' lang='lat' dir='ltr'><strong>multiplicatur</strong></span> <span class='ocrx_word' id='word_1_92' title='bbox 823 606 840 624; x_wconf 87' lang='lat' dir='ltr'><strong>a</strong></span> <span class='ocrx_word' id='word_1_93' title='bbox 855 598 952 624; x_wconf 74' lang='lat' dir='ltr'><strong>talibus</strong></span> <span class='ocrx_word' id='word_1_94' title='bbox 964 597 992 624; x_wconf 80' lang='lat' dir='ltr'><strong>id</strong></span> 
     </span>
    </p>
   </div>
   <div class='ocr_carea' id='block_1_15' title="bbox 207 643 992 682">
    <p class='ocr_par' dir='ltr' id='par_1_15' title="bbox 207 643 992 682">
     <span class='ocr_line' id='line_1_15' title="bbox 207 643 992 682; baseline -0.003 -10"><span class='ocrx_word' id='word_1_95' title='bbox 207 646 276 682; x_wconf 83' lang='lat' dir='ltr'><strong>quod</strong></span> <span class='ocrx_word' id='word_1_96' title='bbox 291 646 416 672; x_wconf 76' lang='lat' dir='ltr'><strong>creditur.</strong></span> <span class='ocrx_word' id='word_1_97' title='bbox 434 644 505 680; x_wconf 78' lang='lat' dir='ltr'><strong>Ergo</strong></span> <span class='ocrx_word' id='word_1_98' title='bbox 519 649 546 672; x_wconf 89' lang='lat' dir='ltr'><strong>et</strong></span> <span class='ocrx_word' id='word_1_99' title='bbox 561 644 710 672; x_wconf 81' lang='lat' dir='ltr'><strong>adversarii</strong></span> <span class='ocrx_word' id='word_1_100' title='bbox 724 644 790 672; x_wconf 92' lang='lat' dir='ltr'><strong>ﬁdes</strong></span> <span class='ocrx_word' id='word_1_101' title='bbox 807 643 858 671; x_wconf 88' lang='lat' dir='ltr'><strong>sibi</strong></span> <span class='ocrx_word' id='word_1_102' title='bbox 875 644 992 671; x_wconf 84' lang='lat' dir='ltr'><strong>conden~</strong></span> 
     </span>
    </p>
   </div>
   <div class='ocr_carea' id='block_1_16' title="bbox 208 690 990 726">
    <p class='ocr_par' dir='ltr' id='par_1_16' title="bbox 208 690 990 726">
     <span class='ocr_line' id='line_1_16' title="bbox 208 690 990 726; baseline -0.004 -6"><span class='ocrx_word' id='word_1_103' title='bbox 208 697 248 720; x_wconf 88' lang='lat' dir='ltr'><strong>tes</strong></span> <span class='ocrx_word' id='word_1_104' title='bbox 259 693 391 724; x_wconf 89' lang='lat' dir='ltr'><strong>diversas,</strong></span> <span class='ocrx_word' id='word_1_105' title='bbox 403 692 506 726; x_wconf 78' lang='lat' dir='ltr'><strong>absque</strong></span> <span class='ocrx_word' id='word_1_106' title='bbox 521 690 595 718; x_wconf 92' lang='lat' dir='ltr'><strong>omni</strong></span> <span class='ocrx_word' id='word_1_107' title='bbox 610 690 823 718; x_wconf 84' lang='lat' dir='ltr'><strong>contradictione</strong></span> <span class='ocrx_word' id='word_1_108' title='bbox 842 691 990 718; x_wconf 78' lang='lat' dir='ltr'><strong>secundum</strong></span> 
     </span>
    </p>
   </div>
   <div class='ocr_carea' id='block_1_17' title="bbox 208 734 990 772">
    <p class='ocr_par' dir='ltr' id='par_1_17' title="bbox 208 734 990 772">
     <span class='ocr_line' id='line_1_17' title="bbox 208 734 990 772; baseline -0.003 -8"><span class='ocrx_word' id='word_1_109' title='bbox 208 738 364 772; x_wconf 88' lang='lat' dir='ltr'><strong>qualitatem</strong></span> <span class='ocrx_word' id='word_1_110' title='bbox 381 740 406 763; x_wconf 89' lang='lat' dir='ltr'><strong>et</strong></span> <span class='ocrx_word' id='word_1_111' title='bbox 418 736 596 771; x_wconf 83' lang='lat' dir='ltr'><strong>quantitatem</strong></span> <span class='ocrx_word' id='word_1_112' title='bbox 614 739 695 770; x_wconf 88' lang='lat' dir='ltr'><strong>atque</strong></span> <span class='ocrx_word' id='word_1_113' title='bbox 710 734 924 762; x_wconf 86' lang='lat' dir='ltr'><strong>immutationem</strong></span> <span class='ocrx_word' id='word_1_114' title='bbox 941 735 990 762; x_wconf 93' lang='lat' dir='ltr'><strong>do-</strong></span> 
     </span>
    </p>
   </div>
   <div class='ocr_carea' id='block_1_18' title="bbox 208 781 991 818">
    <p class='ocr_par' dir='ltr' id='par_1_18' title="bbox 208 781 991 818">
     <span class='ocr_line' id='line_1_18' title="bbox 208 781 991 818; baseline -0.004 -8"><span class='ocrx_word' id='word_1_115' title='bbox 208 787 328 818; x_wconf 78' lang='lat' dir='ltr'><strong>gmatum</strong></span> <span class='ocrx_word' id='word_1_116' title='bbox 345 790 467 815; x_wconf 88' lang='lat' dir='ltr'><strong>suorum,</strong></span> <span class='ocrx_word' id='word_1_117' title='bbox 484 781 630 808; x_wconf 90' lang='lat' dir='ltr'><strong>immutant</strong></span> <span class='ocrx_word' id='word_1_118' title='bbox 654 781 736 808; x_wconf 90' lang='lat' dir='ltr'><strong>simul</strong></span> <span class='ocrx_word' id='word_1_119' title='bbox 759 785 785 808; x_wconf 90' lang='lat' dir='ltr'><strong>et</strong></span> <span class='ocrx_word' id='word_1_120' title='bbox 811 781 991 816; x_wconf 83' lang='lat' dir='ltr'><strong>multiplicant</strong></span> 
     </span>
    </p>
   </div>
   <div class='ocr_carea' id='block_1_19' title="bbox 208 826 989 864">
    <p class='ocr_par' dir='ltr' id='par_1_19' title="bbox 208 826 989 864">
     <span class='ocr_line' id='line_1_19' title="bbox 208 826 989 864; baseline -0.005 -8"><span class='ocrx_word' id='word_1_121' title='bbox 208 829 234 856; x_wconf 91' lang='lat' dir='ltr'><strong>id</strong></span> <span class='ocrx_word' id='word_1_122' title='bbox 251 828 323 864; x_wconf 88' lang='lat' dir='ltr'><strong>quod</strong></span> <span class='ocrx_word' id='word_1_123' title='bbox 335 828 464 859; x_wconf 88' lang='lat' dir='ltr'><strong>creditur,</strong></span> <span class='ocrx_word' id='word_1_124' title='bbox 479 832 506 855; x_wconf 88' lang='lat' dir='ltr'><strong>et</strong></span> <span class='ocrx_word' id='word_1_125' title='bbox 521 827 642 862; x_wconf 85' lang='lat' dir='ltr'><strong>quinque</strong></span> <span class='ocrx_word' id='word_1_126' title='bbox 665 826 791 854; x_wconf 83' lang='lat' dir='ltr'><strong>Christos</strong></span> <span class='ocrx_word' id='word_1_127' title='bbox 805 830 918 854; x_wconf 86' lang='lat' dir='ltr'><strong>eatenus</strong></span> <span class='ocrx_word' id='word_1_128' title='bbox 931 826 989 860; x_wconf 89' lang='lat' dir='ltr'><strong>pla-</strong></span> 
     </span>
    </p>
   </div>
   <div class='ocr_carea' id='block_1_20' title="bbox 208 872 988 908">
    <p class='ocr_par' dir='ltr' id='par_1_20' title="bbox 208 872 988 908">
     <span class='ocr_line' id='line_1_20' title="bbox 208 872 988 908; baseline -0.003 -6"><span class='ocrx_word' id='word_1_129' title='bbox 208 882 312 903; x_wconf 81' lang='lat' dir='ltr'><strong>smasse</strong></span> <span class='ocrx_word' id='word_1_130' title='bbox 325 878 523 902; x_wconf 86' lang='lat' dir='ltr'><strong>monstrantur.</strong></span> <span class='ocrx_word' id='word_1_131' title='bbox 544 873 622 901; x_wconf 83' lang='lat' dir='ltr'><strong>Hunc</strong></span> <span class='ocrx_word' id='word_1_132' title='bbox 636 873 746 908; x_wconf 90' lang='lat' dir='ltr'><strong>quidem</strong></span> <span class='ocrx_word' id='word_1_133' title='bbox 759 880 841 899; x_wconf 83' lang='lat' dir='ltr'><strong>unam</strong></span> <span class='ocrx_word' id='word_1_134' title='bbox 851 872 988 908; x_wconf 80' lang='lat' dir='ltr'><strong>operatio-</strong></span> 
     </span>
    </p>
   </div>
   <div class='ocr_carea' id='block_1_21' title="bbox 166 918 986 956">
    <p class='ocr_par' dir='ltr' id='par_1_21' title="bbox 166 918 986 956">
     <span class='ocr_line' id='line_1_21' title="bbox 166 918 986 956; baseline -0.004 -8"><span class='ocrx_word' id='word_1_135' title='bbox 166 948 170 953; x_wconf 88' lang='lat'><strong><em>_</em></strong></span> <span class='ocrx_word' id='word_1_136' title='bbox 208 928 280 954; x_wconf 88' lang='lat' dir='ltr'><strong>nem,</strong></span> <span class='ocrx_word' id='word_1_137' title='bbox 298 920 373 948; x_wconf 91' lang='lat' dir='ltr'><strong>illum</strong></span> <span class='ocrx_word' id='word_1_138' title='bbox 390 927 454 947; x_wconf 87' lang='lat' dir='ltr'><strong>vero</strong></span> <span class='ocrx_word' id='word_1_139' title='bbox 469 927 519 947; x_wconf 91' lang='lat' dir='ltr'><strong>nec</strong></span> <span class='ocrx_word' id='word_1_140' title='bbox 534 927 616 948; x_wconf 87' lang='lat' dir='ltr'><strong>unam</strong></span> <span class='ocrx_word' id='word_1_141' title='bbox 643 920 838 956; x_wconf 76' lang='lat' dir='ltr'><strong>operationem,</strong></span> <span class='ocrx_word' id='word_1_142' title='bbox 856 922 883 946; x_wconf 87' lang='lat' dir='ltr'><strong>et</strong></span> <span class='ocrx_word' id='word_1_143' title='bbox 903 918 986 945; x_wconf 91' lang='lat' dir='ltr'><strong>alium</strong></span> 
     </span>
    </p>
   </div>
   <div class='ocr_carea' id='block_1_22' title="bbox 208 966 988 1000">
    <p class='ocr_par' dir='ltr' id='par_1_22' title="bbox 208 966 988 1000">
     <span class='ocr_line' id='line_1_22' title="bbox 208 966 988 1000; baseline -0.003 -6"><span class='ocrx_word' id='word_1_144' title='bbox 208 975 290 994; x_wconf 89' lang='lat' dir='ltr'><strong>unam</strong></span> <span class='ocrx_word' id='word_1_145' title='bbox 304 971 481 1000; x_wconf 86' lang='lat' dir='ltr'><strong>voluntatem,</strong></span> <span class='ocrx_word' id='word_1_146' title='bbox 506 971 533 994; x_wconf 87' lang='lat' dir='ltr'><strong>et</strong></span> <span class='ocrx_word' id='word_1_147' title='bbox 558 967 672 994; x_wconf 86' lang='lat' dir='ltr'><strong>alterum</strong></span> <span class='ocrx_word' id='word_1_148' title='bbox 692 974 742 994; x_wconf 88' lang='lat' dir='ltr'><strong>nec</strong></span> <span class='ocrx_word' id='word_1_149' title='bbox 761 973 843 994; x_wconf 91' lang='lat' dir='ltr'><strong>unam</strong></span> <span class='ocrx_word' id='word_1_150' title='bbox 862 966 988 995; x_wconf 78' lang='lat' dir='ltr'><strong>volunta-</strong></span> 
     </span>
    </p>
   </div>
   <div class='ocr_carea' id='block_1_23' title="bbox 207 1013 988 1048">
    <p class='ocr_par' dir='ltr' id='par_1_23' title="bbox 207 1013 988 1048">
     <span class='ocr_line' id='line_1_23' title="bbox 207 1013 988 1048; baseline -0.001 -8"><span class='ocrx_word' id='word_1_151' title='bbox 207 1020 280 1040; x_wconf 88' lang='lat' dir='ltr'><strong>tem:</strong></span> <span class='ocrx_word' id='word_1_152' title='bbox 303 1021 384 1048; x_wconf 85' lang='lat' dir='ltr'><strong>porro</strong></span> <span class='ocrx_word' id='word_1_153' title='bbox 400 1013 523 1048; x_wconf 88' lang='lat' dir='ltr'><strong>quintum</strong></span> <span class='ocrx_word' id='word_1_154' title='bbox 550 1021 630 1041; x_wconf 89' lang='lat' dir='ltr'><strong>uuam</strong></span> <span class='ocrx_word' id='word_1_155' title='bbox 660 1017 688 1041; x_wconf 87' lang='lat' dir='ltr'><strong>et</strong></span> <span class='ocrx_word' id='word_1_156' title='bbox 707 1013 786 1047; x_wconf 90' lang='lat' dir='ltr'><strong>duas,</strong></span> <span class='ocrx_word' id='word_1_157' title='bbox 801 1017 882 1048; x_wconf 87' lang='lat' dir='ltr'><strong>atque</strong></span> <span class='ocrx_word' id='word_1_158' title='bbox 906 1020 988 1040; x_wconf 86' lang='lat' dir='ltr'><strong>unam</strong></span> 
     </span>
    </p>
   </div>
   <div class='ocr_carea' id='block_1_24' title="bbox 207 1054 987 1093">
    <p class='ocr_par' dir='ltr' id='par_1_24' title="bbox 207 1054 987 1093">
     <span class='ocr_line' id='line_1_24' title="bbox 207 1054 987 1093; baseline -0.003 -6"><span class='ocrx_word' id='word_1_159' title='bbox 207 1062 234 1087; x_wconf 87' lang='lat' dir='ltr'><strong>et</strong></span> <span class='ocrx_word' id='word_1_160' title='bbox 247 1059 326 1092; x_wconf 86' lang='lat' dir='ltr'><strong>duas,</strong></span> <span class='ocrx_word' id='word_1_161' title='bbox 339 1059 365 1086; x_wconf 84' lang='lat' dir='ltr'><strong>id</strong></span> <span class='ocrx_word' id='word_1_162' title='bbox 376 1062 417 1086; x_wconf 91' lang='lat' dir='ltr'><strong>est</strong></span> <span class='ocrx_word' id='word_1_163' title='bbox 431 1062 485 1086; x_wconf 89' lang='lat' dir='ltr'><strong>tres</strong></span> <span class='ocrx_word' id='word_1_164' title='bbox 500 1059 671 1093; x_wconf 87' lang='lat' dir='ltr'><strong>operationes</strong></span> <span class='ocrx_word' id='word_1_165' title='bbox 698 1063 725 1087; x_wconf 90' lang='lat' dir='ltr'><strong>et</strong></span> <span class='ocrx_word' id='word_1_166' title='bbox 747 1063 802 1087; x_wconf 89' lang='lat' dir='ltr'><strong>tres</strong></span> <span class='ocrx_word' id='word_1_167' title='bbox 825 1054 987 1090; x_wconf 75' lang='lat' dir='ltr'><strong>voluntates,</strong></span> 
     </span>
    </p>
   </div>
   <div class='ocr_carea' id='block_1_25' title="bbox 208 1104 988 1139">
    <p class='ocr_par' dir='ltr' id='par_1_25' title="bbox 208 1104 988 1139">
     <span class='ocr_line' id='line_1_25' title="bbox 208 1104 988 1139; baseline -0.001 -7"><span class='ocrx_word' id='word_1_168' title='bbox 208 1109 238 1132; x_wconf 91' lang='lat' dir='ltr'><strong>ut</strong></span> <span class='ocrx_word' id='word_1_169' title='bbox 251 1105 339 1136; x_wconf 87' lang='lat' dir='ltr'><strong>aiunt,</strong></span> <span class='ocrx_word' id='word_1_170' title='bbox 359 1105 512 1131; x_wconf 86' lang='lat' dir='ltr'><strong>habentem.</strong></span> <span class='ocrx_word' id='word_1_171' title='bbox 525 1104 557 1132; x_wconf 89' lang='lat' dir='ltr'><strong>Et</strong></span> <span class='ocrx_word' id='word_1_172' title='bbox 576 1104 668 1132; x_wconf 85' lang='lat' dir='ltr'><strong>dicant</strong></span> <span class='ocrx_word' id='word_1_173' title='bbox 696 1105 718 1132; x_wconf 88' lang='lat' dir='ltr'><strong>si</strong></span> <span class='ocrx_word' id='word_1_174' title='bbox 740 1105 833 1132; x_wconf 91' lang='lat' dir='ltr'><strong>volunt</strong></span> <span class='ocrx_word' id='word_1_175' title='bbox 861 1105 899 1132; x_wconf 94' lang='lat' dir='ltr'><strong>illi</strong></span> <span class='ocrx_word' id='word_1_176' title='bbox 926 1105 988 1139; x_wconf 89' lang='lat' dir='ltr'><strong>ipsi,</strong></span> 
     </span>
    </p>
   </div>
   <div class='ocr_carea' id='block_1_26' title="bbox 207 1150 990 1186">
    <p class='ocr_par' dir='ltr' id='par_1_26' title="bbox 207 1150 990 1186">
     <span class='ocr_line' id='line_1_26' title="bbox 207 1150 990 1186; baseline 0 -9"><span class='ocrx_word' id='word_1_177' title='bbox 207 1151 254 1186; x_wconf 86' lang='lat' dir='ltr'><strong>qui</strong></span> <span class='ocrx_word' id='word_1_178' title='bbox 277 1150 339 1177; x_wconf 86' lang='lat' dir='ltr'><strong>talia</strong></span> <span class='ocrx_word' id='word_1_179' title='bbox 361 1154 499 1185; x_wconf 80' lang='lat' dir='ltr'><strong>exponunt</strong></span> <span class='ocrx_word' id='word_1_180' title='bbox 511 1150 648 1186; x_wconf 81' lang='lat' dir='ltr'><strong>dogmata,</strong></span> <span class='ocrx_word' id='word_1_181' title='bbox 669 1155 696 1178; x_wconf 88' lang='lat' dir='ltr'><strong>et</strong></span> <span class='ocrx_word' id='word_1_182' title='bbox 722 1151 768 1186; x_wconf 88' lang='lat' dir='ltr'><strong>qui</strong></span> <span class='ocrx_word' id='word_1_183' title='bbox 787 1150 990 1178; x_wconf 86' lang='lat' dir='ltr'><strong>communicant</strong></span> 
     </span>
    </p>
   </div>
   <div class='ocr_carea' id='block_1_27' title="bbox 207 1195 989 1230">
    <p class='ocr_par' dir='ltr' id='par_1_27' title="bbox 207 1195 989 1230">
     <span class='ocr_line' id='line_1_27' title="bbox 207 1195 989 1230; baseline 0 -8"><span class='ocrx_word' id='word_1_184' title='bbox 207 1196 258 1228; x_wconf 90' lang='lat' dir='ltr'><strong>eis,</strong></span> <span class='ocrx_word' id='word_1_185' title='bbox 276 1196 302 1222; x_wconf 93' lang='lat' dir='ltr'><strong>in</strong></span> <span class='ocrx_word' id='word_1_186' title='bbox 312 1203 392 1230; x_wconf 89' lang='lat' dir='ltr'><strong>quem</strong></span> <span class='ocrx_word' id='word_1_187' title='bbox 408 1196 499 1223; x_wconf 80' lang='lat' dir='ltr'><strong>talium</strong></span> <span class='ocrx_word' id='word_1_188' title='bbox 512 1204 543 1223; x_wconf 89' lang='lat' dir='ltr'><strong>ac</strong></span> <span class='ocrx_word' id='word_1_189' title='bbox 556 1200 594 1223; x_wconf 88' lang='lat' dir='ltr'><strong>tot</strong></span> <span class='ocrx_word' id='word_1_190' title='bbox 613 1195 782 1224; x_wconf 87' lang='lat' dir='ltr'><strong>Christorum</strong></span> <span class='ocrx_word' id='word_1_191' title='bbox 793 1205 808 1224; x_wconf 93' lang='lat' dir='ltr'><strong>a</strong></span> <span class='ocrx_word' id='word_1_192' title='bbox 823 1204 852 1224; x_wconf 88' lang='lat' dir='ltr'><strong>se</strong></span> <span class='ocrx_word' id='word_1_193' title='bbox 865 1197 989 1224; x_wconf 87' lang='lat' dir='ltr'><strong>ﬁctnrum</strong></span> 
     </span>
    </p>
   </div>
   <div class='ocr_carea' id='block_1_28' title="bbox 208 1242 990 1277">
    <p class='ocr_par' dir='ltr' id='par_1_28' title="bbox 208 1242 990 1277">
     <span class='ocr_line' id='line_1_28' title="bbox 208 1242 990 1277; baseline 0.001 -9"><span class='ocrx_word' id='word_1_194' title='bbox 208 1242 349 1269; x_wconf 89' lang='lat' dir='ltr'><strong>credentes</strong></span> <span class='ocrx_word' id='word_1_195' title='bbox 360 1242 488 1276; x_wconf 79' lang='lat' dir='ltr'><strong>baptizati</strong></span> <span class='ocrx_word' id='word_1_196' title='bbox 517 1246 581 1269; x_wconf 84' lang='lat' dir='ltr'><strong>sunt</strong></span> <span class='ocrx_word' id='word_1_197' title='bbox 595 1242 636 1269; x_wconf 93' lang='lat' dir='ltr'><strong>vcl</strong></span> <span class='ocrx_word' id='word_1_198' title='bbox 648 1242 819 1277; x_wconf 88' lang='lat' dir='ltr'><strong>baptizantur</strong></span> <span class='ocrx_word' id='word_1_199' title='bbox 833 1251 840 1269; x_wconf 89' lang='lat'><strong>:</strong></span> <span class='ocrx_word' id='word_1_200' title='bbox 854 1246 900 1269; x_wconf 86' lang='lat' dir='ltr'><strong>aut</strong></span> <span class='ocrx_word' id='word_1_201' title='bbox 911 1242 990 1276; x_wconf 82' lang='lat' dir='ltr'><strong>cujus</strong></span> 
     </span>
    </p>
   </div>
   <div class='ocr_carea' id='block_1_29' title="bbox 207 1289 989 1323">
    <p class='ocr_par' dir='ltr' id='par_1_29' title="bbox 207 1289 989 1323">
     <span class='ocr_line' id='line_1_29' title="bbox 207 1289 989 1323; baseline 0 -8"><span class='ocrx_word' id='word_1_202' title='bbox 207 1296 302 1316; x_wconf 90' lang='lat' dir='ltr'><strong>eorum</strong></span> <span class='ocrx_word' id='word_1_203' title='bbox 325 1296 423 1323; x_wconf 88' lang='lat' dir='ltr'><strong>corpus</strong></span> <span class='ocrx_word' id='word_1_204' title='bbox 440 1294 466 1316; x_wconf 93' lang='lat' dir='ltr'><strong>et</strong></span> <span class='ocrx_word' id='word_1_205' title='bbox 482 1289 640 1323; x_wconf 81' lang='lat' dir='ltr'><strong>sanguinem</strong></span> <span class='ocrx_word' id='word_1_206' title='bbox 666 1293 778 1316; x_wconf 90' lang='lat' dir='ltr'><strong>sumunt</strong></span> <span class='ocrx_word' id='word_1_207' title='bbox 800 1293 881 1323; x_wconf 87' lang='lat' dir='ltr'><strong>atque</strong></span> <span class='ocrx_word' id='word_1_208' title='bbox 896 1289 989 1315; x_wconf 83' lang='lat' dir='ltr'><strong>distri-</strong></span> 
     </span>
    </p>
   </div>
   <div class='ocr_carea' id='block_1_30' title="bbox 207 1335 991 1371">
    <p class='ocr_par' dir='ltr' id='par_1_30' title="bbox 207 1335 991 1371">
     <span class='ocr_line' id='line_1_30' title="bbox 207 1335 991 1371; baseline -0.001 -8"><span class='ocrx_word' id='word_1_209' title='bbox 207 1336 310 1369; x_wconf 83' lang='lat' dir='ltr'><strong>buunt;</strong></span> <span class='ocrx_word' id='word_1_210' title='bbox 327 1340 417 1363; x_wconf 88' lang='lat' dir='ltr'><strong>utrum</strong></span> <span class='ocrx_word' id='word_1_211' title='bbox 429 1335 488 1371; x_wconf 87' lang='lat' dir='ltr'><strong>ejus</strong></span> <span class='ocrx_word' id='word_1_212' title='bbox 500 1336 547 1371; x_wconf 91' lang='lat' dir='ltr'><strong>qui</strong></span> <span class='ocrx_word' id='word_1_213' title='bbox 563 1343 654 1369; x_wconf 90' lang='lat' dir='ltr'><strong>unam,</strong></span> <span class='ocrx_word' id='word_1_214' title='bbox 667 1344 700 1363; x_wconf 87' lang='lat' dir='ltr'><strong>an</strong></span> <span class='ocrx_word' id='word_1_215' title='bbox 712 1336 758 1371; x_wconf 91' lang='lat' dir='ltr'><strong>qui</strong></span> <span class='ocrx_word' id='word_1_216' title='bbox 772 1343 822 1363; x_wconf 79' lang='lat' dir='ltr'><strong>nec</strong></span> <span class='ocrx_word' id='word_1_217' title='bbox 832 1343 913 1363; x_wconf 87' lang='lat' dir='ltr'><strong>unam</strong></span> <span class='ocrx_word' id='word_1_218' title='bbox 930 1343 991 1370; x_wconf 89' lang='lat' dir='ltr'><strong>ope-</strong></span> 
     </span>
    </p>
   </div>
   <div class='ocr_carea' id='block_1_31' title="bbox 208 1380 991 1418">
    <p class='ocr_par' dir='ltr' id='par_1_31' title="bbox 208 1380 991 1418">
     <span class='ocr_line' id='line_1_31' title="bbox 208 1380 991 1418; baseline -0.004 -8"><span class='ocrx_word' id='word_1_219' title='bbox 208 1384 359 1416; x_wconf 77' lang='lat' dir='ltr'><strong>rationem;</strong></span> <span class='ocrx_word' id='word_1_220' title='bbox 376 1383 435 1418; x_wconf 90' lang='lat' dir='ltr'><strong>ejus</strong></span> <span class='ocrx_word' id='word_1_221' title='bbox 445 1382 492 1418; x_wconf 91' lang='lat' dir='ltr'><strong>qui</strong></span> <span class='ocrx_word' id='word_1_222' title='bbox 510 1390 591 1409; x_wconf 85' lang='lat' dir='ltr'><strong>unam</strong></span> <span class='ocrx_word' id='word_1_223' title='bbox 607 1382 785 1414; x_wconf 80' lang='lat' dir='ltr'><strong>voluntatem,</strong></span> <span class='ocrx_word' id='word_1_224' title='bbox 811 1389 845 1409; x_wconf 89' lang='lat' dir='ltr'><strong>an</strong></span> <span class='ocrx_word' id='word_1_225' title='bbox 871 1380 930 1416; x_wconf 87' lang='lat' dir='ltr'><strong>ejus</strong></span> <span class='ocrx_word' id='word_1_226' title='bbox 945 1381 991 1416; x_wconf 90' lang='lat' dir='ltr'><strong>qui</strong></span> 
     </span>
    </p>
   </div>
   <div class='ocr_carea' id='block_1_32' title="bbox 208 1427 991 1462">
    <p class='ocr_par' dir='ltr' id='par_1_32' title="bbox 208 1427 991 1462">
     <span class='ocr_line' id='line_1_32' title="bbox 208 1427 991 1462; baseline -0.003 -6"><span class='ocrx_word' id='word_1_227' title='bbox 208 1427 289 1456; x_wconf 82' lang='lat' dir='ltr'><strong>u&#39;nam</strong></span> <span class='ocrx_word' id='word_1_228' title='bbox 303 1433 330 1456; x_wconf 91' lang='lat' dir='ltr'><strong>et</strong></span> <span class='ocrx_word' id='word_1_229' title='bbox 346 1429 425 1460; x_wconf 87' lang='lat' dir='ltr'><strong>duas,</strong></span> <span class='ocrx_word' id='word_1_230' title='bbox 441 1433 467 1455; x_wconf 81' lang='lat' dir='ltr'><strong>et</strong></span> <span class='ocrx_word' id='word_1_231' title='bbox 478 1436 559 1455; x_wconf 87' lang='lat' dir='ltr'><strong>unam</strong></span> <span class='ocrx_word' id='word_1_232' title='bbox 572 1433 597 1455; x_wconf 90' lang='lat' dir='ltr'><strong>et</strong></span> <span class='ocrx_word' id='word_1_233' title='bbox 611 1427 690 1460; x_wconf 89' lang='lat' dir='ltr'><strong>duas,</strong></span> <span class='ocrx_word' id='word_1_234' title='bbox 718 1427 745 1455; x_wconf 89' lang='lat' dir='ltr'><strong>id</strong></span> <span class='ocrx_word' id='word_1_235' title='bbox 760 1431 802 1455; x_wconf 86' lang='lat' dir='ltr'><strong>est</strong></span> <span class='ocrx_word' id='word_1_236' title='bbox 827 1432 882 1455; x_wconf 88' lang='lat' dir='ltr'><strong>tres</strong></span> <span class='ocrx_word' id='word_1_237' title='bbox 895 1434 991 1462; x_wconf 89' lang='lat' dir='ltr'><strong>opera-</strong></span> 
     </span>
    </p>
   </div>
   <div class='ocr_carea' id='block_1_33' title="bbox 207 1473 988 1508">
    <p class='ocr_par' dir='ltr' id='par_1_33' title="bbox 207 1473 988 1508">
     <span class='ocr_line' id='line_1_33' title="bbox 207 1473 988 1508; baseline -0.003 -7"><span class='ocrx_word' id='word_1_238' title='bbox 207 1475 296 1502; x_wconf 88' lang='lat' dir='ltr'><strong>tiones</strong></span> <span class='ocrx_word' id='word_1_239' title='bbox 310 1478 336 1501; x_wconf 89' lang='lat' dir='ltr'><strong>et</strong></span> <span class='ocrx_word' id='word_1_240' title='bbox 347 1478 402 1501; x_wconf 82' lang='lat' dir='ltr'><strong>tres</strong></span> <span class='ocrx_word' id='word_1_241' title='bbox 420 1474 584 1505; x_wconf 81' lang='lat' dir='ltr'><strong>voluntates,</strong></span> <span class='ocrx_word' id='word_1_242' title='bbox 601 1478 626 1500; x_wconf 88' lang='lat' dir='ltr'><strong>et</strong></span> <span class='ocrx_word' id='word_1_243' title='bbox 642 1477 783 1508; x_wconf 84' lang='lat' dir='ltr'><strong>propterea</strong></span> <span class='ocrx_word' id='word_1_244' title='bbox 812 1473 868 1508; x_wconf 86' lang='lat' dir='ltr'><strong>jam</strong></span> <span class='ocrx_word' id='word_1_245' title='bbox 893 1481 925 1501; x_wconf 81' lang='lat' dir='ltr'><strong>ex</strong></span> <span class='ocrx_word' id='word_1_246' title='bbox 939 1480 988 1499; x_wconf 90' lang='lat' dir='ltr'><strong>ne-</strong></span> 
     </span>
    </p>
   </div>
   <div class='ocr_carea' id='block_1_34' title="bbox 207 1516 991 1546">
    <p class='ocr_par' dir='ltr' id='par_1_34' title="bbox 207 1516 991 1546">
     <span class='ocr_line' id='line_1_34' title="bbox 207 1516 991 1546; baseline -0.006 0"><span class='ocrx_word' id='word_1_247' title='bbox 207 1519 333 1546; x_wconf 86' lang='lat' dir='ltr'><strong>cessitate</strong></span> <span class='ocrx_word' id='word_1_248' title='bbox 349 1523 404 1545; x_wconf 89' lang='lat' dir='ltr'><strong>tres</strong></span> <span class='ocrx_word' id='word_1_249' title='bbox 419 1518 500 1545; x_wconf 87' lang='lat' dir='ltr'><strong>etiam</strong></span> <span class='ocrx_word' id='word_1_250' title='bbox 515 1522 626 1544; x_wconf 85' lang='lat' dir='ltr'><strong>naturas</strong></span> <span class='ocrx_word' id='word_1_251' title='bbox 639 1517 729 1544; x_wconf 88' lang='lat' dir='ltr'><strong>habet.</strong></span> <span class='ocrx_word' id='word_1_252' title='bbox 744 1516 796 1544; x_wconf 89' lang='lat' dir='ltr'><strong>Sed</strong></span> <span class='ocrx_word' id='word_1_253' title='bbox 809 1524 859 1542; x_wconf 83' lang='lat' dir='ltr'><strong>non</strong></span> <span class='ocrx_word' id='word_1_254' title='bbox 876 1521 991 1543; x_wconf 78' lang='lat' dir='ltr'><strong>eratvoa:</strong></span> 
     </span>
    </p>
   </div>
   <div class='ocr_carea' id='block_1_35' title="bbox 205 1562 990 1598">
    <p class='ocr_par' dir='ltr' id='par_1_35' title="bbox 205 1562 990 1598">
     <span class='ocr_line' id='line_1_35' title="bbox 205 1562 990 1598; baseline -0.005 -6"><span class='ocrx_word' id='word_1_255' title='bbox 205 1571 230 1592; x_wconf 84' lang='lat' dir='ltr'><strong>et</strong></span> <span class='ocrx_word' id='word_1_256' title='bbox 245 1574 296 1592; x_wconf 80' lang='lat' dir='ltr'><strong>non</strong></span> <span class='ocrx_word' id='word_1_257' title='bbox 308 1569 364 1591; x_wconf 77' lang='lat' dir='ltr'><strong>erat</strong></span> <span class='ocrx_word' id='word_1_258' title='bbox 377 1564 477 1590; x_wconf 83' lang='lat' dir='ltr'><strong>auditio</strong></span> <span class='ocrx_word' id='word_1_259' title='bbox 487 1564 520 1596; x_wconf 76' lang='grc'><strong>⁵⁷,</strong></span> <span class='ocrx_word' id='word_1_260' title='bbox 542 1563 772 1598; x_wconf 81' lang='lat' dir='ltr'><strong>quemadmodum</strong></span> <span class='ocrx_word' id='word_1_261' title='bbox 799 1563 836 1589; x_wconf 88' lang='lat' dir='ltr'><strong>ait</strong></span> <span class='ocrx_word' id='word_1_262' title='bbox 860 1562 990 1597; x_wconf 85' lang='lat' dir='ltr'><strong>propheta</strong></span> 
     </span>
    </p>
   </div>
   <div class='ocr_carea' id='block_1_36' title="bbox 208 1608 991 1647">
    <p class='ocr_par' dir='ltr' id='par_1_36' title="bbox 208 1608 991 1647">
     <span class='ocr_line' id='line_1_36' title="bbox 208 1608 991 1647; baseline -0.005 -9"><span class='ocrx_word' id='word_1_263' title='bbox 208 1618 322 1647; x_wconf 77' lang='lat' dir='ltr'><strong>magnus</strong></span> <span class='ocrx_word' id='word_1_264' title='bbox 335 1609 417 1641; x_wconf 84' lang='lat' dir='ltr'><strong>Elias,</strong></span> <span class='ocrx_word' id='word_1_265' title='bbox 430 1608 559 1637; x_wconf 89' lang='lat' dir='ltr'><strong>scelestos</strong></span> <span class='ocrx_word' id='word_1_266' title='bbox 569 1609 723 1636; x_wconf 86' lang='lat' dir='ltr'><strong>sacerdotes</strong></span> <span class='ocrx_word' id='word_1_267' title='bbox 736 1612 762 1636; x_wconf 90' lang='lat' dir='ltr'><strong>et</strong></span> <span class='ocrx_word' id='word_1_268' title='bbox 773 1608 991 1642; x_wconf 89' lang='lat' dir='ltr'><strong>pseudoprophe-</strong></span> 
     </span>
    </p>
   </div>
   <div class='ocr_carea' id='block_1_37' title="bbox 210 1655 624 1688">
    <p class='ocr_par' dir='ltr' id='par_1_37' title="bbox 210 1655 624 1688">
     <span class='ocr_line' id='line_1_37' title="bbox 210 1655 624 1688; baseline -0.002 -6"><span class='ocrx_word' id='word_1_269' title='bbox 210 1661 250 1682; x_wconf 85' lang='lat' dir='ltr'><strong>las</strong></span> <span class='ocrx_word' id='word_1_270' title='bbox 265 1655 433 1682; x_wconf 74' lang='lat' dir='ltr'><strong>confusionis</strong></span> <span class='ocrx_word' id='word_1_271' title='bbox 448 1655 624 1688; x_wconf 80' lang='lat' dir='ltr'><strong>redargueus.</strong></span> 
     </span>
    </p>
   </div>
   <div class='ocr_carea' id='block_1_38' title="bbox 247 1699 989 1736">
    <p class='ocr_par' dir='ltr' id='par_1_38' title="bbox 247 1699 989 1736">
     <span class='ocr_line' id='line_1_38' title="bbox 247 1699 989 1736; baseline -0.003 -9"><span class='ocrx_word' id='word_1_272' title='bbox 247 1711 256 1727; x_wconf 82' lang='lat'><strong>(</strong></span> <span class='ocrx_word' id='word_1_273' title='bbox 273 1701 319 1728; x_wconf 75' lang='lat' dir='ltr'><strong>IX.</strong></span> <span class='ocrx_word' id='word_1_274' title='bbox 336 1701 403 1728; x_wconf 87' lang='lat' dir='ltr'><strong>Nam</strong></span> <span class='ocrx_word' id='word_1_275' title='bbox 420 1701 551 1736; x_wconf 88' lang='lat' dir='ltr'><strong>quidquid</strong></span> <span class='ocrx_word' id='word_1_276' title='bbox 581 1700 678 1726; x_wconf 89' lang='lat' dir='ltr'><strong>horum</strong></span> <span class='ocrx_word' id='word_1_277' title='bbox 696 1699 823 1731; x_wconf 83' lang='lat' dir='ltr'><strong>dixerint,</strong></span> <span class='ocrx_word' id='word_1_278' title='bbox 842 1699 915 1726; x_wconf 92' lang='lat' dir='ltr'><strong>illiue</strong></span> <span class='ocrx_word' id='word_1_279' title='bbox 928 1706 989 1726; x_wconf 90' lang='lat' dir='ltr'><strong>cum</strong></span> 
     </span>
    </p>
   </div>
   <div class='ocr_carea' id='block_1_39' title="bbox 209 1745 992 1782">
    <p class='ocr_par' dir='ltr' id='par_1_39' title="bbox 209 1745 992 1782">
     <span class='ocr_line' id='line_1_39' title="bbox 209 1745 992 1782; baseline -0.005 -8"><span class='ocrx_word' id='word_1_280' title='bbox 209 1747 346 1782; x_wconf 80' lang='lat' dir='ltr'><strong>impietate</strong></span> <span class='ocrx_word' id='word_1_281' title='bbox 357 1746 437 1773; x_wconf 91' lang='lat' dir='ltr'><strong>etiam</strong></span> <span class='ocrx_word' id='word_1_282' title='bbox 446 1745 663 1781; x_wconf 78' lang='lat' dir='ltr'><strong>redargutionem</strong></span> <span class='ocrx_word' id='word_1_283' title='bbox 676 1751 764 1772; x_wconf 87' lang='lat' dir='ltr'><strong>sermo</strong></span> <span class='ocrx_word' id='word_1_284' title='bbox 772 1752 866 1771; x_wconf 87' lang='lat' dir='ltr'><strong>eortuu</strong></span> <span class='ocrx_word' id='word_1_285' title='bbox 877 1745 992 1771; x_wconf 87' lang='lat' dir='ltr'><strong>circum-</strong></span> 
     </span>
    </p>
   </div>
   <div class='ocr_carea' id='block_1_40' title="bbox 208 1790 991 1828">
    <p class='ocr_par' dir='ltr' id='par_1_40' title="bbox 208 1790 991 1828">
     <span class='ocr_line' id='line_1_40' title="bbox 208 1790 991 1828; baseline -0.006 -7"><span class='ocrx_word' id='word_1_286' title='bbox 208 1794 295 1825; x_wconf 87' lang='lat' dir='ltr'><strong>feret;</strong></span> <span class='ocrx_word' id='word_1_287' title='bbox 314 1794 442 1828; x_wconf 91' lang='lat' dir='ltr'><strong>quoniam</strong></span> <span class='ocrx_word' id='word_1_288' title='bbox 459 1799 512 1818; x_wconf 93' lang='lat' dir='ltr'><strong>non</strong></span> <span class='ocrx_word' id='word_1_289' title='bbox 527 1791 554 1818; x_wconf 96' lang='lat' dir='ltr'><strong>in</strong></span> <span class='ocrx_word' id='word_1_290' title='bbox 569 1799 661 1819; x_wconf 86' lang='lat' dir='ltr'><strong>verum</strong></span> <span class='ocrx_word' id='word_1_291' title='bbox 674 1795 700 1817; x_wconf 91' lang='lat' dir='ltr'><strong>et</strong></span> <span class='ocrx_word' id='word_1_292' title='bbox 713 1791 846 1818; x_wconf 86' lang='lat' dir='ltr'><strong>veraciter</strong></span> <span class='ocrx_word' id='word_1_293' title='bbox 857 1790 991 1818; x_wconf 85' lang='lat' dir='ltr'><strong>exsisten-</strong></span> 
     </span>
    </p>
   </div>
   <div class='ocr_carea' id='block_1_41' title="bbox 207 1836 990 1871">
    <p class='ocr_par' dir='ltr' id='par_1_41' title="bbox 207 1836 990 1871">
     <span class='ocr_line' id='line_1_41' title="bbox 207 1836 990 1871; baseline -0.004 -5"><span class='ocrx_word' id='word_1_294' title='bbox 207 1846 261 1867; x_wconf 83' lang='lat' dir='ltr'><strong>tem</strong></span> <span class='ocrx_word' id='word_1_295' title='bbox 284 1838 422 1866; x_wconf 86' lang='lat' dir='ltr'><strong>Christum</strong></span> <span class='ocrx_word' id='word_1_296' title='bbox 443 1837 556 1865; x_wconf 91' lang='lat' dir='ltr'><strong>credunt</strong></span> <span class='ocrx_word' id='word_1_297' title='bbox 577 1841 657 1871; x_wconf 86' lang='lat' dir='ltr'><strong>atque</strong></span> <span class='ocrx_word' id='word_1_298' title='bbox 684 1836 831 1870; x_wconf 85' lang='lat' dir='ltr'><strong>baptizant,</strong></span> <span class='ocrx_word' id='word_1_299' title='bbox 857 1843 906 1863; x_wconf 91' lang='lat' dir='ltr'><strong>nec</strong></span> <span class='ocrx_word' id='word_1_300' title='bbox 918 1836 990 1863; x_wconf 90' lang='lat' dir='ltr'><strong>illius</strong></span> 
     </span>
    </p>
   </div>
   <div class='ocr_carea' id='block_1_42' title="bbox 209 1881 989 1920">
    <p class='ocr_par' dir='ltr' id='par_1_42' title="bbox 209 1881 989 1920">
     <span class='ocr_line' id='line_1_42' title="bbox 209 1881 989 1920; baseline -0.006 -7"><span class='ocrx_word' id='word_1_301' title='bbox 209 1893 308 1920; x_wconf 85' lang='lat' dir='ltr'><strong>corpus</strong></span> <span class='ocrx_word' id='word_1_302' title='bbox 320 1889 347 1911; x_wconf 89' lang='lat' dir='ltr'><strong>et</strong></span> <span class='ocrx_word' id='word_1_303' title='bbox 364 1885 524 1919; x_wconf 81' lang='lat' dir='ltr'><strong>sanguinem</strong></span> <span class='ocrx_word' id='word_1_304' title='bbox 541 1883 677 1918; x_wconf 87' lang='lat' dir='ltr'><strong>accipiunt</strong></span> <span class='ocrx_word' id='word_1_305' title='bbox 687 1887 713 1910; x_wconf 88' lang='lat' dir='ltr'><strong>et</strong></span> <span class='ocrx_word' id='word_1_306' title='bbox 723 1883 898 1910; x_wconf 88' lang='lat' dir='ltr'><strong>distribuunt.</strong></span> <span class='ocrx_word' id='word_1_307' title='bbox 912 1881 989 1908; x_wconf 88' lang='lat' dir='ltr'><strong>Illum</strong></span> 
     </span>
    </p>
   </div>
   <div class='ocr_carea' id='block_1_43' title="bbox 210 1928 989 1964">
    <p class='ocr_par' dir='ltr' id='par_1_43' title="bbox 210 1928 989 1964">
     <span class='ocr_line' id='line_1_43' title="bbox 210 1928 989 1964; baseline -0.004 -6"><span class='ocrx_word' id='word_1_308' title='bbox 210 1933 294 1964; x_wconf 86' lang='lat' dir='ltr'><strong>enim,</strong></span> <span class='ocrx_word' id='word_1_309' title='bbox 315 1938 409 1957; x_wconf 89' lang='lat' dir='ltr'><strong>verum</strong></span> <span class='ocrx_word' id='word_1_310' title='bbox 436 1930 547 1962; x_wconf 88' lang='lat' dir='ltr'><strong>scilicet,</strong></span> <span class='ocrx_word' id='word_1_311' title='bbox 563 1933 589 1956; x_wconf 90' lang='lat' dir='ltr'><strong>et</strong></span> <span class='ocrx_word' id='word_1_312' title='bbox 599 1930 645 1964; x_wconf 84' lang='lat' dir='ltr'><strong>qui</strong></span> <span class='ocrx_word' id='word_1_313' title='bbox 669 1936 731 1956; x_wconf 87' lang='lat' dir='ltr'><strong>vere</strong></span> <span class='ocrx_word' id='word_1_314' title='bbox 756 1929 890 1962; x_wconf 81' lang='lat' dir='ltr'><strong>consistit,</strong></span> <span class='ocrx_word' id='word_1_315' title='bbox 908 1928 989 1956; x_wconf 90' lang='lat' dir='ltr'><strong>Chri-</strong></span> 
     </span>
    </p>
   </div>
   <div class='ocr_carea' id='block_1_44' title="bbox 213 1975 991 2011">
    <p class='ocr_par' dir='ltr' id='par_1_44' title="bbox 213 1975 991 2011">
     <span class='ocr_line' id='line_1_44' title="bbox 213 1975 991 2011; baseline -0.006 -6"><span class='ocrx_word' id='word_1_316' title='bbox 213 1983 285 2005; x_wconf 90' lang='lat' dir='ltr'><strong>stum</strong></span> <span class='ocrx_word' id='word_1_317' title='bbox 302 1977 384 2004; x_wconf 90' lang='lat' dir='ltr'><strong>Deum</strong></span> <span class='ocrx_word' id='word_1_318' title='bbox 395 1975 477 2003; x_wconf 92' lang='lat' dir='ltr'><strong>simul</strong></span> <span class='ocrx_word' id='word_1_319' title='bbox 491 1980 519 2002; x_wconf 92' lang='lat' dir='ltr'><strong>et</strong></span> <span class='ocrx_word' id='word_1_320' title='bbox 541 1976 675 2002; x_wconf 86' lang='lat' dir='ltr'><strong>hominem</strong></span> <span class='ocrx_word' id='word_1_321' title='bbox 692 1975 784 2011; x_wconf 81' lang='lat' dir='ltr'><strong>inclyti</strong></span> <span class='ocrx_word' id='word_1_322' title='bbox 807 1975 928 2009; x_wconf 81' lang='lat' dir='ltr'><strong>magistri</strong></span> <span class='ocrx_word' id='word_1_323' title='bbox 947 1983 991 2001; x_wconf 85' lang='lat' dir='ltr'><strong>no-</strong></span> 
     </span>
    </p>
   </div>
   <div class='ocr_carea' id='block_1_45' title="bbox 209 2021 990 2057">
    <p class='ocr_par' dir='ltr' id='par_1_45' title="bbox 209 2021 990 2057">
     <span class='ocr_line' id='line_1_45' title="bbox 209 2021 990 2057; baseline -0.005 -7"><span class='ocrx_word' id='word_1_324' title='bbox 209 2023 259 2051; x_wconf 91' lang='lat' dir='ltr'><strong>stri</strong></span> <span class='ocrx_word' id='word_1_325' title='bbox 274 2030 305 2050; x_wconf 91' lang='lat' dir='ltr'><strong>ac</strong></span> <span class='ocrx_word' id='word_1_326' title='bbox 315 2028 491 2057; x_wconf 66' lang='lat' dir='ltr'><strong>praeceptores</strong></span> <span class='ocrx_word' id='word_1_327' title='bbox 502 2021 628 2053; x_wconf 86' lang='lat' dir='ltr'><strong>scientes,</strong></span> <span class='ocrx_word' id='word_1_328' title='bbox 641 2021 708 2047; x_wconf 88' lang='lat' dir='ltr'><strong>duas</strong></span> <span class='ocrx_word' id='word_1_329' title='bbox 730 2025 757 2047; x_wconf 88' lang='lat' dir='ltr'><strong>ct</strong></span> <span class='ocrx_word' id='word_1_330' title='bbox 776 2025 881 2047; x_wconf 88' lang='lat' dir='ltr'><strong>tantum</strong></span> <span class='ocrx_word' id='word_1_331' title='bbox 893 2027 990 2054; x_wconf 90' lang='lat' dir='ltr'><strong>quem-</strong></span> 
     </span>
    </p>
   </div>
   <div class='ocr_carea' id='block_1_46' title="bbox 209 2066 992 2099">
    <p class='ocr_par' dir='ltr' id='par_1_46' title="bbox 209 2066 992 2099">
     <span class='ocr_line' id='line_1_46' title="bbox 209 2066 992 2099; baseline -0.004 -2"><span class='ocrx_word' id='word_1_332' title='bbox 209 2069 354 2097; x_wconf 90' lang='lat' dir='ltr'><strong>admodum</strong></span> <span class='ocrx_word' id='word_1_333' title='bbox 365 2073 486 2099; x_wconf 84' lang='lat' dir='ltr'><strong>uaturas,</strong></span> <span class='ocrx_word' id='word_1_334' title='bbox 496 2067 535 2094; x_wconf 88' lang='lat' dir='ltr'><strong>sic</strong></span> <span class='ocrx_word' id='word_1_335' title='bbox 543 2067 626 2094; x_wconf 88' lang='lat' dir='ltr'><strong>etiam</strong></span> <span class='ocrx_word' id='word_1_336' title='bbox 634 2071 661 2093; x_wconf 93' lang='lat' dir='ltr'><strong>et</strong></span> <span class='ocrx_word' id='word_1_337' title='bbox 668 2066 736 2094; x_wconf 88' lang='lat' dir='ltr'><strong>duas</strong></span> <span class='ocrx_word' id='word_1_338' title='bbox 744 2067 907 2098; x_wconf 84' lang='lat' dir='ltr'><strong>voluntates,</strong></span> <span class='ocrx_word' id='word_1_339' title='bbox 916 2071 943 2094; x_wconf 89' lang='lat' dir='ltr'><strong>et</strong></span> <span class='ocrx_word' id='word_1_340' title='bbox 951 2071 992 2094; x_wconf 85' lang='lat' dir='ltr'><strong>to—</strong></span> 
     </span>
    </p>
   </div>
   <div class='ocr_carea' id='block_1_47' title="bbox 209 2113 989 2150">
    <p class='ocr_par' dir='ltr' id='par_1_47' title="bbox 209 2113 989 2150">
     <span class='ocr_line' id='line_1_47' title="bbox 209 2113 989 2150; baseline -0.003 -7"><span class='ocrx_word' id='word_1_341' title='bbox 209 2117 291 2143; x_wconf 88' lang='lat' dir='ltr'><strong>tidem</strong></span> <span class='ocrx_word' id='word_1_342' title='bbox 301 2114 474 2150; x_wconf 90' lang='lat' dir='ltr'><strong>operationes</strong></span> <span class='ocrx_word' id='word_1_343' title='bbox 482 2117 661 2148; x_wconf 76' lang='lat' dir='ltr'><strong>congruentes</strong></span> <span class='ocrx_word' id='word_1_344' title='bbox 669 2113 732 2145; x_wconf 87' lang='lat' dir='ltr'><strong>sibi,</strong></span> <span class='ocrx_word' id='word_1_345' title='bbox 739 2113 857 2140; x_wconf 83' lang='lat' dir='ltr'><strong>divinam</strong></span> <span class='ocrx_word' id='word_1_346' title='bbox 875 2114 989 2146; x_wconf 88' lang='lat' dir='ltr'><strong>scilicet,</strong></span> 
     </span>
    </p>
   </div>
   <div class='ocr_carea' id='block_1_48' title="bbox 210 2159 992 2196">
    <p class='ocr_par' dir='ltr' id='par_1_48' title="bbox 210 2159 992 2196">
     <span class='ocr_line' id='line_1_48' title="bbox 210 2159 992 2196; baseline -0.003 -7"><span class='ocrx_word' id='word_1_347' title='bbox 210 2167 239 2189; x_wconf 91' lang='lat' dir='ltr'><strong>ut</strong></span> <span class='ocrx_word' id='word_1_348' title='bbox 247 2162 303 2196; x_wconf 90' lang='lat' dir='ltr'><strong>jam</strong></span> <span class='ocrx_word' id='word_1_349' title='bbox 313 2161 415 2188; x_wconf 80' lang='lat' dir='ltr'><strong>dictum</strong></span> <span class='ocrx_word' id='word_1_350' title='bbox 429 2163 470 2187; x_wconf 88' lang='lat' dir='ltr'><strong>est</strong></span> <span class='ocrx_word' id='word_1_351' title='bbox 481 2159 730 2194; x_wconf 78' lang='lat' dir='ltr'><strong>ettcomprobatum,</strong></span> <span class='ocrx_word' id='word_1_352' title='bbox 740 2163 766 2186; x_wconf 82' lang='lat' dir='ltr'><strong>et</strong></span> <span class='ocrx_word' id='word_1_353' title='bbox 779 2159 938 2193; x_wconf 89' lang='lat' dir='ltr'><strong>humanam,</strong></span> <span class='ocrx_word' id='word_1_354' title='bbox 950 2160 992 2187; x_wconf 92' lang='lat' dir='ltr'><strong>iu-</strong></span> 
     </span>
    </p>
   </div>
   <div class='ocr_carea' id='block_1_49' title="bbox 1046 184 1828 220">
    <p class='ocr_par' dir='ltr' id='par_1_49' title="bbox 1046 184 1828 220">
     <span class='ocr_line' id='line_1_49' title="bbox 1046 184 1828 220; baseline -0.003 -8"><span class='ocrx_word' id='word_1_355' title='bbox 1046 185 1072 212; x_wconf 89' lang='lat' dir='ltr'><strong>in</strong></span> <span class='ocrx_word' id='word_1_356' title='bbox 1086 185 1145 219; x_wconf 88' lang='lat' dir='ltr'><strong>ipso</strong></span> <span class='ocrx_word' id='word_1_357' title='bbox 1153 184 1316 212; x_wconf 88' lang='lat' dir='ltr'><strong>conﬁtentur</strong></span> <span class='ocrx_word' id='word_1_358' title='bbox 1325 189 1351 212; x_wconf 93' lang='lat' dir='ltr'><strong>et</strong></span> <span class='ocrx_word' id='word_1_359' title='bbox 1361 185 1483 212; x_wconf 89' lang='lat' dir='ltr'><strong>conﬁteri</strong></span> <span class='ocrx_word' id='word_1_360' title='bbox 1495 185 1573 212; x_wconf 86' lang='lat' dir='ltr'><strong>nobis</strong></span> <span class='ocrx_word' id='word_1_361' title='bbox 1583 184 1763 220; x_wconf 71' lang='lat' dir='ltr'><strong>praecipiunt.</strong></span> <span class='ocrx_word' id='word_1_362' title='bbox 1775 184 1828 211; x_wconf 65' lang='lat' dir='ltr'><strong>Non</strong></span> 
     </span>
    </p>
   </div>
   <div class='ocr_carea' id='block_1_50' title="bbox 1044 230 1828 264">
    <p class='ocr_par' dir='ltr' id='par_1_50' title="bbox 1044 230 1828 264">
     <span class='ocr_line' id='line_1_50' title="bbox 1044 230 1828 264; baseline -0.003 -6"><span class='ocrx_word' id='word_1_363' title='bbox 1044 235 1147 264; x_wconf 86' lang='lat' dir='ltr'><strong>autem,</strong></span> <span class='ocrx_word' id='word_1_364' title='bbox 1163 235 1193 258; x_wconf 90' lang='lat' dir='ltr'><strong>ut</strong></span> <span class='ocrx_word' id='word_1_365' title='bbox 1208 231 1234 257; x_wconf 90' lang='lat' dir='ltr'><strong>hi</strong></span> <span class='ocrx_word' id='word_1_366' title='bbox 1251 238 1323 258; x_wconf 91' lang='lat' dir='ltr'><strong>nunc</strong></span> <span class='ocrx_word' id='word_1_367' title='bbox 1335 231 1468 258; x_wconf 87' lang='lat' dir='ltr'><strong>novitates</strong></span> <span class='ocrx_word' id='word_1_368' title='bbox 1485 230 1618 262; x_wconf 89' lang='lat' dir='ltr'><strong>fecerunt,</strong></span> <span class='ocrx_word' id='word_1_369' title='bbox 1635 238 1723 257; x_wconf 85' lang='lat' dir='ltr'><strong>unam</strong></span> <span class='ocrx_word' id='word_1_370' title='bbox 1744 235 1773 257; x_wconf 90' lang='lat' dir='ltr'><strong>et</strong></span> <span class='ocrx_word' id='word_1_371' title='bbox 1786 238 1828 257; x_wconf 68' lang='grc' dir='ltr'><strong>ηιξ</strong></span> 
     </span>
    </p>
   </div>
   <div class='ocr_carea' id='block_1_51' title="bbox 1044 276 1828 310">
    <p class='ocr_par' dir='ltr' id='par_1_51' title="bbox 1044 276 1828 310">
     <span class='ocr_line' id='line_1_51' title="bbox 1044 276 1828 310; baseline -0.003 -6"><span class='ocrx_word' id='word_1_372' title='bbox 1044 285 1139 310; x_wconf 84' lang='lat' dir='ltr'><strong>unam,</strong></span> <span class='ocrx_word' id='word_1_373' title='bbox 1152 285 1201 305; x_wconf 89' lang='lat' dir='ltr'><strong>nec</strong></span> <span class='ocrx_word' id='word_1_374' title='bbox 1213 277 1290 310; x_wconf 87' lang='lat' dir='ltr'><strong>duas,</strong></span> <span class='ocrx_word' id='word_1_375' title='bbox 1306 281 1333 304; x_wconf 86' lang='lat' dir='ltr'><strong>et</strong></span> <span class='ocrx_word' id='word_1_376' title='bbox 1348 285 1443 304; x_wconf 88' lang='lat' dir='ltr'><strong>rursus</strong></span> <span class='ocrx_word' id='word_1_377' title='bbox 1452 284 1533 303; x_wconf 88' lang='lat' dir='ltr'><strong>unam</strong></span> <span class='ocrx_word' id='word_1_378' title='bbox 1550 280 1578 303; x_wconf 88' lang='lat' dir='ltr'><strong>et</strong></span> <span class='ocrx_word' id='word_1_379' title='bbox 1588 277 1671 309; x_wconf 86' lang='lat' dir='ltr'><strong>duas,</strong></span> <span class='ocrx_word' id='word_1_380' title='bbox 1687 276 1713 303; x_wconf 90' lang='lat' dir='ltr'><strong>id</strong></span> <span class='ocrx_word' id='word_1_381' title='bbox 1724 280 1770 303; x_wconf 86' lang='lat' dir='ltr'><strong>est</strong></span> <span class='ocrx_word' id='word_1_382' title='bbox 1782 281 1828 302; x_wconf 62' lang='lat' dir='ltr'><strong>tres</strong></span> 
     </span>
    </p>
   </div>
   <div class='ocr_carea' id='block_1_52' title="bbox 1043 322 1782 358">
    <p class='ocr_par' dir='ltr' id='par_1_52' title="bbox 1043 322 1782 358">
     <span class='ocr_line' id='line_1_52' title="bbox 1043 322 1782 358; baseline -0.003 -8"><span class='ocrx_word' id='word_1_383' title='bbox 1043 324 1196 351; x_wconf 83' lang='lat' dir='ltr'><strong>voluntates</strong></span> <span class='ocrx_word' id='word_1_384' title='bbox 1206 328 1232 351; x_wconf 84' lang='lat' dir='ltr'><strong>et</strong></span> <span class='ocrx_word' id='word_1_385' title='bbox 1245 324 1418 358; x_wconf 85' lang='lat' dir='ltr'><strong>operationes</strong></span> <span class='ocrx_word' id='word_1_386' title='bbox 1437 323 1537 351; x_wconf 89' lang='lat' dir='ltr'><strong>habere</strong></span> <span class='ocrx_word' id='word_1_387' title='bbox 1549 323 1627 350; x_wconf 91' lang='lat' dir='ltr'><strong>illum</strong></span> <span class='ocrx_word' id='word_1_388' title='bbox 1646 322 1782 349; x_wconf 80' lang='lat' dir='ltr'><strong>fatentur.</strong></span> 
     </span>
    </p>
   </div>
   <div class='ocr_carea' id='block_1_53' title="bbox 1081 369 1827 405">
    <p class='ocr_par' dir='ltr' id='par_1_53' title="bbox 1081 369 1827 405">
     <span class='ocr_line' id='line_1_53' title="bbox 1081 369 1827 405; baseline -0.003 -8"><span class='ocrx_word' id='word_1_389' title='bbox 1081 380 1089 396; x_wconf 79' lang='grc' dir='ltr'>ι</span> <span class='ocrx_word' id='word_1_390' title='bbox 1109 370 1141 397; x_wconf 83' lang='grc' dir='ltr'><strong>Χ.</strong></span> <span class='ocrx_word' id='word_1_391' title='bbox 1157 370 1244 405; x_wconf 84' lang='lat' dir='ltr'><strong>Super</strong></span> <span class='ocrx_word' id='word_1_392' title='bbox 1259 371 1317 397; x_wconf 67' lang='lat' dir='ltr'><strong>haec</strong></span> <span class='ocrx_word' id='word_1_393' title='bbox 1329 374 1418 397; x_wconf 81' lang='lat' dir='ltr'><strong>autem</strong></span> <span class='ocrx_word' id='word_1_394' title='bbox 1431 370 1521 397; x_wconf 88' lang='lat' dir='ltr'><strong>omnia</strong></span> <span class='ocrx_word' id='word_1_395' title='bbox 1539 377 1600 404; x_wconf 61' lang='lat' dir='ltr'><strong>quas</strong></span> <span class='ocrx_word' id='word_1_396' title='bbox 1616 369 1693 396; x_wconf 87' lang='lat' dir='ltr'><strong>dicta</strong></span> <span class='ocrx_word' id='word_1_397' title='bbox 1717 374 1792 400; x_wconf 90' lang='lat' dir='ltr'><strong>sunt.</strong></span> <span class='ocrx_word' id='word_1_398' title='bbox 1807 374 1827 394; x_wconf 69' lang='lat' dir='ltr'><strong>rt</strong></span> 
     </span>
    </p>
   </div>
   <div class='ocr_carea' id='block_1_54' title="bbox 1043 415 1826 452">
    <p class='ocr_par' dir='ltr' id='par_1_54' title="bbox 1043 415 1826 452">
     <span class='ocr_line' id='line_1_54' title="bbox 1043 415 1826 452; baseline -0.004 -8"><span class='ocrx_word' id='word_1_399' title='bbox 1043 415 1108 443; x_wconf 86' lang='lat' dir='ltr'><strong>illud</strong></span> <span class='ocrx_word' id='word_1_400' title='bbox 1123 423 1232 452; x_wconf 81' lang='lat' dir='ltr'><strong>quoque</strong></span> <span class='ocrx_word' id='word_1_401' title='bbox 1250 416 1403 444; x_wconf 86' lang='lat' dir='ltr'><strong>certissime</strong></span> <span class='ocrx_word' id='word_1_402' title='bbox 1431 416 1567 449; x_wconf 85' lang='lat' dir='ltr'><strong>noverint,</strong></span> <span class='ocrx_word' id='word_1_403' title='bbox 1583 415 1720 450; x_wconf 88' lang='lat' dir='ltr'><strong>quoniam</strong></span> <span class='ocrx_word' id='word_1_404' title='bbox 1753 423 1826 442; x_wconf 76' lang='lat' dir='ltr'><strong>unum</strong></span> 
     </span>
    </p>
   </div>
   <div class='ocr_carea' id='block_1_55' title="bbox 1043 461 1828 498">
    <p class='ocr_par' dir='ltr' id='par_1_55' title="bbox 1043 461 1828 498">
     <span class='ocr_line' id='line_1_55' title="bbox 1043 461 1828 498; baseline -0.001 -9"><span class='ocrx_word' id='word_1_405' title='bbox 1043 470 1093 489; x_wconf 92' lang='lat' dir='ltr'><strong>nec</strong></span> <span class='ocrx_word' id='word_1_406' title='bbox 1108 470 1201 494; x_wconf 92' lang='lat' dir='ltr'><strong>unam,</strong></span> <span class='ocrx_word' id='word_1_407' title='bbox 1216 470 1303 498; x_wconf 88' lang='lat' dir='ltr'><strong>neque</strong></span> <span class='ocrx_word' id='word_1_408' title='bbox 1323 462 1402 495; x_wconf 89' lang='lat' dir='ltr'><strong>duas,</strong></span> <span class='ocrx_word' id='word_1_409' title='bbox 1419 466 1446 489; x_wconf 91' lang='lat' dir='ltr'><strong>et</strong></span> <span class='ocrx_word' id='word_1_410' title='bbox 1478 462 1577 489; x_wconf 88' lang='lat' dir='ltr'><strong>iterum</strong></span> <span class='ocrx_word' id='word_1_411' title='bbox 1605 469 1691 489; x_wconf 87' lang='lat' dir='ltr'><strong>unam</strong></span> <span class='ocrx_word' id='word_1_412' title='bbox 1722 465 1752 488; x_wconf 86' lang='lat' dir='ltr'><strong>et</strong></span> <span class='ocrx_word' id='word_1_413' title='bbox 1769 461 1828 489; x_wconf 70' lang='lat' dir='ltr'><strong>duas</strong></span> 
     </span>
    </p>
   </div>
   <div class='ocr_carea' id='block_1_56' title="bbox 1042 508 1829 544">
    <p class='ocr_par' dir='ltr' id='par_1_56' title="bbox 1042 508 1829 544">
     <span class='ocr_line' id='line_1_56' title="bbox 1042 508 1829 544; baseline -0.003 -8"><span class='ocrx_word' id='word_1_414' title='bbox 1042 509 1194 536; x_wconf 86' lang='lat' dir='ltr'><strong>voluntates</strong></span> <span class='ocrx_word' id='word_1_415' title='bbox 1206 513 1233 536; x_wconf 87' lang='lat' dir='ltr'><strong>et</strong></span> <span class='ocrx_word' id='word_1_416' title='bbox 1250 510 1432 544; x_wconf 85' lang='lat' dir='ltr'><strong>operationes,</strong></span> <span class='ocrx_word' id='word_1_417' title='bbox 1445 513 1472 536; x_wconf 91' lang='lat' dir='ltr'><strong>et</strong></span> <span class='ocrx_word' id='word_1_418' title='bbox 1485 509 1578 536; x_wconf 84' lang='lat' dir='ltr'><strong>Omnia</strong></span> <span class='ocrx_word' id='word_1_419' title='bbox 1591 516 1655 536; x_wconf 86' lang='lat' dir='ltr'><strong>cum</strong></span> <span class='ocrx_word' id='word_1_420' title='bbox 1671 508 1829 535; x_wconf 83' lang='lat' dir='ltr'><strong>anathema-</strong></span> 
     </span>
    </p>
   </div>
   <div class='ocr_carea' id='block_1_57' title="bbox 1044 554 1829 590">
    <p class='ocr_par' dir='ltr' id='par_1_57' title="bbox 1044 554 1829 590">
     <span class='ocr_line' id='line_1_57' title="bbox 1044 554 1829 590; baseline -0.005 -8"><span class='ocrx_word' id='word_1_421' title='bbox 1044 555 1115 582; x_wconf 87' lang='lat' dir='ltr'><strong>tibus</strong></span> <span class='ocrx_word' id='word_1_422' title='bbox 1123 559 1148 582; x_wconf 90' lang='lat' dir='ltr'><strong>et</strong></span> <span class='ocrx_word' id='word_1_423' title='bbox 1157 555 1370 590; x_wconf 88' lang='lat' dir='ltr'><strong>depositiouibus</strong></span> <span class='ocrx_word' id='word_1_424' title='bbox 1384 562 1416 581; x_wconf 90' lang='lat' dir='ltr'><strong>ac</strong></span> <span class='ocrx_word' id='word_1_425' title='bbox 1427 554 1715 582; x_wconf 81' lang='lat' dir='ltr'><strong>exeommuniealione</strong></span> <span class='ocrx_word' id='word_1_426' title='bbox 1724 554 1829 587; x_wconf 73' lang='lat' dir='ltr'><strong>dogma-</strong></span> 
     </span>
    </p>
   </div>
   <div class='ocr_carea' id='block_1_58' title="bbox 1042 599 1830 635">
    <p class='ocr_par' dir='ltr' id='par_1_58' title="bbox 1042 599 1830 635">
     <span class='ocr_line' id='line_1_58' title="bbox 1042 599 1830 635; baseline -0.003 -8"><span class='ocrx_word' id='word_1_427' title='bbox 1042 601 1168 632; x_wconf 80' lang='lat' dir='ltr'><strong>tizautes,</strong></span> <span class='ocrx_word' id='word_1_428' title='bbox 1185 604 1278 635; x_wconf 88' lang='lat' dir='ltr'><strong>aperte</strong></span> <span class='ocrx_word' id='word_1_429' title='bbox 1290 600 1340 628; x_wconf 87' lang='lat' dir='ltr'><strong>sibi</strong></span> <span class='ocrx_word' id='word_1_430' title='bbox 1353 605 1379 627; x_wconf 88' lang='lat' dir='ltr'><strong>et</strong></span> <span class='ocrx_word' id='word_1_431' title='bbox 1394 600 1532 627; x_wconf 89' lang='lat' dir='ltr'><strong>alterutris</strong></span> <span class='ocrx_word' id='word_1_432' title='bbox 1547 607 1704 634; x_wconf 84' lang='lat' dir='ltr'><strong>repugnare</strong></span> <span class='ocrx_word' id='word_1_433' title='bbox 1717 599 1830 634; x_wconf 79' lang='lat' dir='ltr'><strong>probau-</strong></span> 
     </span>
    </p>
   </div>
   <div class='ocr_carea' id='block_1_59' title="bbox 1042 645 1829 682">
    <p class='ocr_par' dir='ltr' id='par_1_59' title="bbox 1042 645 1829 682">
     <span class='ocr_line' id='line_1_59' title="bbox 1042 645 1829 682; baseline -0.005 -8"><span class='ocrx_word' id='word_1_434' title='bbox 1042 652 1107 680; x_wconf 86' lang='lat' dir='ltr'><strong>tur;</strong></span> <span class='ocrx_word' id='word_1_435' title='bbox 1125 651 1153 674; x_wconf 88' lang='lat' dir='ltr'><strong>et</strong></span> <span class='ocrx_word' id='word_1_436' title='bbox 1166 647 1217 682; x_wconf 91' lang='lat' dir='ltr'><strong>ipsi</strong></span> <span class='ocrx_word' id='word_1_437' title='bbox 1236 654 1282 681; x_wconf 91' lang='lat' dir='ltr'><strong>per</strong></span> <span class='ocrx_word' id='word_1_438' title='bbox 1308 654 1338 674; x_wconf 87' lang='lat' dir='ltr'><strong>se</strong></span> <span class='ocrx_word' id='word_1_439' title='bbox 1353 646 1427 680; x_wconf 88' lang='lat' dir='ltr'><strong>ipsos</strong></span> <span class='ocrx_word' id='word_1_440' title='bbox 1440 650 1467 673; x_wconf 87' lang='lat' dir='ltr'><strong>et</strong></span> <span class='ocrx_word' id='word_1_441' title='bbox 1492 645 1607 673; x_wconf 88' lang='lat' dir='ltr'><strong>invicem</strong></span> <span class='ocrx_word' id='word_1_442' title='bbox 1624 646 1792 672; x_wconf 85' lang='lat' dir='ltr'><strong>subvertunt</strong></span> <span class='ocrx_word' id='word_1_443' title='bbox 1803 652 1829 671; x_wconf 82' lang='lat' dir='ltr'><strong>ac</strong></span> 
     </span>
    </p>
   </div>
   <div class='ocr_carea' id='block_1_60' title="bbox 1042 692 1830 727">
    <p class='ocr_par' dir='ltr' id='par_1_60' title="bbox 1042 692 1830 727">
     <span class='ocr_line' id='line_1_60' title="bbox 1042 692 1830 727; baseline -0.003 -7"><span class='ocrx_word' id='word_1_444' title='bbox 1042 694 1194 725; x_wconf 83' lang='lat' dir='ltr'><strong>destruunt,</strong></span> <span class='ocrx_word' id='word_1_445' title='bbox 1208 693 1308 719; x_wconf 80' lang='lat' dir='ltr'><strong>alterna</strong></span> <span class='ocrx_word' id='word_1_446' title='bbox 1325 692 1406 719; x_wconf 83' lang='lat' dir='ltr'><strong>verba</strong></span> <span class='ocrx_word' id='word_1_447' title='bbox 1436 696 1463 719; x_wconf 89' lang='lat' dir='ltr'><strong>et</strong></span> <span class='ocrx_word' id='word_1_448' title='bbox 1479 692 1618 727; x_wconf 81' lang='lat' dir='ltr'><strong>dogmata,</strong></span> <span class='ocrx_word' id='word_1_449' title='bbox 1649 699 1739 726; x_wconf 86' lang='lat' dir='ltr'><strong>seque</strong></span> <span class='ocrx_word' id='word_1_450' title='bbox 1764 692 1830 725; x_wconf 77' lang='lat' dir='ltr'><strong>ipsos</strong></span> 
     </span>
    </p>
   </div>
   <div class='ocr_carea' id='block_1_61' title="bbox 1041 737 1830 772">
    <p class='ocr_par' dir='ltr' id='par_1_61' title="bbox 1041 737 1830 772">
     <span class='ocr_line' id='line_1_61' title="bbox 1041 737 1830 772; baseline -0.005 -5"><span class='ocrx_word' id='word_1_451' title='bbox 1041 744 1069 768; x_wconf 90' lang='lat' dir='ltr'><strong>et</strong></span> <span class='ocrx_word' id='word_1_452' title='bbox 1079 740 1233 772; x_wconf 84' lang='lat' dir='ltr'><strong>alterutros,</strong></span> <span class='ocrx_word' id='word_1_453' title='bbox 1248 742 1274 765; x_wconf 82' lang='lat' dir='ltr'><strong>et</strong></span> <span class='ocrx_word' id='word_1_454' title='bbox 1289 746 1337 765; x_wconf 89' lang='lat' dir='ltr'><strong>eos</strong></span> <span class='ocrx_word' id='word_1_455' title='bbox 1351 738 1397 772; x_wconf 88' lang='lat' dir='ltr'><strong>qui</strong></span> <span class='ocrx_word' id='word_1_456' title='bbox 1411 737 1462 765; x_wconf 90' lang='lat' dir='ltr'><strong>sibi</strong></span> <span class='ocrx_word' id='word_1_457' title='bbox 1485 737 1706 769; x_wconf 87' lang='lat' dir='ltr'><strong>communicant,</strong></span> <span class='ocrx_word' id='word_1_458' title='bbox 1723 737 1830 763; x_wconf 84' lang='lat' dir='ltr'><strong>anathe-</strong></span> 
     </span>
    </p>
   </div>
   <div class='ocr_carea' id='block_1_62' title="bbox 1042 782 1831 818">
    <p class='ocr_par' dir='ltr' id='par_1_62' title="bbox 1042 782 1831 818">
     <span class='ocr_line' id='line_1_62' title="bbox 1042 782 1831 818; baseline -0.005 -6"><span class='ocrx_word' id='word_1_459' title='bbox 1042 786 1182 818; x_wconf 87' lang='lat' dir='ltr'><strong>matizant,</strong></span> <span class='ocrx_word' id='word_1_460' title='bbox 1202 785 1273 813; x_wconf 88' lang='lat' dir='ltr'><strong>etab</strong></span> <span class='ocrx_word' id='word_1_461' title='bbox 1289 785 1363 812; x_wconf 91' lang='lat' dir='ltr'><strong>omni</strong></span> <span class='ocrx_word' id='word_1_462' title='bbox 1376 791 1454 812; x_wconf 86' lang='lat' dir='ltr'><strong>saera</strong></span> <span class='ocrx_word' id='word_1_463' title='bbox 1469 783 1601 818; x_wconf 82' lang='lat' dir='ltr'><strong>dignitate</strong></span> <span class='ocrx_word' id='word_1_464' title='bbox 1624 790 1658 809; x_wconf 90' lang='lat' dir='ltr'><strong>ac</strong></span> <span class='ocrx_word' id='word_1_465' title='bbox 1681 782 1831 809; x_wconf 81' lang='lat' dir='ltr'><strong>ministerio</strong></span> 
     </span>
    </p>
   </div>
   <div class='ocr_carea' id='block_1_63' title="bbox 1041 827 1830 866">
    <p class='ocr_par' dir='ltr' id='par_1_63' title="bbox 1041 827 1830 866">
     <span class='ocr_line' id='line_1_63' title="bbox 1041 827 1830 866; baseline -0.005 -8"><span class='ocrx_word' id='word_1_466' title='bbox 1041 831 1144 866; x_wconf 84' lang='lat' dir='ltr'><strong>pel‘lunt</strong></span> <span class='ocrx_word' id='word_1_467' title='bbox 1163 834 1246 864; x_wconf 33' lang='lat' dir='ltr'><strong>atque.</strong></span> <span class='ocrx_word' id='word_1_468' title='bbox 1258 831 1407 865; x_wconf 87' lang='lat' dir='ltr'><strong>deponunt.</strong></span> <span class='ocrx_word' id='word_1_469' title='bbox 1422 829 1531 856; x_wconf 85' lang='lat' dir='ltr'><strong>Necnon</strong></span> <span class='ocrx_word' id='word_1_470' title='bbox 1543 833 1570 855; x_wconf 88' lang='lat' dir='ltr'><strong>et</strong></span> <span class='ocrx_word' id='word_1_471' title='bbox 1583 836 1598 855; x_wconf 89' lang='lat' dir='ltr'><strong>a</strong></span> <span class='ocrx_word' id='word_1_472' title='bbox 1612 828 1795 863; x_wconf 82' lang='lat' dir='ltr'><strong>perceptione</strong></span> <span class='ocrx_word' id='word_1_473' title='bbox 1803 827 1830 854; x_wconf 81' lang='lat' dir='ltr'><strong>il—</strong></span> 
     </span>
    </p>
   </div>
   <div class='ocr_carea' id='block_1_64' title="bbox 1041 874 1832 910">
    <p class='ocr_par' dir='ltr' id='par_1_64' title="bbox 1041 874 1832 910">
     <span class='ocr_line' id='line_1_64' title="bbox 1041 874 1832 910; baseline -0.004 -7"><span class='ocrx_word' id='word_1_474' title='bbox 1041 876 1130 904; x_wconf 76' lang='lat' dir='ltr'><strong>libatas</strong></span> <span class='ocrx_word' id='word_1_475' title='bbox 1136 876 1336 903; x_wconf 85' lang='lat' dir='ltr'><strong>communionis</strong></span> <span class='ocrx_word' id='word_1_476' title='bbox 1343 875 1440 902; x_wconf 89' lang='lat' dir='ltr'><strong>viviﬁci</strong></span> <span class='ocrx_word' id='word_1_477' title='bbox 1449 875 1570 910; x_wconf 88' lang='lat' dir='ltr'><strong>corporis</strong></span> <span class='ocrx_word' id='word_1_478' title='bbox 1579 879 1607 901; x_wconf 91' lang='lat' dir='ltr'><strong>et</strong></span> <span class='ocrx_word' id='word_1_479' title='bbox 1622 874 1774 909; x_wconf 77' lang='lat' dir='ltr'><strong>sanguinis</strong></span> <span class='ocrx_word' id='word_1_480' title='bbox 1782 883 1832 901; x_wconf 81' lang='lat' dir='ltr'><strong>ma-</strong></span> 
     </span>
    </p>
   </div>
   <div class='ocr_carea' id='block_1_65' title="bbox 1040 921 1802 958">
    <p class='ocr_par' dir='ltr' id='par_1_65' title="bbox 1040 921 1802 958">
     <span class='ocr_line' id='line_1_65' title="bbox 1040 921 1802 958; baseline -0.004 -8"><span class='ocrx_word' id='word_1_481' title='bbox 1040 923 1084 958; x_wconf 75' lang='lat' dir='ltr'><strong>gni</strong></span> <span class='ocrx_word' id='word_1_482' title='bbox 1093 922 1140 950; x_wconf 87' lang='lat' dir='ltr'><strong>Dei</strong></span> <span class='ocrx_word' id='word_1_483' title='bbox 1148 927 1174 950; x_wconf 92' lang='lat' dir='ltr'><strong>et</strong></span> <span class='ocrx_word' id='word_1_484' title='bbox 1182 922 1422 950; x_wconf 84' lang='lat' dir='ltr'><strong>Salvatorisnostri</strong></span> <span class='ocrx_word' id='word_1_485' title='bbox 1431 921 1493 949; x_wconf 85' lang='lat' dir='ltr'><strong>Jesu</strong></span> <span class='ocrx_word' id='word_1_486' title='bbox 1503 921 1603 948; x_wconf 87' lang='lat' dir='ltr'><strong>Christi</strong></span> <span class='ocrx_word' id='word_1_487' title='bbox 1611 925 1802 956; x_wconf 83' lang='lat' dir='ltr'><strong>sequestram.</strong></span> 
     </span>
    </p>
   </div>
   <div class='ocr_carea' id='block_1_66' title="bbox 1079 968 1833 1003">
    <p class='ocr_par' dir='ltr' id='par_1_66' title="bbox 1079 968 1833 1003">
     <span class='ocr_line' id='line_1_66' title="bbox 1079 968 1833 1003; baseline -0.001 -8"><span class='ocrx_word' id='word_1_488' title='bbox 1079 979 1088 995; x_wconf 70' lang='grc' dir='ltr'>ι</span> <span class='ocrx_word' id='word_1_489' title='bbox 1104 969 1149 996; x_wconf 80' lang='lat' dir='ltr'><strong>x1.</strong></span> <span class='ocrx_word' id='word_1_490' title='bbox 1163 969 1196 996; x_wconf 88' lang='lat' dir='ltr'><strong>Et</strong></span> <span class='ocrx_word' id='word_1_491' title='bbox 1208 970 1264 996; x_wconf 58' lang='lat' dir='ltr'><strong>haec</strong></span> <span class='ocrx_word' id='word_1_492' title='bbox 1284 969 1388 1003; x_wconf 91' lang='lat' dir='ltr'><strong>liquido</strong></span> <span class='ocrx_word' id='word_1_493' title='bbox 1412 976 1472 1000; x_wconf 88' lang='lat' dir='ltr'><strong>nos,</strong></span> <span class='ocrx_word' id='word_1_494' title='bbox 1493 972 1520 995; x_wconf 93' lang='lat' dir='ltr'><strong>et</strong></span> <span class='ocrx_word' id='word_1_495' title='bbox 1535 969 1610 995; x_wconf 89' lang='lat' dir='ltr'><strong>nullo</strong></span> <span class='ocrx_word' id='word_1_496' title='bbox 1641 968 1790 995; x_wconf 85' lang='lat' dir='ltr'><strong>intuentes</strong></span> <span class='ocrx_word' id='word_1_497' title='bbox 1811 971 1833 993; x_wconf 71' lang='lat' dir='ltr'><strong>et</strong></span> 
     </span>
    </p>
   </div>
   <div class='ocr_carea' id='block_1_67' title="bbox 1042 1012 1833 1048">
    <p class='ocr_par' dir='ltr' id='par_1_67' title="bbox 1042 1012 1833 1048">
     <span class='ocr_line' id='line_1_67' title="bbox 1042 1012 1833 1048; baseline -0.006 -6"><span class='ocrx_word' id='word_1_498' title='bbox 1042 1014 1158 1042; x_wconf 88' lang='lat' dir='ltr'><strong>scientes</strong></span> <span class='ocrx_word' id='word_1_499' title='bbox 1169 1014 1294 1042; x_wconf 88' lang='lat' dir='ltr'><strong>obstante</strong></span> <span class='ocrx_word' id='word_1_500' title='bbox 1302 1013 1446 1046; x_wconf 87' lang='lat' dir='ltr'><strong>velamine,</strong></span> <span class='ocrx_word' id='word_1_501' title='bbox 1457 1020 1511 1040; x_wconf 90' lang='lat' dir='ltr'><strong>non</strong></span> <span class='ocrx_word' id='word_1_502' title='bbox 1524 1013 1612 1040; x_wconf 88' lang='lat' dir='ltr'><strong>solum</strong></span> <span class='ocrx_word' id='word_1_503' title='bbox 1623 1019 1746 1048; x_wconf 84' lang='lat' dir='ltr'><strong>propter</strong></span> <span class='ocrx_word' id='word_1_504' title='bbox 1753 1012 1833 1039; x_wconf 77' lang='lat' dir='ltr'><strong>multi-</strong></span> 
     </span>
    </p>
   </div>
   <div class='ocr_carea' id='block_1_68' title="bbox 1042 1058 1834 1094">
    <p class='ocr_par' dir='ltr' id='par_1_68' title="bbox 1042 1058 1834 1094">
     <span class='ocr_line' id='line_1_68' title="bbox 1042 1058 1834 1094; baseline -0.004 -6"><span class='ocrx_word' id='word_1_505' title='bbox 1042 1060 1156 1088; x_wconf 88' lang='lat' dir='ltr'><strong>formem</strong></span> <span class='ocrx_word' id='word_1_506' title='bbox 1173 1067 1303 1092; x_wconf 89' lang='lat' dir='ltr'><strong>errorem,</strong></span> <span class='ocrx_word' id='word_1_507' title='bbox 1329 1067 1422 1087; x_wconf 92' lang='lat' dir='ltr'><strong>verum</strong></span> <span class='ocrx_word' id='word_1_508' title='bbox 1437 1059 1518 1087; x_wconf 88' lang='lat' dir='ltr'><strong>etiam</strong></span> <span class='ocrx_word' id='word_1_509' title='bbox 1535 1063 1560 1086; x_wconf 91' lang='lat' dir='ltr'><strong>et</strong></span> <span class='ocrx_word' id='word_1_510' title='bbox 1575 1064 1694 1094; x_wconf 86' lang='lat' dir='ltr'><strong>propter</strong></span> <span class='ocrx_word' id='word_1_511' title='bbox 1710 1058 1834 1086; x_wconf 79' lang='lat' dir='ltr'><strong>instabili-</strong></span> 
     </span>
    </p>
   </div>
   <div class='ocr_carea' id='block_1_69' title="bbox 1043 1105 1832 1140">
    <p class='ocr_par' dir='ltr' id='par_1_69' title="bbox 1043 1105 1832 1140">
     <span class='ocr_line' id='line_1_69' title="bbox 1043 1105 1832 1140; baseline -0.004 -6"><span class='ocrx_word' id='word_1_512' title='bbox 1043 1110 1125 1134; x_wconf 84' lang='lat' dir='ltr'><strong>tatem</strong></span> <span class='ocrx_word' id='word_1_513' title='bbox 1140 1109 1167 1133; x_wconf 87' lang='lat' dir='ltr'><strong>et</strong></span> <span class='ocrx_word' id='word_1_514' title='bbox 1193 1106 1389 1133; x_wconf 89' lang='lat' dir='ltr'><strong>absurditatem</strong></span> <span class='ocrx_word' id='word_1_515' title='bbox 1415 1113 1446 1133; x_wconf 90' lang='lat' dir='ltr'><strong>ac</strong></span> <span class='ocrx_word' id='word_1_516' title='bbox 1472 1105 1730 1140; x_wconf 86' lang='lat' dir='ltr'><strong>reciprocationem</strong></span> <span class='ocrx_word' id='word_1_517' title='bbox 1747 1106 1832 1132; x_wconf 75' lang='lat' dir='ltr'><strong>talium</strong></span> 
     </span>
    </p>
   </div>
   <div class='ocr_carea' id='block_1_70' title="bbox 1042 1151 1834 1186">
    <p class='ocr_par' dir='ltr' id='par_1_70' title="bbox 1042 1151 1834 1186">
     <span class='ocr_line' id='line_1_70' title="bbox 1042 1151 1834 1186; baseline 0 -8"><span class='ocrx_word' id='word_1_518' title='bbox 1042 1152 1163 1180; x_wconf 89' lang='lat' dir='ltr'><strong>virorum</strong></span> <span class='ocrx_word' id='word_1_519' title='bbox 1181 1156 1207 1179; x_wconf 94' lang='lat' dir='ltr'><strong>et</strong></span> <span class='ocrx_word' id='word_1_520' title='bbox 1220 1151 1387 1186; x_wconf 81' lang='lat' dir='ltr'><strong>dogmatum,</strong></span> <span class='ocrx_word' id='word_1_521' title='bbox 1405 1151 1480 1179; x_wconf 88' lang='lat' dir='ltr'><strong>omni</strong></span> <span class='ocrx_word' id='word_1_522' title='bbox 1505 1151 1633 1178; x_wconf 87' lang='lat' dir='ltr'><strong>custodia</strong></span> <span class='ocrx_word' id='word_1_523' title='bbox 1651 1152 1834 1186; x_wconf 76' lang='lat' dir='ltr'><strong>nosmetipsos</strong></span> 
     </span>
    </p>
   </div>
   <div class='ocr_carea' id='block_1_71' title="bbox 1044 1198 1833 1233">
    <p class='ocr_par' dir='ltr' id='par_1_71' title="bbox 1044 1198 1833 1233">
     <span class='ocr_line' id='line_1_71' title="bbox 1044 1198 1833 1233; baseline -0.001 -7"><span class='ocrx_word' id='word_1_524' title='bbox 1044 1198 1077 1226; x_wconf 87' lang='lat' dir='ltr'><strong>ab</strong></span> <span class='ocrx_word' id='word_1_525' title='bbox 1099 1199 1208 1226; x_wconf 92' lang='lat' dir='ltr'><strong>illorum</strong></span> <span class='ocrx_word' id='word_1_526' title='bbox 1238 1198 1377 1233; x_wconf 88' lang='lat' dir='ltr'><strong>impietate</strong></span> <span class='ocrx_word' id='word_1_527' title='bbox 1401 1203 1428 1225; x_wconf 89' lang='lat' dir='ltr'><strong>et</strong></span> <span class='ocrx_word' id='word_1_528' title='bbox 1455 1199 1654 1226; x_wconf 84' lang='lat' dir='ltr'><strong>communione</strong></span> <span class='ocrx_word' id='word_1_529' title='bbox 1685 1206 1833 1232; x_wconf 82' lang='lat' dir='ltr'><strong>servemus,</strong></span> 
     </span>
    </p>
   </div>
   <div class='ocr_carea' id='block_1_72' title="bbox 1043 1244 1837 1279">
    <p class='ocr_par' dir='ltr' id='par_1_72' title="bbox 1043 1244 1837 1279">
     <span class='ocr_line' id='line_1_72' title="bbox 1043 1244 1837 1279; baseline -0.001 -8"><span class='ocrx_word' id='word_1_530' title='bbox 1043 1248 1177 1279; x_wconf 86' lang='lat' dir='ltr'><strong>quotquot</strong></span> <span class='ocrx_word' id='word_1_531' title='bbox 1194 1244 1222 1270; x_wconf 92' lang='lat' dir='ltr'><strong>in</strong></span> <span class='ocrx_word' id='word_1_532' title='bbox 1244 1244 1357 1271; x_wconf 84' lang='lat' dir='ltr'><strong>veritate</strong></span> <span class='ocrx_word' id='word_1_533' title='bbox 1384 1252 1444 1272; x_wconf 91' lang='lat' dir='ltr'><strong>esse</strong></span> <span class='ocrx_word' id='word_1_534' title='bbox 1459 1252 1491 1272; x_wconf 87' lang='lat' dir='ltr'><strong>ac</strong></span> <span class='ocrx_word' id='word_1_535' title='bbox 1504 1244 1556 1271; x_wconf 91' lang='lat' dir='ltr'><strong>dici</strong></span> <span class='ocrx_word' id='word_1_536' title='bbox 1586 1244 1750 1271; x_wconf 80' lang='lat' dir='ltr'><strong>Christiani</strong></span> <span class='ocrx_word' id='word_1_537' title='bbox 1772 1245 1837 1272; x_wconf 80' lang='lat' dir='ltr'><strong>volu-</strong></span> 
     </span>
    </p>
   </div>
   <div class='ocr_carea' id='block_1_73' title="bbox 1043 1290 1835 1325">
    <p class='ocr_par' dir='ltr' id='par_1_73' title="bbox 1043 1290 1835 1325">
     <span class='ocr_line' id='line_1_73' title="bbox 1043 1290 1835 1325; baseline 0.001 -9"><span class='ocrx_word' id='word_1_538' title='bbox 1043 1298 1116 1317; x_wconf 89' lang='lat' dir='ltr'><strong>mus.</strong></span> <span class='ocrx_word' id='word_1_539' title='bbox 1130 1290 1255 1317; x_wconf 82' lang='lat' dir='ltr'><strong>Alienum</strong></span> <span class='ocrx_word' id='word_1_540' title='bbox 1268 1291 1367 1325; x_wconf 90' lang='lat' dir='ltr'><strong>quippe</strong></span> <span class='ocrx_word' id='word_1_541' title='bbox 1379 1298 1394 1317; x_wconf 88' lang='lat' dir='ltr'><strong>a</strong></span> <span class='ocrx_word' id='word_1_542' title='bbox 1409 1290 1571 1317; x_wconf 87' lang='lat' dir='ltr'><strong>Christianis</strong></span> <span class='ocrx_word' id='word_1_543' title='bbox 1588 1295 1646 1323; x_wconf 83' lang='lat' dir='ltr'><strong>est,</strong></span> <span class='ocrx_word' id='word_1_544' title='bbox 1664 1298 1735 1318; x_wconf 87' lang='lat' dir='ltr'><strong>cum</strong></span> <span class='ocrx_word' id='word_1_545' title='bbox 1748 1291 1835 1318; x_wconf 89' lang='lat' dir='ltr'><strong>ortho-</strong></span> 
     </span>
    </p>
   </div>
   <div class='ocr_carea' id='block_1_74' title="bbox 1043 1336 1836 1371">
    <p class='ocr_par' dir='ltr' id='par_1_74' title="bbox 1043 1336 1836 1371">
     <span class='ocr_line' id='line_1_74' title="bbox 1043 1336 1836 1371; baseline 0 -8"><span class='ocrx_word' id='word_1_546' title='bbox 1043 1336 1122 1363; x_wconf 82' lang='lat' dir='ltr'><strong>doxia</strong></span> <span class='ocrx_word' id='word_1_547' title='bbox 1154 1336 1235 1364; x_wconf 89' lang='lat' dir='ltr'><strong>etiam</strong></span> <span class='ocrx_word' id='word_1_548' title='bbox 1266 1337 1431 1371; x_wconf 86' lang='lat' dir='ltr'><strong>impietatem</strong></span> <span class='ocrx_word' id='word_1_549' title='bbox 1460 1337 1613 1371; x_wconf 84' lang='lat' dir='ltr'><strong>suscipere;</strong></span> <span class='ocrx_word' id='word_1_550' title='bbox 1645 1341 1698 1363; x_wconf 86' lang='lat' dir='ltr'><strong>aut</strong></span> <span class='ocrx_word' id='word_1_551' title='bbox 1722 1337 1836 1364; x_wconf 81' lang='lat' dir='ltr'><strong>conﬁteri</strong></span> 
     </span>
    </p>
   </div>
   <div class='ocr_carea' id='block_1_75' title="bbox 1042 1383 1835 1418">
    <p class='ocr_par' dir='ltr' id='par_1_75' title="bbox 1042 1383 1835 1418">
     <span class='ocr_line' id='line_1_75' title="bbox 1042 1383 1835 1418; baseline 0 -8"><span class='ocrx_word' id='word_1_552' title='bbox 1042 1383 1150 1418; x_wconf 91' lang='lat' dir='ltr'><strong>quidem</strong></span> <span class='ocrx_word' id='word_1_553' title='bbox 1158 1383 1338 1411; x_wconf 75' lang='lat' dir='ltr'><strong>orthodoxam</strong></span> <span class='ocrx_word' id='word_1_554' title='bbox 1347 1383 1438 1416; x_wconf 88' lang='lat' dir='ltr'><strong>ﬁdem,</strong></span> <span class='ocrx_word' id='word_1_555' title='bbox 1446 1383 1655 1410; x_wconf 87' lang='lat' dir='ltr'><strong>communicare</strong></span> <span class='ocrx_word' id='word_1_556' title='bbox 1664 1391 1738 1410; x_wconf 81' lang='lat' dir='ltr'><strong>vero</strong></span> <span class='ocrx_word' id='word_1_557' title='bbox 1749 1383 1791 1410; x_wconf 87' lang='lat' dir='ltr'><strong>his</strong></span> <span class='ocrx_word' id='word_1_558' title='bbox 1798 1383 1835 1417; x_wconf 84' lang='lat' dir='ltr'><strong>qui</strong></span> 
     </span>
    </p>
   </div>
   <div class='ocr_carea' id='block_1_76' title="bbox 1042 1428 1835 1464">
    <p class='ocr_par' dir='ltr' id='par_1_76' title="bbox 1042 1428 1835 1464">
     <span class='ocr_line' id='line_1_76' title="bbox 1042 1428 1835 1464; baseline 0 -9"><span class='ocrx_word' id='word_1_559' title='bbox 1042 1428 1113 1456; x_wconf 89' lang='lat' dir='ltr'><strong>hanc</strong></span> <span class='ocrx_word' id='word_1_560' title='bbox 1126 1437 1174 1464; x_wconf 89' lang='lat' dir='ltr'><strong>per</strong></span> <span class='ocrx_word' id='word_1_561' title='bbox 1189 1437 1273 1456; x_wconf 88' lang='lat' dir='ltr'><strong>novas</strong></span> <span class='ocrx_word' id='word_1_562' title='bbox 1283 1429 1452 1456; x_wconf 86' lang='lat' dir='ltr'><strong>inventiones</strong></span> <span class='ocrx_word' id='word_1_563' title='bbox 1465 1429 1602 1464; x_wconf 80' lang='lat' dir='ltr'><strong>abnegant</strong></span> <span class='ocrx_word' id='word_1_564' title='bbox 1625 1434 1652 1456; x_wconf 87' lang='lat' dir='ltr'><strong>et</strong></span> <span class='ocrx_word' id='word_1_565' title='bbox 1668 1429 1835 1456; x_wconf 78' lang='lat' dir='ltr'><strong>adulteram.</strong></span> 
     </span>
    </p>
   </div>
   <div class='ocr_carea' id='block_1_77' title="bbox 1042 1473 1837 1510">
    <p class='ocr_par' dir='ltr' id='par_1_77' title="bbox 1042 1473 1837 1510">
     <span class='ocr_line' id='line_1_77' title="bbox 1042 1473 1837 1510; baseline 0.001 -10"><span class='ocrx_word' id='word_1_566' title='bbox 1042 1473 1155 1509; x_wconf 83' lang='lat' dir='ltr'><strong>Propter</strong></span> <span class='ocrx_word' id='word_1_567' title='bbox 1169 1475 1242 1509; x_wconf 90' lang='lat' dir='ltr'><strong>quod</strong></span> <span class='ocrx_word' id='word_1_568' title='bbox 1256 1475 1344 1502; x_wconf 88' lang='lat' dir='ltr'><strong>divina</strong></span> <span class='ocrx_word' id='word_1_569' title='bbox 1363 1476 1441 1503; x_wconf 89' lang='lat' dir='ltr'><strong>nobis</strong></span> <span class='ocrx_word' id='word_1_570' title='bbox 1465 1475 1507 1502; x_wconf 79' lang='lat' dir='ltr'><strong>lex</strong></span> <span class='ocrx_word' id='word_1_571' title='bbox 1529 1475 1610 1501; x_wconf 78' lang='lat' dir='ltr'><strong>simul</strong></span> <span class='ocrx_word' id='word_1_572' title='bbox 1642 1481 1671 1502; x_wconf 76' lang='lat' dir='ltr'><strong>et</strong></span> <span class='ocrx_word' id='word_1_573' title='bbox 1690 1476 1837 1510; x_wconf 70' lang='lat' dir='ltr'><strong>apostolica</strong></span> 
     </span>
    </p>
   </div>
   <div class='ocr_carea' id='block_1_78' title="bbox 1039 1521 1837 1556">
    <p class='ocr_par' dir='ltr' id='par_1_78' title="bbox 1039 1521 1837 1556">
     <span class='ocr_line' id='line_1_78' title="bbox 1039 1521 1837 1556; baseline 0 -9"><span class='ocrx_word' id='word_1_574' title='bbox 1039 1521 1125 1556; x_wconf 85' lang='lat' dir='ltr'><strong>jubet,</strong></span> <span class='ocrx_word' id='word_1_575' title='bbox 1140 1529 1187 1548; x_wconf 89' lang='lat' dir='ltr'><strong>eos</strong></span> <span class='ocrx_word' id='word_1_576' title='bbox 1202 1521 1248 1556; x_wconf 89' lang='lat' dir='ltr'><strong>qui</strong></span> <span class='ocrx_word' id='word_1_577' title='bbox 1261 1522 1333 1548; x_wconf 90' lang='lat' dir='ltr'><strong>aliud</strong></span> <span class='ocrx_word' id='word_1_578' title='bbox 1351 1525 1447 1556; x_wconf 72' lang='lat' dir='ltr'><strong>praeter</strong></span> <span class='ocrx_word' id='word_1_579' title='bbox 1457 1521 1528 1556; x_wconf 88' lang='lat' dir='ltr'><strong>quod</strong></span> <span class='ocrx_word' id='word_1_580' title='bbox 1544 1530 1558 1548; x_wconf 89' lang='lat' dir='ltr'><strong>a</strong></span> <span class='ocrx_word' id='word_1_581' title='bbox 1574 1521 1760 1549; x_wconf 81' lang='lat' dir='ltr'><strong>Christiferis</strong></span> <span class='ocrx_word' id='word_1_582' title='bbox 1781 1523 1837 1548; x_wconf 77' lang='lat' dir='ltr'><strong>viris</strong></span> 
     </span>
    </p>
   </div>
   <div class='ocr_carea' id='block_1_79' title="bbox 1043 1568 1837 1603">
    <p class='ocr_par' dir='ltr' id='par_1_79' title="bbox 1043 1568 1837 1603">
     <span class='ocr_line' id='line_1_79' title="bbox 1043 1568 1837 1603; baseline -0.003 -7"><span class='ocrx_word' id='word_1_583' title='bbox 1043 1568 1196 1603; x_wconf 80' lang='lat' dir='ltr'><strong>accepimus</strong></span> <span class='ocrx_word' id='word_1_584' title='bbox 1211 1568 1244 1601; x_wconf 78' lang='grc'><strong>⁸⁵,</strong></span> <span class='ocrx_word' id='word_1_585' title='bbox 1260 1568 1356 1596; x_wconf 85' lang='lat' dir='ltr'><strong>docere</strong></span> <span class='ocrx_word' id='word_1_586' title='bbox 1368 1575 1399 1595; x_wconf 90' lang='lat' dir='ltr'><strong>ac</strong></span> <span class='ocrx_word' id='word_1_587' title='bbox 1417 1568 1591 1595; x_wconf 68' lang='lat' dir='ltr'><strong>introducere</strong></span> <span class='ocrx_word' id='word_1_588' title='bbox 1608 1570 1712 1595; x_wconf 84' lang='lat' dir='ltr'><strong>conati</strong></span> <span class='ocrx_word' id='word_1_589' title='bbox 1731 1569 1837 1597; x_wconf 81' lang='lat' dir='ltr'><strong>fuerint.</strong></span> 
     </span>
    </p>
   </div>
   <div class='ocr_carea' id='block_1_80' title="bbox 1042 1611 1835 1648">
    <p class='ocr_par' dir='ltr' id='par_1_80' title="bbox 1042 1611 1835 1648">
     <span class='ocr_line' id='line_1_80' title="bbox 1042 1611 1835 1648; baseline -0.004 -9"><span class='ocrx_word' id='word_1_590' title='bbox 1042 1615 1162 1640; x_wconf 88' lang='lat' dir='ltr'><strong>avertere</strong></span> <span class='ocrx_word' id='word_1_591' title='bbox 1181 1612 1237 1648; x_wconf 79' lang='lat'><strong>(65)</strong></span> <span class='ocrx_word' id='word_1_592' title='bbox 1248 1616 1275 1638; x_wconf 89' lang='lat' dir='ltr'><strong>et</strong></span> <span class='ocrx_word' id='word_1_593' title='bbox 1289 1611 1531 1644; x_wconf 86' lang='lat' dir='ltr'><strong>anathematizare,</strong></span> <span class='ocrx_word' id='word_1_594' title='bbox 1547 1619 1601 1638; x_wconf 91' lang='lat' dir='ltr'><strong>non</strong></span> <span class='ocrx_word' id='word_1_595' title='bbox 1617 1616 1738 1638; x_wconf 82' lang='lat' dir='ltr'><strong>tantum</strong></span> <span class='ocrx_word' id='word_1_596' title='bbox 1755 1612 1778 1639; x_wconf 90' lang='lat' dir='ltr'><strong>si</strong></span> <span class='ocrx_word' id='word_1_597' title='bbox 1795 1613 1835 1638; x_wconf 84' lang='lat' dir='ltr'><strong>ho-</strong></span> 
     </span>
    </p>
   </div>
   <div class='ocr_carea' id='block_1_81' title="bbox 1043 1656 1838 1691">
    <p class='ocr_par' dir='ltr' id='par_1_81' title="bbox 1043 1656 1838 1691">
     <span class='ocr_line' id='line_1_81' title="bbox 1043 1656 1838 1691; baseline -0.004 -6"><span class='ocrx_word' id='word_1_598' title='bbox 1043 1658 1130 1685; x_wconf 90' lang='lat' dir='ltr'><strong>mines</strong></span> <span class='ocrx_word' id='word_1_599' title='bbox 1148 1657 1257 1690; x_wconf 89' lang='lat' dir='ltr'><strong>fuerint,</strong></span> <span class='ocrx_word' id='word_1_600' title='bbox 1275 1658 1321 1684; x_wconf 89' lang='lat' dir='ltr'><strong>sed</strong></span> <span class='ocrx_word' id='word_1_601' title='bbox 1333 1661 1359 1684; x_wconf 89' lang='lat' dir='ltr'><strong>et</strong></span> <span class='ocrx_word' id='word_1_602' title='bbox 1375 1657 1436 1684; x_wconf 85' lang='lat' dir='ltr'><strong>licet</strong></span> <span class='ocrx_word' id='word_1_603' title='bbox 1460 1656 1548 1691; x_wconf 83' lang='lat' dir='ltr'><strong>angeli</strong></span> <span class='ocrx_word' id='word_1_604' title='bbox 1578 1656 1721 1685; x_wconf 84' lang='lat' dir='ltr'><strong>fortassis</strong></span> <span class='ocrx_word' id='word_1_605' title='bbox 1749 1665 1764 1684; x_wconf 89' lang='lat' dir='ltr'><strong>e</strong></span> <span class='ocrx_word' id='word_1_606' title='bbox 1776 1658 1838 1684; x_wconf 73' lang='lat' dir='ltr'><strong>creto</strong></span> 
     </span>
    </p>
   </div>
   <div class='ocr_carea' id='block_1_82' title="bbox 1042 1701 1838 1736">
    <p class='ocr_par' dir='ltr' id='par_1_82' title="bbox 1042 1701 1838 1736">
     <span class='ocr_line' id='line_1_82' title="bbox 1042 1701 1838 1736; baseline -0.001 -6"><span class='ocrx_word' id='word_1_607' title='bbox 1042 1703 1237 1731; x_wconf 78' lang='lat' dir='ltr'><strong>descendentes</strong></span> <span class='ocrx_word' id='word_1_608' title='bbox 1251 1703 1413 1730; x_wconf 79' lang='lat' dir='ltr'><strong>exstiterint.</strong></span> <span class='ocrx_word' id='word_1_609' title='bbox 1434 1702 1467 1729; x_wconf 90' lang='lat' dir='ltr'><strong>Et</strong></span> <span class='ocrx_word' id='word_1_610' title='bbox 1478 1702 1501 1729; x_wconf 89' lang='lat' dir='ltr'><strong>si</strong></span> <span class='ocrx_word' id='word_1_611' title='bbox 1517 1702 1569 1729; x_wconf 89' lang='lat' dir='ltr'><strong>hoc</strong></span> <span class='ocrx_word' id='word_1_612' title='bbox 1582 1701 1756 1736; x_wconf 87' lang='lat' dir='ltr'><strong>fecerimus,</strong></span> <span class='ocrx_word' id='word_1_613' title='bbox 1770 1710 1795 1731; x_wconf 85' lang='lat' dir='ltr'><strong>ct</strong></span> <span class='ocrx_word' id='word_1_614' title='bbox 1808 1703 1838 1729; x_wconf 88' lang='lat' dir='ltr'><strong>di-</strong></span> 
     </span>
    </p>
   </div>
   <div class='ocr_carea' id='block_1_83' title="bbox 1041 1747 1837 1783">
    <p class='ocr_par' dir='ltr' id='par_1_83' title="bbox 1041 1747 1837 1783">
     <span class='ocr_line' id='line_1_83' title="bbox 1041 1747 1837 1783; baseline 0 -8"><span class='ocrx_word' id='word_1_615' title='bbox 1041 1749 1140 1775; x_wconf 70' lang='lat' dir='ltr'><strong>vinam‘</strong></span> <span class='ocrx_word' id='word_1_616' title='bbox 1159 1748 1218 1776; x_wconf 91' lang='lat' dir='ltr'><strong>sine</strong></span> <span class='ocrx_word' id='word_1_617' title='bbox 1245 1748 1468 1783; x_wconf 63' lang='lat' dir='ltr'><strong>praevaricatione</strong></span> <span class='ocrx_word' id='word_1_618' title='bbox 1492 1747 1750 1782; x_wconf 87' lang='lat' dir='ltr'><strong>adimpleverimus</strong></span> <span class='ocrx_word' id='word_1_619' title='bbox 1777 1757 1837 1783; x_wconf 65' lang='lat' dir='ltr'><strong>prae-</strong></span> 
     </span>
    </p>
   </div>
   <div class='ocr_carea' id='block_1_84' title="bbox 1041 1792 1837 1828">
    <p class='ocr_par' dir='ltr' id='par_1_84' title="bbox 1041 1792 1837 1828">
     <span class='ocr_line' id='line_1_84' title="bbox 1041 1792 1837 1828; baseline -0.001 -8"><span class='ocrx_word' id='word_1_620' title='bbox 1041 1794 1203 1828; x_wconf 85' lang='lat' dir='ltr'><strong>ceptionem,</strong></span> <span class='ocrx_word' id='word_1_621' title='bbox 1220 1800 1379 1827; x_wconf 89' lang='lat' dir='ltr'><strong>sacramque</strong></span> <span class='ocrx_word' id='word_1_622' title='bbox 1391 1800 1423 1820; x_wconf 90' lang='lat' dir='ltr'><strong>ac</strong></span> <span class='ocrx_word' id='word_1_623' title='bbox 1437 1792 1616 1820; x_wconf 76' lang='lat' dir='ltr'><strong>orthodoxam</strong></span> <span class='ocrx_word' id='word_1_624' title='bbox 1635 1793 1725 1821; x_wconf 85' lang='lat' dir='ltr'><strong>ﬁdem</strong></span> <span class='ocrx_word' id='word_1_625' title='bbox 1740 1795 1837 1828; x_wconf 82' lang='lat' dir='ltr'><strong>absque</strong></span> 
     </span>
    </p>
   </div>
   <div class='ocr_carea' id='block_1_85' title="bbox 1041 1838 1838 1872">
    <p class='ocr_par' dir='ltr' id='par_1_85' title="bbox 1041 1838 1838 1872">
     <span class='ocr_line' id='line_1_85' title="bbox 1041 1838 1838 1872; baseline -0.001 -7"><span class='ocrx_word' id='word_1_626' title='bbox 1041 1839 1237 1866; x_wconf 86' lang='lat' dir='ltr'><strong>adulteratione</strong></span> <span class='ocrx_word' id='word_1_627' title='bbox 1250 1839 1331 1866; x_wconf 91' lang='lat' dir='ltr'><strong>simul</strong></span> <span class='ocrx_word' id='word_1_628' title='bbox 1348 1844 1375 1865; x_wconf 91' lang='lat' dir='ltr'><strong>et</strong></span> <span class='ocrx_word' id='word_1_629' title='bbox 1391 1838 1568 1865; x_wconf 87' lang='lat' dir='ltr'><strong>innovatione</strong></span> <span class='ocrx_word' id='word_1_630' title='bbox 1584 1839 1805 1872; x_wconf 84' lang='lat' dir='ltr'><strong>possederimus</strong></span> <span class='ocrx_word' id='word_1_631' title='bbox 1817 1845 1838 1865; x_wconf 81' lang='lat' dir='ltr'><strong>et</strong></span> 
     </span>
    </p>
   </div>
   <div class='ocr_carea' id='block_1_86' title="bbox 1041 1883 1839 1917">
    <p class='ocr_par' dir='ltr' id='par_1_86' title="bbox 1041 1883 1839 1917">
     <span class='ocr_line' id='line_1_86' title="bbox 1041 1883 1839 1917; baseline -0.001 -6"><span class='ocrx_word' id='word_1_632' title='bbox 1041 1884 1160 1912; x_wconf 89' lang='lat' dir='ltr'><strong>confessi</strong></span> <span class='ocrx_word' id='word_1_633' title='bbox 1190 1883 1340 1917; x_wconf 81' lang='lat' dir='ltr'><strong>fuerimus;</strong></span> <span class='ocrx_word' id='word_1_634' title='bbox 1369 1883 1403 1910; x_wconf 90' lang='lat' dir='ltr'><strong>ad</strong></span> <span class='ocrx_word' id='word_1_635' title='bbox 1415 1884 1497 1910; x_wconf 91' lang='lat' dir='ltr'><strong>vitam</strong></span> <span class='ocrx_word' id='word_1_636' title='bbox 1508 1883 1576 1910; x_wconf 80' lang='lat' dir='ltr'><strong>salvi</strong></span> <span class='ocrx_word' id='word_1_637' title='bbox 1587 1883 1752 1911; x_wconf 80' lang='lat' dir='ltr'><strong>efﬁciemur</strong></span> <span class='ocrx_word' id='word_1_638' title='bbox 1767 1890 1839 1912; x_wconf 63' lang='lat' dir='ltr'><strong>teter-</strong></span> 
     </span>
    </p>
   </div>
   <div class='ocr_carea' id='block_1_87' title="bbox 1042 1929 1838 1966">
    <p class='ocr_par' dir='ltr' id='par_1_87' title="bbox 1042 1929 1838 1966">
     <span class='ocr_line' id='line_1_87' title="bbox 1042 1929 1838 1966; baseline -0.001 -8"><span class='ocrx_word' id='word_1_639' title='bbox 1042 1939 1104 1958; x_wconf 91' lang='lat' dir='ltr'><strong>nam</strong></span> <span class='ocrx_word' id='word_1_640' title='bbox 1119 1931 1146 1957; x_wconf 94' lang='lat' dir='ltr'><strong>in</strong></span> <span class='ocrx_word' id='word_1_641' title='bbox 1159 1930 1269 1958; x_wconf 80' lang='lat' dir='ltr'><strong>Christo</strong></span> <span class='ocrx_word' id='word_1_642' title='bbox 1279 1929 1344 1957; x_wconf 80' lang='lat' dir='ltr'><strong>Jesu</strong></span> <span class='ocrx_word' id='word_1_643' title='bbox 1367 1929 1482 1957; x_wconf 92' lang='lat' dir='ltr'><strong>Domino</strong></span> <span class='ocrx_word' id='word_1_644' title='bbox 1495 1935 1606 1957; x_wconf 85' lang='lat' dir='ltr'><strong>nostro:</strong></span> <span class='ocrx_word' id='word_1_645' title='bbox 1623 1937 1691 1957; x_wconf 88' lang='lat' dir='ltr'><strong>cum</strong></span> <span class='ocrx_word' id='word_1_646' title='bbox 1712 1939 1773 1966; x_wconf 84' lang='lat' dir='ltr'><strong>quo</strong></span> <span class='ocrx_word' id='word_1_647' title='bbox 1793 1930 1838 1957; x_wconf 72' lang='lat' dir='ltr'><strong>Dea</strong></span> 
     </span>
    </p>
   </div>
   <div class='ocr_carea' id='block_1_88' title="bbox 1041 1976 1837 2009">
    <p class='ocr_par' dir='ltr' id='par_1_88' title="bbox 1041 1976 1837 2009">
     <span class='ocr_line' id='line_1_88' title="bbox 1041 1976 1837 2009; baseline -0.001 -5"><span class='ocrx_word' id='word_1_648' title='bbox 1041 1981 1067 2004; x_wconf 89' lang='lat' dir='ltr'><strong>et</strong></span> <span class='ocrx_word' id='word_1_649' title='bbox 1089 1977 1174 2009; x_wconf 79' lang='lat' dir='ltr'><strong>Patri,</strong></span> <span class='ocrx_word' id='word_1_650' title='bbox 1193 1985 1245 2003; x_wconf 83' lang='lat' dir='ltr'><strong>una</strong></span> <span class='ocrx_word' id='word_1_651' title='bbox 1262 1984 1323 2004; x_wconf 86' lang='lat' dir='ltr'><strong>cum</strong></span> <span class='ocrx_word' id='word_1_652' title='bbox 1339 1976 1513 2004; x_wconf 86' lang='lat' dir='ltr'><strong>sanctissimo</strong></span> <span class='ocrx_word' id='word_1_653' title='bbox 1527 1980 1553 2003; x_wconf 89' lang='lat' dir='ltr'><strong>et</strong></span> <span class='ocrx_word' id='word_1_654' title='bbox 1574 1976 1649 2003; x_wconf 91' lang='lat' dir='ltr'><strong>bono</strong></span> <span class='ocrx_word' id='word_1_655' title='bbox 1661 1984 1699 2004; x_wconf 85' lang='lat' dir='ltr'><strong>ac</strong></span> <span class='ocrx_word' id='word_1_656' title='bbox 1731 1977 1837 2004; x_wconf 71' lang='lat' dir='ltr'><strong>viviﬁen</strong></span> 
     </span>
    </p>
   </div>
   <div class='ocr_carea' id='block_1_89' title="bbox 1042 2021 1837 2057">
    <p class='ocr_par' dir='ltr' id='par_1_89' title="bbox 1042 2021 1837 2057">
     <span class='ocr_line' id='line_1_89' title="bbox 1042 2021 1837 2057; baseline -0.001 -9"><span class='ocrx_word' id='word_1_657' title='bbox 1042 2021 1155 2056; x_wconf 89' lang='lat' dir='ltr'><strong>Spiritu,</strong></span> <span class='ocrx_word' id='word_1_658' title='bbox 1171 2022 1266 2057; x_wconf 81' lang='lat' dir='ltr'><strong>gloria,</strong></span> <span class='ocrx_word' id='word_1_659' title='bbox 1284 2022 1381 2054; x_wconf 89' lang='lat' dir='ltr'><strong>honor,</strong></span> <span class='ocrx_word' id='word_1_660' title='bbox 1404 2022 1558 2056; x_wconf 87' lang='lat' dir='ltr'><strong>imperium,</strong></span> <span class='ocrx_word' id='word_1_661' title='bbox 1576 2026 1601 2048; x_wconf 88' lang='lat' dir='ltr'><strong>et</strong></span> <span class='ocrx_word' id='word_1_662' title='bbox 1619 2021 1757 2049; x_wconf 86' lang='lat' dir='ltr'><strong>adoratio</strong></span> <span class='ocrx_word' id='word_1_663' title='bbox 1773 2031 1837 2050; x_wconf 76' lang='lat' dir='ltr'><strong>nunc</strong></span> 
     </span>
    </p>
   </div>
   <div class='ocr_carea' id='block_1_90' title="bbox 1040 2067 1837 2102">
    <p class='ocr_par' dir='ltr' id='par_1_90' title="bbox 1040 2067 1837 2102">
     <span class='ocr_line' id='line_1_90' title="bbox 1040 2067 1837 2102; baseline 0.001 -8"><span class='ocrx_word' id='word_1_664' title='bbox 1040 2071 1067 2095; x_wconf 91' lang='lat' dir='ltr'><strong>et</strong></span> <span class='ocrx_word' id='word_1_665' title='bbox 1081 2075 1197 2102; x_wconf 88' lang='lat' dir='ltr'><strong>semper,</strong></span> <span class='ocrx_word' id='word_1_666' title='bbox 1224 2072 1251 2095; x_wconf 87' lang='lat' dir='ltr'><strong>et</strong></span> <span class='ocrx_word' id='word_1_667' title='bbox 1267 2068 1293 2094; x_wconf 96' lang='lat' dir='ltr'><strong>iu</strong></span> <span class='ocrx_word' id='word_1_668' title='bbox 1311 2068 1401 2094; x_wconf 86' lang='lat' dir='ltr'><strong>omnia</strong></span> <span class='ocrx_word' id='word_1_669' title='bbox 1420 2074 1616 2102; x_wconf 87' lang='lat' dir='ltr'><strong>nunquamque</strong></span> <span class='ocrx_word' id='word_1_670' title='bbox 1643 2067 1774 2095; x_wconf 79' lang='lat' dir='ltr'><strong>ﬁnienda</strong></span> <span class='ocrx_word' id='word_1_671' title='bbox 1794 2076 1837 2095; x_wconf 59' lang='lat' dir='ltr'><strong>sa?-</strong></span> 
     </span>
    </p>
   </div>
   <div class='ocr_carea' id='block_1_91' title="bbox 1041 2114 1433 2142">
    <p class='ocr_par' dir='ltr' id='par_1_91' title="bbox 1041 2114 1433 2142">
     <span class='ocr_line' id='line_1_91' title="bbox 1041 2114 1433 2142; baseline -0.005 0"><span class='ocrx_word' id='word_1_672' title='bbox 1041 2115 1102 2142; x_wconf 90' lang='lat' dir='ltr'><strong>cula</strong></span> <span class='ocrx_word' id='word_1_673' title='bbox 1115 2115 1289 2142; x_wconf 69' lang='lat' dir='ltr'><strong>smculorum.</strong></span> <span class='ocrx_word' id='word_1_674' title='bbox 1306 2114 1401 2141; x_wconf 84' lang='lat' dir='ltr'><strong>Amen.</strong></span> <span class='ocrx_word' id='word_1_675' title='bbox 1424 2122 1433 2139; x_wconf 75' lang='grc' dir='ltr'><strong><em>ι</em></strong></span> 
     </span>
    </p>
   </div>
   <div class='ocr_carea' id='block_1_92' title="bbox 211 2251 1837 2292">
    <p class='ocr_par' dir='ltr' id='par_1_92' title="bbox 211 2251 1837 2292">
     <span class='ocr_line' id='line_1_92' title="bbox 211 2251 1837 2292; baseline -0.004 -5"><span class='ocrx_word' id='word_1_676' title='bbox 211 2254 337 2287; x_wconf 85' lang='lat' dir='ltr'><strong>Claudii</strong></span> <span class='ocrx_word' id='word_1_677' title='bbox 367 2252 605 2292; x_wconf 76' lang='lat' dir='ltr'><strong>Capperonnier</strong></span> <span class='ocrx_word' id='word_1_678' title='bbox 620 2261 649 2292; x_wconf 69' lang='grc' dir='ltr'><strong>γ.</strong></span> <span class='ocrx_word' id='word_1_679' title='bbox 679 2260 705 2282; x_wconf 88' lang='lat' dir='ltr'><strong>c.</strong></span> <span class='ocrx_word' id='word_1_680' title='bbox 732 2252 1029 2292; x_wconf 83' lang='lat' dir='ltr'><strong>animadversiones</strong></span> <span class='ocrx_word' id='word_1_681' title='bbox 1056 2255 1088 2286; x_wconf 90' lang='lat' dir='ltr'><strong>in</strong></span> <span class='ocrx_word' id='word_1_682' title='bbox 1115 2254 1272 2285; x_wconf 79' lang='lat' dir='ltr'><strong>Anastasii</strong></span> <span class='ocrx_word' id='word_1_683' title='bbox 1289 2253 1474 2283; x_wconf 82' lang='lat' dir='ltr'><strong>Versionem</strong></span> <span class='ocrx_word' id='word_1_684' title='bbox 1492 2251 1636 2292; x_wconf 76' lang='lat' dir='ltr'><strong>Latinam</strong></span> <span class='ocrx_word' id='word_1_685' title='bbox 1653 2252 1837 2290; x_wconf 81' lang='lat' dir='ltr'><strong>Fragmen—</strong></span> 
     </span>
    </p>
   </div>
   <div class='ocr_carea' id='block_1_93' title="bbox 253 2291 1715 2332">
    <p class='ocr_par' dir='ltr' id='par_1_93' title="bbox 253 2291 1715 2332">
     <span class='ocr_line' id='line_1_93' title="bbox 253 2291 1715 2332; baseline -0.002 -9"><span class='ocrx_word' id='word_1_686' title='bbox 253 2295 256 2301; x_wconf 94' lang='lat'><em>‘</em></span> <span class='ocrx_word' id='word_1_687' title='bbox 339 2291 442 2323; x_wconf 84' lang='lat' dir='ltr'><strong>torum</strong></span> <span class='ocrx_word' id='word_1_688' title='bbox 461 2291 639 2330; x_wconf 80' lang='lat' dir='ltr'><strong>Hippolyti,</strong></span> <span class='ocrx_word' id='word_1_689' title='bbox 660 2292 774 2323; x_wconf 85' lang='lat' dir='ltr'><strong>Contra</strong></span> <span class='ocrx_word' id='word_1_690' title='bbox 794 2291 943 2322; x_wconf 79' lang='lat' dir='ltr'><strong>Beronem</strong></span> <span class='ocrx_word' id='word_1_691' title='bbox 959 2300 987 2324; x_wconf 82' lang='lat' dir='ltr'><strong>et</strong></span> <span class='ocrx_word' id='word_1_692' title='bbox 1003 2295 1143 2326; x_wconf 81' lang='lat' dir='ltr'><strong>Helicem</strong></span> <span class='ocrx_word' id='word_1_693' title='bbox 1158 2305 1165 2324; x_wconf 90' lang='lat'><strong>:</strong></span> <span class='ocrx_word' id='word_1_694' title='bbox 1178 2293 1269 2332; x_wconf 81' lang='lat' dir='ltr'><strong>juxta</strong></span> <span class='ocrx_word' id='word_1_695' title='bbox 1285 2292 1460 2323; x_wconf 88' lang='lat' dir='ltr'><strong>editionem</strong></span> <span class='ocrx_word' id='word_1_696' title='bbox 1476 2291 1715 2321; x_wconf 86' lang='lat' dir='ltr'><strong>Fabricianam.</strong></span> 
     </span>
    </p>
   </div>
   <div class='ocr_carea' id='block_1_94' title="bbox 368 2354 563 2381">
    <p class='ocr_par' dir='ltr' id='par_1_94' title="bbox 368 2354 563 2381">
     <span class='ocr_line' id='line_1_94' title="bbox 368 2354 563 2381; baseline -0.005 -1"><span class='ocrx_word' id='word_1_697' title='bbox 368 2354 459 2381; x_wconf 80' lang='lat' dir='ltr'><strong>Anast.</strong></span> <span class='ocrx_word' id='word_1_698' title='bbox 472 2354 563 2381; x_wconf 83' lang='lat' dir='ltr'><strong>versio.</strong></span> 
     </span>
    </p>
   </div>
   <div class='ocr_carea' id='block_1_95' title="bbox 246 2388 723 2424">
    <p class='ocr_par' dir='ltr' id='par_1_95' title="bbox 246 2388 723 2424">
     <span class='ocr_line' id='line_1_95' title="bbox 246 2388 723 2424; baseline -0.004 -8"><span class='ocrx_word' id='word_1_699' title='bbox 246 2399 263 2416; x_wconf 86' lang='grc' dir='ltr'>α</span> <span class='ocrx_word' id='word_1_700' title='bbox 295 2389 467 2417; x_wconf 84' lang='lat' dir='ltr'><strong>Naturalibus</strong></span> <span class='ocrx_word' id='word_1_701' title='bbox 499 2389 628 2423; x_wconf 86' lang='lat' dir='ltr'><strong>producta</strong></span> <span class='ocrx_word' id='word_1_702' title='bbox 657 2388 723 2424; x_wconf 77' lang='lat' dir='ltr'><strong>legi-</strong></span> 
     </span>
    </p>
   </div>
   <div class='ocr_carea' id='block_1_96' title="bbox 211 2426 723 2494">
    <p class='ocr_par' dir='ltr' id='par_1_96' title="bbox 211 2426 723 2494">
     <span class='ocr_line' id='line_1_96' title="bbox 211 2426 723 2494; baseline 0 -9"><span class='ocrx_word' id='word_1_703' title='bbox 211 2426 270 2494; x_wconf 52' lang='lat' dir='ltr'><strong>bu;</strong></span> <span class='ocrx_word' id='word_1_704' title='bbox 283 2459 447 2487; x_wconf 82' lang='lat' dir='ltr'><strong>Vertibilitas</strong></span> <span class='ocrx_word' id='word_1_705' title='bbox 462 2460 534 2487; x_wconf 90' lang='lat' dir='ltr'><strong>enim</strong></span> <span class='ocrx_word' id='word_1_706' title='bbox 547 2459 606 2493; x_wconf 89' lang='lat' dir='ltr'><strong>ejus</strong></span> <span class='ocrx_word' id='word_1_707' title='bbox 623 2459 668 2493; x_wconf 91' lang='lat' dir='ltr'><strong>qui</strong></span> <span class='ocrx_word' id='word_1_708' title='bbox 682 2463 723 2485; x_wconf 90' lang='lat' dir='ltr'><strong>est</strong></span> 
     </span>
    </p>
   </div>
   <div class='ocr_carea' id='block_1_97' title="bbox 212 2494 723 2564">
    <p class='ocr_par' dir='ltr' id='par_1_97' title="bbox 212 2494 723 2564">
     <span class='ocr_line' id='line_1_97' title="bbox 212 2494 723 2564; baseline -0.006 -42"><span class='ocrx_word' id='word_1_709' title='bbox 212 2496 336 2564; x_wconf 40' lang='lat' dir='ltr'><strong>ine-xpggf</strong></span> <span class='ocrx_word' id='word_1_710' title='bbox 351 2495 489 2528; x_wconf 86' lang='lat' dir='ltr'><strong>motionis,</strong></span> <span class='ocrx_word' id='word_1_711' title='bbox 508 2499 598 2521; x_wconf 92' lang='lat' dir='ltr'><strong>motus</strong></span> <span class='ocrx_word' id='word_1_712' title='bbox 610 2498 650 2521; x_wconf 87' lang='lat' dir='ltr'><strong>est</strong></span> <span class='ocrx_word' id='word_1_713' title='bbox 666 2494 723 2520; x_wconf 78' lang='lat' dir='ltr'><strong>iuti-</strong></span> 
     </span>
     <span class='ocr_line' id='line_1_98' title="bbox 212 2535 341 2557; baseline 0 -1"><span class='ocrx_word' id='word_1_714' title='bbox 212 2535 260 2557; x_wconf 84' lang='lat' dir='ltr'><strong>lllll</strong></span> <span class='ocrx_word' id='word_1_715' title='bbox 335 2549 341 2556; x_wconf 91' lang='lat'><strong>.</strong></span> 
     </span>
    </p>
   </div>
   <div class='ocr_carea' id='block_1_98' title="bbox 758 2425 904 2459">
    <p class='ocr_par' dir='ltr' id='par_1_98' title="bbox 758 2425 904 2459">
     <span class='ocr_line' id='line_1_99' title="bbox 758 2425 904 2459; baseline 0.007 -9"><span class='ocrx_word' id='word_1_716' title='bbox 758 2432 792 2451; x_wconf 85' lang='lat' dir='ltr'><strong>va.</strong></span> <span class='ocrx_word' id='word_1_717' title='bbox 803 2425 904 2459; x_wconf 80' lang='grc' dir='ltr'><strong>νόμοις.</strong></span> 
     </span>
    </p>
   </div>
   <div class='ocr_carea' id='block_1_99' title="bbox 759 2538 846 2564">
    <p class='ocr_par' dir='ltr' id='par_1_99' title="bbox 759 2538 846 2564">
     <span class='ocr_line' id='line_1_100' title="bbox 759 2538 846 2564; baseline 0.011 -9"><span class='ocrx_word' id='word_1_718' title='bbox 759 2538 846 2564; x_wconf 84' lang='grc' dir='ltr'><strong>νησις.</strong></span> 
     </span>
    </p>
   </div>
   <div class='ocr_carea' id='block_1_100' title="bbox 246 2599 723 2635">
    <p class='ocr_par' dir='ltr' id='par_1_100' title="bbox 246 2599 723 2635">
     <span class='ocr_line' id='line_1_101' title="bbox 246 2599 723 2635; baseline -0.002 -8"><span class='ocrx_word' id='word_1_719' title='bbox 246 2609 264 2635; x_wconf 84' lang='grc' dir='ltr'><strong>γ</strong></span> <span class='ocrx_word' id='word_1_720' title='bbox 282 2599 360 2627; x_wconf 86' lang='lat' dir='ltr'><strong>Omni</strong></span> <span class='ocrx_word' id='word_1_721' title='bbox 381 2600 462 2628; x_wconf 91' lang='lat' dir='ltr'><strong>etiam</strong></span> <span class='ocrx_word' id='word_1_722' title='bbox 483 2605 593 2635; x_wconf 78' lang='lat' dir='ltr'><strong>excepta</strong></span> <span class='ocrx_word' id='word_1_723' title='bbox 607 2600 723 2627; x_wconf 85' lang='lat' dir='ltr'><strong>cireum-</strong></span> 
     </span>
    </p>
   </div>
   <div class='ocr_carea' id='block_1_101' title="bbox 213 2636 802 2670">
    <p class='ocr_par' dir='ltr' id='par_1_101' title="bbox 213 2636 802 2670">
     <span class='ocr_line' id='line_1_102' title="bbox 213 2636 802 2670; baseline 0 -8"><span class='ocrx_word' id='word_1_724' title='bbox 213 2636 360 2670; x_wconf 89' lang='lat' dir='ltr'><strong>scriptione</strong></span> <span class='ocrx_word' id='word_1_725' title='bbox 374 2636 534 2670; x_wconf 85' lang='lat' dir='ltr'><strong>permansit.</strong></span> <span class='ocrx_word' id='word_1_726' title='bbox 760 2642 802 2662; x_wconf 78' lang='grc' dir='ltr'><strong>κε.</strong></span> 
     </span>
    </p>
   </div>
   <div class='ocr_carea' id='block_1_102' title="bbox 246 2690 752 2727">
    <p class='ocr_par' dir='ltr' id='par_1_102' title="bbox 246 2690 752 2727">
     <span class='ocr_line' id='line_1_103' title="bbox 246 2690 752 2727; baseline -0.002 -9"><span class='ocrx_word' id='word_1_727' title='bbox 246 2694 268 2709; x_wconf 81' lang='grc'><strong>⁸⁷</strong></span> <span class='ocrx_word' id='word_1_728' title='bbox 281 2692 311 2720; x_wconf 89' lang='lat' dir='ltr'><strong>lll</strong></span> <span class='ocrx_word' id='word_1_729' title='bbox 324 2692 390 2727; x_wconf 78' lang='lat' dir='ltr'><strong>Reg.</strong></span> <span class='ocrx_word' id='word_1_730' title='bbox 401 2700 475 2725; x_wconf 80' lang='lat' dir='ltr'><strong>xvnt,</strong></span> <span class='ocrx_word' id='word_1_731' title='bbox 494 2692 538 2717; x_wconf 70' lang='lat'><strong>26.</strong></span> <span class='ocrx_word' id='word_1_732' title='bbox 577 2691 599 2706; x_wconf 79' lang='grc'><strong>⁸⁸</strong></span> <span class='ocrx_word' id='word_1_733' title='bbox 612 2690 669 2718; x_wconf 86' lang='lat' dir='ltr'><strong>Gal.</strong></span> <span class='ocrx_word' id='word_1_734' title='bbox 690 2699 709 2722; x_wconf 88' lang='grc' dir='ltr'><strong>ι,</strong></span> <span class='ocrx_word' id='word_1_735' title='bbox 726 2691 752 2717; x_wconf 83' lang='grc'><strong>8.</strong></span> 
     </span>
    </p>
   </div>
   <div class='ocr_carea' id='block_1_103' title="bbox 248 2748 986 2786">
    <p class='ocr_par' dir='ltr' id='par_1_103' title="bbox 248 2748 986 2786">
     <span class='ocr_line' id='line_1_104' title="bbox 248 2748 986 2786; baseline -0.004 -8"><span class='ocrx_word' id='word_1_736' title='bbox 248 2751 303 2786; x_wconf 63' lang='grc'>(64)</span> <span class='ocrx_word' id='word_1_737' title='bbox 313 2750 423 2784; x_wconf 85' lang='lat' dir='ltr'><strong>Magnus</strong></span> <span class='ocrx_word' id='word_1_738' title='bbox 435 2751 466 2776; x_wconf 89' lang='lat' dir='ltr'><strong>ab</strong></span> <span class='ocrx_word' id='word_1_739' title='bbox 480 2750 678 2786; x_wconf 79' lang='lat' dir='ltr'><strong>immortalitate</strong></span> <span class='ocrx_word' id='word_1_740' title='bbox 689 2750 895 2786; x_wconf 65' lang='lat' dir='ltr'><strong>cognominatus.</strong></span> <span class='ocrx_word' id='word_1_741' title='bbox 907 2748 986 2786; x_wconf 84' lang='lat' dir='ltr'><strong>Atha-</strong></span> 
     </span>
    </p>
   </div>
   <div class='ocr_carea' id='block_1_104' title="bbox 213 2785 984 2820">
    <p class='ocr_par' dir='ltr' id='par_1_104' title="bbox 213 2785 984 2820">
     <span class='ocr_line' id='line_1_105' title="bbox 213 2785 984 2820; baseline -0.006 -7"><span class='ocrx_word' id='word_1_742' title='bbox 213 2788 307 2814; x_wconf 78' lang='lat' dir='ltr'><strong>nasius</strong></span> <span class='ocrx_word' id='word_1_743' title='bbox 325 2786 357 2812; x_wconf 87' lang='lat' dir='ltr'><strong>de</strong></span> <span class='ocrx_word' id='word_1_744' title='bbox 378 2786 473 2820; x_wconf 78' lang='lat' dir='ltr'><strong>syuod.</strong></span> <span class='ocrx_word' id='word_1_745' title='bbox 499 2785 643 2820; x_wconf 58' lang='lat' dir='ltr'><strong>Seleucct</strong></span> <span class='ocrx_word' id='word_1_746' title='bbox 656 2785 770 2810; x_wconf 82' lang='lat' dir='ltr'><strong>Aritniu.</strong></span> <span class='ocrx_word' id='word_1_747' title='bbox 784 2785 835 2811; x_wconf 86' lang='lat' dir='ltr'><strong>Sed</strong></span> <span class='ocrx_word' id='word_1_748' title='bbox 857 2785 984 2820; x_wconf 77' lang='lat' dir='ltr'><strong>mendum</strong></span> 
     </span>
    </p>
   </div>
   <div class='ocr_carea' id='block_1_105' title="bbox 215 2819 984 2854">
    <p class='ocr_par' dir='ltr' id='par_1_105' title="bbox 215 2819 984 2854">
     <span class='ocr_line' id='line_1_106' title="bbox 215 2819 984 2854; baseline -0.004 -6"><span class='ocrx_word' id='word_1_749' title='bbox 215 2823 241 2849; x_wconf 89' lang='lat' dir='ltr'><strong>iu</strong></span> <span class='ocrx_word' id='word_1_750' title='bbox 267 2828 330 2848; x_wconf 82' lang='lat' dir='ltr'><strong>voce</strong></span> <span class='ocrx_word' id='word_1_751' title='bbox 341 2819 414 2854; x_wconf 71' lang='lat' dir='ltr'><strong>pene.</strong></span> <span class='ocrx_word' id='word_1_752' title='bbox 433 2819 501 2846; x_wconf 86' lang='lat' dir='ltr'><strong>Num</strong></span> <span class='ocrx_word' id='word_1_753' title='bbox 520 2819 646 2851; x_wconf 69' lang='lat' dir='ltr'><strong>cortsulcs,</strong></span> <span class='ocrx_word' id='word_1_754' title='bbox 671 2819 711 2846; x_wconf 85' lang='lat' dir='ltr'><strong>vel</strong></span> <span class='ocrx_word' id='word_1_755' title='bbox 734 2824 833 2853; x_wconf 84' lang='lat' dir='ltr'><strong>tempus</strong></span> <span class='ocrx_word' id='word_1_756' title='bbox 849 2824 895 2846; x_wconf 89' lang='lat' dir='ltr'><strong>aut</strong></span> <span class='ocrx_word' id='word_1_757' title='bbox 913 2819 984 2853; x_wconf 76' lang='lat' dir='ltr'><strong>defe-</strong></span> 
     </span>
    </p>
   </div>
   <div class='ocr_carea' id='block_1_106' title="bbox 966 2356 1069 2384">
    <p class='ocr_par' dir='ltr' id='par_1_106' title="bbox 966 2356 1069 2384">
     <span class='ocr_line' id='line_1_107' title="bbox 966 2356 1069 2384; baseline 0 -1"><span class='ocrx_word' id='word_1_758' title='bbox 966 2356 1058 2384; x_wconf 79' lang='lat' dir='ltr'><strong>Gra&#39;ca</strong></span> <span class='ocrx_word' id='word_1_759' title='bbox 1063 2377 1069 2383; x_wconf 96' lang='lat'><strong>.</strong></span> 
     </span>
    </p>
   </div>
   <div class='ocr_carea' id='block_1_107' title="bbox 794 2389 1276 2426">
    <p class='ocr_par' dir='ltr' id='par_1_107' title="bbox 794 2389 1276 2426">
     <span class='ocr_line' id='line_1_108' title="bbox 794 2389 1276 2426; baseline 0.004 -12"><span class='ocrx_word' id='word_1_760' title='bbox 794 2389 855 2426; x_wconf 59' lang='lat' dir='ltr'><strong>Tot;</strong></span> <span class='ocrx_word' id='word_1_761' title='bbox 868 2389 969 2417; x_wconf 73' lang='grc' dir='ltr'><strong>ἕκαστα</strong></span> <span class='ocrx_word' id='word_1_762' title='bbox 985 2393 1107 2426; x_wconf 71' lang='grc' dir='ltr'><strong>φυσικοῖς</strong></span> <span class='ocrx_word' id='word_1_763' title='bbox 1120 2389 1276 2425; x_wconf 81' lang='grc' dir='ltr'><strong>διεξαγὸμε-</strong></span> 
     </span>
    </p>
   </div>
   <div class='ocr_carea' id='block_1_108' title="bbox 793 2459 1275 2496">
    <p class='ocr_par' dir='ltr' id='par_1_108' title="bbox 793 2459 1275 2496">
     <span class='ocr_line' id='line_1_109' title="bbox 793 2459 1275 2496; baseline 0.002 -11"><span class='ocrx_word' id='word_1_764' title='bbox 793 2459 885 2495; x_wconf 80' lang='grc' dir='ltr'>Τροπὴ</span> <span class='ocrx_word' id='word_1_765' title='bbox 899 2460 952 2496; x_wconf 73' lang='grc' dir='ltr'><strong>γὰρ</strong></span> <span class='ocrx_word' id='word_1_766' title='bbox 963 2461 1009 2487; x_wconf 80' lang='grc' dir='ltr'><strong>τοῦ</strong></span> <span class='ocrx_word' id='word_1_767' title='bbox 1022 2461 1091 2488; x_wconf 78' lang='grc' dir='ltr'><strong>κατὰ</strong></span> <span class='ocrx_word' id='word_1_768' title='bbox 1101 2460 1180 2494; x_wconf 79' lang='grc' dir='ltr'>φύσιν</span> <span class='ocrx_word' id='word_1_769' title='bbox 1195 2460 1275 2486; x_wconf 78' lang='grc' dir='ltr'>ἀπεί-</span> 
     </span>
    </p>
   </div>
   <div class='ocr_carea' id='block_1_109' title="bbox 759 2495 1273 2531">
    <p class='ocr_par' dir='ltr' id='par_1_109' title="bbox 759 2495 1273 2531">
     <span class='ocr_line' id='line_1_110' title="bbox 759 2495 1273 2531; baseline 0.014 -12"><span class='ocrx_word' id='word_1_770' title='bbox 759 2502 817 2529; x_wconf 70' lang='grc' dir='ltr'>ρου,</span> <span class='ocrx_word' id='word_1_771' title='bbox 829 2495 960 2522; x_wconf 76' lang='grc' dir='ltr'><strong>κινεῐσοὰι</strong></span> <span class='ocrx_word' id='word_1_772' title='bbox 977 2495 1013 2531; x_wconf 81' lang='grc' dir='ltr'><strong>μὴ</strong></span> <span class='ocrx_word' id='word_1_773' title='bbox 1029 2497 1189 2530; x_wconf 80' lang='grc' dir='ltr'><strong>πεφυκότος,</strong></span> <span class='ocrx_word' id='word_1_774' title='bbox 1202 2496 1218 2530; x_wconf 84' lang='grc' dir='ltr'>ὴ</span> <span class='ocrx_word' id='word_1_775' title='bbox 1231 2495 1273 2522; x_wconf 82' lang='grc' dir='ltr'><strong>κί-</strong></span> 
     </span>
    </p>
   </div>
   <div class='ocr_carea' id='block_1_110' title="bbox 780 2599 1274 2647">
    <p class='ocr_par' dir='ltr' id='par_1_110' title="bbox 780 2599 1274 2647">
     <span class='ocr_line' id='line_1_111' title="bbox 780 2599 1274 2647; baseline 0.004 -22"><span class='ocrx_word' id='word_1_776' title='bbox 780 2599 886 2647; x_wconf 54' lang='grc' dir='ltr'><strong>-Πάσης</strong></span> <span class='ocrx_word' id='word_1_777' title='bbox 901 2600 952 2632; x_wconf 78' lang='grc' dir='ltr'><strong>ἔξω</strong></span> <span class='ocrx_word' id='word_1_778' title='bbox 967 2602 1138 2636; x_wconf 57' lang='grc' dir='ltr'><strong>περιγραφῆς</strong></span> <span class='ocrx_word' id='word_1_779' title='bbox 1155 2600 1274 2636; x_wconf 79' lang='grc' dir='ltr'><strong>μεμένη-</strong></span> 
     </span>
    </p>
   </div>
   <div class='ocr_carea' id='block_1_111' title="bbox 1488 2352 1653 2379">
    <p class='ocr_par' dir='ltr' id='par_1_111' title="bbox 1488 2352 1653 2379">
     <span class='ocr_line' id='line_1_112' title="bbox 1488 2352 1653 2379; baseline -0.006 0"><span class='ocrx_word' id='word_1_780' title='bbox 1488 2352 1653 2379; x_wconf 84' lang='lat' dir='ltr'><strong>Emendata.</strong></span> 
     </span>
    </p>
   </div>
   <div class='ocr_carea' id='block_1_112' title="bbox 1348 2388 1836 2424">
    <p class='ocr_par' dir='ltr' id='par_1_112' title="bbox 1348 2388 1836 2424">
     <span class='ocr_line' id='line_1_113' title="bbox 1348 2388 1836 2424; baseline -0.006 -8"><span class='ocrx_word' id='word_1_781' title='bbox 1348 2388 1410 2416; x_wconf 91' lang='lat' dir='ltr'><strong>Suis</strong></span> <span class='ocrx_word' id='word_1_782' title='bbox 1423 2396 1537 2424; x_wconf 60' lang='lat' dir='ltr'><strong>qumque</strong></span> <span class='ocrx_word' id='word_1_783' title='bbox 1551 2388 1658 2423; x_wconf 78' lang='lat' dir='ltr'><strong>legibus</strong></span> <span class='ocrx_word' id='word_1_784' title='bbox 1671 2391 1836 2421; x_wconf 81' lang='lat' dir='ltr'><strong>temperata.</strong></span> 
     </span>
    </p>
   </div>
   <div class='ocr_carea' id='block_1_113' title="bbox 1311 2424 1836 2458">
    <p class='ocr_par' dir='ltr' id='par_1_113' title="bbox 1311 2424 1836 2458">
     <span class='ocr_line' id='line_1_114' title="bbox 1311 2424 1836 2458; baseline 0.017 -9"><span class='ocrx_word' id='word_1_785' title='bbox 1311 2424 1496 2452; x_wconf 76' lang='lat' dir='ltr'><strong>velordiuata.</strong></span> <span class='ocrx_word' id='word_1_786' title='bbox 1560 2457 1566 2458; x_wconf 22' lang='grc' dir='ltr'><em>γ</em></span> <span class='ocrx_word' id='word_1_787' title='bbox 1682 2457 1697 2458; x_wconf 34' lang='grc' dir='ltr'><em>η</em></span> <span class='ocrx_word' id='word_1_788' title='bbox 1731 2456 1736 2458; x_wconf 77' lang='lat'><strong><em>_</em></strong></span> <span class='ocrx_word' id='word_1_789' title='bbox 1774 2457 1778 2458; x_wconf 34' lang='grc' dir='ltr'><em>ν</em></span> <span class='ocrx_word' id='word_1_790' title='bbox 1832 2455 1836 2458; x_wconf 93' lang='grc'>.</span> 
     </span>
    </p>
   </div>
   <div class='ocr_carea' id='block_1_114' title="bbox 1347 2456 1837 2489">
    <p class='ocr_par' dir='ltr' id='par_1_114' title="bbox 1347 2456 1837 2489">
     <span class='ocr_line' id='line_1_115' title="bbox 1347 2456 1837 2489; baseline -0.006 -4"><span class='ocrx_word' id='word_1_791' title='bbox 1347 2459 1458 2486; x_wconf 89' lang='lat' dir='ltr'><strong>Mutatio</strong></span> <span class='ocrx_word' id='word_1_792' title='bbox 1472 2466 1527 2485; x_wconf 93' lang='lat' dir='ltr'><strong>non</strong></span> <span class='ocrx_word' id='word_1_793' title='bbox 1551 2457 1634 2485; x_wconf 83' lang='lat' dir='ltr'><strong>debet</strong></span> <span class='ocrx_word' id='word_1_794' title='bbox 1652 2456 1737 2484; x_wconf 88' lang='lat' dir='ltr'><strong>tribui</strong></span> <span class='ocrx_word' id='word_1_795' title='bbox 1753 2457 1781 2483; x_wconf 83' lang='lat' dir='ltr'><strong>ei</strong></span> <span class='ocrx_word' id='word_1_796' title='bbox 1795 2456 1837 2489; x_wconf 86' lang='lat' dir='ltr'><strong>qui</strong></span> 
     </span>
    </p>
   </div>
   <div class='ocr_carea' id='block_1_115' title="bbox 1311 2493 1822 2521">
    <p class='ocr_par' dir='ltr' id='par_1_115' title="bbox 1311 2493 1822 2521">
     <span class='ocr_line' id='line_1_116' title="bbox 1311 2493 1822 2521; baseline -0.008 0"><span class='ocrx_word' id='word_1_797' title='bbox 1311 2494 1345 2521; x_wconf 89' lang='lat' dir='ltr'><strong>de</strong></span> <span class='ocrx_word' id='word_1_798' title='bbox 1362 2499 1459 2521; x_wconf 86' lang='lat' dir='ltr'><strong>natura</strong></span> <span class='ocrx_word' id='word_1_799' title='bbox 1475 2501 1525 2520; x_wconf 85' lang='lat' dir='ltr'><strong>sua</strong></span> <span class='ocrx_word' id='word_1_800' title='bbox 1550 2493 1586 2520; x_wconf 83' lang='lat' dir='ltr'><strong>sit</strong></span> <span class='ocrx_word' id='word_1_801' title='bbox 1599 2493 1777 2519; x_wconf 86' lang='lat' dir='ltr'><strong>immotionis</strong></span> <span class='ocrx_word' id='word_1_802' title='bbox 1792 2500 1822 2517; x_wconf 62' lang='lat' dir='ltr'><strong>ex</strong></span> 
     </span>
    </p>
   </div>
   <div class='ocr_carea' id='block_1_116' title="bbox 1310 2529 1837 2564">
    <p class='ocr_par' dir='ltr' id='par_1_116' title="bbox 1310 2529 1837 2564">
     <span class='ocr_line' id='line_1_117' title="bbox 1310 2529 1837 2564; baseline -0.006 -8"><span class='ocrx_word' id='word_1_803' title='bbox 1310 2537 1382 2564; x_wconf 77' lang='lat' dir='ltr'><strong>pars.</strong></span> <span class='ocrx_word' id='word_1_804' title='bbox 1404 2529 1568 2556; x_wconf 91' lang='lat' dir='ltr'><strong>Immensum</strong></span> <span class='ocrx_word' id='word_1_805' title='bbox 1591 2529 1701 2554; x_wconf 86' lang='lat' dir='ltr'><strong>moveri</strong></span> <span class='ocrx_word' id='word_1_806' title='bbox 1719 2535 1777 2554; x_wconf 88' lang='lat' dir='ltr'><strong>non</strong></span> <span class='ocrx_word' id='word_1_807' title='bbox 1792 2535 1837 2560; x_wconf 76' lang='lat' dir='ltr'><strong>po-</strong></span> 
     </span>
    </p>
   </div>
   <div class='ocr_carea' id='block_1_117' title="bbox 1312 2569 1375 2591">
    <p class='ocr_par' dir='ltr' id='par_1_117' title="bbox 1312 2569 1375 2591">
     <span class='ocr_line' id='line_1_118' title="bbox 1312 2569 1375 2591; baseline 0 0"><span class='ocrx_word' id='word_1_808' title='bbox 1312 2569 1375 2591; x_wconf 78' lang='lat' dir='ltr'><strong>lCSl.</strong></span> 
     </span>
    </p>
   </div>
   <div class='ocr_carea' id='block_1_118' title="bbox 1347 2598 1522 2625">
    <p class='ocr_par' dir='ltr' id='par_1_118' title="bbox 1347 2598 1522 2625">
     <span class='ocr_line' id='line_1_119' title="bbox 1347 2598 1522 2625; baseline -0.006 0"><span class='ocrx_word' id='word_1_809' title='bbox 1347 2598 1412 2625; x_wconf 87' lang='lat' dir='ltr'><strong>Sine</strong></span> <span class='ocrx_word' id='word_1_810' title='bbox 1445 2598 1522 2625; x_wconf 90' lang='lat' dir='ltr'><strong>omni</strong></span> 
     </span>
    </p>
   </div>
   <div class='ocr_carea' id='block_1_119' title="bbox 1311 2633 1470 2669">
    <p class='ocr_par' dir='ltr' id='par_1_119' title="bbox 1311 2633 1470 2669">
     <span class='ocr_line' id='line_1_120' title="bbox 1311 2633 1470 2669; baseline -0.013 -8"><span class='ocrx_word' id='word_1_811' title='bbox 1311 2633 1470 2669; x_wconf 88' lang='lat' dir='ltr'><strong>permansit.</strong></span> 
     </span>
    </p>
   </div>
   <div class='ocr_carea' id='block_1_120' title="bbox 1574 2590 1836 2632">
    <p class='ocr_par' dir='ltr' id='par_1_120' title="bbox 1574 2590 1836 2632">
     <span class='ocr_line' id='line_1_121' title="bbox 1574 2590 1836 2632; baseline -0.011 -8"><span class='ocrx_word' id='word_1_812' title='bbox 1574 2590 1836 2632; x_wconf 54' lang='lat' dir='ltr'><strong>circumscriptum</strong></span> 
     </span>
    </p>
   </div>
   <div class='ocr_carea' id='block_1_121' title="bbox 1039 2747 1265 2774">
    <p class='ocr_par' dir='ltr' id='par_1_121' title="bbox 1039 2747 1265 2774">
     <span class='ocr_line' id='line_1_122' title="bbox 1039 2747 1265 2774; baseline -0.004 0"><span class='ocrx_word' id='word_1_813' title='bbox 1039 2753 1109 2774; x_wconf 81' lang='lat' dir='ltr'><strong>ctum</strong></span> <span class='ocrx_word' id='word_1_814' title='bbox 1122 2747 1133 2773; x_wconf 84' lang='lat'><em>?</em></span> <span class='ocrx_word' id='word_1_815' title='bbox 1148 2747 1265 2773; x_wconf 74' lang='lat' dir='ltr'><strong>Counsr.</strong></span> 
     </span>
    </p>
   </div>
   <div class='ocr_carea' id='block_1_122' title="bbox 1076 2779 1530 2816">
    <p class='ocr_par' dir='ltr' id='par_1_122' title="bbox 1076 2779 1530 2816">
     <span class='ocr_line' id='line_1_123' title="bbox 1076 2779 1530 2816; baseline -0.009 -6"><span class='ocrx_word' id='word_1_816' title='bbox 1076 2782 1131 2816; x_wconf 83' lang='grc'><strong>(65)</strong></span> <span class='ocrx_word' id='word_1_817' title='bbox 1147 2782 1278 2808; x_wconf 75' lang='lat' dir='ltr'><strong>Avertere.</strong></span> <span class='ocrx_word' id='word_1_818' title='bbox 1296 2780 1433 2808; x_wconf 77' lang='lat' dir='ltr'><strong>Aversari.</strong></span> <span class='ocrx_word' id='word_1_819' title='bbox 1445 2779 1530 2807; x_wconf 65' lang='lat' dir='ltr'><strong>Dum.</strong></span> 
     </span>
    </p>
   </div>
   <div class='ocr_carea' id='block_1_123' title="bbox 1074 2815 1832 2852">
    <p class='ocr_par' dir='ltr' id='par_1_123' title="bbox 1074 2815 1832 2852">
     <span class='ocr_line' id='line_1_124' title="bbox 1074 2815 1832 2852; baseline -0.005 -8"><span class='ocrx_word' id='word_1_820' title='bbox 1074 2815 1128 2852; x_wconf 75' lang='lat'><strong>(66)</strong></span> <span class='ocrx_word' id='word_1_821' title='bbox 1151 2816 1211 2844; x_wconf 63' lang='lat' dir='ltr'><strong>llaec</strong></span> <span class='ocrx_word' id='word_1_822' title='bbox 1229 2816 1317 2844; x_wconf 83' lang='lat' dir='ltr'><strong>versio</strong></span> <span class='ocrx_word' id='word_1_823' title='bbox 1333 2816 1435 2842; x_wconf 86' lang='lat' dir='ltr'><strong>nullum</strong></span> <span class='ocrx_word' id='word_1_824' title='bbox 1460 2815 1558 2850; x_wconf 78' lang='lat' dir='ltr'><strong>legenti</strong></span> <span class='ocrx_word' id='word_1_825' title='bbox 1578 2823 1694 2843; x_wconf 77' lang='lat' dir='ltr'><strong>sensum</strong></span> <span class='ocrx_word' id='word_1_826' title='bbox 1713 2816 1832 2843; x_wconf 66' lang='lat' dir='ltr'><strong>exhibet,</strong></span> 
     </span>
    </p>
   </div>
  </div>
