1856 3050
39 108 89 136 849

196 155 289 184 Anast.
301 157 390 183 aerario.

71 199 86 226 δ
105 199 259 228 Secundum
273 201 393 229 eamdem
405 210 465 236 quae
479 210 552 229 vera-

39 236 181 305 c_ite(r6\_t[§ra
193 240 235 264 est
249 241 275 264 et
286 237 416 264 naturalis
428 237 551 265 substan-

39 276 74 297 tta
150 290 156 297 .

39 276 74 297 lla
89 276 156 297 ((57).

72 314 85 331 ε
103 304 251 343 Utriusque
275 306 392 342 perfecte
406 307 549 343 perfectio-

40 348 98 367 nem
113 341 267 368 habentem.

72 375 88 408 ζ
107 375 159 411 sed
174 384 238 409 non,
253 376 323 404 sicut
337 378 445 411 quidam
460 377 547 411 aiunt,

40 410 187 447 secundum
209 410 439 447 comparationem
456 422 462 439 :
479 421 550 439 com-

40 445 192 479 parationes
219 445 283 474 sunt
308 455 401 474 eorum
429 447 548 482 ejusdem

41 486 140 517 natura:
153 485 181 508 et
197 489 248 508 non
273 490 332 517 quae
346 483 472 515 diversa);
488 491 549 510 cttnt

41 515 92 542 Deo
104 520 194 542 autem
209 515 319 544 auctore
331 518 452 544 omnium
470 517 550 545 facto-

42 558 109 584 rum,
139 554 168 578 et
197 550 301 579 inﬁnito
330 553 435 579 linitore
460 552 549 580 ﬁnito-

43 593 108 617 rum,
126 590 152 613 et
177 593 237 617 cum
265 587 397 614 inﬁnitate
414 587 487 615 nulla
507 595 549 615 ra-

41 620 110 648 tione
123 627 297 656 comparatur
309 622 426 650 ﬁnitum.

71 700 86 725 η
106 690 267 726 Quanquam
281 692 308 719 in
324 700 404 719 unam
421 692 547 719 substan-

41 726 99 752 tiam
115 727 171 760 «69)
188 727 327 762 utriusque
352 726 421 754 facta
440 728 474 754 sit
488 728 548 755 uni-

41 765 77 787 tas
92 760 158 787 (70).

41 760 191 828 lase(3iiém
219 804 267 831 per
292 797 463 824 indissimilia
494 805 548 825 non

40 831 209 859 cxsistentem
226 831 404 859 dissimilibus
427 840 480 859 non
505 833 547 860 fu-

40 866 310 936 gientemifstendens
333 875 395 895 eum
420 868 549 896 subaudi-

42 906 93 928 tum
129 909 136 926 ι
172 922 180 928 .

73 1015 81 1032 ι
99 1006 236 1040 Quantum
251 1006 384 1034 aestimare
400 1015 544 1042 possumus

40 1043 105 1075 quod
131 1042 221 1069 modis
247 1041 373 1069 omnibus
388 1048 430 1069 est
445 1043 545 1070 inaesti-

41 1077 140 1103 mabile.

69 1120 86 1138 κ
105 1111 179 1139 Licet
193 1119 239 1146 per
253 1119 360 1148 carnem
375 1111 487 1148 fulgeret
500 1121 546 1140 na-

41 1151 94 1174 tura
107 1146 286 1174 circumlinita
305 1146 369 1181 ('12).

71 1181 84 1207 λ
102 1181 174 1218 Licet
188 1181 324 1208 eooriatur
340 1186 367 1208 et
386 1189 433 1216 per
448 1190 540 1210 conce-

40 1217 149 1250 ptionem
165 1223 275 1243 omnem
295 1224 404 1244 sensum
427 1217 544 1245 circum-

40 1251 207 1278 scribentem.

71 1295 88 1321 μ
105 1286 159 1324 Nec
172 1287 256 1324 etiam
271 1285 404 1324 incedam
421 1287 478 1322 ipso
492 1287 542 1314 sibi

40 1321 126 1348 natura
139 1321 263 1348 diﬁ'ertur
273 1321 417 1355 aliquando
430 1321 456 1350 et
469 1328 544 1350 natu-

40 1357 98 1383 ralis
111 1356 245 1390 operatio.

70 1401 83 1418 ν
100 1390 324 1418 Connaturalium
343 1391 415 1418 enim
439 1397 543 1420 tantmn

55 1433 81 1452 er
95 1434 123 1453 se
146 1433 265 1460 operans
283 1430 323 1453 est
338 1430 439 1460 motus,
457 1428 544 1454 mani~

49 1461 131 1488 testans
142 1461 335 1493 substantiam,
346 1462 425 1496 cujus
437 1468 546 1490 natura—

40 1496 84 1522 lem
100 1501 208 1523 constat
224 1503 283 1523 esse
296 1496 430 1523 virtutem.

69 1530 82 1563 ξ
100 1531 220 1564 Quarum
238 1531 324 1558 donec
344 1539 427 1558 unum
446 1540 545 1559 secun-

39 1565 94 1601 dum
119 1565 298 1594 substantiam
327 1574 382 1593 non
408 1568 545 1601 cognitum

39 1600 110 1628 fuerit
127 1601 249 1628 Verbum
265 1601 346 1628 unius
368 1600 543 1636 operationis,

39 1643 92 1662 eum
113 1637 258 1670 utriusque
275 1636 320 1668 sit,
337 1642 474 1671 nunquam
495 1638 544 1664 ali-

38 1671 135 1704 quando
151 1675 332 1706 cognoscetur
345 1677 444 1699 motus.

68 1706 253 1734 oSecundum
288 1710 433 1747 utrumque
464 1715 542 1747 suum

38 1748 134 1777 semper
151 1749 315 1776 permanens
329 1743 386 1769 sine
399 1743 544 1777 casu,qui-

39 1775 83 1803 bus
92 1775 180 1803 divine
193 1777 293 1812 pariter
305 1781 330 1812 et
344 1777 462 1804 humane
480 1775 544 1812 ope-

38 1815 105 1838 ratus
129 1817 169 1839 est
188 1820 195 1838 :
214 1811 402 1846 perfectionem
426 1821 472 1846 per
486 1811 544 1840 om-

38 1853 92 1872 Item
112 1847 256 1881 utriusque
269 1848 401 1873 rationem
423 1848 473 1874 sibi
491 1856 542 1875 na-

37 1881 151 1908 turaliter
162 1881 412 1909 incommutabilem
424 1883 541 1910 salvans.

68 1924 86 1942 r:
104 1916 191 1949 Quam
207 1917 354 1944 secundum
371 1916 443 1951 ipsos
465 1918 544 1945 habe-

36 1950 71 1977 bit
95 1952 240 1979 essentiam
264 1950 414 1979 mutatione
443 1952 546 1980 divini-

37 1986 92 2013 tatis
107 1986 196 2014 factus
208 1987 300 2019 homo,
315 1992 340 2013 et
355 1987 445 2014 carnis
457 1991 543 2015 trans-

36 2020 127 2049 latione
143 2021 238 2049 Deus?
257 2021 344 2049 Casus
369 2021 440 2048 enitn
458 2022 484 2049 in
499 2023 540 2049 al-

38 2059 147 2084 terutras
160 2057 317 2083 omnimoda
340 2061 382 2084 est
405 2063 542 2084 utrarum-

36 2098 82 2124 que
96 2092 255 2126 peremptio.

67 2135 81 2161 ρ
111 2127 267 2154 Secundum
298 2126 421 2154 eamdem
455 2132 542 2154 natu-

36 2168 88 2187 ram
101 2162 170 2197 1774).

67 2204 81 2221 σ
99 2196 130 2224 Et
147 2204 204 2224 suae
221 2197 304 2231 ipsius
322 2204 369 2231 per
392 2198 482 2224 omnia
496 2205 542 2225 eo—

38 2238 90 2257 rum
107 2239 168 2266 quze
186 2240 236 2259 sua
259 2236 332 2264 sunt,
346 2233 478 2260 naturaiis
495 2241 542 2260 ex-

38 2269 138 2305 traneus
151 2267 240 2294 factus
253 2267 415 2302 aequalitatis
428 2273 454 2295 et
467 2268 541 2295 iden-

37 2301 122 2329 litatis.

67 2348 201 2386 (67)”Haec
215 2350 304 2378 versio
316 2349 565 2386 Eutychianismum
577 2349 720 2386 Hippolyto
733 2350 809 2378 aliin-

37 2383 83 2421 gi_t;
100 2385 208 2421 aliunde
221 2393 285 2421 vero
299 2383 443 2413 confundit
462 2386 492 2412 τὸ
508 2383 730 2421 αὐτήν’(ἰρεξιω)
745 2394 806 2414 cum

37 2418 69 2452 τῷ
81 2419 138 2456 τῂν
152 2419 248 2452 αὐτήν
260 2419 414 2456 (eamdem).

68 2454 118 2490 (68)
138 2455 307 2490 Σύγκρισις.
337 2454 398 2483 Hoc
418 2457 479 2484 loco
503 2464 555 2483 non
580 2456 808 2490 comparationem

38 2488 171 2522 signiﬁcat,
186 2488 232 2518 Sed
255 2488 413 2518 naturarum
435 2491 533 2519 divinae
556 2496 583 2518 et
599 2488 724 2518 humanae
743 2499 808 2518 con-

38 2525 174 2560 cretionem
203 2529 229 2552 et
241 2526 465 2558 eommistionem,
482 2535 562 2560 quant
582 2526 607 2552 in
624 2527 807 2554 incarnatione

38 2558 190 2596 apollinaris
212 2565 238 2596 et
261 2561 394 2596 Eutyches
413 2558 558 2589 commenti
575 2565 647 2592 sunt.
661 2562 711 2588 etsi
727 2569 806 2588 error

39 2593 76 2620 hic
95 2602 108 2621 a
128 2593 294 2631 Tertulliano
310 2593 402 2623 contra
417 2596 559 2628 Praxeam,
576 2604 601 2624 c.
615 2596 659 2628 27,
674 2596 729 2631 jam
747 2596 805 2624 fuc-

39 2632 73 2654 rat
85 2629 246 2658 confutatus.

67 2663 328 2701 (69)_Substantiam.
348 2665 474 2694 Mendum
492 2671 557 2700 puto
570 2665 660 2701 potius
679 2666 804 2694 editionis

37 2696 202 2736 l-‘ahrieianae.
211 2708 295 2736 quam
310 2701 463 2735 interpretis
476 2696 623 2728 A'nasta'sii.
638 2700 806 2728 Sirmondia—

38 2739 67 2758 na
79 2735 148 2760 enim
160 2739 187 2761 et
199 2735 394 2763 Combeﬁsiana
405 2736 532 2764 exhibent
546 2745 554 2762 ι
567 2736 779 2769 subsistentiam,
794 2746 802 2762 ι

39 2772 63 2793 ut
75 2775 123 2794 suo
135 2769 195 2796 loco
211 2775 340 2797 notatum.

69 2802 120 2842 (79)
142 2803 241 2842 [furum
257 2810 350 2840 putum
368 2806 619 2841 Eutychianismum
636 2805 663 2833 S.
679 2805 805 2842 llippoly.

39 2840 61 2862 to
75 2837 171 2874 attingit
185 2837 322 2876 interpres.

547 109 684 138 CONTRA
704 110 864 137 BERONEM
882 109 925 137 ET
945 107 1151 137 HELICONEM.

794 157 814 184 ϐ
819 165 896 185 rteca.

623 204 688 230 Κατ’
704 202 787 238 αὐτὴν
802 202 850 237 τὴν
865 203 947 234 ὅντως
960 202 1045 238 ἁληοῆ
1058 202 1102 228 καὶ

588 238 703 274 φυσικὴν
721 237 846 274 ὗπσιρξιν.

622 308 676 343 Τὴν
691 308 782 334 οὐσίαν
798 307 925 342 ἑκατέρου
935 307 1043 339 τελείως
1058 315 1102 334 τε-

587 342 661 369 λείαν
678 343 781 378 ἔχοντα.

628 377 706 405 Ἀλλὰ
723 379 781 413 οὐχ,
793 377 830 409 ὥς
845 377 916 409 τινές
928 386 1017 413 castra
1032 377 1102 404 κατὰ

587 413 738 448 σύγκρισιν.
752 433 758 439 .
772 433 779 440 .
792 433 797 439 .
814 434 820 440 .
837 413 962 447 ὁμοφυῶν
979 412 1101 448 γὰρεοὺχ

585 447 746 483 ὲτεροῴύων,
763 449 790 474 αἱ
813 447 975 482 συγκρίσεις.
994 447 1052 482 Θεῷ
1074 448 1101 474 δὲ

585 482 689 524 ποιῂτῇ
700 483 753 510 τῶν
768 483 836 524 filum
851 483 979 524 ποιητῶν,
997 482 1101 524 ἀπείριρ

586 518 709 560 περστᾶω
732 518 778 544 καὶ
793 518 923 560 ,ἀπειρίὲι.
938 518 1024 553 πέρας
1042 519 1100 560 x'a'jf

584 552 677 579 οὐδένα
703 553 873 588 συγκρίνεται
895 552 982 586 λόγονζ
996 567 1030 571 --
1053 552 1101 580 Hic

585 589 664 614 aliter
680 587 783 621 Giaeca,
799 593 825 615 et
839 588 974 615 Anastasii
1000 588 1098 615 vcrsin.

586 622 687 650 Locum
704 623 798 650 confer
813 630 906 658 supra.

619 693 731 734 Kav'et;
749 693 811 737 μίξιν
826 694 971 720 ὑπόστασιν
982 693 1099 729 ἀμφοτέ-

585 736 638 764 ρων
653 736 763 762 γεγονεν
777 737 881 761 ενωσις.

619 799 667 826 Διὰ
681 799 734 826 τῶν
749 799 881 834 ἀνομοίων
898 799 946 834 μὲν
964 799 1099 835 ὑπάρχον-

583 842 626 870 τα,
639 835 686 861 καὶ
705 834 748 861 διὰ
763 835 814 861 τῶν
836 834 969 870 ἀνομοίων
985 835 1021 869 μὴ
1034 843 1099 870 τρα-

584 869 669 897 πέντα
695 869 801 901 δεικνὺς
830 868 909 896 more»;
937 868 1099 905 ὲξαόεόυόμε-

583 913 638 932 νον.

618 1010 697 1039 Ὅσον
711 1009 818 1037 εἰκάσαι
828 1010 858 1036 τὸ
873 1010 1011 1042 παντελῶς
1027 1011 1098 1037 ἀνεί-

584 1052 693 1072 καστον.

616 1114 675 1142 Κᾶν
691 1114 741 1159 διὰ,
757 1115 856 1151 σαρκὸς
869 1115 999 1151 διέλαμψε
1019 1116 1097 1150 φύσει

581 1158 875 1226 πῗέἓςαὲϊῖέςὲξίαὐτῷ
889 1186 1097 1226 κατὰησύλληψιν

580 1219 668 1247 πάντα
684 1219 907 1256 περιγράφουσαν
923 1221 993 1248 νοῦν.

615 1286 682 1313 Οὔτε
699 1287 751 1322 μὴν
761 1288 799 1318 εἰς
811 1287 835 1323 τ’
845 1287 925 1323 αὑτὸν
938 1287 1010 1323 αὐτῷ
1022 1288 1098 1323 φέρε-

581 1321 642 1348 σθαι
660 1321 764 1357 (supple
783 1322 898 1357 πέφυκε)
911 1321 1017 1357 φύσεώς
1028 1321 1097 1349 mm

581 1357 759 1397 xa‘tjpuotxﬁ;
771 1357 918 1397 svspyeiag.

623 1391 764 1435 Ὀροφυῶγ
778 1391 832 1427 γὰρ
846 1392 960 1436 μόνωνιὴ
972 1401 1098 1436 ταυτουιρ-

581 1426 639 1471 γρςΙ
651 1428 708 1471 ὲσῖι
729 1426 851 1470 xiv-quac,
860 1426 1030 1471 σημαίνουσῆ
1038 1426 1096 1470 ’τῆν

581 1461 674 1488 οὐσίαν
689 1460 722 1497 ἧς
740 1460 839 1497 φυσικὴ
853 1460 1003 1498 καθέστηκε
1016 1460 1096 1490 δύναι-

584 1505 690 1577 μῖιῗίξως
701 1531 737 1575 ἂν
744 1532 793 1577 oux
808 1530 863 1577 £75)
882 1532 939 1577 (sed
952 1533 1096 1577 legendum

581 1567 688 1594 videtur
709 1567 774 1600 οὖν)
795 1567 832 1599 εἷς
847 1567 917 1594 κατὰ
932 1567 981 1603 τὴν
1003 1569 1096 1595 οὐσίαν

580 1600 742 1642 γνωρίζεται
758 1602 843 1642 Ago;
863 1603 928 1642 μιᾶς
941 1603 1095 1642 ἐνεργείας,

580 1636 706 1663 οὐδέποτε
740 1637 799 1664 καθ’
820 1636 908 1664 ὁτιοῦν
936 1636 1096 1674 ἀμφοτέρων

580 1671 763 1698 γνωσθήσεται
778 1672 892 1698 κίνησις.

579 1672 763 1707 γνωσθήσεται
778 1672 892 1707 κίνησις.
958 1672 962 1673 ⁷
1044 1672 1049 1674 ’

620 1706 731 1733 Ἑαυτοῦ
746 1707 805 1742 καθ)
816 1707 944 1742 ἑκάτερον
957 1707 999 1734 ἀεὶ
1011 1707 1097 1742 μένων

580 1742 761 1778 ᾀνέκπτωτος,
777 1740 817 1774 οἷς
840 1740 936 1774 θεῖκῶς
960 1740 1027 1778 ὁμιοῦ
1050 1744 1096 1770 καὶ

580 1776 756 1812 ἀνθρωπίνως
774 1778 920 1813 ἐνήργησε,
932 1776 1031 1805 τέλειον
1047 1787 1096 1805 κα-

579 1811 613 1838 τὰ
627 1812 671 1838 τὸν
686 1813 814 1844 ἐκατέρου
834 1812 911 1844 λόγον
926 1812 1019 1844 σώζων
1034 1814 1097 1840 ἐαυ-

579 1821 613 1838 τα
627 1821 671 1838 τον
686 1821 814 1848 εκατερου
835 1821 911 1846 Λογον
926 1821 964 1839 σω

579 1846 625 1873 τοῦ
642 1847 765 1882 φυσικῶς
779 1847 964 1875 ἀναλλοίωτον.

613 1917 696 1944 Ποίαν
711 1918 770 1944 κατ’
777 1918 874 1949 αὐτοὺς
883 1916 994 1953 ἓξειτὴν
1005 1917 1094 1953 ὕπαρ-

579 1950 628 1988 ξιν,
648 1952 779 1988 μεταὼλῇ
807 1953 931 1986 θεότητος
952 1950 1095 1988 γενόμενος

577 1986 624 2024 ᾀνθ
630 1986 727 2023 ρωπος,
745 1986 792 2024 διὰ).
804 1988 903 2024 σαρκρς
916 1986 1093 2024 μεταποιήσει

576 2021 657 2058 Θεόζ;
685 2024 701 2058 ὴ
728 2023 782 2058 γὰρ
801 2021 972 2058 εἰς’ἀλλῆλας
990 2021 1092 2050 τούτων

578 2057 758 2094 μετάπτωσις,
767 2057 904 2094 παντελής
918 2059 991 2085 ἐστιν
1005 2059 1093 2094 ἀμφο-

576 2092 662 2127 τέρων
673 2093 821 2128 ἀναίρεσις.

613 2127 680 2154 Κατ’
697 2127 780 2163 αὐτὴν
797 2128 886 2162 φύσιν.

613 2198 669 2224 Καὶ
683 2197 733 2232 τῆς
747 2197 828 2224 αὐτοῦ
844 2198 876 2224 δι’
888 2197 956 2225 ὅλων
966 2198 1020 2225 τῶν
1032 2199 1093 2225 ἑαυ-

578 2232 625 2275 τοῨ
641 2233 756 2274 φυσιῖεῆς
769 2233 822 2265 ἔξω
837 2233 956 2267 γεγονὼς
974 2234 1094 2270 ἰσότητος

578 2276 625 2294 και
641 2276 811 2303 ταυτοτητος.

1600 111 1651 136 830

1321 156 1343 183 Ε
1345 157 1420 183 mem!
1423 162 1477 184 ala.

1175 201 1327 229 Secundum
1339 202 1423 236 ipsam
1437 202 1546 229 realiter
1561 211 1650 230 veram

1140 237 1347 271 naturalemque
1364 237 1562 264 exsistentiam.

1173 305 1224 339 Qui
1251 307 1392 341 utriusque
1417 305 1534 340 perfecte
1567 307 1653 342 perfe-

1139 346 1209 368 ctam
1226 341 1322 368 habeat
1337 341 1528 369 substantiam.

1173 375 1265 410 Neque
1286 377 1368 407 enim,
1386 383 1416 403 ut
1440 376 1533 403 dicunt
1556 377 1650 410 aliqui,

1139 412 1286 438 secundum
1309 411 1508 438 concretionem
1527 416 1553 438 et
1575 420 1650 438 coin-

1138 446 1310 478 tnistionem;
1346 446 1507 473 naturalium
1553 447 1651 480 quippe

1138 486 1200 508 sunt
1220 482 1405 508 coneretiones
1422 489 1468 508 seu
1484 482 1651 508 commistio.

1137 524 1186 544 nes
1207 525 1212 542 :
1234 516 1279 543 sed
1307 516 1361 543 Deo
1387 517 1500 543 creatori
1528 517 1648 543 euntium

1137 556 1324 578 creaturarum
1341 551 1446 577 inﬁnito
1458 551 1562 578 finitum
1579 553 1648 578 nulia

1137 587 1242 613 ratione
1269 591 1356 620 potest
1382 587 1569 618 commisceri;
1588 595 1648 612 nam

1136 629 1189 647 non
1212 629 1259 655 per
1278 622 1478 648 concretionem
1503 628 1549 648 SOU
1573 630 1648 648 (30111-

1137 656 1289 683 mistionom
1305 656 1432 683 differunt
1447 655 1513 691 (68).

1170 691 1330 725 Quanquam
1358 691 1384 718 in
1405 699 1486 717 unam
1508 698 1647 725 personam

1123 732 1277 761 putriusquc
1291 727 1359 753 facta
1378 726 1413 753 sit
1429 727 1526 753 unitio.

1170 796 1320 823 Ostendens
1350 797 1438 831 ipsum
1471 796 1648 831 (sermonem

1135 839 1224 858 meum
1236 832 1243 866 )
1256 832 1356 863 audivi,
1377 839 1437 858 cuin
1454 839 1500 865 per
1515 840 1544 858 ea
1560 831 1648 862 (litte-

1135 874 1226 892 rarum
1253 867 1406 901 elementa)
1429 875 1488 901 quax
1506 866 1648 894 dissimilia

1135 905 1208 933 sunt,
1224 903 1353 934 exsistat;
1370 909 1421 928 nec
1442 907 1529 928 tamen
1552 909 1598 935 per
1617 909 1648 928 ea

1135 936 1283 969 (elementa
1299 938 1305 969 )
1331 945 1392 971 quin
1410 937 1553 964 dissimilia
1574 943 1648 967 sunt,

1134 972 1311 998 mutationem
1329 973 1461 999 admittat.

1170 1007 1305 1038 Quantum
1332 1007 1482 1034 assimilare
1508 1006 1570 1033 licet
1601 1006 1647 1038 id,

1134 1041 1205 1075 quod
1232 1043 1343 1068 omnino
1370 1042 1514 1069 assimilari
1529 1049 1584 1068 non
1601 1049 1636 1076 po

1134 1081 1195 1103 lCSl.

1170 1111 1244 1138 Licet
1267 1119 1314 1146 per
1340 1119 1449 1139 carnem
1477 1116 1573 1138 natura
1597 1119 1646 1139 sua

1133 1145 1236 1182 ﬁnitam
1251 1145 1371 1182 fulgeret.

1169 1181 1244 1208 Licet
1271 1181 1301 1208 ei'
1322 1182 1452 1208 coaluerit
1479 1189 1526 1216 per
1551 1189 1648 1209 concc-

1134 1217 1253 1250 ptionem
1269 1224 1330 1252 quae
1347 1221 1463 1244 mentem
1479 1224 1587 1244 omnem
1606 1224 1648 1243 re—

1134 1252 1231 1279 frenat.

1168 1286 1223 1314 Nee
1238 1287 1319 1314 etiam
1334 1287 1360 1313 in
1373 1287 1493 1314 eamdem
1512 1295 1573 1314 cum
1587 1287 1646 1320 ipso

1133 1327 1259 1349 naturam
1283 1326 1311 1349 et
1333 1322 1483 1349 naturalem
1510 1322 1646 1356 operatio-

1134 1364 1195 1383 nem
1212 1357 1352 1384 transferri
1367 1364 1485 1391 nnquam
1502 1362 1599 1392 potest.

1172 1392 1272 1419 Eorum
1286 1393 1357 1419 enim
1368 1392 1500 1420 duntaxat
1510 1400 1570 1427 quae
1584 1397 1647 1419 sunt

1133 1427 1255 1461 ejusdem
1284 1431 1398 1460 naturae,
1431 1433 1519 1454 tnotus
1552 1427 1645 1453 eadem

1133 1466 1271 1497 operatur,
1283 1462 1462 1489 substantiam
1478 1462 1643 1497 significatus,

1133 1498 1211 1531 cujus
1224 1497 1355 1524 naturalis
1372 1502 1414 1524 est
1428 1497 1524 1524 virtus.

1168 1533 1292 1565 Quandiu
1307 1533 1479 1567 igiturunum
1497 1531 1645 1559 secundum

1133 1567 1312 1595 substantiam
1343 1568 1499 1602 agnoscitur
1528 1567 1645 1594 Verbum

1132 1602 1214 1630 unius
1234 1602 1411 1637 operationis,
1427 1603 1499 1629 nulla
1524 1610 1644 1637 unquam

1133 1638 1236 1665 ratione
1251 1643 1429 1673 cognoscetur
1437 1639 1578 1665 ambarum
1591 1645 1646 1664 mo-

1133 1673 1181 1700 tio.

1169 1707 1322 1734 Secundum
1341 1711 1486 1742 utrumque
1508 1715 1523 1733 a
1543 1715 1572 1734 se
1587 1708 1646 1742 ipso

1133 1750 1271 1777 nunquam
1285 1743 1422 1775 excideris,
1434 1742 1532 1769 divmis
1546 1744 1646 1776 pariter

1134 1782 1215 1812 atque
1230 1778 1357 1805 humanis
1370 1777 1573 1812 operationibus
1589 1786 1646 1806 suis

1133 1813 1280 1848 perfectam
1345 1813 1645 1840 incommutabilitatem

1132 1856 1245 1885 servans
1260 1849 1409 1885 secundum
1433 1848 1441 1883 (
1453 1848 1623 1875 essuntialem
1636 1850 1645 1885 )

1132 1884 1276 1917 utriusque
1289 1883 1434 1910 rationem.

1166 1917 1278 1951 Qualem
1305 1918 1455 1945 secundum
1479 1918 1552 1952 ipsos
1572 1919 1645 1946 exsi-

1131 1954 1256 1980 stcntiam
1270 1953 1390 1986 habebit,
1402 1952 1489 1980 factus
1498 1954 1646 1980 divinitatis

1130 1989 1279 2015 mutatione
1299 1989 1390 2020 homo,
1411 1994 1437 2015 et
1454 1989 1543 2015 carnis
1558 1993 1646 2016 trans-

1129 2023 1278 2050 mutatione
1294 2023 1385 2051 Deus?
1396 2031 1459 2050 nam
1473 2024 1569 2050 harum
1586 2032 1646 2050 mu-

1128 2061 1174 2084 tua
1199 2059 1226 2085 in
1251 2066 1280 2086 se
1305 2059 1420 2086 invicem
1460 2059 1582 2091 mutatio,
1605 2064 1647 2086 cst

1129 2094 1271 2120 ambarum
1288 2094 1444 2120 omnimoda
1460 2094 1642 2128 interemptio.

1167 2129 1320 2157 Secundum
1337 2129 1422 2164 ipsam
1437 2133 1572 2155 naturam.

1166 2199 1198 2225 Et
1212 2206 1259 2233 per
1278 2199 1369 2226 omnia
1387 2207 1447 2234 quae
1462 2207 1511 2226 sua
1527 2203 1601 2231 sunt,
1628 2207 1644 2226 τι

1131 2235 1246 2261 naturali
1263 2242 1313 2275 sua
1330 2235 1482 2269 xqualitate
1503 2239 1530 2261 et
1545 2235 1644 2261 identi-

1131 2274 1185 2309 tate
1197 2276 1359 2297 excesSIsse.

892 2352 950 2415 371)
971 2352 1010 2380 Ex
1027 2353 1077 2380 hac
1091 2353 1216 2381 versione
1232 2353 1323 2380 nullus
1342 2353 1402 2379 elici
1418 2359 1514 2380 sensus
1528 2357 1642 2387 poterat,

924 2388 1105 2415 emendationi
1129 2392 1227 2414 nostrae
1243 2388 1295 2415 iant
1311 2388 1469 2415 praeluserat
1482 2387 1642 2415 Franciscus

861 2387 907 2415 sed
924 2387 1105 2415 emendationi
1129 2392 1227 2414 nostrae
1239 2388 1295 2422 jam
1311 2388 1469 2422 praeluserat
1482 2387 1644 2416 Franciscus

860 2423 1005 2451 Combeﬁs.
1024 2424 1051 2450 in
1066 2422 1094 2449 S.
1114 2422 1232 2450 Maximo
1244 2428 1308 2450 tom.
1326 2424 1345 2454 l,
1362 2431 1388 2456 p.
1405 2423 1447 2449 75.

859 2501 922 2520 scus
935 2493 1079 2520 tiombetis.

895 2459 950 2494 (7‘2)
970 2458 1048 2485 Hunc
1063 2458 1145 2485 etiam
1167 2459 1256 2485 locum
1275 2458 1331 2493 jam
1356 2459 1511 2485 emendarat
1531 2457 1643 2486 Franci-

895 2529 951 2563 (75)
970 2528 1099 2561 Quamvis
1110 2528 1288 2564 Combeﬁsius
1299 2528 1392 2562 legerit
1401 2529 1452 2560 ἕως
1465 2529 1497 2555 ἂν
1511 2529 1570 2564 οὐχ,
1582 2537 1643 2563 per-

859 2562 970 2598 suasum
997 2569 1085 2590 tamen
1111 2562 1198 2590 habeo
1218 2564 1359 2598 legendum
1386 2564 1431 2590 hic
1454 2572 1513 2591 esse
1532 2562 1588 2596 ἓὼέ
1608 2564 1641 2591 ἂν

859 2597 915 2625 οὖν.
932 2597 999 2627 Nam
1022 2605 1104 2631 supra
1129 2597 1419 2633 dixerat'Hippolytus
1445 2598 1642 2627 incarnationis

859 2634 1021 2670 mysterium?
1043 2633 1132 2670 βιττὴν
1158 2634 1204 2659 καὶ
1227 2633 1366 2670 διᾳφορὰν
1380 2633 1597 2670 ἔχεινηθεωρζαν,
1615 2639 1642 2662 et

859 2667 984 2704 constare
997 2667 1138 2704 divinitate
1158 2673 1237 2703 atque
1258 2667 1424 2695 humanitate
1441 2667 1532 2696 Verbi."
1550 2669 1642 2704 Itaque

860 2712 913 2730 non
928 2703 985 2730 vult
1001 2708 1029 2730 ut
1042 2702 1161 2730 Verbum
1187 2704 1221 2730 sit
1238 2712 1321 2731 unum
1340 2704 1489 2731 secundum
1514 2702 1643 2732 substan-

859 2739 941 2774 tiam;
968 2738 1005 2765 ait
1032 2746 1111 2765 ruere
1135 2739 1309 2774 mysterium,
1333 2739 1452 2773 quandiu
1479 2745 1642 2774 agnoscetut‘

860 2773 1081 2803 Verbum,unutn
1099 2774 1246 2800 secundum
1266 2774 1455 2805 substantiam,
1470 2773 1521 2801 etc.

896 2808 951 2843 (74)
974 2807 1038 2835 Vide
1055 2813 1145 2835 notam
1165 2809 1219 2844 (67)
1236 2810 1268 2837 ad
1285 2810 1333 2836 has
1346 2810 1559 2838 cmendationes.
