1856 3050
57 90 117 117 855

587 92 703 120 SERMO
723 92 756 120 IN
778 92 912 120 SANCTA
932 92 1162 121 THEOPHANIA.

1631 96 1685 123 854

97 147 137 175 Οὐ
159 147 241 184 μόνον
251 149 278 176 δὲ
289 149 367 177 τοῦτο
381 151 429 187 τὴν
440 151 609 183 ἀξιοπιστίαν
622 152 667 178 τοῦ
681 152 775 184 ὓδατος
787 160 821 178 πα

941 152 973 179 ll.
993 151 1085 186 Neque
1098 154 1148 180 hoc
1161 154 1347 181 tantummodo
1359 154 1514 189 dignitatern
1524 162 1602 190 aqua:
1612 155 1687 182 evin-

58 192 194 229 εστησιν,
218 195 286 222 ἀλλὰ
306 197 352 223 καὶ
373 197 403 223 τὸ
422 197 529 224 πάντων
550 198 770 234 αἰδεσιμώτερον,
788 199 827 224 ὃτι
843 199 858 224 6

56 248 176 267 παντων
192 241 358 278 δημιουργὸς
372 244 497 279 Χριστὸς,
514 245 552 276 ὼς
570 245 646 276 ὑετὸς
660 245 801 280 κατῆλθεν,
810 242 857 272 καὶ

53 285 99 317 ὡς
126 288 204 322 πηγὴ
230 289 363 325 ἐγνώσθη,
382 290 428 316 καὶ
443 290 481 322 ὡς
497 291 616 326 ποταμὸς
632 291 746 327 διεδόθη,
763 292 809 318 καὶ
828 292 856 318 ὲν

53 331 99 366 ’τῷ
120 331 243 370 Ἰορδάνῃ
258 333 539 370 ὲϐαπτίσθη.¹Ηκουες
554 337 608 372 γὰρ
624 337 724 372 ἀρτίως
740 337 797 368 πῶς
813 336 856 362 ἐλ-

53 377 117 404 θὼν
142 379 158 404 ὁ
178 379 286 414 Ἰησοῦς¹
305 381 372 415 πρὸς
403 381 446 407 τὸν
471 382 596 417 Ἰωάννην
620 384 648 409 ὲν
674 382 712 418 τῷ
737 383 855 419 Ἰορδάνῃ

53 424 218 461 ἐϐαπτίσθη
232 426 277 452 ὑπ’
289 424 422 453 αὐτοῦ.“Ω
434 427 593 464 παραδόξων
609 428 786 464 πραγμάτων·
798 429 855 460 πῶς

50 471 68 495 ὁ
84 469 296 506 ἁπερίγραπτος
311 473 432 508 ποταμὸς
447 474 460 499 ὁ
476 474 627 509 εὐφραίνων
646 474 693 509 τὴν
710 474 787 501 πόλιν
807 474 854 501 τοῦ

51 515 140 547 Θεοῦ,
157 517 187 542 ἐν
201 517 282 552 ὀλίγῳ
299 517 372 544 ὕδατι
390 519 510 552 ὲλούετο;
520 520 550 546 Ἡ
564 520 752 556 ἀκατάληπτος
767 520 852 555 πηγὴ,

52 561 71 594 ἡ
96 560 175 596 ζωὴν
196 561 380 596 βλαστάνουσαι
396 565 478 591 πᾶσιν
498 564 650 600 ἀνθρώποις
665 566 711 594 καὶ
727 566 800 597 τέλος
816 566 853 600 μὴ

50 606 173 640 ἔχουσα,
191 608 242 634 ὑπὸ
260 609 393 644 πενιχρῶν
416 611 463 637 καὶ
483 611 655 647 προσκαίρων
672 611 774 638 ὑδάτων
788 613 853 637 ἐχα-

51 650 190 678 λύπτετο.
200 652 229 678 '0
245 654 330 688 παντῆ
345 654 449 689 παρὼν,
466 656 512 681 καὶ
529 655 654 691 μηδαμοῦ
667 656 853 691 ἀπολιμπανό-

53 705 154 731 μενος,
172 698 186 723 6
201 698 391 734 ἀκατάληπτος
413 700 538 735 ἀγγέλοις
554 702 601 728 καὶ
616 702 730 734 ἀόρατος
749 701 853 737 ἀνθρώ-

51 750 132 773 ποις,
147 743 194 769 ἐπὶ
211 744 241 770 τὸ
257 744 394 780 βάπτισμα
407 745 525 782 ἔρχεται,
539 747 576 778 ὡς
590 747 750 782 ηὐδόκησεν.
762 748 852 775 Ταῦτα

51 785 181 816 ἁκώων,
199 787 333 823 ἀγαπητὲ,
349 789 385 825 μή
400 791 520 825 φυσικῶς
532 791 685 827 ὲκλάμϐανε
695 793 729 819 τὰ
741 793 852 828 λεγόμε-

50 840 101 862 να,
130 832 188 858 ἀλλ’
205 834 383 870 οἰκονομικῶς
407 836 484 871 δέχου
508 837 542 863 τά
566 838 779 874 παρατιθέμενα.
808 840 853 867 Διὸ

51 876 107 902 καὶ
133 877 148 903 6
176 877 276 913 Κύριος
299 880 331 914 τῇ
359 880 548 918 φιλανθρωπίᾳ
561 883 611 918 τῆς
627 884 853 918 συγκαταϐἀσεως

50 923 110 948 εὑκ
124 922 221 950 ἔλαθεν
235 925 284 960 τὴν
299 925 353 953 τῶν
371 927 475 954 ὑδάτων
491 928 581 962 φύσιν,
598 929 666 965 ὅπερ
682 930 808 965 εποίησεν
824 932 853 959 ἐν

51 970 165 1004 κρυφῇ.
187 979 195 995 ι
213 967 289 997 Εἶδον
311 970 366 1007 γὰρ
392 973 472 1000 αὑτὸν
494 973 526 1001 τὰ
548 973 641 1006 ὕδατα,
657 975 703 1002 καὶ
719 975 853 1012 ἐφοϐήθη-

52 1023 122 1041 σαν.
131 1025 141 1041 ι
153 1015 316 1052 Ἑξὲστησαν
334 1018 430 1054 μικροῦ
446 1019 565 1051 δεῖν,κσὶ
581 1021 630 1056 τῆς
643 1022 780 1057 ὁροθεσίας
787 1023 853 1049 ἀπέ-

51 1062 243 1095 φυγον.”Οθεν
254 1064 267 1089 ὁ
277 1063 423 1100 Προφήτης
436 1066 467 1091 ἐκ
482 1065 584 1092 πολλῶν
604 1067 657 1093 τῶν
678 1067 778 1102 χρόνων
790 1068 852 1095 τοῦ-

50 1115 87 1132 το
104 1106 256 1143 θεωρήσας,
273 1110 398 1146 ἐπερωτᾷ
414 1111 515 1145 λέγων’
535 1121 544 1138 (
562 1112 593 1139 Τί
611 1122 652 1140 σοι
666 1114 733 1146 ἐστὶ,
753 1114 849 1142 θάλασ-

52 1161 104 1184 σα,
122 1153 164 1179 ὅτι
189 1153 299 1189 ἔφυγες,
315 1156 362 1182 καὶ
386 1157 428 1189 σὺ,
451 1158 580 1194 Ἰορδάνη,
596 1159 636 1185 ὃτι
660 1160 797 1195 ὲστράφης
811 1162 852 1193 εἰς

48 1199 91 1225 τὰ
107 1199 214 1232 huicut;
227 1210 237 1226 )
252 1201 325 1228 Αὑτά
339 1202 367 1228 δὲ
384 1203 564 1239 ἀποκριθέντα
577 1203 661 1232 εἷπον·
679 1206 730 1232 Τὸν
745 1206 850 1234 πάντων

49 1246 173 1281 κτιστὴν
189 1247 218 1272 ὲν
236 1249 325 1284 μορφῇ
343 1248 436 1275 δούλου
453 1249 568 1285 εἴδομεν,
587 1251 633 1277 καὶ
651 1251 681 1277 τὸ
704 1253 851 1288 μυπτὴριον

49 1293 109 1328 τῆς
120 1294 278 1330 οἰκονομίας
291 1295 484 1331 ἀγνοήσαντες,
499 1297 553 1324 ἀπὸ
568 1298 617 1333 τῆς
629 1297 728 1330 δειλίας
743 1299 851 1326 ἐλαυνό-

52 1338 143 1373 μεθα.

93 1385 319 1427 Νὖᾉδξῃῇτες
334 1387 382 1427 τῂν
398 1389 563 1430 οὲινομίαν,
581 1391 854 1433 προσκυνῇρέμαὲς-

49 1431 105 1458 τοῦ
119 1432 153 1475 3‘
156 1441 170 1458 ν
187 1433 397 1474 εὐσπλαγχνίαν,
414 1431 848 1476 ὅτιγπαρακὲῖξᾶἦῗσῷσαιξαῖζὲὒ

173 1419 286 1426 ω

50 1473 152 1513 κρῖναι
165 1479 198 1514 ςῂι
201 1488 214 1506 ν
237 1480 310 1506 οίκου
316 1473 670 1519 ξέντνβοθεῖἿίωάννίῖδ
677 1473 732 1510 ’τοῦ
862 1508 882 1536 C

52 1524 214 1536 __X:A_..A_
234 1526 332 1536 "A,.,IA
412 1527 424 1532 -
487 1528 494 1536 \
593 1529 598 1536 Ι
721 1530 726 1536 ι
783 1529 811 1536 Al

50 1524 214 1560 πρόδρομος
230 1526 673 1565 mqth
685 1530 732 1556 καὶ
745 1529 847 1565 μαθὼν,

48 1570 96 1596 ὅτι
113 1569 224 1605 ἀληθῶς
236 1571 250 1596 6
265 1571 366 1606 Κύριός
382 1573 465 1604 ἐστιν,
481 1573 544 1600 ἐϐόα
561 1573 646 1608 λέγων
662 1577 718 1607 τοῖς
732 1576 850 1611 ἀπερχο-

51 1616 162 1650 μένοις,
171 1616 216 1642 ὖπ¹
225 1617 305 1643 αὐτοῦ
319 1617 506 1654 βαπτισθῆναι·
520 1629 528 1644 ι
541 1619 700 1655 Γεννήματα
709 1621 846 1656 (Extat/GN,»

48 1662 78 1688 τε
96 1671 143 1698 μοι
157 1663 280 1699 σφοδρῶς
293 1664 427 1697 ἀτενίζετε
438 1674 445 1698 ;
457 1675 466 1691 ι
478 1666 534 1692 Οὐκ
545 1667 601 1702 εἰμὶ
612 1666 666 1701 ἐγὼ
677 1668 691 1694 ὁ
703 1668 845 1702 Χριστός-ι

51 1708 199 1744 ὑπηρέτης
215 1710 272 1745 είμὶ
295 1711 342 1736 καὶ
365 1711 415 1737 οὐκ
436 1711 580 1747 αὐθέντης·
609 1712 715 1748 ἰδιώτης
732 1714 800 1748 εἰμὶ,
818 1715 848 1740 οὐ

49 1754 187 1789 βασιλεὺς
196 1763 203 1769 ⁸
222 1755 355 1790 πρόϐατόν
372 1758 439 1791 εἰμι,
450 1757 480 1783 οὐ
497 1758 596 1794 ποιμήν
606 1766 612 1773 ·
627 1758 767 1794 ἄνθρωπός
780 1761 846 1795 εἰμι,

47 1800 82 1826 οὐ
101 1800 177 1832 Θεὸς.
197 1801 341 1837 Στείρωσιν
356 1803 437 1830 ἔλυσα
453 1803 554 1839 μητρὸς
567 1804 715 1840 γεννηθεὶς,
732 1806 761 1832 οὺ
779 1814 848 1841 παρ-

48 1847 149 1873 θενίαν
163 1847 312 1883 ὲστείρωσα
325 1848 390 1882 (76).
401 1849 447 1875 Ἐκ
460 1849 514 1876 τῶν
531 1850 650 1876 κάτωθεν
661 1850 798 1886 ἀνεδόθην,
816 1852 848 1878 ἐκ

47 1893 108 1919 τῶν
127 1893 231 1920 ἄνωθεν
245 1894 274 1920 οὺ
290 1894 434 1929 κατῆλθον.
450 1896 591 1931 Πατρικὴν
609 1896 692 1932 ἔδησα
712 1897 846 1930 γλῶσσαν,

47 1940 81 1966 οὗ
100 1939 198 1974 Θεῗκὴν
215 1940 328 1975 ἥπλωσα
344 1941 432 1976 χάριν.
443 1941 509 1967 Ὑπὸ
525 1943 626 1978 μητρὸς
640 1942 848 1978 ἐγνώσθην,ὑπὺ

48 1985 173 2020 ἁκὲρος
196 1985 224 2012 δὲ
245 1986 294 2013 οὐκ
317 1986 544 2022 ὲμηνύθην.Ἐγὼ
563 1987 674 2023 εὐτελὴς
689 1988 736 2014 καὶ
759 1988 848 2024 ἐλάχι-

48 2040 128 2064 στος,
146 2031 255 2067 ἔρχεται
270 2033 298 2060 δὲ
314 2033 401 2059 ὀπίσω
417 2042 466 2068 μου
482 2033 511 2065 ὃς
527 2034 679 2069 ἔμπροσθέν
696 2043 746 2070 μου
763 2036 845 2061 ἐστίν’

47 2077 144 2103 ὀπίσω
157 2077 202 2104 διὰ
214 2077 259 2103 τὸν
274 2078 377 2113 χρόνον,
395 2078 547 2116 ἔμπροσθεν
560 2079 588 2106 δὲ
602 2079 645 2106 διὰ
657 2079 686 2106 τὸ
703 2080 847 2116 ἀπρόσιτον

48 2122 100 2148 καὶ
130 2122 318 2158 ἀνέκφραστον
342 2124 391 2159 τῆς
413 2123 538 2158 θεότητος
566 2124 633 2158 φῶς.
657 2125 801 2160 «Ἔρχεται
832 2126 846 2151 6

907 197 962 230 cit;
977 198 1022 225 sed
1045 202 1072 225 et
1095 199 1167 233 quod
1183 199 1309 226 omnibus
1323 199 1383 227 aliis
1398 200 1478 227 rebus
1492 204 1533 227 est
1549 201 1688 228 venerabi-

907 242 970 275 lius,
987 243 1076 278 opifex
1092 244 1213 271 omnium
1230 244 1355 272 Christus
1364 245 1460 280 pluvia:
1476 245 1502 272 in
1517 253 1619 273 morem
1638 245 1687 273 de-

907 289 1050 322 scendit”,
1067 294 1096 316 ut
1119 289 1180 317 fons
1195 295 1237 316 est
1251 291 1418 325 cognitus“,
1436 295 1563 325 tanquam
1585 290 1685 318 ﬂumen

906 341 966 361 sese
989 334 1136 366 diffudit",
1152 340 1177 362 et
1201 335 1227 362 in
1248 335 1364 363 Jordane
1387 336 1538 370 baptizatus
1557 341 1607 363 est.
1626 335 1684 364 Jam

905 380 978 407 enim
993 381 1073 407 modo
1089 381 1197 408 audiisti
1208 381 1278 415 quod
1291 382 1323 408 ad
1335 380 1465 408 Joannem
1482 382 1553 408 venit
1566 381 1685 415 Iesus",

906 430 932 452 et
947 426 1109 460 baptismum
1128 427 1161 454 ab
1175 434 1207 454 eo
1221 428 1349 462 suscepit.
1365 427 1387 454 0
1401 436 1444 455 res
1455 428 1628 463 dignissimas
1639 428 1686 456 ad-

905 472 1064 498 miratione!
1076 471 1210 498 Infinitum
1222 472 1320 499 ﬂumen
1335 472 1406 506 quod
1420 472 1536 499 hetiticat
1546 472 1684 499 civitatem

907 516 994 548 Dei”,
1012 517 1109 551 exigua
1132 517 1249 544 abluitur
1270 526 1349 552 aqua.
1370 517 1441 544 Fons
1454 517 1686 552 incomprehensi-

905 562 966 589 bilis
980 563 1026 597 qui
1043 563 1123 590 vilam
1143 564 1269 590 omnibus
1291 563 1448 590 hominibus
1462 563 1643 598 progerminet.
1659 568 1686 591 et

905 608 1021 634 termino
1037 612 1120 640 caret,
1134 615 1149 634 a
1164 608 1254 642 parvis
1268 611 1294 635 et
1312 608 1484 642 temporariis
1500 609 1578 643 aquis
1589 608 1685 635 obrui-

906 656 958 679 tur.
980 652 1030 685 Qui
1047 651 1146 687 ubique
1160 660 1279 686 praesens
1292 657 1395 679 estnec
1411 660 1524 688 usquam
1542 653 1628 686 abest,
1643 654 1686 680 in-

903 698 1157 733 comprehensibilis
1172 698 1274 733 angelis
1289 702 1315 725 et
1334 698 1367 725 ab
1385 698 1524 725 hominum
1540 703 1685 733 conspectu

903 749 1034 776 remotus,
1050 747 1083 771 ad
1101 744 1264 778 baptismum
1282 744 1386 771 accedit
1400 749 1428 770 ut
1443 744 1492 778 ipsi
1505 744 1615 778 placuit.
1623 743 1686 772 Han:

904 798 964 817 eum
986 790 1074 822 audis,
1089 790 1195 822 dilecte,
1215 797 1247 816 ne
1263 789 1379 816 naturali
1398 798 1473 816 more
1488 790 1559 817 dicta
1580 790 1685 824 accipe,

904 836 950 864 sed
966 844 1014 871 per
1028 836 1257 871 dispensationem
1276 836 1397 871 apposita
1416 835 1554 870 suscipito.
1568 836 1686 871 Ideoque

903 890 954 909 nec
976 889 1061 916 aquas
1075 881 1154 908 latttit
1167 882 1240 916 qttod
1257 881 1387 909 Dominus
1401 889 1433 908 ex
1448 889 1540 909 amore
1553 882 1580 909 in
1595 882 1685 910 homi-

903 934 952 954 nes
967 934 997 954 se
1009 926 1162 958 demittens,
1179 926 1206 953 in
1220 926 1326 953 occulto
1340 927 1502 961 operabatttr
1513 935 1519 954 :
1532 936 1541 953 ι
1557 926 1687 955 Viderunt

903 974 974 1000 enim
999 980 1060 1000 eum
1078 980 1166 1007 aquaa,
1185 976 1212 1000 et
1237 972 1426 1000 timuerunt".
1444 981 1452 998 I
1481 971 1581 999 Parum
1600 972 1686 1000 abfuit

902 1019 967 1054 quin
983 1023 1161 1054 exsurgerent
1171 1022 1252 1053 atque
1265 1017 1398 1045 limitibus
1409 1017 1467 1046 suis
1483 1018 1578 1052 positis
1593 1025 1686 1045 erum-

902 1068 1005 1099 perent.
1022 1063 1098 1091 Unde
1112 1063 1246 1098 Propheta
1264 1063 1344 1097 longo
1361 1067 1481 1097 tempore
1500 1068 1561 1090 ante
1580 1063 1632 1091 hoc
1645 1063 1684 1090 vi-

902 1111 977 1144 dens,
991 1118 1039 1138 eas
1058 1111 1207 1146 interrogat
1228 1115 1255 1138 et
1279 1110 1316 1137 ait
1332 1120 1338 1138 :
1356 1120 1365 1136 ι
1380 1110 1450 1144 Quid
1465 1114 1506 1138 est
1520 1110 1579 1141 tibi,
1598 1117 1684 1143 mare,

901 1158 974 1193 quod
1000 1157 1114 1192 fugisti?
1129 1161 1156 1184 et
1180 1161 1219 1189 tu,
1232 1156 1368 1188 Iordanis,
1389 1157 1461 1192 quod
1488 1164 1636 1185 conversus
1654 1164 1685 1185 es

901 1210 1049 1231 retrorsum
1061 1203 1101 1230 ἐἳ
1119 1213 1127 1229 ι
1145 1203 1198 1230 lllaz
1216 1211 1280 1230 vero
1296 1203 1480 1238 respondent:
1499 1202 1627 1230 Omnium
1640 1211 1684 1230 re-

901 1258 961 1277 rum
986 1250 1151 1277 cenditorem
1176 1250 1204 1277 in
1220 1249 1306 1277 forma
1324 1249 1395 1277 servi
1411 1250 1529 1278 vidimus
1539 1250 1577 1283 9';
1591 1253 1619 1277 et
1632 1249 1684 1277 hoc

901 1297 1061 1332 mysterium
1087 1296 1298 1331 dispensationis
1325 1303 1387 1324 cum
1413 1296 1610 1331 ignoraremus,
1629 1304 1685 1331 prae

901 1347 974 1370 metu
989 1347 1130 1370 commota:
1150 1350 1255 1370 sutnus.

936 1388 979 1416 lll.
1000 1388 1055 1416 Nos
1071 1397 1135 1416 vero
1151 1389 1251 1424 quibus
1268 1388 1420 1416 oeconomia
1438 1388 1484 1416 illa
1508 1389 1614 1424 cognita
1626 1388 1683 1423 iam

900 1440 951 1467 est,
968 1435 1113 1463 adoramus
1126 1436 1185 1471 ejus
1199 1436 1424 1467 misericordiam,
1440 1436 1512 1470 quod
1532 1436 1605 1464 venit
1625 1444 1685 1464 ser-

901 1485 992 1508 vatum
1008 1486 1119 1514 terram,
1135 1490 1189 1509 non
1206 1482 1368 1517 iudicatum.
1378 1481 1453 1509 Unde
1467 1482 1549 1509 etiam
1563 1481 1683 1511 Joannes

900 1536 1051 1563 praaeursor
1067 1527 1184 1559 Domini.
1201 1535 1264 1556 cum
1290 1528 1341 1555 hoc.
1365 1529 1619 1564 mysterium,un
1635 1536 1684 1556 ne-

899 1575 1015 1601 sciVerat
1037 1579 1126 1607 antea,
1141 1574 1254 1601 edoctus
1268 1574 1448 1609 cognovisset,
1462 1574 1535 1609 quod
1552 1582 1614 1602 vere
1629 1574 1683 1601 Do-

899 1619 990 1645 minus
1006 1623 1089 1651 esset,
1104 1619 1266 1646 exclamavit
1280 1619 1313 1645 ad
1330 1619 1379 1646 hos
1393 1620 1439 1654 qui
1459 1619 1491 1646 ad
1509 1627 1571 1646 eum
1594 1620 1683 1654 bapti-

899 1666 977 1693 zandi
993 1671 1121 1693 venerant
1135 1675 1141 1693 :
1161 1675 1170 1691 ι
1186 1665 1332 1700 Progenies
1342 1666 1496 1699 viperarum
1505 1665 1539 1699 ’⁸,
1554 1675 1563 1691 ι
1578 1665 1642 1700 quid
1655 1666 1682 1692 in

899 1720 942 1739 me
969 1717 1022 1739 tam
1051 1712 1223 1739 vehementer
1239 1712 1405 1740 intuemini?
1434 1711 1516 1738 «Non
1546 1719 1606 1738 sum
1632 1719 1683 1746 ego

898 1758 1062 1790 Christus”;
1080 1767 1088 1783 ι
1107 1758 1240 1790 minister,
1259 1765 1313 1785 non
1331 1757 1457 1785 domintts
1471 1759 1520 1792 ego
1535 1765 1613 1790 sum;
1628 1757 1684 1792 pri-

898 1808 990 1836 vatus,
1004 1811 1058 1830 non
1075 1811 1122 1831 rex
1138 1813 1144 1837 ;
1161 1804 1220 1830 ovis
1241 1811 1311 1835 sum,
1328 1811 1381 1831 non
1398 1807 1505 1838 pastor;
1521 1803 1612 1834 homo,
1628 1811 1682 1830 non

899 1848 979 1876 Deus.
997 1849 1169 1887 Sterilitatem
1193 1849 1287 1876 matris
1302 1857 1368 1876 mese
1383 1857 1444 1876 cum
1461 1857 1587 1876 nascerer
1602 1849 1680 1881 solvi,

899 1902 953 1921 non
969 1895 1149 1929 virginitatem
1164 1895 1262 1929 reliqui
1277 1895 1405 1922 sterilem.
1425 1894 1496 1922 infra
1509 1895 1682 1927 emersi,non

898 1941 1013 1975 desuper
1027 1940 1164 1968 descendi.
1181 1940 1270 1968 Patris
1282 1941 1402 1976 linguam
1415 1941 1524 1976 ligavi‘,
1541 1949 1594 1968 non
1612 1941 1682 1968 divi—

899 1995 960 2014 nam
973 1987 1087 2021 gratiam
1101 1986 1228 2021 explicui.
1241 1986 1262 2012 Α
1274 1992 1359 2014 matre
1376 1987 1493 2022 agnitus,
1505 1995 1560 2014 non
1572 1995 1587 2014 a
1605 1987 1680 2015 stella

898 2033 1120 2067 praesignificatus
1138 2033 1227 2060 sum’.
1244 2031 1346 2059 Tenuis
1366 2041 1416 2067 ego
1430 2037 1456 2059 et
1470 2033 1619 2065 minimus;
1635 2040 1681 2060 ve-

898 2079 937 2105 nit
953 2083 1042 2105 autem
1059 2082 1120 2113 post
1140 2085 1182 2105 me
1202 2078 1249 2112 qui
1263 2082 1326 2105 ante
1339 2085 1383 2105 me
1396 2084 1437 2105 est
1447 2079 1468 2111 ';
1484 2083 1544 2113 post
1560 2086 1603 2105 me
1619 2080 1680 2113 qui-

898 2125 957 2152 dem
975 2125 1079 2152 ratione
1093 2124 1232 2159 temporis,
1247 2129 1308 2152 ante
1322 2132 1365 2152 tne
1378 2129 1466 2152 autem
1482 2129 1591 2159 propter
1605 2124 1680 2152 inac-

50 2168 232 2204 ἱτχυρότερός
250 2178 310 2203 μου,
323 2167 353 2196 οὗ
368 2170 417 2196 οὐκ
437 2170 496 2205 εἰμὶ
515 2170 604 2202 ἱκανὸς
627 2169 660 2196 τὰ
684 2171 821 2206 ὺποδήματ

936 2177 1003 2197 ssum
1028 2174 1054 2197 et
1078 2170 1258 2197 inenarrabile
1281 2170 1372 2197 lumen
1396 2170 1554 2197 divinitatis.
1575 2180 1583 2195 ι
1601 2169 1680 2198 Venit

49 2214 202 2249 βαστάσαι,
221 2215 300 2247 αὐτὸς
325 2216 397 2251 ὑμᾶς
420 2215 546 2250 βαπτίσει
564 2217 592 2243 ὲν
615 2216 752 2251 Πνεύματι
774 2216 843 2251 ἁγίῳ

49 2262 101 2287 καὶ
128 2261 206 2297 πυρί.
219 2271 228 2286 ι
239 2261 308 2295 Ἐγὼ
325 2261 492 2294 ὑπεξούτιος,
509 2262 587 2294 αὐτὸς
610 2262 639 2288 δὲ
662 2261 842 2294 αὑτεξούσιος;

55 2306 131 2341 Ἐγὼ
145 2307 286 2342 ἁμαρτιῶν
302 2307 402 2342 ἔνοχος,
420 2307 500 2339 αὐτὸς
523 2307 551 2334 δὲ
573 2307 712 2344 ἁμαρτιῶν
729 2307 842 2343 ἀφαιρέ-

47 2363 113 2389 της.
123 2353 195 2388 Ἐγὼ
210 2354 256 2380 τὸν
280 2354 359 2389 νόμον
382 2354 531 2389 παράπτω,
542 2355 622 2386 αὐτὸς
646 2355 674 2381 δὲ
694 2355 744 2390 τὴν
764 2355 842 2390 χάριν

49 2400 228 2434 φωταγωγεῇ
237 2399 306 2433 Ἐγὼ
327 2399 364 2431 ὡς
392 2400 484 2430 δοῦλος
505 2400 639 2435 κατηχῶν,
653 2401 733 2432 αὐτὸς
757 2400 784 2427 δὲ
805 2401 843 2432 ὡς

54 2445 193 2481 δεσπότης
207 2445 315 2482 κρίνων.
325 2445 394 2480 Ἐγὼ
414 2447 444 2472 τὸ
459 2446 556 2481 ἔδαφος
577 2445 669 2482 κλίνην
684 2446 746 2482 ἔχω,
761 2447 842 2479 αὐτὸς

47 2493 96 2518 τὸν
109 2492 224 2528 οὐρανὸν
239 2492 305 2528 ἔχει.
315 2492 384 2526 Ἐγὼ
398 2493 540 2528 μετανοίας
556 2492 677 2527 βαπτίζω
689 2493 840 2529 βάπτισμα,

88 2574 111 2589 ’⁸
132 2572 201 2600 Osee
216 2580 254 2605 vt,
270 2572 296 2599 5.
333 2571 355 2587 ἰ
374 2572 453 2600 Joan.
472 2580 508 2605 tv,
525 2571 568 2599 M.
606 2573 628 2588 "
647 2571 724 2599 Joan.
739 2580 785 2604 vn,
801 2573 821 2599 δέ

936 2572 1018 2600 tiatth.
1033 2579 1073 2603 ut,
1092 2571 1135 2598 15.
1173 2570 1197 2586 ³⁸
1215 2569 1287 2597 Psal.
1303 2577 1364 2603 va,

575 2615 625 2639 .ll,
641 2608 666 2634 7.
703 2608 726 2623 "
745 2607 838 2635 Matth.
854 2615 895 2640 ut,
914 2607 939 2635 7.
977 2608 998 2623 "
1011 2605 1089 2634 Joan.
1109 2615 1128 2639 ι,
1146 2604 1192 2633 20.

51 2609 96 2635 l7.
135 2609 158 2625 "
179 2607 250 2635 Psal.
268 2615 344 2638 cxttt,
360 2608 385 2635 5.
423 2609 445 2624 ⁹τ
465 2607 571 2642 Philipp

50 2645 61 2660 ³
80 2643 161 2672 Joan.
183 2651 203 2676 ι,
216 2643 261 2670 ΞῚ.
299 2642 310 2658 ⁸
329 2643 423 2670 Matth.
439 2643 538 2676 nt,‘H.
575 2642 586 2658 ⁸
605 2642 682 2670 Joan.
699 2650 718 2675 t,
732 2642 776 2670 29.

85 2722 144 2757 (76)
166 2723 208 2749 οὐ
222 2721 384 2756 παρθενίαν
398 2722 571 2756 ἐστείρωσα.
591 2721 736 2757 Gregorius
747 2721 834 2750 Thau-

53 2756 197 2791 ntatnrgus
210 2757 236 2783 in
250 2763 341 2784 sancta
355 2757 532 2792 Tlteophania,
550 2766 575 2792 p.
591 2756 810 2784 106’edit.Vnssii
828 2767 834 2785 :

51 2794 86 2818 Σ)
100 2793 129 2819 δὲ
142 2792 249 2827 τεχθεὶς
259 2794 291 2828 sit
306 2793 356 2828 τῆς
368 2793 500 2828 παρθένου
517 2793 725 2828 Μαρίας...νοὺκ
741 2792 836 2824 ἔλυσας

51 2827 202 2863 παρθενίαν
219 2827 315 2862 αὐτῆς·
334 2827 399 2854 ἀλλὰ
414 2828 460 2855 καὶ
477 2827 575 2863 ταύτην
592 2827 772 2863 ὲφροὺρητοις.
791 2829 837 2855 καὶ

896 2215 992 2242 fortior
1007 2224 1060 2249 me,
1076 2217 1153 2250 cujus
1174 2224 1223 2251 ego
1243 2223 1297 2242 nntt
1313 2223 1373 2242 sum
1389 2216 1486 2250 dignus
1501 2220 1609 2250 portare
1624 2217 1678 2243 cal-

896 2265 1050 2293 ceamenta;
1078 2261 1134 2295 ipse
1157 2268 1204 2288 vos
1223 2260 1368 2294 baptizabit
1385 2260 1411 2287 in
1427 2259 1529 2295 Spiritu
1545 2265 1639 2288 sancto
1652 2266 1679 2288 et

896 2307 987 2341 igne".
1005 2316 1014 2332 ι
1040 2306 1095 2341 Ego
1115 2306 1241 2341 potestati
1259 2305 1402 2339 obnoxius,
1421 2305 1478 2339 ipse
1491 2313 1538 2340 per
1560 2313 1590 2332 se
1607 2311 1680 2341 pote-

895 2357 991 2380 statetn
1014 2353 1126 2380 habens.
1142 2351 1197 2387 Ego
1211 2357 1382 2387 peccatorum
1400 2359 1472 2383 reus.
1494 2351 1552 2386 ipse
1571 2355 1612 2379 est
1630 2352 1678 2386 qui

895 2398 983 2425 aufert
996 2397 1190 2434 peccata‘.Ego
1206 2398 1290 2432 legem
1306 2396 1422 2426 inculco.
1456 2395 1501 2429 ille
1524 2396 1616 2430 gratia:
1635 2396 1678 2422 lu-

892 2451 953 2473 cem
977 2443 1094 2478 praal‘ert.
1109 2442 1166 2478 Ego
1180 2447 1210 2470 ut
1223 2450 1318 2470 servus
1333 2442 1456 2473 instituo,
1473 2441 1516 2468 ille
1531 2441 1634 2476 judieat
1648 2445 1678 2468 ut

897 2492 1035 2520 dominus.
1049 2489 1112 2518 Mihi
1127 2489 1216 2517 solum
1235 2489 1321 2517 lectus
1336 2493 1386 2522 est,
1404 2489 1460 2524 ipse
1479 2489 1577 2516 callum
1593 2492 1674 2516 tenet.

1450 2571 1472 2586 "
1492 2570 1563 2597 Psal.
1580 2577 1672 2602 Lxxw,

1230 2606 1238 2621 ¹
1253 2605 1318 2632 Luc.
1336 2613 1354 2638 ι,
1374 2605 1418 2632 20.
1457 2606 1466 2621 ²
1485 2605 1580 2633 Matth.
1598 2613 1626 2640 tt,
1645 2605 1674 2635 9.

886 2723 935 2770 τῆς
942 2722 1053 2770 ,ξηὲἒδί
1058 2721 1338 2770 Χέῖἧὲξῗῗῖπορίὲἕ
1342 2720 1674 2770 ἕδέξῖλξῖςῖηῖηἘῇἅὲἷῗ

888 2756 922 2796 ex
941 2756 1026 2796 Maria
1039 2761 1117 2796 natus
1132 2756 1282 2796 'virgine._._.,
1293 2764 1358 2796 _non
1368 2756 1479 2796 .solvisti
1492 2756 1673 2796 virginitatettt

890 2793 964 2826 ejus:
981 2792 1027 2819 sed
1039 2796 1065 2819 et
1079 2792 1147 2819 hanc
1158 2791 1311 2824 custodisti,
1325 2796 1349 2819 et
1368 2791 1454 2826 ipsam
1471 2791 1566 2819 matris
1579 2792 1672 2826 appel-

890 2828 989 2856 latione
1003 2827 1119 2856 donasti.
1137 2836 1145 2853 ι
1164 2826 1274 2855 Faunis.
