  <div class='ocr_page' id='page_1' title='image "/cluster/home/n/w/nwhite01/storage/ocr_20150623/10/njp.32101077772406/471.png"; bbox 0 0 1856 3050; ppageno 0'>
   <div class='ocr_carea' id='block_1_1' title="bbox 167 89 219 117">
    <p class='ocr_par' dir='ltr' id='par_1_1' title="bbox 167 89 219 117">
     <span class='ocr_line' id='line_1_1' title="bbox 167 89 219 117; baseline 0.019 -1"><span class='ocrx_word' id='word_1_1' title='bbox 167 89 219 117; x_wconf 81' lang='lat'><strong>855</strong></span> 
     </span>
    </p>
   </div>
   <div class='ocr_carea' id='block_1_2' title="bbox 502 87 1468 117">
    <p class='ocr_par' dir='ltr' id='par_1_2' title="bbox 502 87 1468 117">
     <span class='ocr_line' id='line_1_2' title="bbox 502 87 1468 117; baseline -0.002 0"><span class='ocrx_word' id='word_1_2' title='bbox 502 89 530 117; x_wconf 87' lang='lat' dir='ltr'><strong>S.</strong></span> <span class='ocrx_word' id='word_1_3' title='bbox 551 87 730 116; x_wconf 82' lang='lat' dir='ltr'><strong>HIPPOLYT!</strong></span> <span class='ocrx_word' id='word_1_4' title='bbox 749 87 823 115; x_wconf 77' lang='lat' dir='ltr'><strong>OPP.</strong></span> <span class='ocrx_word' id='word_1_5' title='bbox 846 87 936 115; x_wconf 78' lang='lat' dir='ltr'><strong>PARS</strong></span> <span class='ocrx_word' id='word_1_6' title='bbox 951 87 981 113; x_wconf 89' lang='lat' dir='ltr'><strong>ll.</strong></span> <span class='ocrx_word' id='word_1_7' title='bbox 1001 102 1036 106; x_wconf 93' lang='lat'><strong>——-</strong></span> <span class='ocrx_word' id='word_1_8' title='bbox 1059 87 1209 114; x_wconf 71' lang='lat' dir='ltr'><strong>DUGMAT.</strong></span> <span class='ocrx_word' id='word_1_9' title='bbox 1230 87 1274 114; x_wconf 88' lang='grc' dir='ltr'>ΕΤ</span> <span class='ocrx_word' id='word_1_10' title='bbox 1294 87 1468 115; x_wconf 80' lang='lat' dir='ltr'><strong>HISTORIC.‘</strong></span> 
     </span>
    </p>
   </div>
   <div class='ocr_carea' id='block_1_3' title="bbox 1741 87 1790 114">
    <p class='ocr_par' dir='ltr' id='par_1_3' title="bbox 1741 87 1790 114">
     <span class='ocr_line' id='line_1_3' title="bbox 1741 87 1790 114; baseline 0 0"><span class='ocrx_word' id='word_1_11' title='bbox 1741 87 1790 114; x_wconf 69' lang='lat'><strong>856</strong></span> 
     </span>
    </p>
   </div>
   <div class='ocr_carea' id='block_1_4' title="bbox 168 146 944 182">
    <p class='ocr_par' dir='ltr' id='par_1_4' title="bbox 168 147 944 182">
     <span class='ocr_line' id='line_1_4' title="bbox 168 147 944 182; baseline 0.001 -9"><span class='ocrx_word' id='word_1_12' title='bbox 168 147 223 181; x_wconf 75' lang='lat' dir='ltr'><strong>Ego</strong></span> <span class='ocrx_word' id='word_1_13' title='bbox 242 147 407 182; x_wconf 70' lang='lat' dir='ltr'><strong>pmnitentiae</strong></span> <span class='ocrx_word' id='word_1_14' title='bbox 422 147 528 182; x_wconf 72' lang='lat' dir='ltr'><strong>baprizo</strong></span> <span class='ocrx_word' id='word_1_15' title='bbox 543 147 713 182; x_wconf 70' lang='lat' dir='ltr'><strong>baptismate,</strong></span> <span class='ocrx_word' id='word_1_16' title='bbox 730 147 774 174; x_wconf 89' lang='lat' dir='ltr'><strong>ille</strong></span> <span class='ocrx_word' id='word_1_17' title='bbox 798 147 944 182; x_wconf 80' lang='lat' dir='ltr'><strong>adoptionis</strong></span> 
     </span>
    </p>
   </div>
   <div class='ocr_carea' id='block_1_5' title="bbox 1035 146 1789 182">
    <p class='ocr_par' dir='ltr' id='par_1_5' title="bbox 1038 146 1789 182">
     <span class='ocr_line' id='line_1_5' title="bbox 1038 146 1789 182; baseline 0 -10"><span class='ocrx_word' id='word_1_18' title='bbox 1038 147 1081 178; x_wconf 74' lang='grc' dir='ltr'>τὸς</span> <span class='ocrx_word' id='word_1_19' title='bbox 1108 147 1136 173; x_wconf 79' lang='grc' dir='ltr'>δὲ</span> <span class='ocrx_word' id='word_1_20' title='bbox 1163 147 1297 178; x_wconf 75' lang='grc' dir='ltr'>υἱοθεσίας</span> <span class='ocrx_word' id='word_1_21' title='bbox 1320 147 1444 182; x_wconf 76' lang='grc' dir='ltr'>δωρεῖται</span> <span class='ocrx_word' id='word_1_22' title='bbox 1465 147 1603 181; x_wconf 73' lang='grc' dir='ltr'>χάρισμα·</span> <span class='ocrx_word' id='word_1_23' title='bbox 1625 146 1708 178; x_wconf 71' lang='grc' dir='ltr'>αὐτὸς</span> <span class='ocrx_word' id='word_1_24' title='bbox 1721 147 1789 181; x_wconf 72' lang='grc' dir='ltr'>ὑμᾶς</span> 
     </span>
    </p>
   </div>
   <div class='ocr_carea' id='block_1_6' title="bbox 166 192 951 227">
    <p class='ocr_par' dir='ltr' id='par_1_6' title="bbox 166 192 951 227">
     <span class='ocr_line' id='line_1_6' title="bbox 166 192 951 227; baseline -0.001 -8"><span class='ocrx_word' id='word_1_25' title='bbox 166 192 249 219; x_wconf 81' lang='lat' dir='ltr'><strong>donat</strong></span> <span class='ocrx_word' id='word_1_26' title='bbox 265 197 380 227; x_wconf 71' lang='lat' dir='ltr'><strong>gratiam</strong></span> <span class='ocrx_word' id='word_1_27' title='bbox 396 201 402 219; x_wconf 87' lang='lat'><strong><em>:</em></strong></span> <span class='ocrx_word' id='word_1_28' title='bbox 417 192 472 226; x_wconf 90' lang='lat' dir='ltr'><strong>ipse</strong></span> <span class='ocrx_word' id='word_1_29' title='bbox 489 199 536 219; x_wconf 90' lang='lat' dir='ltr'><strong>vos</strong></span> <span class='ocrx_word' id='word_1_30' title='bbox 553 192 655 226; x_wconf 86' lang='lat' dir='ltr'><strong>Spiritu</strong></span> <span class='ocrx_word' id='word_1_31' title='bbox 672 196 768 220; x_wconf 78' lang='lat' dir='ltr'><strong>sancto</strong></span> <span class='ocrx_word' id='word_1_32' title='bbox 780 197 807 219; x_wconf 90' lang='lat' dir='ltr'><strong>et</strong></span> <span class='ocrx_word' id='word_1_33' title='bbox 826 192 887 227; x_wconf 78' lang='lat' dir='ltr'><strong>igne</strong></span> <span class='ocrx_word' id='word_1_34' title='bbox 905 193 951 219; x_wconf 87' lang='lat' dir='ltr'><strong>L-a-</strong></span> 
     </span>
    </p>
   </div>
   <div class='ocr_carea' id='block_1_7' title="bbox 165 237 952 274">
    <p class='ocr_par' dir='ltr' id='par_1_7' title="bbox 165 237 952 274">
     <span class='ocr_line' id='line_1_7' title="bbox 165 237 952 274; baseline 0.003 -10"><span class='ocrx_word' id='word_1_35' title='bbox 165 238 288 272; x_wconf 87' lang='lat' dir='ltr'><strong>ptizabit.</strong></span> <span class='ocrx_word' id='word_1_36' title='bbox 302 237 372 270; x_wconf 79' lang='lat' dir='ltr'><strong>Quid</strong></span> <span class='ocrx_word' id='word_1_37' title='bbox 399 237 465 263; x_wconf 90' lang='lat' dir='ltr'><strong>mihi</strong></span> <span class='ocrx_word' id='word_1_38' title='bbox 488 238 646 265; x_wconf 84' lang='lat' dir='ltr'><strong>attenditis?</strong></span> <span class='ocrx_word' id='word_1_39' title='bbox 672 246 727 265; x_wconf 91' lang='lat' dir='ltr'><strong>non</strong></span> <span class='ocrx_word' id='word_1_40' title='bbox 751 246 802 274; x_wconf 81' lang='lat' dir='ltr'><strong>ego</strong></span> <span class='ocrx_word' id='word_1_41' title='bbox 826 238 952 267; x_wconf 85' lang='lat' dir='ltr'><strong>Christus</strong></span> 
     </span>
    </p>
   </div>
   <div class='ocr_carea' id='block_1_8' title="bbox 166 291 237 311">
    <p class='ocr_par' dir='ltr' id='par_1_8' title="bbox 166 291 237 311">
     <span class='ocr_line' id='line_1_8' title="bbox 166 291 237 311; baseline -0.014 0"><span class='ocrx_word' id='word_1_42' title='bbox 166 291 237 311; x_wconf 74' lang='lat' dir='ltr'><strong>sunt.</strong></span> 
     </span>
    </p>
   </div>
   <div class='ocr_carea' id='block_1_9' title="bbox 201 328 952 365">
    <p class='ocr_par' dir='ltr' id='par_1_9' title="bbox 201 328 952 365">
     <span class='ocr_line' id='line_1_9' title="bbox 201 328 952 365; baseline 0.004 -10"><span class='ocrx_word' id='word_1_43' title='bbox 201 329 244 356; x_wconf 87' lang='grc' dir='ltr'>ιν.</span> <span class='ocrx_word' id='word_1_44' title='bbox 267 328 328 356; x_wconf 70' lang='lat' dir='ltr'><strong>Haec</strong></span> <span class='ocrx_word' id='word_1_45' title='bbox 337 329 456 357; x_wconf 75' lang='lat' dir='ltr'><strong>Joannes</strong></span> <span class='ocrx_word' id='word_1_46' title='bbox 468 329 501 356; x_wconf 89' lang='lat' dir='ltr'><strong>ad</strong></span> <span class='ocrx_word' id='word_1_47' title='bbox 513 330 643 365; x_wconf 90' lang='lat' dir='ltr'><strong>populum</strong></span> <span class='ocrx_word' id='word_1_48' title='bbox 655 337 718 357; x_wconf 92' lang='lat' dir='ltr'><strong>cum</strong></span> <span class='ocrx_word' id='word_1_49' title='bbox 734 331 857 363; x_wconf 80' lang='lat' dir='ltr'><strong>dixisset,</strong></span> <span class='ocrx_word' id='word_1_50' title='bbox 871 336 898 358; x_wconf 90' lang='lat' dir='ltr'><strong>et</strong></span> <span class='ocrx_word' id='word_1_51' title='bbox 909 331 952 359; x_wconf 90' lang='lat' dir='ltr'><strong>hic</strong></span> 
     </span>
    </p>
   </div>
   <div class='ocr_carea' id='block_1_10' title="bbox 165 376 952 412">
    <p class='ocr_par' dir='ltr' id='par_1_10' title="bbox 165 376 952 412">
     <span class='ocr_line' id='line_1_10' title="bbox 165 376 952 412; baseline 0.004 -9"><span class='ocrx_word' id='word_1_52' title='bbox 165 376 278 403; x_wconf 76' lang='lat' dir='ltr'><strong>arrectis</strong></span> <span class='ocrx_word' id='word_1_53' title='bbox 291 376 425 410; x_wconf 80' lang='lat' dir='ltr'><strong>capitibus</strong></span> <span class='ocrx_word' id='word_1_54' title='bbox 437 381 609 410; x_wconf 77' lang='lat' dir='ltr'><strong>exspectaret</strong></span> <span class='ocrx_word' id='word_1_55' title='bbox 623 384 722 404; x_wconf 90' lang='lat' dir='ltr'><strong>novum</strong></span> <span class='ocrx_word' id='word_1_56' title='bbox 735 378 836 412; x_wconf 74' lang='lat' dir='ltr'><strong>aliquid</strong></span> <span class='ocrx_word' id='word_1_57' title='bbox 849 383 952 412; x_wconf 82' lang='lat' dir='ltr'><strong>specta-</strong></span> 
     </span>
    </p>
   </div>
   <div class='ocr_carea' id='block_1_11' title="bbox 165 422 952 457">
    <p class='ocr_par' dir='ltr' id='par_1_11' title="bbox 165 422 952 457">
     <span class='ocr_line' id='line_1_11' title="bbox 165 422 952 457; baseline 0.003 -7"><span class='ocrx_word' id='word_1_58' title='bbox 165 423 255 450; x_wconf 81' lang='lat' dir='ltr'><strong>rulum</strong></span> <span class='ocrx_word' id='word_1_59' title='bbox 271 422 358 449; x_wconf 86' lang='lat' dir='ltr'><strong>oculis</strong></span> <span class='ocrx_word' id='word_1_60' title='bbox 371 423 494 457; x_wconf 89' lang='lat' dir='ltr'><strong>corporis</strong></span> <span class='ocrx_word' id='word_1_61' title='bbox 505 430 628 456; x_wconf 86' lang='lat' dir='ltr'><strong>cernere,</strong></span> <span class='ocrx_word' id='word_1_62' title='bbox 639 423 748 451; x_wconf 80' lang='lat' dir='ltr'><strong>diabolo</strong></span> <span class='ocrx_word' id='word_1_63' title='bbox 761 425 843 451; x_wconf 89' lang='lat' dir='ltr'><strong>etiam</strong></span> <span class='ocrx_word' id='word_1_64' title='bbox 854 425 887 451; x_wconf 93' lang='lat' dir='ltr'><strong>ad</strong></span> <span class='ocrx_word' id='word_1_65' title='bbox 900 425 952 452; x_wconf 91' lang='lat' dir='ltr'><strong>hoc</strong></span> 
     </span>
    </p>
   </div>
   <div class='ocr_carea' id='block_1_12' title="bbox 163 467 952 505">
    <p class='ocr_par' dir='ltr' id='par_1_12' title="bbox 163 467 952 505">
     <span class='ocr_line' id='line_1_12' title="bbox 163 467 952 505; baseline 0.003 -9"><span class='ocrx_word' id='word_1_66' title='bbox 163 468 278 496; x_wconf 82' lang='lat' dir='ltr'><strong>Joannis</strong></span> <span class='ocrx_word' id='word_1_67' title='bbox 291 467 477 495; x_wconf 88' lang='lat' dir='ltr'><strong>testimoniqu</strong></span> <span class='ocrx_word' id='word_1_68' title='bbox 500 469 640 503; x_wconf 88' lang='lat' dir='ltr'><strong>perculso;</strong></span> <span class='ocrx_word' id='word_1_69' title='bbox 658 477 721 497; x_wconf 90' lang='lat' dir='ltr'><strong>ecce</strong></span> <span class='ocrx_word' id='word_1_70' title='bbox 735 469 866 498; x_wconf 89' lang='lat' dir='ltr'><strong>Dominus</strong></span> <span class='ocrx_word' id='word_1_71' title='bbox 884 479 952 505; x_wconf 77' lang='lat' dir='ltr'><strong>pra:—</strong></span> 
     </span>
    </p>
   </div>
   <div class='ocr_carea' id='block_1_13' title="bbox 164 515 951 550">
    <p class='ocr_par' dir='ltr' id='par_1_13' title="bbox 164 515 951 550">
     <span class='ocr_line' id='line_1_13' title="bbox 164 515 951 550; baseline 0.001 -7"><span class='ocrx_word' id='word_1_72' title='bbox 164 523 226 543; x_wconf 86' lang='lat' dir='ltr'><strong>sens</strong></span> <span class='ocrx_word' id='word_1_73' title='bbox 234 516 312 543; x_wconf 84' lang='lat' dir='ltr'><strong>adest</strong></span> <span class='ocrx_word' id='word_1_74' title='bbox 321 515 447 550; x_wconf 76' lang='lat' dir='ltr'><strong>simplex,</strong></span> <span class='ocrx_word' id='word_1_75' title='bbox 458 515 545 547; x_wconf 79' lang='lat' dir='ltr'><strong>solus,</strong></span> <span class='ocrx_word' id='word_1_76' title='bbox 559 515 660 550; x_wconf 90' lang='lat' dir='ltr'><strong>nudus,</strong></span> <span class='ocrx_word' id='word_1_77' title='bbox 673 516 734 544; x_wconf 82' lang='lat' dir='ltr'><strong>sine</strong></span> <span class='ocrx_word' id='word_1_78' title='bbox 746 517 889 549; x_wconf 86' lang='lat' dir='ltr'><strong>comitatu,</strong></span> <span class='ocrx_word' id='word_1_79' title='bbox 900 518 951 544; x_wconf 91' lang='lat' dir='ltr'><strong>hu-</strong></span> 
     </span>
    </p>
   </div>
   <div class='ocr_carea' id='block_1_14' title="bbox 163 561 951 599">
    <p class='ocr_par' dir='ltr' id='par_1_14' title="bbox 163 561 951 599">
     <span class='ocr_line' id='line_1_14' title="bbox 163 561 951 599; baseline 0.004 -11"><span class='ocrx_word' id='word_1_80' title='bbox 163 569 243 589; x_wconf 91' lang='lat' dir='ltr'><strong>mano</strong></span> <span class='ocrx_word' id='word_1_81' title='bbox 262 569 378 597; x_wconf 90' lang='lat' dir='ltr'><strong>corpore</strong></span> <span class='ocrx_word' id='word_1_82' title='bbox 401 561 485 588; x_wconf 75' lang='lat' dir='ltr'><strong>Veluti</strong></span> <span class='ocrx_word' id='word_1_83' title='bbox 508 566 581 589; x_wconf 85' lang='lat' dir='ltr'><strong>veste</strong></span> <span class='ocrx_word' id='word_1_84' title='bbox 599 562 720 596; x_wconf 84' lang='lat' dir='ltr'><strong>indutus,</strong></span> <span class='ocrx_word' id='word_1_85' title='bbox 737 563 951 599; x_wconf 79' lang='lat' dir='ltr'><strong>dignitatemque</strong></span> 
     </span>
    </p>
   </div>
   <div class='ocr_carea' id='block_1_15' title="bbox 161 607 949 640">
    <p class='ocr_par' dir='ltr' id='par_1_15' title="bbox 161 607 949 640">
     <span class='ocr_line' id='line_1_15' title="bbox 161 607 949 640; baseline 0.005 -7"><span class='ocrx_word' id='word_1_86' title='bbox 161 607 311 634; x_wconf 83' lang='lat' dir='ltr'><strong>divinitatis</strong></span> <span class='ocrx_word' id='word_1_87' title='bbox 333 607 484 640; x_wconf 84' lang='lat' dir='ltr'><strong>occultans,</strong></span> <span class='ocrx_word' id='word_1_88' title='bbox 503 612 532 634; x_wconf 90' lang='lat' dir='ltr'><strong>ut</strong></span> <span class='ocrx_word' id='word_1_89' title='bbox 558 608 652 635; x_wconf 87' lang='lat' dir='ltr'><strong>lateret</strong></span> <span class='ocrx_word' id='word_1_90' title='bbox 678 609 806 637; x_wconf 86' lang='lat' dir='ltr'><strong>draconis</strong></span> <span class='ocrx_word' id='word_1_91' title='bbox 830 609 949 637; x_wconf 78' lang='lat' dir='ltr'><strong>fraudes.</strong></span> 
     </span>
    </p>
   </div>
   <div class='ocr_carea' id='block_1_16' title="bbox 162 651 949 690">
    <p class='ocr_par' dir='ltr' id='par_1_16' title="bbox 162 651 949 690">
     <span class='ocr_line' id='line_1_16' title="bbox 162 651 949 690; baseline 0.004 -10"><span class='ocrx_word' id='word_1_92' title='bbox 162 651 216 680; x_wconf 78' lang='lat' dir='ltr'><strong>Nec</strong></span> <span class='ocrx_word' id='word_1_93' title='bbox 242 657 347 680; x_wconf 89' lang='lat' dir='ltr'><strong>tantum</strong></span> <span class='ocrx_word' id='word_1_94' title='bbox 372 658 402 680; x_wconf 89' lang='lat' dir='ltr'><strong>ut</strong></span> <span class='ocrx_word' id='word_1_95' title='bbox 427 652 559 681; x_wconf 86' lang='lat' dir='ltr'><strong>Dominus</strong></span> <span class='ocrx_word' id='word_1_96' title='bbox 584 654 644 682; x_wconf 86' lang='lat' dir='ltr'><strong>sine</strong></span> <span class='ocrx_word' id='word_1_97' title='bbox 666 655 742 690; x_wconf 80' lang='lat' dir='ltr'><strong>regio</strong></span> <span class='ocrx_word' id='word_1_98' title='bbox 769 656 894 684; x_wconf 81' lang='lat' dir='ltr'><strong>satellitio</strong></span> <span class='ocrx_word' id='word_1_99' title='bbox 917 657 949 684; x_wconf 90' lang='lat' dir='ltr'><strong>ad</strong></span> 
     </span>
    </p>
   </div>
   <div class='ocr_carea' id='block_1_17' title="bbox 160 699 962 736">
    <p class='ocr_par' dir='ltr' id='par_1_17' title="bbox 160 699 962 736">
     <span class='ocr_line' id='line_1_17' title="bbox 160 699 962 736; baseline 0.006 -10"><span class='ocrx_word' id='word_1_100' title='bbox 160 699 293 726; x_wconf 79' lang='lat' dir='ltr'><strong>Joannem</strong></span> <span class='ocrx_word' id='word_1_101' title='bbox 320 699 450 730; x_wconf 87' lang='lat' dir='ltr'><strong>accessit;</strong></span> <span class='ocrx_word' id='word_1_102' title='bbox 471 700 517 726; x_wconf 90' lang='lat' dir='ltr'><strong>sed</strong></span> <span class='ocrx_word' id='word_1_103' title='bbox 543 700 625 727; x_wconf 84' lang='lat' dir='ltr'><strong>etiam</strong></span> <span class='ocrx_word' id='word_1_104' title='bbox 649 705 678 728; x_wconf 89' lang='lat' dir='ltr'><strong>ut</strong></span> <span class='ocrx_word' id='word_1_105' title='bbox 697 701 812 736; x_wconf 80' lang='lat' dir='ltr'><strong>simplex</strong></span> <span class='ocrx_word' id='word_1_106' title='bbox 829 702 911 729; x_wconf 87' lang='lat' dir='ltr'><strong>homo</strong></span> <span class='ocrx_word' id='word_1_107' title='bbox 924 707 962 732; x_wconf 87' lang='lat' dir='ltr'><strong>et.</strong></span> 
     </span>
    </p>
   </div>
   <div class='ocr_carea' id='block_1_18' title="bbox 162 745 950 780">
    <p class='ocr_par' dir='ltr' id='par_1_18' title="bbox 162 745 950 780">
     <span class='ocr_line' id='line_1_18' title="bbox 162 745 950 780; baseline 0.005 -9"><span class='ocrx_word' id='word_1_108' title='bbox 162 745 298 772; x_wconf 78' lang='lat' dir='ltr'><strong>obnoxius</strong></span> <span class='ocrx_word' id='word_1_109' title='bbox 311 745 440 780; x_wconf 82' lang='lat' dir='ltr'><strong>peccatis,</strong></span> <span class='ocrx_word' id='word_1_110' title='bbox 456 749 538 780; x_wconf 88' lang='lat' dir='ltr'><strong>caput</strong></span> <span class='ocrx_word' id='word_1_111' title='bbox 551 753 632 773; x_wconf 91' lang='lat' dir='ltr'><strong>suum</strong></span> <span class='ocrx_word' id='word_1_112' title='bbox 647 746 786 774; x_wconf 88' lang='lat' dir='ltr'><strong>inclinavit</strong></span> <span class='ocrx_word' id='word_1_113' title='bbox 800 752 829 774; x_wconf 93' lang='lat' dir='ltr'><strong>ut</strong></span> <span class='ocrx_word' id='word_1_114' title='bbox 841 756 856 775; x_wconf 90' lang='lat' dir='ltr'><strong>a</strong></span> <span class='ocrx_word' id='word_1_115' title='bbox 867 747 950 775; x_wconf 85' lang='lat' dir='ltr'><strong>Joan-</strong></span> 
     </span>
    </p>
   </div>
   <div class='ocr_carea' id='block_1_19' title="bbox 163 790 950 826">
    <p class='ocr_par' dir='ltr' id='par_1_19' title="bbox 163 790 950 826">
     <span class='ocr_line' id='line_1_19' title="bbox 163 790 950 826; baseline 0.006 -9"><span class='ocrx_word' id='word_1_116' title='bbox 163 797 197 818; x_wconf 82' lang='lat' dir='ltr'><strong>ne</strong></span> <span class='ocrx_word' id='word_1_117' title='bbox 212 790 406 826; x_wconf 87' lang='lat' dir='ltr'><strong>baptizaretur.</strong></span> <span class='ocrx_word' id='word_1_118' title='bbox 425 790 502 819; x_wconf 88' lang='lat' dir='ltr'><strong>Unde</strong></span> <span class='ocrx_word' id='word_1_119' title='bbox 519 792 563 820; x_wconf 91' lang='lat' dir='ltr'><strong>ille</strong></span> <span class='ocrx_word' id='word_1_120' title='bbox 577 792 673 820; x_wconf 85' lang='lat' dir='ltr'><strong>videns</strong></span> <span class='ocrx_word' id='word_1_121' title='bbox 689 797 791 821; x_wconf 85' lang='lat' dir='ltr'><strong>tantam</strong></span> <span class='ocrx_word' id='word_1_122' title='bbox 808 794 950 823; x_wconf 87' lang='lat' dir='ltr'><strong>demissio-</strong></span> 
     </span>
    </p>
   </div>
   <div class='ocr_carea' id='block_1_20' title="bbox 163 836 948 875">
    <p class='ocr_par' dir='ltr' id='par_1_20' title="bbox 163 836 948 875">
     <span class='ocr_line' id='line_1_20' title="bbox 163 836 948 875; baseline 0.006 -12"><span class='ocrx_word' id='word_1_123' title='bbox 163 843 235 870; x_wconf 83' lang='lat' dir='ltr'><strong>nem,</strong></span> <span class='ocrx_word' id='word_1_124' title='bbox 251 836 290 864; x_wconf 87' lang='lat' dir='ltr'><strong>rei</strong></span> <span class='ocrx_word' id='word_1_125' title='bbox 307 836 487 865; x_wconf 69' lang='lat' dir='ltr'><strong>admiratione</strong></span> <span class='ocrx_word' id='word_1_126' title='bbox 501 842 614 874; x_wconf 81' lang='lat' dir='ltr'><strong>stupens</strong></span> <span class='ocrx_word' id='word_1_127' title='bbox 626 839 709 874; x_wconf 69' lang='lat' dir='ltr'><strong>ccepit</strong></span> <span class='ocrx_word' id='word_1_128' title='bbox 723 847 785 868; x_wconf 91' lang='lat' dir='ltr'><strong>eum</strong></span> <span class='ocrx_word' id='word_1_129' title='bbox 794 840 948 875; x_wconf 90' lang='lat' dir='ltr'><strong>prohibere,</strong></span> 
     </span>
    </p>
   </div>
   <div class='ocr_carea' id='block_1_21' title="bbox 161 882 949 922">
    <p class='ocr_par' dir='ltr' id='par_1_21' title="bbox 161 882 949 922">
     <span class='ocr_line' id='line_1_21' title="bbox 161 882 949 922; baseline 0.009 -14"><span class='ocrx_word' id='word_1_130' title='bbox 161 886 252 916; x_wconf 77' lang='lat' dir='ltr'><strong>atque,</strong></span> <span class='ocrx_word' id='word_1_131' title='bbox 263 887 292 909; x_wconf 92' lang='lat' dir='ltr'><strong>ut</strong></span> <span class='ocrx_word' id='word_1_132' title='bbox 305 882 387 910; x_wconf 89' lang='lat' dir='ltr'><strong>modo</strong></span> <span class='ocrx_word' id='word_1_133' title='bbox 395 883 548 916; x_wconf 86' lang='lat' dir='ltr'><strong>audivistis,</strong></span> <span class='ocrx_word' id='word_1_134' title='bbox 558 884 591 912; x_wconf 89' lang='lat' dir='ltr'><strong>ad</strong></span> <span class='ocrx_word' id='word_1_135' title='bbox 603 892 664 913; x_wconf 87' lang='lat' dir='ltr'><strong>eum</strong></span> <span class='ocrx_word' id='word_1_136' title='bbox 677 885 746 913; x_wconf 83' lang='lat' dir='ltr'><strong>dixit</strong></span> <span class='ocrx_word' id='word_1_137' title='bbox 759 895 766 914; x_wconf 92' lang='lat'>:</span> <span class='ocrx_word' id='word_1_138' title='bbox 781 895 790 912; x_wconf 74' lang='grc' dir='ltr'><strong>ε</strong></span> <span class='ocrx_word' id='word_1_139' title='bbox 804 885 868 914; x_wconf 86' lang='lat' dir='ltr'><strong>Mihi</strong></span> <span class='ocrx_word' id='word_1_140' title='bbox 881 895 949 922; x_wconf 89' lang='lat' dir='ltr'><strong>opus</strong></span> 
     </span>
    </p>
   </div>
   <div class='ocr_carea' id='block_1_22' title="bbox 161 928 947 966">
    <p class='ocr_par' dir='ltr' id='par_1_22' title="bbox 161 928 947 966">
     <span class='ocr_line' id='line_1_22' title="bbox 161 928 947 966; baseline 0.009 -12"><span class='ocrx_word' id='word_1_141' title='bbox 161 933 202 955; x_wconf 89' lang='lat' dir='ltr'><strong>est</strong></span> <span class='ocrx_word' id='word_1_142' title='bbox 216 928 347 963; x_wconf 84' lang='lat' dir='ltr'><strong>baptizari</strong></span> <span class='ocrx_word' id='word_1_143' title='bbox 359 936 375 956; x_wconf 87' lang='lat' dir='ltr'><strong>a</strong></span> <span class='ocrx_word' id='word_1_144' title='bbox 389 934 424 962; x_wconf 89' lang='lat' dir='ltr'><strong>te,</strong></span> <span class='ocrx_word' id='word_1_145' title='bbox 440 934 467 957; x_wconf 89' lang='lat' dir='ltr'><strong>et</strong></span> <span class='ocrx_word' id='word_1_146' title='bbox 483 934 510 957; x_wconf 94' lang='lat' dir='ltr'><strong>tu</strong></span> <span class='ocrx_word' id='word_1_147' title='bbox 526 930 558 957; x_wconf 91' lang='lat' dir='ltr'><strong>ad</strong></span> <span class='ocrx_word' id='word_1_148' title='bbox 575 939 618 958; x_wconf 86' lang='lat' dir='ltr'><strong>me</strong></span> <span class='ocrx_word' id='word_1_149' title='bbox 633 931 766 959; x_wconf 66' lang='lat' dir='ltr'><strong>venis‘h</strong></span> <span class='ocrx_word' id='word_1_150' title='bbox 783 932 853 965; x_wconf 82' lang='lat' dir='ltr'><strong>Quid</strong></span> <span class='ocrx_word' id='word_1_151' title='bbox 869 932 947 966; x_wconf 81' lang='lat' dir='ltr'><strong>facis,</strong></span> 
     </span>
    </p>
   </div>
   <div class='ocr_carea' id='block_1_23' title="bbox 162 973 949 1012">
    <p class='ocr_par' dir='ltr' id='par_1_23' title="bbox 162 973 949 1012">
     <span class='ocr_line' id='line_1_23' title="bbox 162 973 949 1012; baseline 0.009 -12"><span class='ocrx_word' id='word_1_152' title='bbox 162 973 293 1001; x_wconf 81' lang='lat' dir='ltr'><strong>Domine?</strong></span> <span class='ocrx_word' id='word_1_153' title='bbox 308 975 390 1003; x_wconf 85' lang='lat' dir='ltr'><strong>doces</strong></span> <span class='ocrx_word' id='word_1_154' title='bbox 415 983 477 1010; x_wconf 73' lang='lat' dir='ltr'><strong>qua:</strong></span> <span class='ocrx_word' id='word_1_155' title='bbox 503 983 566 1004; x_wconf 86' lang='lat' dir='ltr'><strong>eum</strong></span> <span class='ocrx_word' id='word_1_156' title='bbox 590 977 682 1012; x_wconf 65' lang='lat' dir='ltr'><strong>regula</strong></span> <span class='ocrx_word' id='word_1_157' title='bbox 706 985 760 1005; x_wconf 93' lang='lat' dir='ltr'><strong>non</strong></span> <span class='ocrx_word' id='word_1_158' title='bbox 791 979 859 1007; x_wconf 89' lang='lat' dir='ltr'><strong>bene</strong></span> <span class='ocrx_word' id='word_1_159' title='bbox 882 987 949 1007; x_wconf 91' lang='lat' dir='ltr'><strong>con-</strong></span> 
     </span>
    </p>
   </div>
   <div class='ocr_carea' id='block_1_24' title="bbox 161 1020 948 1056">
    <p class='ocr_par' dir='ltr' id='par_1_24' title="bbox 161 1020 948 1056">
     <span class='ocr_line' id='line_1_24' title="bbox 161 1020 948 1056; baseline 0.009 -10"><span class='ocrx_word' id='word_1_160' title='bbox 161 1025 272 1054; x_wconf 79' lang='lat' dir='ltr'><strong>gruunt.</strong></span> <span class='ocrx_word' id='word_1_161' title='bbox 292 1020 351 1048; x_wconf 85' lang='lat' dir='ltr'><strong>Alia</strong></span> <span class='ocrx_word' id='word_1_162' title='bbox 377 1022 410 1049; x_wconf 92' lang='lat' dir='ltr'><strong>de</strong></span> <span class='ocrx_word' id='word_1_163' title='bbox 427 1026 452 1049; x_wconf 91' lang='lat' dir='ltr'><strong>te</strong></span> <span class='ocrx_word' id='word_1_164' title='bbox 470 1023 624 1056; x_wconf 72' lang='lat' dir='ltr'><strong>prmdicavi,</strong></span> <span class='ocrx_word' id='word_1_165' title='bbox 640 1028 667 1051; x_wconf 91' lang='lat' dir='ltr'><strong>et</strong></span> <span class='ocrx_word' id='word_1_166' title='bbox 686 1024 738 1052; x_wconf 87' lang='lat' dir='ltr'><strong>alia</strong></span> <span class='ocrx_word' id='word_1_167' title='bbox 757 1029 785 1052; x_wconf 91' lang='lat' dir='ltr'><strong>tu</strong></span> <span class='ocrx_word' id='word_1_168' title='bbox 801 1025 871 1053; x_wconf 67' lang='lat' dir='ltr'><strong>ollis.</strong></span> <span class='ocrx_word' id='word_1_169' title='bbox 887 1025 948 1053; x_wconf 85' lang='lat' dir='ltr'><strong>Alia</strong></span> 
     </span>
    </p>
   </div>
   <div class='ocr_carea' id='block_1_25' title="bbox 161 1066 949 1107">
    <p class='ocr_par' dir='ltr' id='par_1_25' title="bbox 161 1066 949 1107">
     <span class='ocr_line' id='line_1_25' title="bbox 161 1066 949 1107; baseline 0.009 -14"><span class='ocrx_word' id='word_1_170' title='bbox 161 1066 265 1094; x_wconf 85' lang='lat' dir='ltr'><strong>audivit</strong></span> <span class='ocrx_word' id='word_1_171' title='bbox 282 1067 417 1101; x_wconf 81' lang='lat' dir='ltr'><strong>diabolus,</strong></span> <span class='ocrx_word' id='word_1_172' title='bbox 433 1074 461 1096; x_wconf 88' lang='lat' dir='ltr'><strong>et</strong></span> <span class='ocrx_word' id='word_1_173' title='bbox 483 1070 534 1096; x_wconf 84' lang='lat' dir='ltr'><strong>alia</strong></span> <span class='ocrx_word' id='word_1_174' title='bbox 560 1069 642 1097; x_wconf 82' lang='lat' dir='ltr'><strong>videt.</strong></span> <span class='ocrx_word' id='word_1_175' title='bbox 659 1070 769 1105; x_wconf 80' lang='lat' dir='ltr'><strong>Baptiza</strong></span> <span class='ocrx_word' id='word_1_176' title='bbox 784 1075 811 1098; x_wconf 91' lang='lat' dir='ltr'><strong>tu</strong></span> <span class='ocrx_word' id='word_1_177' title='bbox 829 1079 872 1099; x_wconf 88' lang='lat' dir='ltr'><strong>me</strong></span> <span class='ocrx_word' id='word_1_178' title='bbox 887 1071 949 1107; x_wconf 75' lang='lat' dir='ltr'><strong>igne</strong></span> 
     </span>
    </p>
   </div>
   <div class='ocr_carea' id='block_1_26' title="bbox 159 1114 948 1152">
    <p class='ocr_par' dir='ltr' id='par_1_26' title="bbox 159 1114 948 1152">
     <span class='ocr_line' id='line_1_26' title="bbox 159 1114 948 1152; baseline 0.005 -11"><span class='ocrx_word' id='word_1_179' title='bbox 159 1114 309 1142; x_wconf 74' lang='lat' dir='ltr'><strong>divinitatis</strong></span> <span class='ocrx_word' id='word_1_180' title='bbox 332 1124 339 1142; x_wconf 87' lang='lat'><strong>:</strong></span> <span class='ocrx_word' id='word_1_181' title='bbox 359 1115 424 1150; x_wconf 89' lang='lat' dir='ltr'><strong>quid</strong></span> <span class='ocrx_word' id='word_1_182' title='bbox 448 1123 547 1150; x_wconf 90' lang='lat' dir='ltr'><strong>aquam</strong></span> <span class='ocrx_word' id='word_1_183' title='bbox 573 1117 739 1152; x_wconf 76' lang='lat' dir='ltr'><strong>exspectas?</strong></span> <span class='ocrx_word' id='word_1_184' title='bbox 762 1117 884 1145; x_wconf 86' lang='lat' dir='ltr'><strong>illumina</strong></span> <span class='ocrx_word' id='word_1_185' title='bbox 905 1127 948 1146; x_wconf 90' lang='lat' dir='ltr'><strong>me</strong></span> 
     </span>
    </p>
   </div>
   <div class='ocr_carea' id='block_1_27' title="bbox 161 1159 949 1199">
    <p class='ocr_par' dir='ltr' id='par_1_27' title="bbox 161 1159 949 1199">
     <span class='ocr_line' id='line_1_27' title="bbox 161 1159 949 1199; baseline 0.008 -13"><span class='ocrx_word' id='word_1_186' title='bbox 161 1159 282 1194; x_wconf 87' lang='lat' dir='ltr'><strong>Spiritu;</strong></span> <span class='ocrx_word' id='word_1_187' title='bbox 301 1160 366 1195; x_wconf 89' lang='lat' dir='ltr'><strong>quid</strong></span> <span class='ocrx_word' id='word_1_188' title='bbox 386 1169 442 1188; x_wconf 89' lang='lat' dir='ltr'><strong>rem</strong></span> <span class='ocrx_word' id='word_1_189' title='bbox 467 1166 585 1189; x_wconf 88' lang='lat' dir='ltr'><strong>creatam</strong></span> <span class='ocrx_word' id='word_1_190' title='bbox 604 1162 786 1197; x_wconf 76' lang='lat' dir='ltr'><strong>praestolaris?</strong></span> <span class='ocrx_word' id='word_1_191' title='bbox 802 1171 844 1191; x_wconf 92' lang='lat' dir='ltr'><strong>me</strong></span> <span class='ocrx_word' id='word_1_192' title='bbox 862 1164 949 1199; x_wconf 86' lang='lat' dir='ltr'><strong>bapti-</strong></span> 
     </span>
    </p>
   </div>
   <div class='ocr_carea' id='block_1_28' title="bbox 160 1205 947 1246">
    <p class='ocr_par' dir='ltr' id='par_1_28' title="bbox 160 1205 947 1246">
     <span class='ocr_line' id='line_1_28' title="bbox 160 1205 947 1246; baseline 0.008 -14"><span class='ocrx_word' id='word_1_193' title='bbox 160 1209 230 1232; x_wconf 88' lang='lat' dir='ltr'><strong>stam</strong></span> <span class='ocrx_word' id='word_1_194' title='bbox 255 1205 373 1241; x_wconf 82' lang='lat' dir='ltr'><strong>baptiza,</strong></span> <span class='ocrx_word' id='word_1_195' title='bbox 400 1211 430 1234; x_wconf 92' lang='lat' dir='ltr'><strong>ut</strong></span> <span class='ocrx_word' id='word_1_196' title='bbox 454 1208 632 1243; x_wconf 68' lang='lat' dir='ltr'><strong>prterogativa</strong></span> <span class='ocrx_word' id='word_1_197' title='bbox 657 1213 703 1236; x_wconf 89' lang='lat' dir='ltr'><strong>tua</strong></span> <span class='ocrx_word' id='word_1_198' title='bbox 724 1214 787 1236; x_wconf 88' lang='lat' dir='ltr'><strong>nota</strong></span> <span class='ocrx_word' id='word_1_199' title='bbox 805 1210 861 1237; x_wconf 83' lang='lat' dir='ltr'><strong>fiat.</strong></span> <span class='ocrx_word' id='word_1_200' title='bbox 873 1211 947 1246; x_wconf 75' lang='lat' dir='ltr'><strong>‘Ego,</strong></span> 
     </span>
    </p>
   </div>
   <div class='ocr_carea' id='block_1_29' title="bbox 161 1251 947 1292">
    <p class='ocr_par' dir='ltr' id='par_1_29' title="bbox 161 1251 947 1292">
     <span class='ocr_line' id='line_1_29' title="bbox 161 1251 947 1292; baseline 0.009 -14"><span class='ocrx_word' id='word_1_201' title='bbox 161 1251 284 1285; x_wconf 85' lang='lat' dir='ltr'><strong>Domine,</strong></span> <span class='ocrx_word' id='word_1_202' title='bbox 308 1253 442 1287; x_wconf 85' lang='lat' dir='ltr'><strong>baptisma</strong></span> <span class='ocrx_word' id='word_1_203' title='bbox 466 1254 632 1288; x_wconf 70' lang='lat' dir='ltr'><strong>poenitentia:</strong></span> <span class='ocrx_word' id='word_1_204' title='bbox 655 1256 774 1291; x_wconf 81' lang='lat' dir='ltr'><strong>baptizo,</strong></span> <span class='ocrx_word' id='word_1_205' title='bbox 790 1264 877 1292; x_wconf 91' lang='lat' dir='ltr'><strong>neque</strong></span> <span class='ocrx_word' id='word_1_206' title='bbox 900 1266 947 1286; x_wconf 91' lang='lat' dir='ltr'><strong>eos</strong></span> 
     </span>
    </p>
   </div>
   <div class='ocr_carea' id='block_1_30' title="bbox 159 1299 946 1338">
    <p class='ocr_par' dir='ltr' id='par_1_30' title="bbox 159 1299 946 1338">
     <span class='ocr_line' id='line_1_30' title="bbox 159 1299 946 1338; baseline 0.009 -13"><span class='ocrx_word' id='word_1_207' title='bbox 159 1299 206 1333; x_wconf 77' lang='lat' dir='ltr'><strong>qui</strong></span> <span class='ocrx_word' id='word_1_208' title='bbox 220 1300 253 1326; x_wconf 85' lang='lat' dir='ltr'><strong>ad</strong></span> <span class='ocrx_word' id='word_1_209' title='bbox 266 1307 311 1327; x_wconf 87' lang='lat' dir='ltr'><strong>me</strong></span> <span class='ocrx_word' id='word_1_210' title='bbox 324 1300 458 1328; x_wconf 87' lang='lat' dir='ltr'><strong>accedunt</strong></span> <span class='ocrx_word' id='word_1_211' title='bbox 470 1309 582 1336; x_wconf 81' lang='lat' dir='ltr'><strong>possunt</strong></span> <span class='ocrx_word' id='word_1_212' title='bbox 601 1302 750 1337; x_wconf 83' lang='lat' dir='ltr'><strong>baptizare,</strong></span> <span class='ocrx_word' id='word_1_213' title='bbox 766 1304 817 1331; x_wconf 89' lang='lat' dir='ltr'><strong>nisi</strong></span> <span class='ocrx_word' id='word_1_214' title='bbox 836 1299 946 1338; x_wconf 78' lang='lat' dir='ltr'><strong>peccata</strong></span> 
     </span>
    </p>
   </div>
   <div class='ocr_carea' id='block_1_31' title="bbox 159 1345 948 1385">
    <p class='ocr_par' dir='ltr' id='par_1_31' title="bbox 159 1345 948 1385">
     <span class='ocr_line' id='line_1_31' title="bbox 159 1345 948 1385; baseline 0.009 -14"><span class='ocrx_word' id='word_1_215' title='bbox 159 1352 209 1372; x_wconf 85' lang='lat' dir='ltr'><strong>sua</strong></span> <span class='ocrx_word' id='word_1_216' title='bbox 227 1345 344 1373; x_wconf 81' lang='lat' dir='ltr'><strong>confessi</strong></span> <span class='ocrx_word' id='word_1_217' title='bbox 358 1347 434 1381; x_wconf 87' lang='lat' dir='ltr'><strong>prius</strong></span> <span class='ocrx_word' id='word_1_218' title='bbox 447 1346 558 1375; x_wconf 85' lang='lat' dir='ltr'><strong>fuerint.</strong></span> <span class='ocrx_word' id='word_1_219' title='bbox 577 1347 689 1376; x_wconf 85' lang='lat' dir='ltr'><strong>Etiamsi</strong></span> <span class='ocrx_word' id='word_1_220' title='bbox 709 1350 846 1385; x_wconf 83' lang='lat' dir='ltr'><strong>baptizare</strong></span> <span class='ocrx_word' id='word_1_221' title='bbox 860 1355 885 1378; x_wconf 88' lang='lat' dir='ltr'><strong>te</strong></span> <span class='ocrx_word' id='word_1_222' title='bbox 903 1359 948 1378; x_wconf 84' lang='lat' dir='ltr'><strong>ve-</strong></span> 
     </span>
    </p>
   </div>
   <div class='ocr_carea' id='block_1_32' title="bbox 159 1391 948 1431">
    <p class='ocr_par' dir='ltr' id='par_1_32' title="bbox 159 1391 948 1431">
     <span class='ocr_line' id='line_1_32' title="bbox 159 1391 948 1431; baseline 0.008 -13"><span class='ocrx_word' id='word_1_223' title='bbox 159 1391 216 1424; x_wconf 85' lang='lat' dir='ltr'><strong>lim,</strong></span> <span class='ocrx_word' id='word_1_224' title='bbox 234 1391 299 1426; x_wconf 87' lang='lat' dir='ltr'><strong>quid</strong></span> <span class='ocrx_word' id='word_1_225' title='bbox 321 1393 404 1420; x_wconf 84' lang='lat' dir='ltr'><strong>habes</strong></span> <span class='ocrx_word' id='word_1_226' title='bbox 427 1394 498 1428; x_wconf 74' lang='lat' dir='ltr'><strong>quod</strong></span> <span class='ocrx_word' id='word_1_227' title='bbox 517 1395 693 1422; x_wconf 79' lang='lat' dir='ltr'><strong>confitearis?</strong></span> <span class='ocrx_word' id='word_1_228' title='bbox 707 1395 746 1422; x_wconf 89' lang='lat' dir='ltr'><strong>Tu</strong></span> <span class='ocrx_word' id='word_1_229' title='bbox 767 1405 796 1424; x_wconf 90' lang='lat' dir='ltr'><strong>es</strong></span> <span class='ocrx_word' id='word_1_230' title='bbox 810 1397 856 1431; x_wconf 89' lang='lat' dir='ltr'><strong>qui</strong></span> <span class='ocrx_word' id='word_1_231' title='bbox 876 1397 948 1424; x_wconf 84' lang='lat' dir='ltr'><strong>tollis</strong></span> 
     </span>
    </p>
   </div>
   <div class='ocr_carea' id='block_1_33' title="bbox 160 1439 948 1477">
    <p class='ocr_par' dir='ltr' id='par_1_33' title="bbox 160 1439 948 1477">
     <span class='ocr_line' id='line_1_33' title="bbox 160 1439 948 1477; baseline 0.008 -12"><span class='ocrx_word' id='word_1_232' title='bbox 160 1443 285 1471; x_wconf 83' lang='lat' dir='ltr'><strong>peccata,</strong></span> <span class='ocrx_word' id='word_1_233' title='bbox 313 1445 340 1467; x_wconf 89' lang='lat' dir='ltr'><strong>et</strong></span> <span class='ocrx_word' id='word_1_234' title='bbox 364 1439 500 1474; x_wconf 86' lang='lat' dir='ltr'><strong>baptismo</strong></span> <span class='ocrx_word' id='word_1_235' title='bbox 526 1440 567 1468; x_wconf 76' lang='lat' dir='ltr'><strong>vis</strong></span> <span class='ocrx_word' id='word_1_236' title='bbox 593 1441 725 1476; x_wconf 81' lang='lat' dir='ltr'><strong>baptizari</strong></span> <span class='ocrx_word' id='word_1_237' title='bbox 756 1443 948 1477; x_wconf 66' lang='lat' dir='ltr'><strong>poenitentiae?</strong></span> 
     </span>
    </p>
   </div>
   <div class='ocr_carea' id='block_1_34' title="bbox 1003 193 1791 229">
    <p class='ocr_par' dir='ltr' id='par_1_34' title="bbox 1003 193 1791 229">
     <span class='ocr_line' id='line_1_34' title="bbox 1003 193 1791 229; baseline 0.001 -10"><span class='ocrx_word' id='word_1_238' title='bbox 1003 193 1127 228; x_wconf 74' lang='grc' dir='ltr'>βατπίσει</span> <span class='ocrx_word' id='word_1_239' title='bbox 1135 194 1163 219; x_wconf 81' lang='grc' dir='ltr'>ἐν</span> <span class='ocrx_word' id='word_1_240' title='bbox 1171 193 1309 228; x_wconf 78' lang='grc' dir='ltr'>Πνεύματι</span> <span class='ocrx_word' id='word_1_241' title='bbox 1322 193 1392 228; x_wconf 78' lang='grc' dir='ltr'>ἁγίῳ</span> <span class='ocrx_word' id='word_1_242' title='bbox 1404 193 1449 219; x_wconf 73' lang='grc' dir='ltr'>καὶ</span> <span class='ocrx_word' id='word_1_243' title='bbox 1464 193 1574 227; x_wconf 46' lang='lat' dir='ltr'><strong>mpii“</strong></span> <span class='ocrx_word' id='word_1_244' title='bbox 1586 193 1650 228; x_wconf 78' lang='grc' dir='ltr'>ἐμοὶ</span> <span class='ocrx_word' id='word_1_245' title='bbox 1661 193 1791 229; x_wconf 81' lang='grc' dir='ltr'>προσανέ-</span> 
     </span>
    </p>
   </div>
   <div class='ocr_carea' id='block_1_35' title="bbox 1002 239 1451 274">
    <p class='ocr_par' dir='ltr' id='par_1_35' title="bbox 1002 239 1451 274">
     <span class='ocr_line' id='line_1_35' title="bbox 1002 239 1451 274; baseline 0.002 -9"><span class='ocrx_word' id='word_1_246' title='bbox 1002 248 1081 274; x_wconf 79' lang='grc' dir='ltr'>χετε;</span> <span class='ocrx_word' id='word_1_247' title='bbox 1097 240 1146 266; x_wconf 72' lang='grc' dir='ltr'>οὐκ</span> <span class='ocrx_word' id='word_1_248' title='bbox 1162 240 1220 274; x_wconf 75' lang='grc' dir='ltr'>εἰμὶ</span> <span class='ocrx_word' id='word_1_249' title='bbox 1234 239 1288 274; x_wconf 82' lang='grc' dir='ltr'><strong>ἐγὼ</strong></span> <span class='ocrx_word' id='word_1_250' title='bbox 1300 240 1314 265; x_wconf 85' lang='lat'><strong>6</strong></span> <span class='ocrx_word' id='word_1_251' title='bbox 1327 239 1451 274; x_wconf 81' lang='grc' dir='ltr'>Χριστός.</span> 
     </span>
    </p>
   </div>
   <div class='ocr_carea' id='block_1_36' title="bbox 1037 329 1790 367">
    <p class='ocr_par' dir='ltr' id='par_1_36' title="bbox 1037 329 1790 367">
     <span class='ocr_line' id='line_1_36' title="bbox 1037 329 1790 367; baseline 0 -11"><span class='ocrx_word' id='word_1_252' title='bbox 1037 330 1130 357; x_wconf 76' lang='grc' dir='ltr'>Ταῦτα</span> <span class='ocrx_word' id='word_1_253' title='bbox 1144 330 1190 357; x_wconf 81' lang='grc' dir='ltr'>τοῦ</span> <span class='ocrx_word' id='word_1_254' title='bbox 1213 330 1333 357; x_wconf 73' lang='grc' dir='ltr'>Ἰωάννου</span> <span class='ocrx_word' id='word_1_255' title='bbox 1352 331 1419 367; x_wconf 84' lang='grc' dir='ltr'>πρὸς</span> <span class='ocrx_word' id='word_1_256' title='bbox 1438 331 1484 357; x_wconf 72' lang='grc' dir='ltr'><strong>τὸν</strong></span> <span class='ocrx_word' id='word_1_257' title='bbox 1504 330 1581 366; x_wconf 78' lang='grc' dir='ltr'>δχλον</span> <span class='ocrx_word' id='word_1_258' title='bbox 1599 330 1727 364; x_wconf 81' lang='grc' dir='ltr'>λέγοντος</span> <span class='ocrx_word' id='word_1_259' title='bbox 1747 329 1790 356; x_wconf 67' lang='grc' dir='ltr'>καὶ</span> 
     </span>
    </p>
   </div>
   <div class='ocr_carea' id='block_1_37' title="bbox 1001 376 1790 413">
    <p class='ocr_par' dir='ltr' id='par_1_37' title="bbox 1001 376 1790 413">
     <span class='ocr_line' id='line_1_37' title="bbox 1001 376 1790 413; baseline 0 -11"><span class='ocrx_word' id='word_1_260' title='bbox 1001 376 1047 402; x_wconf 73' lang='grc' dir='ltr'>τοῦ</span> <span class='ocrx_word' id='word_1_261' title='bbox 1065 376 1129 403; x_wconf 82' lang='grc' dir='ltr'>λαοῦ</span> <span class='ocrx_word' id='word_1_262' title='bbox 1148 377 1360 413; x_wconf 75' lang='grc' dir='ltr'><strong>καραδοκοῦντος</strong></span> <span class='ocrx_word' id='word_1_263' title='bbox 1375 377 1447 409; x_wconf 80' lang='grc' dir='ltr'>ξένον</span> <span class='ocrx_word' id='word_1_264' title='bbox 1459 386 1484 403; x_wconf 83' lang='grc' dir='ltr'><strong>τι</strong></span> <span class='ocrx_word' id='word_1_265' title='bbox 1499 377 1589 412; x_wconf 79' lang='grc' dir='ltr'>θέαμα</span> <span class='ocrx_word' id='word_1_266' title='bbox 1600 377 1659 407; x_wconf 83' lang='grc' dir='ltr'>τοῖς</span> <span class='ocrx_word' id='word_1_267' title='bbox 1674 385 1790 411; x_wconf 81' lang='grc' dir='ltr'>σωματι-</span> 
     </span>
    </p>
   </div>
   <div class='ocr_carea' id='block_1_38' title="bbox 1003 421 1790 458">
    <p class='ocr_par' dir='ltr' id='par_1_38' title="bbox 1003 421 1790 458">
     <span class='ocr_line' id='line_1_38' title="bbox 1003 421 1790 458; baseline -0.003 -9"><span class='ocrx_word' id='word_1_268' title='bbox 1003 424 1060 454; x_wconf 73' lang='grc' dir='ltr'>κοῖς</span> <span class='ocrx_word' id='word_1_269' title='bbox 1082 423 1230 458; x_wconf 77' lang='grc' dir='ltr'><strong>ὀφθαλμοῖς</strong></span> <span class='ocrx_word' id='word_1_270' title='bbox 1253 423 1410 456; x_wconf 79' lang='grc' dir='ltr'>θεάσασθαι,</span> <span class='ocrx_word' id='word_1_271' title='bbox 1426 423 1473 450; x_wconf 79' lang='grc' dir='ltr'>καὶ</span> <span class='ocrx_word' id='word_1_272' title='bbox 1492 423 1538 449; x_wconf 84' lang='grc' dir='ltr'>τοῦ</span> <span class='ocrx_word' id='word_1_273' title='bbox 1556 421 1685 448; x_wconf 76' lang='grc' dir='ltr'>διαϐόλου</span> <span class='ocrx_word' id='word_1_274' title='bbox 1710 430 1790 447; x_wconf 76' lang='grc' dir='ltr'>κατα-</span> 
     </span>
    </p>
   </div>
   <div class='ocr_carea' id='block_1_39' title="bbox 1002 468 1790 505">
    <p class='ocr_par' dir='ltr' id='par_1_39' title="bbox 1002 468 1790 505">
     <span class='ocr_line' id='line_1_39' title="bbox 1002 468 1790 505; baseline -0.003 -10"><span class='ocrx_word' id='word_1_275' title='bbox 1002 469 1185 504; x_wconf 83' lang='grc' dir='ltr'>πληττομένου</span> <span class='ocrx_word' id='word_1_276' title='bbox 1201 470 1256 504; x_wconf 82' lang='lat'><strong>(77)</strong></span> <span class='ocrx_word' id='word_1_277' title='bbox 1271 470 1315 496; x_wconf 74' lang='grc' dir='ltr'><strong>ἐπὶ</strong></span> <span class='ocrx_word' id='word_1_278' title='bbox 1331 471 1363 504; x_wconf 87' lang='grc' dir='ltr'><strong>τῇ</strong></span> <span class='ocrx_word' id='word_1_279' title='bbox 1380 469 1497 505; x_wconf 77' lang='grc' dir='ltr'><strong>τοσαύτῃ</strong></span> <span class='ocrx_word' id='word_1_280' title='bbox 1510 469 1556 495; x_wconf 72' lang='grc' dir='ltr'>τοῦ</span> <span class='ocrx_word' id='word_1_281' title='bbox 1579 468 1707 494; x_wconf 74' lang='grc' dir='ltr'>Ἰωάννου</span> <span class='ocrx_word' id='word_1_282' title='bbox 1724 476 1790 503; x_wconf 78' lang='grc' dir='ltr'>μαρ-</span> 
     </span>
    </p>
   </div>
   <div class='ocr_carea' id='block_1_40' title="bbox 1001 514 1789 551">
    <p class='ocr_par' dir='ltr' id='par_1_40' title="bbox 1001 514 1789 551">
     <span class='ocr_line' id='line_1_40' title="bbox 1001 514 1789 551; baseline -0.003 -10"><span class='ocrx_word' id='word_1_283' title='bbox 1001 514 1098 550; x_wconf 74' lang='grc' dir='ltr'>τυρίᾳ·</span> <span class='ocrx_word' id='word_1_284' title='bbox 1128 515 1182 542; x_wconf 81' lang='grc' dir='ltr'>ἰδοὺ</span> <span class='ocrx_word' id='word_1_285' title='bbox 1209 516 1224 542; x_wconf 98' lang='lat'><strong>6</strong></span> <span class='ocrx_word' id='word_1_286' title='bbox 1250 514 1349 550; x_wconf 78' lang='grc' dir='ltr'>Κύριος</span> <span class='ocrx_word' id='word_1_287' title='bbox 1378 515 1555 551; x_wconf 82' lang='grc' dir='ltr'>παραγίνεται</span> <span class='ocrx_word' id='word_1_288' title='bbox 1583 514 1674 546; x_wconf 65' lang='grc' dir='ltr'>λιτὸς,</span> <span class='ocrx_word' id='word_1_289' title='bbox 1703 514 1789 548; x_wconf 74' lang='grc' dir='ltr'>μόνος,</span> 
     </span>
    </p>
   </div>
   <div class='ocr_carea' id='block_1_41' title="bbox 1001 558 1790 596">
    <p class='ocr_par' dir='ltr' id='par_1_41' title="bbox 1001 558 1790 596">
     <span class='ocr_line' id='line_1_41' title="bbox 1001 558 1790 596; baseline -0.005 -9"><span class='ocrx_word' id='word_1_290' title='bbox 1001 560 1113 596; x_wconf 84' lang='grc' dir='ltr'>γυμνὸς,</span> <span class='ocrx_word' id='word_1_291' title='bbox 1129 560 1354 596; x_wconf 75' lang='grc' dir='ltr'>ἁπροστάτευτος,</span> <span class='ocrx_word' id='word_1_292' title='bbox 1371 560 1472 595; x_wconf 80' lang='grc' dir='ltr'>ἔνδυμα</span> <span class='ocrx_word' id='word_1_293' title='bbox 1495 559 1563 594; x_wconf 74' lang='grc' dir='ltr'>ἔχων</span> <span class='ocrx_word' id='word_1_294' title='bbox 1578 559 1608 585; x_wconf 71' lang='grc' dir='ltr'>τὸ</span> <span class='ocrx_word' id='word_1_295' title='bbox 1623 558 1790 594; x_wconf 73' lang='grc' dir='ltr'>ἀνθρώπινον</span> 
     </span>
    </p>
   </div>
   <div class='ocr_carea' id='block_1_42' title="bbox 1002 604 1791 643">
    <p class='ocr_par' dir='ltr' id='par_1_42' title="bbox 1002 604 1791 643">
     <span class='ocr_line' id='line_1_42' title="bbox 1002 604 1791 643; baseline -0.004 -10"><span class='ocrx_word' id='word_1_296' title='bbox 1002 607 1091 642; x_wconf 80' lang='grc' dir='ltr'>σῶμα,</span> <span class='ocrx_word' id='word_1_297' title='bbox 1110 607 1237 643; x_wconf 77' lang='grc' dir='ltr'>κρύπτων</span> <span class='ocrx_word' id='word_1_298' title='bbox 1252 607 1281 633; x_wconf 84' lang='grc' dir='ltr'>δὲ</span> <span class='ocrx_word' id='word_1_299' title='bbox 1293 607 1322 633; x_wconf 80' lang='grc' dir='ltr'>τὸ</span> <span class='ocrx_word' id='word_1_300' title='bbox 1334 607 1383 642; x_wconf 88' lang='grc' dir='ltr'>τῆς</span> <span class='ocrx_word' id='word_1_301' title='bbox 1396 606 1520 641; x_wconf 82' lang='grc' dir='ltr'><strong>θεότητος</strong></span> <span class='ocrx_word' id='word_1_302' title='bbox 1531 605 1653 640; x_wconf 79' lang='grc' dir='ltr'>ἀξίωμα,</span> <span class='ocrx_word' id='word_1_303' title='bbox 1668 605 1714 630; x_wconf 79' lang='grc' dir='ltr'>ἵνα</span> <span class='ocrx_word' id='word_1_304' title='bbox 1725 604 1791 640; x_wconf 68' lang='grc' dir='ltr'>λάθῃ</span> 
     </span>
    </p>
   </div>
   <div class='ocr_carea' id='block_1_43' title="bbox 1000 652 1791 689">
    <p class='ocr_par' dir='ltr' id='par_1_43' title="bbox 1000 652 1791 689">
     <span class='ocr_line' id='line_1_43' title="bbox 1000 652 1791 689; baseline -0.001 -11"><span class='ocrx_word' id='word_1_305' title='bbox 1000 653 1046 679; x_wconf 89' lang='grc' dir='ltr'>τοῦ</span> <span class='ocrx_word' id='word_1_306' title='bbox 1062 653 1205 689; x_wconf 80' lang='grc' dir='ltr'>δράκοντος</span> <span class='ocrx_word' id='word_1_307' title='bbox 1221 653 1251 680; x_wconf 82' lang='grc' dir='ltr'>τὸ</span> <span class='ocrx_word' id='word_1_308' title='bbox 1267 652 1457 689; x_wconf 71' lang='grc' dir='ltr'>πανούργημα.</span> <span class='ocrx_word' id='word_1_309' title='bbox 1475 653 1529 679; x_wconf 74' lang='grc' dir='ltr'><strong>Καὶ</strong></span> <span class='ocrx_word' id='word_1_310' title='bbox 1542 653 1573 679; x_wconf 83' lang='grc' dir='ltr'>οὑ</span> <span class='ocrx_word' id='word_1_311' title='bbox 1589 652 1670 687; x_wconf 75' lang='grc' dir='ltr'>μόνον</span> <span class='ocrx_word' id='word_1_312' title='bbox 1683 652 1723 684; x_wconf 85' lang='grc' dir='ltr'>ὡς</span> <span class='ocrx_word' id='word_1_313' title='bbox 1739 652 1791 677; x_wconf 73' lang='grc' dir='ltr'><strong>Κύ-</strong></span> 
     </span>
    </p>
   </div>
   <div class='ocr_carea' id='block_1_44' title="bbox 1001 698 1791 736">
    <p class='ocr_par' dir='ltr' id='par_1_44' title="bbox 1001 698 1791 736">
     <span class='ocr_line' id='line_1_44' title="bbox 1001 698 1791 736; baseline -0.004 -10"><span class='ocrx_word' id='word_1_314' title='bbox 1001 708 1058 736; x_wconf 79' lang='grc' dir='ltr'>ριος</span> <span class='ocrx_word' id='word_1_315' title='bbox 1075 700 1152 732; x_wconf 82' lang='grc' dir='ltr'>ἐκτὸς</span> <span class='ocrx_word' id='word_1_316' title='bbox 1165 699 1214 735; x_wconf 81' lang='grc' dir='ltr'>τῆς</span> <span class='ocrx_word' id='word_1_317' title='bbox 1228 699 1368 735; x_wconf 83' lang='grc' dir='ltr'><strong>βασιλικῆς</strong></span> <span class='ocrx_word' id='word_1_318' title='bbox 1379 699 1542 736; x_wconf 79' lang='grc' dir='ltr'>δορυφορίας</span> <span class='ocrx_word' id='word_1_319' title='bbox 1555 699 1624 734; x_wconf 76' lang='grc' dir='ltr'>πρὸς</span> <span class='ocrx_word' id='word_1_320' title='bbox 1636 699 1684 724; x_wconf 80' lang='grc' dir='ltr'>τὸν</span> <span class='ocrx_word' id='word_1_321' title='bbox 1706 698 1791 724; x_wconf 72' lang='grc' dir='ltr'>Ἰωάν-</span> 
     </span>
    </p>
   </div>
   <div class='ocr_carea' id='block_1_45' title="bbox 1000 744 1792 782">
    <p class='ocr_par' dir='ltr' id='par_1_45' title="bbox 1000 744 1792 782">
     <span class='ocr_line' id='line_1_45' title="bbox 1000 744 1792 782; baseline -0.004 -10"><span class='ocrx_word' id='word_1_322' title='bbox 1000 754 1048 781; x_wconf 81' lang='grc' dir='ltr'>νην</span> <span class='ocrx_word' id='word_1_323' title='bbox 1065 745 1261 782; x_wconf 79' lang='grc' dir='ltr'>παραγέγονεν,</span> <span class='ocrx_word' id='word_1_324' title='bbox 1276 745 1343 773; x_wconf 79' lang='grc' dir='ltr'>ἀλλὰ</span> <span class='ocrx_word' id='word_1_325' title='bbox 1363 746 1411 772; x_wconf 73' lang='grc' dir='ltr'>καὶ</span> <span class='ocrx_word' id='word_1_326' title='bbox 1426 745 1464 778; x_wconf 86' lang='grc' dir='ltr'>ὡς</span> <span class='ocrx_word' id='word_1_327' title='bbox 1484 745 1626 781; x_wconf 79' lang='grc' dir='ltr'>ἄνθρωπος</span> <span class='ocrx_word' id='word_1_328' title='bbox 1650 744 1725 776; x_wconf 76' lang='grc' dir='ltr'>λιτὸς</span> <span class='ocrx_word' id='word_1_329' title='bbox 1748 744 1792 770; x_wconf 70' lang='grc' dir='ltr'>καὶ</span> 
     </span>
    </p>
   </div>
   <div class='ocr_carea' id='block_1_46' title="bbox 1000 790 1794 828">
    <p class='ocr_par' dir='ltr' id='par_1_46' title="bbox 1000 790 1794 828">
     <span class='ocr_line' id='line_1_46' title="bbox 1000 790 1794 828; baseline -0.004 -9"><span class='ocrx_word' id='word_1_330' title='bbox 1000 792 1140 828; x_wconf 81' lang='grc' dir='ltr'><strong>ὑπόχρεως</strong></span> <span class='ocrx_word' id='word_1_331' title='bbox 1157 791 1308 828; x_wconf 78' lang='grc' dir='ltr'>ἁμαρτιῶν,</span> <span class='ocrx_word' id='word_1_332' title='bbox 1325 791 1428 818; x_wconf 74' lang='grc' dir='ltr'>ἔκλινεν</span> <span class='ocrx_word' id='word_1_333' title='bbox 1440 793 1490 828; x_wconf 80' lang='grc' dir='ltr'>τὴν</span> <span class='ocrx_word' id='word_1_334' title='bbox 1505 791 1626 827; x_wconf 70' lang='grc' dir='ltr'>κεφαλὴν</span> <span class='ocrx_word' id='word_1_335' title='bbox 1646 790 1731 818; x_wconf 71' lang='grc' dir='ltr'>αὑτοῦ</span> <span class='ocrx_word' id='word_1_336' title='bbox 1748 790 1794 825; x_wconf 75' lang='grc' dir='ltr'>βα-</span> 
     </span>
    </p>
   </div>
   <div class='ocr_carea' id='block_1_47' title="bbox 965 825 1794 873">
    <p class='ocr_par' dir='ltr' id='par_1_47' title="bbox 965 825 1794 873">
     <span class='ocr_line' id='line_1_47' title="bbox 965 825 1794 873; baseline -0.004 -8"><span class='ocrx_word' id='word_1_337' title='bbox 965 825 986 852; x_wconf 79' lang='grc' dir='ltr'><strong>Β</strong></span> <span class='ocrx_word' id='word_1_338' title='bbox 1001 825 1146 873; x_wconf 61' lang='grc' dir='ltr'>πτισδῆναι</span> <span class='ocrx_word' id='word_1_339' title='bbox 1245 825 1473 865; x_wconf 39' lang='grc' dir='ltr'>Ἱωάννοιιῖοθεν-</span> <span class='ocrx_word' id='word_1_340' title='bbox 1487 837 1501 862; x_wconf 87' lang='grc' dir='ltr'>ὁ</span> <span class='ocrx_word' id='word_1_341' title='bbox 1519 825 1645 872; x_wconf 77' lang='grc' dir='ltr'>Ἰωάννης</span> <span class='ocrx_word' id='word_1_342' title='bbox 1657 837 1794 871; x_wconf 75' lang='grc' dir='ltr'>θεασάμε-</span> 
     </span>
    </p>
   </div>
   <div class='ocr_carea' id='block_1_48' title="bbox 999 883 1794 920">
    <p class='ocr_par' dir='ltr' id='par_1_48' title="bbox 999 883 1794 920">
     <span class='ocr_line' id='line_1_48' title="bbox 999 883 1794 920; baseline -0.003 -9"><span class='ocrx_word' id='word_1_343' title='bbox 999 893 1043 917; x_wconf 88' lang='grc' dir='ltr'><strong>νος</strong></span> <span class='ocrx_word' id='word_1_344' title='bbox 1056 885 1105 920; x_wconf 86' lang='grc' dir='ltr'>τὴν</span> <span class='ocrx_word' id='word_1_345' title='bbox 1118 884 1250 920; x_wconf 85' lang='grc' dir='ltr'><strong>τοσαύτην</strong></span> <span class='ocrx_word' id='word_1_346' title='bbox 1263 884 1518 920; x_wconf 73' lang='grc' dir='ltr'>ταπεινοφροσύνην,</span> <span class='ocrx_word' id='word_1_347' title='bbox 1531 883 1684 919; x_wconf 77' lang='grc' dir='ltr'>Θαμδηθεὶς</span> <span class='ocrx_word' id='word_1_348' title='bbox 1701 884 1748 910; x_wconf 69' lang='grc' dir='ltr'><strong>ἐπὶ</strong></span> <span class='ocrx_word' id='word_1_349' title='bbox 1757 883 1794 919; x_wconf 79' lang='grc' dir='ltr'>τῷ</span> 
     </span>
    </p>
   </div>
   <div class='ocr_carea' id='block_1_49' title="bbox 1000 929 1794 967">
    <p class='ocr_par' dir='ltr' id='par_1_49' title="bbox 1000 929 1794 967">
     <span class='ocr_line' id='line_1_49' title="bbox 1000 929 1794 967; baseline -0.004 -9"><span class='ocrx_word' id='word_1_350' title='bbox 1000 931 1153 967; x_wconf 75' lang='grc' dir='ltr'>πράγματι,</span> <span class='ocrx_word' id='word_1_351' title='bbox 1171 930 1272 967; x_wconf 75' lang='grc' dir='ltr'>ἤρξατο</span> <span class='ocrx_word' id='word_1_352' title='bbox 1295 930 1453 957; x_wconf 76' lang='grc' dir='ltr'>διακωλύειν</span> <span class='ocrx_word' id='word_1_353' title='bbox 1478 929 1560 956; x_wconf 74' lang='grc' dir='ltr'>αὑτὸν</span> <span class='ocrx_word' id='word_1_354' title='bbox 1582 929 1681 963; x_wconf 78' lang='grc' dir='ltr'>λέγων,</span> <span class='ocrx_word' id='word_1_355' title='bbox 1703 929 1794 961; x_wconf 76' lang='grc' dir='ltr'>καθὼς</span> 
     </span>
    </p>
   </div>
   <div class='ocr_carea' id='block_1_50' title="bbox 998 976 1794 1013">
    <p class='ocr_par' dir='ltr' id='par_1_50' title="bbox 998 976 1794 1013">
     <span class='ocr_line' id='line_1_50' title="bbox 998 976 1794 1013; baseline -0.003 -9"><span class='ocrx_word' id='word_1_356' title='bbox 998 977 1099 1012; x_wconf 85' lang='grc' dir='ltr'><strong>ἀρτίως</strong></span> <span class='ocrx_word' id='word_1_357' title='bbox 1114 977 1262 1012; x_wconf 57' lang='grc' dir='ltr'><strong>⁴ἠκούσατε·</strong></span> <span class='ocrx_word' id='word_1_358' title='bbox 1278 987 1288 1003; x_wconf 73' lang='grc' dir='ltr'><strong>ι</strong></span> <span class='ocrx_word' id='word_1_359' title='bbox 1299 976 1369 1011; x_wconf 81' lang='grc' dir='ltr'><strong>Ἐγὼ</strong></span> <span class='ocrx_word' id='word_1_360' title='bbox 1385 977 1478 1013; x_wconf 79' lang='grc' dir='ltr'>χρείαν</span> <span class='ocrx_word' id='word_1_361' title='bbox 1490 976 1544 1011; x_wconf 81' lang='grc' dir='ltr'>ἔχω</span> <span class='ocrx_word' id='word_1_362' title='bbox 1558 976 1611 1002; x_wconf 77' lang='grc' dir='ltr'>ὑπὸ</span> <span class='ocrx_word' id='word_1_363' title='bbox 1629 976 1678 1002; x_wconf 74' lang='grc' dir='ltr'><strong>σοῦ</strong></span> <span class='ocrx_word' id='word_1_364' title='bbox 1697 976 1794 1011; x_wconf 58' lang='grc' dir='ltr'>βατι-</span> 
     </span>
    </p>
   </div>
   <div class='ocr_carea' id='block_1_51' title="bbox 1000 1019 1793 1060">
    <p class='ocr_par' dir='ltr' id='par_1_51' title="bbox 1000 1019 1793 1060">
     <span class='ocr_line' id='line_1_51' title="bbox 1000 1019 1793 1060; baseline -0.005 -9"><span class='ocrx_word' id='word_1_365' title='bbox 1000 1025 1107 1060; x_wconf 86' lang='grc' dir='ltr'>σθῆναι,</span> <span class='ocrx_word' id='word_1_366' title='bbox 1122 1024 1169 1051; x_wconf 80' lang='grc' dir='ltr'>καὶ</span> <span class='ocrx_word' id='word_1_367' title='bbox 1186 1024 1218 1050; x_wconf 75' lang='grc' dir='ltr'>σὺ</span> <span class='ocrx_word' id='word_1_368' title='bbox 1237 1023 1305 1059; x_wconf 77' lang='grc' dir='ltr'>ἔρχῃ</span> <span class='ocrx_word' id='word_1_369' title='bbox 1318 1023 1386 1058; x_wconf 80' lang='grc' dir='ltr'>πρὸς</span> <span class='ocrx_word' id='word_1_370' title='bbox 1401 1022 1452 1058; x_wconf 85' lang='grc' dir='ltr'>μέ;</span> <span class='ocrx_word' id='word_1_371' title='bbox 1465 1032 1474 1048; x_wconf 71' lang='grc' dir='ltr'><strong>ι</strong></span> <span class='ocrx_word' id='word_1_372' title='bbox 1495 1022 1527 1048; x_wconf 87' lang='grc' dir='ltr'>Τί</span> <span class='ocrx_word' id='word_1_373' title='bbox 1542 1024 1638 1054; x_wconf 80' lang='grc' dir='ltr'>ποιεῖς,</span> <span class='ocrx_word' id='word_1_374' title='bbox 1652 1019 1676 1048; x_wconf 77' lang='grc' dir='ltr'>ὦ</span> <span class='ocrx_word' id='word_1_375' title='bbox 1692 1023 1793 1048; x_wconf 75' lang='grc' dir='ltr'>Δέσπο-</span> 
     </span>
    </p>
   </div>
   <div class='ocr_carea' id='block_1_52' title="bbox 998 1069 1794 1105">
    <p class='ocr_par' dir='ltr' id='par_1_52' title="bbox 998 1069 1794 1105">
     <span class='ocr_line' id='line_1_52' title="bbox 998 1069 1794 1105; baseline -0.004 -7"><span class='ocrx_word' id='word_1_376' title='bbox 998 1079 1049 1104; x_wconf 79' lang='grc' dir='ltr'>τα;</span> <span class='ocrx_word' id='word_1_377' title='bbox 1067 1070 1230 1098; x_wconf 80' lang='grc' dir='ltr'>ἀκανόνιστα</span> <span class='ocrx_word' id='word_1_378' title='bbox 1252 1069 1522 1105; x_wconf 80' lang='grc' dir='ltr'>δογματίζεις.’Δλλα</span> <span class='ocrx_word' id='word_1_379' title='bbox 1542 1069 1725 1103; x_wconf 79' lang='grc' dir='ltr'>κατήγγειλα,</span> <span class='ocrx_word' id='word_1_380' title='bbox 1749 1069 1794 1095; x_wconf 78' lang='grc' dir='ltr'>καὶ</span> 
     </span>
    </p>
   </div>
   <div class='ocr_carea' id='block_1_53' title="bbox 998 1114 1795 1153">
    <p class='ocr_par' dir='ltr' id='par_1_53' title="bbox 998 1114 1795 1153">
     <span class='ocr_line' id='line_1_53' title="bbox 998 1114 1795 1153; baseline -0.003 -9"><span class='ocrx_word' id='word_1_381' title='bbox 998 1118 1066 1145; x_wconf 80' lang='grc' dir='ltr'>ἄλλα</span> <span class='ocrx_word' id='word_1_382' title='bbox 1080 1117 1198 1153; x_wconf 80' lang='grc' dir='ltr'><strong>μετέρχῃ</strong></span> <span class='ocrx_word' id='word_1_383' title='bbox 1206 1125 1213 1132; x_wconf 88' lang='grc'><strong>·</strong></span> <span class='ocrx_word' id='word_1_384' title='bbox 1229 1116 1295 1144; x_wconf 79' lang='grc' dir='ltr'>ἄλλα</span> <span class='ocrx_word' id='word_1_385' title='bbox 1306 1117 1420 1152; x_wconf 67' lang='grc' dir='ltr'>ἤκουσεν</span> <span class='ocrx_word' id='word_1_386' title='bbox 1433 1117 1448 1142; x_wconf 87' lang='lat'><strong>6</strong></span> <span class='ocrx_word' id='word_1_387' title='bbox 1461 1115 1592 1148; x_wconf 78' lang='grc' dir='ltr'>διάϐολος,</span> <span class='ocrx_word' id='word_1_388' title='bbox 1604 1114 1651 1141; x_wconf 72' lang='grc' dir='ltr'>καὶ</span> <span class='ocrx_word' id='word_1_389' title='bbox 1666 1114 1736 1142; x_wconf 77' lang='grc' dir='ltr'>ἄλλα</span> <span class='ocrx_word' id='word_1_390' title='bbox 1749 1123 1795 1142; x_wconf 83' lang='grc' dir='ltr'>κα-</span> 
     </span>
    </p>
   </div>
   <div class='ocr_carea' id='block_1_54' title="bbox 998 1161 1795 1199">
    <p class='ocr_par' dir='ltr' id='par_1_54' title="bbox 998 1161 1795 1199">
     <span class='ocr_line' id='line_1_54' title="bbox 998 1161 1795 1199; baseline -0.006 -8"><span class='ocrx_word' id='word_1_391' title='bbox 998 1165 1096 1191; x_wconf 84' lang='grc' dir='ltr'>τανοεῖ.</span> <span class='ocrx_word' id='word_1_392' title='bbox 1114 1163 1249 1191; x_wconf 80' lang='grc' dir='ltr'>Βάπτισόν</span> <span class='ocrx_word' id='word_1_393' title='bbox 1270 1172 1304 1199; x_wconf 91' lang='grc' dir='ltr'><strong>με</strong></span> <span class='ocrx_word' id='word_1_394' title='bbox 1317 1163 1356 1198; x_wconf 86' lang='grc' dir='ltr'>τῷ</span> <span class='ocrx_word' id='word_1_395' title='bbox 1370 1162 1437 1198; x_wconf 75' lang='grc' dir='ltr'>πυρὶ</span> <span class='ocrx_word' id='word_1_396' title='bbox 1452 1162 1502 1197; x_wconf 78' lang='grc' dir='ltr'>τῆς</span> <span class='ocrx_word' id='word_1_397' title='bbox 1517 1162 1653 1196; x_wconf 77' lang='grc' dir='ltr'>θεότητος·</span> <span class='ocrx_word' id='word_1_398' title='bbox 1671 1161 1699 1187; x_wconf 86' lang='grc' dir='ltr'><strong>τί</strong></span> <span class='ocrx_word' id='word_1_399' title='bbox 1716 1169 1795 1196; x_wconf 85' lang='grc' dir='ltr'>περι-</span> 
     </span>
    </p>
   </div>
   <div class='ocr_carea' id='block_1_55' title="bbox 1000 1209 1795 1248">
    <p class='ocr_par' dir='ltr' id='par_1_55' title="bbox 1000 1209 1795 1248">
     <span class='ocr_line' id='line_1_55' title="bbox 1000 1209 1795 1248; baseline -0.004 -10"><span class='ocrx_word' id='word_1_400' title='bbox 1000 1211 1090 1248; x_wconf 82' lang='grc' dir='ltr'>μένεις</span> <span class='ocrx_word' id='word_1_401' title='bbox 1111 1211 1142 1238; x_wconf 78' lang='grc' dir='ltr'>τὸ</span> <span class='ocrx_word' id='word_1_402' title='bbox 1162 1211 1252 1247; x_wconf 76' lang='grc' dir='ltr'>ὖδωρς</span> <span class='ocrx_word' id='word_1_403' title='bbox 1270 1210 1386 1237; x_wconf 77' lang='grc' dir='ltr'>Φώτισον</span> <span class='ocrx_word' id='word_1_404' title='bbox 1403 1209 1442 1245; x_wconf 84' lang='grc' dir='ltr'>τῷ</span> <span class='ocrx_word' id='word_1_405' title='bbox 1454 1209 1602 1245; x_wconf 79' lang='grc' dir='ltr'>Πνεύματι·</span> <span class='ocrx_word' id='word_1_406' title='bbox 1617 1209 1645 1236; x_wconf 83' lang='grc' dir='ltr'><strong>τί</strong></span> <span class='ocrx_word' id='word_1_407' title='bbox 1660 1209 1795 1245; x_wconf 73' lang='grc' dir='ltr'>προσανέ-</span> 
     </span>
    </p>
   </div>
   <div class='ocr_carea' id='block_1_56' title="bbox 998 1255 1794 1294">
    <p class='ocr_par' dir='ltr' id='par_1_56' title="bbox 998 1255 1794 1294">
     <span class='ocr_line' id='line_1_56' title="bbox 998 1255 1794 1294; baseline -0.005 -9"><span class='ocrx_word' id='word_1_408' title='bbox 998 1267 1056 1294; x_wconf 88' lang='grc' dir='ltr'>χεις</span> <span class='ocrx_word' id='word_1_409' title='bbox 1077 1258 1116 1294; x_wconf 84' lang='grc' dir='ltr'>τῷ</span> <span class='ocrx_word' id='word_1_410' title='bbox 1143 1258 1289 1293; x_wconf 77' lang='grc' dir='ltr'>κτίσματι;</span> <span class='ocrx_word' id='word_1_411' title='bbox 1310 1257 1444 1284; x_wconf 83' lang='grc' dir='ltr'>Βάπτισόν</span> <span class='ocrx_word' id='word_1_412' title='bbox 1460 1265 1493 1292; x_wconf 88' lang='grc' dir='ltr'><strong>με</strong></span> <span class='ocrx_word' id='word_1_413' title='bbox 1508 1256 1553 1282; x_wconf 83' lang='grc' dir='ltr'>τὸν</span> <span class='ocrx_word' id='word_1_414' title='bbox 1567 1255 1731 1290; x_wconf 76' lang='grc' dir='ltr'>βαπτιστὴν,</span> <span class='ocrx_word' id='word_1_415' title='bbox 1751 1256 1794 1281; x_wconf 65' lang='grc' dir='ltr'>ἵνα</span> 
     </span>
    </p>
   </div>
   <div class='ocr_carea' id='block_1_57' title="bbox 999 1302 1795 1340">
    <p class='ocr_par' dir='ltr' id='par_1_57' title="bbox 999 1302 1795 1340">
     <span class='ocr_line' id='line_1_57' title="bbox 999 1302 1795 1340; baseline -0.004 -9"><span class='ocrx_word' id='word_1_416' title='bbox 999 1305 1105 1340; x_wconf 82' lang='grc' dir='ltr'>γνωσθῇ</span> <span class='ocrx_word' id='word_1_417' title='bbox 1132 1313 1178 1331; x_wconf 87' lang='grc' dir='ltr'><strong>σου</strong></span> <span class='ocrx_word' id='word_1_418' title='bbox 1202 1306 1218 1340; x_wconf 81' lang='grc' dir='ltr'>ἡ</span> <span class='ocrx_word' id='word_1_419' title='bbox 1247 1303 1467 1340; x_wconf 82' lang='grc' dir='ltr'>ὑπεροχή.Ἑγὼ,</span> <span class='ocrx_word' id='word_1_420' title='bbox 1485 1303 1617 1334; x_wconf 79' lang='grc' dir='ltr'>Δέσποτα,</span> <span class='ocrx_word' id='word_1_421' title='bbox 1645 1302 1795 1338; x_wconf 76' lang='grc' dir='ltr'>μετανοίας</span> 
     </span>
    </p>
   </div>
   <div class='ocr_carea' id='block_1_58' title="bbox 999 1350 1794 1386">
    <p class='ocr_par' dir='ltr' id='par_1_58' title="bbox 999 1350 1794 1386">
     <span class='ocr_line' id='line_1_58' title="bbox 999 1350 1794 1386; baseline -0.003 -9"><span class='ocrx_word' id='word_1_422' title='bbox 999 1351 1122 1385; x_wconf 78' lang='grc' dir='ltr'>βαπτίζω</span> <span class='ocrx_word' id='word_1_423' title='bbox 1143 1351 1293 1386; x_wconf 81' lang='grc' dir='ltr'>βάπτισμα,</span> <span class='ocrx_word' id='word_1_424' title='bbox 1310 1351 1356 1378; x_wconf 80' lang='grc' dir='ltr'><strong>καὶ</strong></span> <span class='ocrx_word' id='word_1_425' title='bbox 1378 1351 1440 1383; x_wconf 75' lang='grc' dir='ltr'>τοὺς</span> <span class='ocrx_word' id='word_1_426' title='bbox 1464 1350 1701 1386; x_wconf 82' lang='grc' dir='ltr'>προσερχομένους</span> <span class='ocrx_word' id='word_1_427' title='bbox 1725 1350 1794 1385; x_wconf 68' lang='grc' dir='ltr'>πρὸς</span> 
     </span>
    </p>
   </div>
   <div class='ocr_carea' id='block_1_59' title="bbox 1000 1397 1794 1434">
    <p class='ocr_par' dir='ltr' id='par_1_59' title="bbox 1000 1397 1794 1434">
     <span class='ocr_line' id='line_1_59' title="bbox 1000 1397 1794 1434; baseline -0.001 -10"><span class='ocrx_word' id='word_1_428' title='bbox 1000 1397 1035 1432; x_wconf 80' lang='grc' dir='ltr'>μὲ</span> <span class='ocrx_word' id='word_1_429' title='bbox 1054 1399 1192 1434; x_wconf 84' lang='grc' dir='ltr'>ἀμήχανον</span> <span class='ocrx_word' id='word_1_430' title='bbox 1217 1397 1346 1432; x_wconf 79' lang='grc' dir='ltr'>βαπτίσαι</span> <span class='ocrx_word' id='word_1_431' title='bbox 1365 1397 1412 1424; x_wconf 70' lang='grc' dir='ltr'>ἐὰν</span> <span class='ocrx_word' id='word_1_432' title='bbox 1429 1397 1467 1433; x_wconf 82' lang='grc' dir='ltr'>μὴ</span> <span class='ocrx_word' id='word_1_433' title='bbox 1482 1397 1531 1429; x_wconf 79' lang='grc' dir='ltr'><strong>τὰς</strong></span> <span class='ocrx_word' id='word_1_434' title='bbox 1548 1397 1688 1432; x_wconf 84' lang='grc' dir='ltr'>ἁμαρτίας</span> <span class='ocrx_word' id='word_1_435' title='bbox 1702 1397 1794 1424; x_wconf 79' lang='grc' dir='ltr'>αὐτῶν</span> 
     </span>
    </p>
   </div>
   <div class='ocr_carea' id='block_1_60' title="bbox 999 1442 1794 1479">
    <p class='ocr_par' dir='ltr' id='par_1_60' title="bbox 999 1442 1794 1479">
     <span class='ocr_line' id='line_1_60' title="bbox 999 1442 1794 1479; baseline -0.003 -9"><span class='ocrx_word' id='word_1_436' title='bbox 999 1442 1258 1479; x_wconf 79' lang='grc' dir='ltr'>ὲξομολογήσωνται.</span> <span class='ocrx_word' id='word_1_437' title='bbox 1283 1443 1389 1470; x_wconf 71' lang='grc' dir='ltr'>Κείσθω</span> <span class='ocrx_word' id='word_1_438' title='bbox 1409 1444 1450 1470; x_wconf 84' lang='grc' dir='ltr'>ὅτι</span> <span class='ocrx_word' id='word_1_439' title='bbox 1477 1443 1600 1479; x_wconf 71' lang='grc' dir='ltr'>βαπτίζω</span> <span class='ocrx_word' id='word_1_440' title='bbox 1619 1452 1661 1476; x_wconf 85' lang='grc' dir='ltr'><strong>σε,</strong></span> <span class='ocrx_word' id='word_1_441' title='bbox 1677 1443 1705 1469; x_wconf 85' lang='grc' dir='ltr'><strong>τί</strong></span> <span class='ocrx_word' id='word_1_442' title='bbox 1721 1443 1794 1478; x_wconf 76' lang='grc' dir='ltr'>ἔχεις</span> 
     </span>
    </p>
   </div>
   <div class='ocr_carea' id='block_1_61' title="bbox 159 1482 944 1526">
    <p class='ocr_par' dir='ltr' id='par_1_61' title="bbox 159 1482 944 1520">
     <span class='ocr_line' id='line_1_61' title="bbox 159 1482 944 1520; baseline 0.008 -10"><span class='ocrx_word' id='word_1_443' title='bbox 159 1482 270 1512; x_wconf 82' lang='lat' dir='ltr'><strong>Etiamsi</strong></span> <span class='ocrx_word' id='word_1_444' title='bbox 294 1492 344 1520; x_wconf 80' lang='lat' dir='ltr'><strong>ego</strong></span> <span class='ocrx_word' id='word_1_445' title='bbox 361 1490 387 1512; x_wconf 92' lang='lat' dir='ltr'><strong>te</strong></span> <span class='ocrx_word' id='word_1_446' title='bbox 403 1486 540 1520; x_wconf 86' lang='lat' dir='ltr'><strong>baptizare</strong></span> <span class='ocrx_word' id='word_1_447' title='bbox 565 1487 732 1520; x_wconf 88' lang='lat' dir='ltr'><strong>sustinuero,</strong></span> <span class='ocrx_word' id='word_1_448' title='bbox 746 1487 877 1516; x_wconf 87' lang='lat' dir='ltr'><strong>Jordanes</strong></span> <span class='ocrx_word' id='word_1_449' title='bbox 893 1498 944 1516; x_wconf 94' lang='lat' dir='ltr'><strong>non</strong></span> 
     </span>
    </p>
   </div>
   <div class='ocr_carea' id='block_1_62' title="bbox 1035 1482 1792 1526">
    <p class='ocr_par' dir='ltr' id='par_1_62' title="bbox 1035 1489 1792 1526">
     <span class='ocr_line' id='line_1_62' title="bbox 1035 1489 1792 1526; baseline 0 -11"><span class='ocrx_word' id='word_1_450' title='bbox 1035 1489 1261 1526; x_wconf 77' lang='grc' dir='ltr'>&gt;μολογὴσασθαι;</span> <span class='ocrx_word' id='word_1_451' title='bbox 1284 1489 1437 1525; x_wconf 82' lang='grc' dir='ltr'>’Λμαρτιῶν</span> <span class='ocrx_word' id='word_1_452' title='bbox 1460 1490 1610 1525; x_wconf 79' lang='grc' dir='ltr'>ἀφαιρέτης</span> <span class='ocrx_word' id='word_1_453' title='bbox 1636 1489 1792 1525; x_wconf 73' lang='grc' dir='ltr'>ὑπάρχεις,</span> 
     </span>
    </p>
   </div>
   <div class='ocr_carea' id='block_1_63' title="bbox 158 1529 947 1568">
    <p class='ocr_par' dir='ltr' id='par_1_63' title="bbox 158 1529 947 1568">
     <span class='ocr_line' id='line_1_63' title="bbox 158 1529 947 1568; baseline 0.008 -12"><span class='ocrx_word' id='word_1_454' title='bbox 158 1529 239 1557; x_wconf 81' lang='lat' dir='ltr'><strong>audet</strong></span> <span class='ocrx_word' id='word_1_455' title='bbox 257 1531 370 1565; x_wconf 90' lang='lat' dir='ltr'><strong>propius</strong></span> <span class='ocrx_word' id='word_1_456' title='bbox 385 1532 418 1558; x_wconf 84' lang='lat' dir='ltr'><strong>ad</strong></span> <span class='ocrx_word' id='word_1_457' title='bbox 434 1535 459 1559; x_wconf 88' lang='lat' dir='ltr'><strong>te</strong></span> <span class='ocrx_word' id='word_1_458' title='bbox 475 1533 605 1559; x_wconf 89' lang='lat' dir='ltr'><strong>accedere</strong></span> <span class='ocrx_word' id='word_1_459' title='bbox 621 1541 627 1559; x_wconf 88' lang='lat'><strong><em>:</em></strong></span> <span class='ocrx_word' id='word_1_460' title='bbox 648 1542 656 1558; x_wconf 79' lang='grc' dir='ltr'><strong>ι</strong></span> <span class='ocrx_word' id='word_1_461' title='bbox 674 1533 729 1568; x_wconf 77' lang='lat' dir='ltr'><strong>Ego</strong></span> <span class='ocrx_word' id='word_1_462' title='bbox 743 1540 812 1568; x_wconf 88' lang='lat' dir='ltr'><strong>opus</strong></span> <span class='ocrx_word' id='word_1_463' title='bbox 829 1533 917 1562; x_wconf 85' lang='lat' dir='ltr'><strong>habeo</strong></span> <span class='ocrx_word' id='word_1_464' title='bbox 932 1542 947 1562; x_wconf 70' lang='grc' dir='ltr'>α</span> 
     </span>
    </p>
   </div>
   <div class='ocr_carea' id='block_1_64' title="bbox 159 1575 673 1611">
    <p class='ocr_par' dir='ltr' id='par_1_64' title="bbox 159 1575 673 1611">
     <span class='ocr_line' id='line_1_64' title="bbox 159 1575 673 1611; baseline 0.008 -10"><span class='ocrx_word' id='word_1_465' title='bbox 159 1579 185 1602; x_wconf 92' lang='lat' dir='ltr'><strong>te</strong></span> <span class='ocrx_word' id='word_1_466' title='bbox 202 1575 345 1611; x_wconf 87' lang='lat' dir='ltr'><strong>baptizari.</strong></span> <span class='ocrx_word' id='word_1_467' title='bbox 360 1582 387 1605; x_wconf 86' lang='lat' dir='ltr'><strong>et</strong></span> <span class='ocrx_word' id='word_1_468' title='bbox 404 1582 432 1604; x_wconf 92' lang='lat' dir='ltr'><strong>tu</strong></span> <span class='ocrx_word' id='word_1_469' title='bbox 448 1577 524 1605; x_wconf 87' lang='lat' dir='ltr'><strong>venis</strong></span> <span class='ocrx_word' id='word_1_470' title='bbox 540 1577 573 1604; x_wconf 87' lang='lat' dir='ltr'><strong>ad</strong></span> <span class='ocrx_word' id='word_1_471' title='bbox 589 1578 648 1605; x_wconf 84' lang='lat' dir='ltr'><strong>me?</strong></span> <span class='ocrx_word' id='word_1_472' title='bbox 663 1588 673 1604; x_wconf 69' lang='grc' dir='ltr'><strong>ι</strong></span> 
     </span>
    </p>
   </div>
   <div class='ocr_carea' id='block_1_65' title="bbox 195 1712 948 1750">
    <p class='ocr_par' dir='ltr' id='par_1_65' title="bbox 195 1712 948 1750">
     <span class='ocr_line' id='line_1_65' title="bbox 195 1712 948 1750; baseline 0.008 -11"><span class='ocrx_word' id='word_1_473' title='bbox 195 1712 225 1739; x_wconf 84' lang='grc' dir='ltr'>ν.</span> <span class='ocrx_word' id='word_1_474' title='bbox 247 1713 317 1746; x_wconf 81' lang='lat' dir='ltr'><strong>Quid</strong></span> <span class='ocrx_word' id='word_1_475' title='bbox 332 1714 413 1749; x_wconf 80' lang='lat' dir='ltr'><strong>igitur</strong></span> <span class='ocrx_word' id='word_1_476' title='bbox 428 1715 452 1742; x_wconf 87' lang='lat' dir='ltr'><strong>ei</strong></span> <span class='ocrx_word' id='word_1_477' title='bbox 467 1714 598 1743; x_wconf 86' lang='lat' dir='ltr'><strong>Dominus</strong></span> <span class='ocrx_word' id='word_1_478' title='bbox 612 1715 776 1750; x_wconf 83' lang='lat' dir='ltr'><strong>respondet?</strong></span> <span class='ocrx_word' id='word_1_479' title='bbox 794 1725 803 1741; x_wconf 73' lang='grc' dir='ltr'><strong>ι</strong></span> <span class='ocrx_word' id='word_1_480' title='bbox 818 1715 948 1745; x_wconf 82' lang='lat' dir='ltr'><strong>Permitte</strong></span> 
     </span>
    </p>
   </div>
   <div class='ocr_carea' id='block_1_66' title="bbox 156 1759 944 1796">
    <p class='ocr_par' dir='ltr' id='par_1_66' title="bbox 156 1759 944 1796">
     <span class='ocr_line' id='line_1_66' title="bbox 156 1759 944 1796; baseline 0.004 -10"><span class='ocrx_word' id='word_1_481' title='bbox 156 1759 223 1794; x_wconf 84' lang='lat' dir='ltr'><strong>jam,</strong></span> <span class='ocrx_word' id='word_1_482' title='bbox 239 1759 276 1786; x_wconf 90' lang='lat' dir='ltr'><strong>ita</strong></span> <span class='ocrx_word' id='word_1_483' title='bbox 289 1760 361 1787; x_wconf 87' lang='lat' dir='ltr'><strong>enim</strong></span> <span class='ocrx_word' id='word_1_484' title='bbox 379 1760 457 1788; x_wconf 86' lang='lat' dir='ltr'><strong>decet</strong></span> <span class='ocrx_word' id='word_1_485' title='bbox 469 1769 519 1787; x_wconf 82' lang='lat' dir='ltr'><strong>nos</strong></span> <span class='ocrx_word' id='word_1_486' title='bbox 533 1761 645 1796; x_wconf 85' lang='lat' dir='ltr'><strong>implere</strong></span> <span class='ocrx_word' id='word_1_487' title='bbox 661 1769 768 1788; x_wconf 92' lang='lat' dir='ltr'><strong>omnem</strong></span> <span class='ocrx_word' id='word_1_488' title='bbox 781 1762 925 1796; x_wconf 86' lang='lat' dir='ltr'><strong>justitiam.</strong></span> <span class='ocrx_word' id='word_1_489' title='bbox 935 1774 944 1789; x_wconf 76' lang='grc' dir='ltr'><strong>ι</strong></span> 
     </span>
    </p>
   </div>
   <div class='ocr_carea' id='block_1_67' title="bbox 159 1805 947 1842">
    <p class='ocr_par' dir='ltr' id='par_1_67' title="bbox 159 1805 947 1842">
     <span class='ocr_line' id='line_1_67' title="bbox 159 1805 947 1842; baseline 0.008 -11"><span class='ocrx_word' id='word_1_490' title='bbox 159 1805 287 1832; x_wconf 81' lang='lat' dir='ltr'><strong>Permitte</strong></span> <span class='ocrx_word' id='word_1_491' title='bbox 303 1805 371 1840; x_wconf 84' lang='lat' dir='ltr'><strong>jam,</strong></span> <span class='ocrx_word' id='word_1_492' title='bbox 387 1805 517 1838; x_wconf 86' lang='lat' dir='ltr'><strong>Joannes,</strong></span> <span class='ocrx_word' id='word_1_493' title='bbox 534 1815 589 1833; x_wconf 89' lang='lat' dir='ltr'><strong>non</strong></span> <span class='ocrx_word' id='word_1_494' title='bbox 603 1815 632 1834; x_wconf 67' lang='lat' dir='ltr'><strong>es</strong></span> <span class='ocrx_word' id='word_1_495' title='bbox 645 1815 688 1835; x_wconf 92' lang='lat' dir='ltr'><strong>me</strong></span> <span class='ocrx_word' id='word_1_496' title='bbox 703 1808 905 1842; x_wconf 85' lang='lat' dir='ltr'><strong>sapientior.Tu</strong></span> <span class='ocrx_word' id='word_1_497' title='bbox 919 1815 947 1838; x_wconf 92' lang='lat' dir='ltr'><strong>ut</strong></span> 
     </span>
    </p>
   </div>
   <div class='ocr_carea' id='block_1_68' title="bbox 160 1851 946 1890">
    <p class='ocr_par' dir='ltr' id='par_1_68' title="bbox 160 1851 946 1890">
     <span class='ocr_line' id='line_1_68' title="bbox 160 1851 946 1890; baseline 0.008 -12"><span class='ocrx_word' id='word_1_498' title='bbox 160 1851 387 1886; x_wconf 85' lang='lat' dir='ltr'><strong>hom0,respicis;</strong></span> <span class='ocrx_word' id='word_1_499' title='bbox 399 1859 459 1887; x_wconf 78' lang='lat' dir='ltr'><strong>ego,</strong></span> <span class='ocrx_word' id='word_1_500' title='bbox 469 1857 498 1879; x_wconf 92' lang='lat' dir='ltr'><strong>ut</strong></span> <span class='ocrx_word' id='word_1_501' title='bbox 506 1852 586 1888; x_wconf 68' lang='lat' dir='ltr'><strong>Deus,</strong></span> <span class='ocrx_word' id='word_1_502' title='bbox 595 1853 667 1880; x_wconf 89' lang='lat' dir='ltr'><strong>novi.</strong></span> <span class='ocrx_word' id='word_1_503' title='bbox 680 1852 801 1882; x_wconf 82' lang='lat' dir='ltr'><strong>Primum</strong></span> <span class='ocrx_word' id='word_1_504' title='bbox 812 1863 854 1883; x_wconf 92' lang='lat' dir='ltr'><strong>me</strong></span> <span class='ocrx_word' id='word_1_505' title='bbox 864 1864 946 1890; x_wconf 91' lang='lat' dir='ltr'><strong>opor-</strong></span> 
     </span>
    </p>
   </div>
   <div class='ocr_carea' id='block_1_69' title="bbox 157 1897 944 1936">
    <p class='ocr_par' dir='ltr' id='par_1_69' title="bbox 157 1897 944 1936">
     <span class='ocr_line' id='line_1_69' title="bbox 157 1897 944 1936; baseline 0.005 -11"><span class='ocrx_word' id='word_1_506' title='bbox 157 1902 196 1925; x_wconf 88' lang='lat' dir='ltr'><strong>tet</strong></span> <span class='ocrx_word' id='word_1_507' title='bbox 211 1897 311 1931; x_wconf 81' lang='lat' dir='ltr'><strong>facere,</strong></span> <span class='ocrx_word' id='word_1_508' title='bbox 328 1903 410 1933; x_wconf 87' lang='lat' dir='ltr'><strong>atque</strong></span> <span class='ocrx_word' id='word_1_509' title='bbox 433 1898 469 1926; x_wconf 90' lang='lat' dir='ltr'><strong>ita</strong></span> <span class='ocrx_word' id='word_1_510' title='bbox 485 1899 593 1926; x_wconf 88' lang='lat' dir='ltr'><strong>docere.</strong></span> <span class='ocrx_word' id='word_1_511' title='bbox 616 1897 689 1926; x_wconf 83' lang='lat' dir='ltr'><strong>Nihil</strong></span> <span class='ocrx_word' id='word_1_512' title='bbox 715 1899 843 1929; x_wconf 84' lang='lat' dir='ltr'><strong>indecens</strong></span> <span class='ocrx_word' id='word_1_513' title='bbox 865 1902 944 1936; x_wconf 85' lang='lat' dir='ltr'><strong>obeo,</strong></span> 
     </span>
    </p>
   </div>
   <div class='ocr_carea' id='block_1_70' title="bbox 158 1943 946 1982">
    <p class='ocr_par' dir='ltr' id='par_1_70' title="bbox 158 1943 946 1982">
     <span class='ocr_line' id='line_1_70' title="bbox 158 1943 946 1982; baseline 0.005 -11"><span class='ocrx_word' id='word_1_514' title='bbox 158 1944 258 1972; x_wconf 83' lang='lat' dir='ltr'><strong>decore</strong></span> <span class='ocrx_word' id='word_1_515' title='bbox 271 1949 344 1972; x_wconf 90' lang='lat' dir='ltr'><strong>totus</strong></span> <span class='ocrx_word' id='word_1_516' title='bbox 359 1944 480 1972; x_wconf 89' lang='lat' dir='ltr'><strong>indutus.</strong></span> <span class='ocrx_word' id='word_1_517' title='bbox 497 1943 615 1977; x_wconf 84' lang='lat' dir='ltr'><strong>Miraris,</strong></span> <span class='ocrx_word' id='word_1_518' title='bbox 629 1953 645 1972; x_wconf 90' lang='grc' dir='ltr'><strong>ο</strong></span> <span class='ocrx_word' id='word_1_519' title='bbox 660 1945 789 1979; x_wconf 85' lang='lat' dir='ltr'><strong>Joannes,</strong></span> <span class='ocrx_word' id='word_1_520' title='bbox 803 1947 875 1982; x_wconf 87' lang='lat' dir='ltr'><strong>quod</strong></span> <span class='ocrx_word' id='word_1_521' title='bbox 891 1955 946 1975; x_wconf 88' lang='lat' dir='ltr'><strong>non</strong></span> 
     </span>
    </p>
   </div>
   <div class='ocr_carea' id='block_1_71' title="bbox 158 1990 945 2027">
    <p class='ocr_par' dir='ltr' id='par_1_71' title="bbox 158 1990 945 2027">
     <span class='ocr_line' id='line_1_71' title="bbox 158 1990 945 2027; baseline 0.008 -11"><span class='ocrx_word' id='word_1_522' title='bbox 158 1990 220 2018; x_wconf 84' lang='lat' dir='ltr'><strong>veni</strong></span> <span class='ocrx_word' id='word_1_523' title='bbox 245 1997 310 2018; x_wconf 85' lang='lat' dir='ltr'><strong>cum</strong></span> <span class='ocrx_word' id='word_1_524' title='bbox 326 1990 468 2026; x_wconf 82' lang='lat' dir='ltr'><strong>dignitatis</strong></span> <span class='ocrx_word' id='word_1_525' title='bbox 490 1998 558 2018; x_wconf 71' lang='lat' dir='ltr'><strong>mea:</strong></span> <span class='ocrx_word' id='word_1_526' title='bbox 580 1991 726 2027; x_wconf 74' lang='lat' dir='ltr'><strong>insigniis?</strong></span> <span class='ocrx_word' id='word_1_527' title='bbox 743 1993 852 2021; x_wconf 79' lang='lat' dir='ltr'><strong>Privato</strong></span> <span class='ocrx_word' id='word_1_528' title='bbox 872 1994 945 2022; x_wconf 88' lang='lat' dir='ltr'><strong>enim</strong></span> 
     </span>
    </p>
   </div>
   <div class='ocr_carea' id='block_1_72' title="bbox 158 2035 947 2074">
    <p class='ocr_par' dir='ltr' id='par_1_72' title="bbox 158 2035 947 2074">
     <span class='ocr_line' id='line_1_72' title="bbox 158 2035 947 2074; baseline 0.006 -10"><span class='ocrx_word' id='word_1_529' title='bbox 158 2043 214 2064; x_wconf 88' lang='lat' dir='ltr'><strong>non</strong></span> <span class='ocrx_word' id='word_1_530' title='bbox 229 2035 360 2071; x_wconf 87' lang='lat' dir='ltr'><strong>competit</strong></span> <span class='ocrx_word' id='word_1_531' title='bbox 377 2036 450 2072; x_wconf 77' lang='lat' dir='ltr'><strong>regia</strong></span> <span class='ocrx_word' id='word_1_532' title='bbox 475 2044 615 2072; x_wconf 83' lang='lat' dir='ltr'><strong>purpura;</strong></span> <span class='ocrx_word' id='word_1_533' title='bbox 639 2045 730 2074; x_wconf 78' lang='lat' dir='ltr'><strong>regem</strong></span> <span class='ocrx_word' id='word_1_534' title='bbox 755 2044 845 2068; x_wconf 88' lang='lat' dir='ltr'><strong>autem</strong></span> <span class='ocrx_word' id='word_1_535' title='bbox 869 2040 947 2069; x_wconf 88' lang='lat' dir='ltr'><strong>decet</strong></span> 
     </span>
    </p>
   </div>
   <div class='ocr_carea' id='block_1_73' title="bbox 159 2082 945 2120">
    <p class='ocr_par' dir='ltr' id='par_1_73' title="bbox 159 2082 945 2120">
     <span class='ocr_line' id='line_1_73' title="bbox 159 2082 945 2120; baseline 0.006 -11"><span class='ocrx_word' id='word_1_536' title='bbox 159 2082 286 2110; x_wconf 88' lang='lat' dir='ltr'><strong>militaris</strong></span> <span class='ocrx_word' id='word_1_537' title='bbox 300 2087 413 2110; x_wconf 84' lang='lat' dir='ltr'><strong>ornatus</strong></span> <span class='ocrx_word' id='word_1_538' title='bbox 428 2091 433 2109; x_wconf 92' lang='lat'>:</span> <span class='ocrx_word' id='word_1_539' title='bbox 450 2090 515 2110; x_wconf 89' lang='lat' dir='ltr'><strong>num</strong></span> <span class='ocrx_word' id='word_1_540' title='bbox 533 2083 665 2111; x_wconf 83' lang='lat' dir='ltr'><strong>adversus</strong></span> <span class='ocrx_word' id='word_1_541' title='bbox 678 2088 834 2120; x_wconf 85' lang='lat' dir='ltr'><strong>tyrannum,</strong></span> <span class='ocrx_word' id='word_1_542' title='bbox 851 2091 877 2114; x_wconf 87' lang='lat' dir='ltr'><strong>et</strong></span> <span class='ocrx_word' id='word_1_543' title='bbox 891 2095 945 2114; x_wconf 91' lang='lat' dir='ltr'><strong>non</strong></span> 
     </span>
    </p>
   </div>
   <div class='ocr_carea' id='block_1_74' title="bbox 158 2128 946 2164">
    <p class='ocr_par' dir='ltr' id='par_1_74' title="bbox 158 2128 946 2164">
     <span class='ocr_line' id='line_1_74' title="bbox 158 2128 946 2164; baseline 0.005 -8"><span class='ocrx_word' id='word_1_544' title='bbox 158 2130 191 2157; x_wconf 83' lang='lat' dir='ltr'><strong>ad</strong></span> <span class='ocrx_word' id='word_1_545' title='bbox 206 2129 324 2157; x_wconf 85' lang='lat' dir='ltr'><strong>amicum</strong></span> <span class='ocrx_word' id='word_1_546' title='bbox 341 2129 420 2156; x_wconf 86' lang='lat' dir='ltr'><strong>veni?</strong></span> <span class='ocrx_word' id='word_1_547' title='bbox 441 2128 476 2156; x_wconf 87' lang='lat' dir='ltr'><strong>At</strong></span> <span class='ocrx_word' id='word_1_548' title='bbox 491 2130 617 2164; x_wconf 86' lang='lat' dir='ltr'><strong>permitte</strong></span> <span class='ocrx_word' id='word_1_549' title='bbox 632 2138 714 2163; x_wconf 90' lang='lat' dir='ltr'><strong>nunc,</strong></span> <span class='ocrx_word' id='word_1_550' title='bbox 739 2131 775 2159; x_wconf 88' lang='lat' dir='ltr'><strong>ita</strong></span> <span class='ocrx_word' id='word_1_551' title='bbox 792 2133 864 2160; x_wconf 85' lang='lat' dir='ltr'><strong>enim</strong></span> <span class='ocrx_word' id='word_1_552' title='bbox 880 2141 946 2160; x_wconf 88' lang='lat' dir='ltr'><strong>cou-</strong></span> 
     </span>
    </p>
   </div>
   <div class='ocr_carea' id='block_1_75' title="bbox 158 2175 945 2214">
    <p class='ocr_par' dir='ltr' id='par_1_75' title="bbox 158 2175 945 2214">
     <span class='ocr_line' id='line_1_75' title="bbox 158 2175 945 2214; baseline 0.008 -13"><span class='ocrx_word' id='word_1_553' title='bbox 158 2176 233 2203; x_wconf 89' lang='lat' dir='ltr'><strong>venit</strong></span> <span class='ocrx_word' id='word_1_554' title='bbox 249 2176 328 2203; x_wconf 89' lang='lat' dir='ltr'><strong>nobis</strong></span> <span class='ocrx_word' id='word_1_555' title='bbox 340 2184 447 2203; x_wconf 91' lang='lat' dir='ltr'><strong>omnem</strong></span> <span class='ocrx_word' id='word_1_556' title='bbox 458 2175 592 2210; x_wconf 85' lang='lat' dir='ltr'><strong>justitiam</strong></span> <span class='ocrx_word' id='word_1_557' title='bbox 605 2176 726 2212; x_wconf 83' lang='lat' dir='ltr'><strong>implere.</strong></span> <span class='ocrx_word' id='word_1_558' title='bbox 740 2177 868 2213; x_wconf 88' lang='lat' dir='ltr'><strong>lmpletor</strong></span> <span class='ocrx_word' id='word_1_559' title='bbox 880 2179 945 2214; x_wconf 77' lang='lat' dir='ltr'><strong>legis</strong></span> 
     </span>
    </p>
   </div>
   <div class='ocr_carea' id='block_1_76' title="bbox 158 2222 944 2260">
    <p class='ocr_par' dir='ltr' id='par_1_76' title="bbox 158 2222 944 2260">
     <span class='ocr_line' id='line_1_76' title="bbox 158 2222 944 2260; baseline 0.003 -10"><span class='ocrx_word' id='word_1_560' title='bbox 158 2230 236 2254; x_wconf 85' lang='lat' dir='ltr'><strong>sum;</strong></span> <span class='ocrx_word' id='word_1_561' title='bbox 258 2222 326 2250; x_wconf 84' lang='lat' dir='ltr'><strong>nihil</strong></span> <span class='ocrx_word' id='word_1_562' title='bbox 340 2223 403 2250; x_wconf 87' lang='lat' dir='ltr'><strong>volo</strong></span> <span class='ocrx_word' id='word_1_563' title='bbox 421 2223 633 2256; x_wconf 61' lang='lat' dir='ltr'><strong>praetermissum</strong></span> <span class='ocrx_word' id='word_1_564' title='bbox 654 2223 688 2251; x_wconf 90' lang='lat' dir='ltr'><strong>ad</strong></span> <span class='ocrx_word' id='word_1_565' title='bbox 709 2224 791 2252; x_wconf 89' lang='lat' dir='ltr'><strong>totius</strong></span> <span class='ocrx_word' id='word_1_566' title='bbox 809 2225 944 2260; x_wconf 86' lang='lat' dir='ltr'><strong>impletio-</strong></span> 
     </span>
    </p>
   </div>
   <div class='ocr_carea' id='block_1_77' title="bbox 159 2270 944 2313">
    <p class='ocr_par' dir='ltr' id='par_1_77' title="bbox 159 2270 944 2313">
     <span class='ocr_line' id='line_1_77' title="bbox 159 2270 944 2313; baseline 0.005 -17"><span class='ocrx_word' id='word_1_567' title='bbox 159 2278 220 2297; x_wconf 87' lang='lat' dir='ltr'><strong>nem</strong></span> <span class='ocrx_word' id='word_1_568' title='bbox 238 2270 403 2304; x_wconf 85' lang='lat' dir='ltr'><strong>relinquere,</strong></span> <span class='ocrx_word' id='word_1_569' title='bbox 420 2275 449 2297; x_wconf 93' lang='lat' dir='ltr'><strong>ut</strong></span> <span class='ocrx_word' id='word_1_570' title='bbox 463 2275 522 2304; x_wconf 91' lang='lat' dir='ltr'><strong>post</strong></span> <span class='ocrx_word' id='word_1_571' title='bbox 537 2277 580 2297; x_wconf 87' lang='lat' dir='ltr'><strong>me</strong></span> <span class='ocrx_word' id='word_1_572' title='bbox 594 2271 750 2299; x_wconf 75' lang='lat' dir='ltr'><strong>exclamare</strong></span> <span class='ocrx_word' id='word_1_573' title='bbox 771 2272 944 2313; x_wconf 61' lang='lat' dir='ltr'><strong>possitJ’au-</strong></span> 
     </span>
    </p>
   </div>
   <div class='ocr_carea' id='block_1_78' title="bbox 158 2315 943 2352">
    <p class='ocr_par' dir='ltr' id='par_1_78' title="bbox 158 2315 943 2352">
     <span class='ocr_line' id='line_1_78' title="bbox 158 2315 943 2352; baseline 0.004 -9"><span class='ocrx_word' id='word_1_574' title='bbox 158 2318 201 2343; x_wconf 87' lang='lat' dir='ltr'><strong>lus</strong></span> <span class='ocrx_word' id='word_1_575' title='bbox 216 2325 223 2343; x_wconf 89' lang='lat'><strong>:</strong></span> <span class='ocrx_word' id='word_1_576' title='bbox 237 2325 247 2340; x_wconf 80' lang='grc' dir='ltr'><strong>ι</strong></span> <span class='ocrx_word' id='word_1_577' title='bbox 262 2315 385 2351; x_wconf 87' lang='lat' dir='ltr'><strong>lmpletio</strong></span> <span class='ocrx_word' id='word_1_578' title='bbox 410 2315 476 2350; x_wconf 77' lang='lat' dir='ltr'><strong>legis</strong></span> <span class='ocrx_word' id='word_1_579' title='bbox 501 2315 638 2349; x_wconf 80' lang='lat' dir='ltr'><strong>Christus,</strong></span> <span class='ocrx_word' id='word_1_580' title='bbox 664 2317 691 2344; x_wconf 93' lang='lat' dir='ltr'><strong>in</strong></span> <span class='ocrx_word' id='word_1_581' title='bbox 711 2318 846 2352; x_wconf 82' lang='lat' dir='ltr'><strong>justitiam</strong></span> <span class='ocrx_word' id='word_1_582' title='bbox 869 2321 943 2346; x_wconf 88' lang='lat' dir='ltr'><strong>omni</strong></span> 
     </span>
    </p>
   </div>
   <div class='ocr_carea' id='block_1_79' title="bbox 157 2361 944 2400">
    <p class='ocr_par' dir='ltr' id='par_1_79' title="bbox 157 2361 944 2400">
     <span class='ocr_line' id='line_1_79' title="bbox 157 2361 944 2400; baseline 0.004 -10"><span class='ocrx_word' id='word_1_583' title='bbox 157 2363 278 2390; x_wconf 86' lang='lat' dir='ltr'><strong>credenti</strong></span> <span class='ocrx_word' id='word_1_584' title='bbox 289 2362 311 2389; x_wconf 86' lang='lat'><strong>&#39;.</strong></span> <span class='ocrx_word' id='word_1_585' title='bbox 329 2361 394 2388; x_wconf 90' lang='lat' dir='ltr'><strong>Sine</strong></span> <span class='ocrx_word' id='word_1_586' title='bbox 411 2362 492 2389; x_wconf 86' lang='lat' dir='ltr'><strong>modo</strong></span> <span class='ocrx_word' id='word_1_587' title='bbox 507 2371 514 2389; x_wconf 86' lang='lat'><strong>:</strong></span> <span class='ocrx_word' id='word_1_588' title='bbox 533 2363 573 2390; x_wconf 80' lang='lat' dir='ltr'><strong>sic.</strong></span> <span class='ocrx_word' id='word_1_589' title='bbox 589 2363 661 2390; x_wconf 87' lang='lat' dir='ltr'><strong>enim</strong></span> <span class='ocrx_word' id='word_1_590' title='bbox 677 2363 754 2391; x_wconf 82' lang='lat' dir='ltr'><strong>decet</strong></span> <span class='ocrx_word' id='word_1_591' title='bbox 769 2372 819 2392; x_wconf 86' lang='lat' dir='ltr'><strong>nos</strong></span> <span class='ocrx_word' id='word_1_592' title='bbox 832 2365 944 2400; x_wconf 89' lang='lat' dir='ltr'><strong>implere</strong></span> 
     </span>
    </p>
   </div>
   <div class='ocr_carea' id='block_1_80' title="bbox 158 2408 944 2448">
    <p class='ocr_par' dir='ltr' id='par_1_80' title="bbox 158 2408 944 2448">
     <span class='ocr_line' id='line_1_80' title="bbox 158 2408 944 2448; baseline 0.003 -12"><span class='ocrx_word' id='word_1_593' title='bbox 158 2417 266 2436; x_wconf 86' lang='lat' dir='ltr'><strong>omnem</strong></span> <span class='ocrx_word' id='word_1_594' title='bbox 280 2409 416 2444; x_wconf 86' lang='lat' dir='ltr'><strong>justitiam</strong></span> <span class='ocrx_word' id='word_1_595' title='bbox 427 2409 447 2435; x_wconf 83' lang='lat'>&#39;.</span> <span class='ocrx_word' id='word_1_596' title='bbox 468 2419 478 2434; x_wconf 72' lang='grc' dir='ltr'><strong>ι</strong></span> <span class='ocrx_word' id='word_1_597' title='bbox 500 2408 609 2444; x_wconf 80' lang='lat' dir='ltr'><strong>Baptiza</strong></span> <span class='ocrx_word' id='word_1_598' title='bbox 626 2418 678 2442; x_wconf 88' lang='lat' dir='ltr'><strong>me,</strong></span> <span class='ocrx_word' id='word_1_599' title='bbox 691 2410 820 2444; x_wconf 77' lang='lat' dir='ltr'><strong>Joannes.</strong></span> <span class='ocrx_word' id='word_1_600' title='bbox 838 2420 871 2440; x_wconf 88' lang='lat' dir='ltr'><strong>ne</strong></span> <span class='ocrx_word' id='word_1_601' title='bbox 881 2414 944 2448; x_wconf 88' lang='lat' dir='ltr'><strong>quis</strong></span> 
     </span>
    </p>
   </div>
   <div class='ocr_carea' id='block_1_81' title="bbox 159 2455 943 2492">
    <p class='ocr_par' dir='ltr' id='par_1_81' title="bbox 159 2455 943 2492">
     <span class='ocr_line' id='line_1_81' title="bbox 159 2455 943 2492; baseline 0.004 -11"><span class='ocrx_word' id='word_1_602' title='bbox 159 2455 322 2489; x_wconf 84' lang='lat' dir='ltr'><strong>baptismum</strong></span> <span class='ocrx_word' id='word_1_603' title='bbox 340 2462 510 2489; x_wconf 84' lang='lat' dir='ltr'><strong>aspernetur.</strong></span> <span class='ocrx_word' id='word_1_604' title='bbox 527 2455 548 2482; x_wconf 79' lang='grc' dir='ltr'>Α</span> <span class='ocrx_word' id='word_1_605' title='bbox 561 2460 587 2482; x_wconf 89' lang='lat' dir='ltr'><strong>te</strong></span> <span class='ocrx_word' id='word_1_606' title='bbox 601 2463 679 2483; x_wconf 81' lang='lat' dir='ltr'><strong>servo</strong></span> <span class='ocrx_word' id='word_1_607' title='bbox 692 2456 824 2491; x_wconf 86' lang='lat' dir='ltr'><strong>baptizor,</strong></span> <span class='ocrx_word' id='word_1_608' title='bbox 837 2465 870 2484; x_wconf 92' lang='lat' dir='ltr'><strong>ne</strong></span> <span class='ocrx_word' id='word_1_609' title='bbox 881 2458 943 2492; x_wconf 74' lang='lat' dir='ltr'><strong>quis</strong></span> 
     </span>
    </p>
   </div>
   <div class='ocr_carea' id='block_1_82' title="bbox 159 2500 943 2537">
    <p class='ocr_par' dir='ltr' id='par_1_82' title="bbox 159 2500 943 2537">
     <span class='ocr_line' id='line_1_82' title="bbox 159 2500 943 2537; baseline 0.003 -10"><span class='ocrx_word' id='word_1_610' title='bbox 159 2508 254 2536; x_wconf 74' lang='lat' dir='ltr'><strong>regum</strong></span> <span class='ocrx_word' id='word_1_611' title='bbox 273 2504 322 2527; x_wconf 87' lang='lat' dir='ltr'><strong>aut</strong></span> <span class='ocrx_word' id='word_1_612' title='bbox 340 2500 511 2534; x_wconf 72' lang='lat' dir='ltr'><strong>superiorum</strong></span> <span class='ocrx_word' id='word_1_613' title='bbox 529 2507 640 2534; x_wconf 81' lang='lat' dir='ltr'><strong>respuat</strong></span> <span class='ocrx_word' id='word_1_614' title='bbox 657 2509 672 2528; x_wconf 75' lang='lat' dir='ltr'><strong>a</strong></span> <span class='ocrx_word' id='word_1_615' title='bbox 688 2506 843 2537; x_wconf 89' lang='lat' dir='ltr'><strong>contempto</strong></span> <span class='ocrx_word' id='word_1_616' title='bbox 856 2510 943 2530; x_wconf 86' lang='lat' dir='ltr'><strong>sacer-</strong></span> 
     </span>
    </p>
   </div>
   <div class='ocr_carea' id='block_1_83' title="bbox 158 2545 943 2581">
    <p class='ocr_par' dir='ltr' id='par_1_83' title="bbox 158 2545 943 2581">
     <span class='ocr_line' id='line_1_83' title="bbox 158 2545 943 2581; baseline 0.003 -7"><span class='ocrx_word' id='word_1_617' title='bbox 158 2547 220 2574; x_wconf 81' lang='lat' dir='ltr'><strong>dote</strong></span> <span class='ocrx_word' id='word_1_618' title='bbox 232 2546 374 2581; x_wconf 87' lang='lat' dir='ltr'><strong>baptizari.</strong></span> <span class='ocrx_word' id='word_1_619' title='bbox 388 2545 516 2574; x_wconf 87' lang='lat' dir='ltr'><strong>Permitte</strong></span> <span class='ocrx_word' id='word_1_620' title='bbox 529 2547 556 2574; x_wconf 88' lang='lat' dir='ltr'><strong>in</strong></span> <span class='ocrx_word' id='word_1_621' title='bbox 569 2546 714 2575; x_wconf 84' lang='lat' dir='ltr'><strong>Jordanem</strong></span> <span class='ocrx_word' id='word_1_622' title='bbox 724 2548 898 2580; x_wconf 87' lang='lat' dir='ltr'><strong>descendam,</strong></span> <span class='ocrx_word' id='word_1_623' title='bbox 913 2553 943 2576; x_wconf 91' lang='lat' dir='ltr'><strong>ut</strong></span> 
     </span>
    </p>
   </div>
   <div class='ocr_carea' id='block_1_84' title="bbox 159 2591 942 2629">
    <p class='ocr_par' dir='ltr' id='par_1_84' title="bbox 159 2591 942 2629">
     <span class='ocr_line' id='line_1_84' title="bbox 159 2591 942 2629; baseline 0.001 -9"><span class='ocrx_word' id='word_1_624' title='bbox 159 2593 272 2620; x_wconf 83' lang='lat' dir='ltr'><strong>audiant</strong></span> <span class='ocrx_word' id='word_1_625' title='bbox 287 2591 376 2619; x_wconf 82' lang='lat' dir='ltr'><strong>Patris</strong></span> <span class='ocrx_word' id='word_1_626' title='bbox 393 2592 590 2625; x_wconf 89' lang='lat' dir='ltr'><strong>testimonium,</strong></span> <span class='ocrx_word' id='word_1_627' title='bbox 603 2598 630 2620; x_wconf 89' lang='lat' dir='ltr'><strong>et</strong></span> <span class='ocrx_word' id='word_1_628' title='bbox 649 2594 709 2622; x_wconf 87' lang='lat' dir='ltr'><strong>Filii</strong></span> <span class='ocrx_word' id='word_1_629' title='bbox 728 2594 876 2629; x_wconf 84' lang='lat' dir='ltr'><strong>potentiam</strong></span> <span class='ocrx_word' id='word_1_630' title='bbox 895 2602 942 2622; x_wconf 87' lang='lat' dir='ltr'><strong>co-</strong></span> 
     </span>
    </p>
   </div>
   <div class='ocr_carea' id='block_1_85' title="bbox 159 2637 941 2673">
    <p class='ocr_par' dir='ltr' id='par_1_85' title="bbox 159 2637 941 2673">
     <span class='ocr_line' id='line_1_85' title="bbox 159 2637 941 2673; baseline 0.003 -8"><span class='ocrx_word' id='word_1_631' title='bbox 159 2642 301 2673; x_wconf 73' lang='lat' dir='ltr'><strong>gnoscant.</strong></span> <span class='ocrx_word' id='word_1_632' title='bbox 324 2637 453 2665; x_wconf 87' lang='lat' dir='ltr'><strong>Permitte</strong></span> <span class='ocrx_word' id='word_1_633' title='bbox 476 2647 562 2672; x_wconf 87' lang='lat' dir='ltr'><strong>nunc;</strong></span> <span class='ocrx_word' id='word_1_634' title='bbox 587 2640 624 2667; x_wconf 87' lang='lat' dir='ltr'><strong>ita</strong></span> <span class='ocrx_word' id='word_1_635' title='bbox 647 2640 719 2667; x_wconf 90' lang='lat' dir='ltr'><strong>enim</strong></span> <span class='ocrx_word' id='word_1_636' title='bbox 739 2640 816 2668; x_wconf 82' lang='lat' dir='ltr'><strong>decet</strong></span> <span class='ocrx_word' id='word_1_637' title='bbox 830 2647 941 2667; x_wconf 86' lang='lat' dir='ltr'><strong>omnem</strong></span> 
     </span>
    </p>
   </div>
   <div class='ocr_carea' id='block_1_86' title="bbox 193 2718 936 2758">
    <p class='ocr_par' dir='ltr' id='par_1_86' title="bbox 193 2718 936 2758">
     <span class='ocr_line' id='line_1_86' title="bbox 193 2718 936 2758; baseline 0.009 -13"><span class='ocrx_word' id='word_1_638' title='bbox 193 2719 204 2734; x_wconf 76' lang='grc'><strong>⁸</strong></span> <span class='ocrx_word' id='word_1_639' title='bbox 223 2718 318 2747; x_wconf 79' lang='lat' dir='ltr'><strong>Matth.</strong></span> <span class='ocrx_word' id='word_1_640' title='bbox 335 2728 374 2754; x_wconf 86' lang='lat' dir='ltr'><strong>ut,</strong></span> <span class='ocrx_word' id='word_1_641' title='bbox 393 2722 436 2748; x_wconf 77' lang='lat' dir='ltr'><strong>M.</strong></span> <span class='ocrx_word' id='word_1_642' title='bbox 475 2722 484 2737; x_wconf 87' lang='lat'><strong><em>&#39;</em></strong></span> <span class='ocrx_word' id='word_1_643' title='bbox 503 2722 580 2750; x_wconf 69' lang='lat' dir='ltr'><strong>Rom.</strong></span> <span class='ocrx_word' id='word_1_644' title='bbox 597 2732 623 2754; x_wconf 81' lang='lat' dir='ltr'><strong>x,</strong></span> <span class='ocrx_word' id='word_1_645' title='bbox 639 2723 664 2750; x_wconf 70' lang='grc' dir='ltr'><strong>Δ.</strong></span> <span class='ocrx_word' id='word_1_646' title='bbox 703 2723 714 2739; x_wconf 82' lang='grc'>⁸</span> <span class='ocrx_word' id='word_1_647' title='bbox 727 2723 821 2754; x_wconf 84' lang='lat' dir='ltr'><strong>Matth.</strong></span> <span class='ocrx_word' id='word_1_648' title='bbox 840 2725 936 2758; x_wconf 59' lang='lat' dir='ltr'><strong>Ill,15.</strong></span> 
     </span>
    </p>
   </div>
   <div class='ocr_carea' id='block_1_87' title="bbox 193 2786 943 2825">
    <p class='ocr_par' dir='ltr' id='par_1_87' title="bbox 193 2786 943 2825">
     <span class='ocr_line' id='line_1_87' title="bbox 193 2786 943 2825; baseline 0.008 -12"><span class='ocrx_word' id='word_1_649' title='bbox 193 2786 248 2821; x_wconf 71' lang='lat'><strong>(77)</strong></span> <span class='ocrx_word' id='word_1_650' title='bbox 270 2787 324 2815; x_wconf 79' lang='grc' dir='ltr'><strong>Τοῦ</strong></span> <span class='ocrx_word' id='word_1_651' title='bbox 337 2788 477 2815; x_wconf 72' lang='grc' dir='ltr'>διαϐόλου</span> <span class='ocrx_word' id='word_1_652' title='bbox 498 2791 788 2825; x_wconf 69' lang='grc' dir='ltr'>καταπληττομένου.</span> <span class='ocrx_word' id='word_1_653' title='bbox 814 2791 943 2819; x_wconf 79' lang='lat' dir='ltr'><strong>Commu-</strong></span> 
     </span>
    </p>
   </div>
   <div class='ocr_carea' id='block_1_88' title="bbox 160 2822 942 2861">
    <p class='ocr_par' dir='ltr' id='par_1_88' title="bbox 160 2822 942 2861">
     <span class='ocr_line' id='line_1_88' title="bbox 160 2822 942 2861; baseline 0.006 -11"><span class='ocrx_word' id='word_1_654' title='bbox 160 2822 202 2850; x_wconf 82' lang='lat' dir='ltr'><strong>ttis</strong></span> <span class='ocrx_word' id='word_1_655' title='bbox 217 2827 334 2850; x_wconf 78' lang='lat' dir='ltr'><strong>veterum</strong></span> <span class='ocrx_word' id='word_1_656' title='bbox 354 2825 485 2852; x_wconf 84' lang='lat' dir='ltr'><strong>sententia</strong></span> <span class='ocrx_word' id='word_1_657' title='bbox 503 2830 552 2853; x_wconf 87' lang='lat' dir='ltr'><strong>est.</strong></span> <span class='ocrx_word' id='word_1_658' title='bbox 566 2822 701 2853; x_wconf 80' lang='lat' dir='ltr'><strong>diabolum</strong></span> <span class='ocrx_word' id='word_1_659' title='bbox 717 2827 855 2861; x_wconf 74' lang='lat' dir='ltr'><strong>ignorasse</strong></span> <span class='ocrx_word' id='word_1_660' title='bbox 871 2836 942 2855; x_wconf 66' lang='grc' dir='ltr'><strong>ους-υ-</strong></span> 
     </span>
    </p>
   </div>
   <div class='ocr_carea' id='block_1_89' title="bbox 1000 1535 1791 1571">
    <p class='ocr_par' dir='ltr' id='par_1_89' title="bbox 1000 1535 1791 1571">
     <span class='ocr_line' id='line_1_89' title="bbox 1000 1535 1791 1571; baseline 0 -9"><span class='ocrx_word' id='word_1_661' title='bbox 1000 1536 1047 1562; x_wconf 77' lang='grc' dir='ltr'><strong>καὶ</strong></span> <span class='ocrx_word' id='word_1_662' title='bbox 1062 1535 1091 1562; x_wconf 79' lang='grc' dir='ltr'>τὸ</span> <span class='ocrx_word' id='word_1_663' title='bbox 1107 1535 1156 1571; x_wconf 78' lang='grc' dir='ltr'>τῆς</span> <span class='ocrx_word' id='word_1_664' title='bbox 1173 1536 1315 1571; x_wconf 79' lang='grc' dir='ltr'>μετανοίας</span> <span class='ocrx_word' id='word_1_665' title='bbox 1330 1536 1416 1568; x_wconf 81' lang='grc' dir='ltr'>θέλεις</span> <span class='ocrx_word' id='word_1_666' title='bbox 1429 1536 1611 1571; x_wconf 74' lang='grc' dir='ltr'>βαπτισθῆναι</span> <span class='ocrx_word' id='word_1_667' title='bbox 1627 1536 1791 1571; x_wconf 75' lang='grc' dir='ltr'>βάπτισμα;</span> 
     </span>
    </p>
   </div>
   <div class='ocr_carea' id='block_1_90' title="bbox 999 1582 1794 1618">
    <p class='ocr_par' dir='ltr' id='par_1_90' title="bbox 999 1582 1794 1618">
     <span class='ocr_line' id='line_1_90' title="bbox 999 1582 1794 1618; baseline 0.001 -10"><span class='ocrx_word' id='word_1_668' title='bbox 999 1582 1031 1608; x_wconf 74' lang='lat' dir='ltr'><strong>Et</strong></span> <span class='ocrx_word' id='word_1_669' title='bbox 1046 1582 1092 1609; x_wconf 81' lang='grc' dir='ltr'>καὶ</span> <span class='ocrx_word' id='word_1_670' title='bbox 1106 1583 1161 1616; x_wconf 81' lang='grc' dir='ltr'><strong>ἐγώ</strong></span> <span class='ocrx_word' id='word_1_671' title='bbox 1174 1590 1202 1608; x_wconf 86' lang='grc' dir='ltr'><strong>σε</strong></span> <span class='ocrx_word' id='word_1_672' title='bbox 1213 1582 1340 1618; x_wconf 79' lang='grc' dir='ltr'>τολμήσω</span> <span class='ocrx_word' id='word_1_673' title='bbox 1355 1583 1495 1618; x_wconf 82' lang='grc' dir='ltr'>βαπτίσαι,</span> <span class='ocrx_word' id='word_1_674' title='bbox 1509 1584 1523 1609; x_wconf 90' lang='lat'><strong>6</strong></span> <span class='ocrx_word' id='word_1_675' title='bbox 1539 1582 1676 1618; x_wconf 78' lang='grc' dir='ltr'>Ἰορδάνης</span> <span class='ocrx_word' id='word_1_676' title='bbox 1691 1583 1722 1608; x_wconf 78' lang='grc' dir='ltr'>οὺ</span> <span class='ocrx_word' id='word_1_677' title='bbox 1734 1582 1794 1609; x_wconf 82' lang='grc' dir='ltr'>τολ-</span> 
     </span>
    </p>
   </div>
   <div class='ocr_carea' id='block_1_91' title="bbox 1001 1627 1794 1663">
    <p class='ocr_par' dir='ltr' id='par_1_91' title="bbox 1001 1627 1794 1663">
     <span class='ocr_line' id='line_1_91' title="bbox 1001 1627 1794 1663; baseline 0.001 -10"><span class='ocrx_word' id='word_1_678' title='bbox 1001 1627 1040 1662; x_wconf 80' lang='grc' dir='ltr'><strong>μᾷ</strong></span> <span class='ocrx_word' id='word_1_679' title='bbox 1054 1627 1212 1663; x_wconf 78' lang='grc' dir='ltr'>πλησιάσαι.</span> <span class='ocrx_word' id='word_1_680' title='bbox 1228 1636 1237 1653; x_wconf 74' lang='grc' dir='ltr'><strong>ε</strong></span> <span class='ocrx_word' id='word_1_681' title='bbox 1249 1627 1319 1661; x_wconf 83' lang='grc' dir='ltr'><strong>Ἐγὼ</strong></span> <span class='ocrx_word' id='word_1_682' title='bbox 1333 1627 1427 1662; x_wconf 78' lang='grc' dir='ltr'>χρείαν</span> <span class='ocrx_word' id='word_1_683' title='bbox 1443 1627 1496 1663; x_wconf 79' lang='grc' dir='ltr'>ἔχω</span> <span class='ocrx_word' id='word_1_684' title='bbox 1509 1628 1560 1654; x_wconf 79' lang='grc' dir='ltr'><strong>ὑπὸ</strong></span> <span class='ocrx_word' id='word_1_685' title='bbox 1577 1627 1625 1654; x_wconf 71' lang='grc' dir='ltr'>σοῦ</span> <span class='ocrx_word' id='word_1_686' title='bbox 1644 1628 1794 1663; x_wconf 77' lang='grc' dir='ltr'>βαπτισθῆ-</span> 
     </span>
    </p>
   </div>
   <div class='ocr_carea' id='block_1_92' title="bbox 999 1673 1426 1709">
    <p class='ocr_par' dir='ltr' id='par_1_92' title="bbox 999 1673 1426 1709">
     <span class='ocr_line' id='line_1_92' title="bbox 999 1673 1426 1709; baseline 0 -10"><span class='ocrx_word' id='word_1_687' title='bbox 999 1681 1053 1704; x_wconf 82' lang='grc' dir='ltr'>ναι,</span> <span class='ocrx_word' id='word_1_688' title='bbox 1070 1673 1116 1699; x_wconf 76' lang='grc' dir='ltr'>καὶ</span> <span class='ocrx_word' id='word_1_689' title='bbox 1132 1673 1163 1700; x_wconf 80' lang='grc' dir='ltr'>σὺ</span> <span class='ocrx_word' id='word_1_690' title='bbox 1180 1673 1248 1709; x_wconf 75' lang='grc' dir='ltr'>ἔρχῃ</span> <span class='ocrx_word' id='word_1_691' title='bbox 1263 1673 1332 1709; x_wconf 81' lang='grc' dir='ltr'>πρὸς</span> <span class='ocrx_word' id='word_1_692' title='bbox 1349 1674 1399 1708; x_wconf 83' lang='grc' dir='ltr'>μέ;</span> <span class='ocrx_word' id='word_1_693' title='bbox 1417 1683 1426 1699; x_wconf 77' lang='grc' dir='ltr'><strong>ι</strong></span> 
     </span>
    </p>
   </div>
   <div class='ocr_carea' id='block_1_93' title="bbox 1034 1715 1793 1754">
    <p class='ocr_par' dir='ltr' id='par_1_93' title="bbox 1034 1715 1793 1754">
     <span class='ocr_line' id='line_1_93' title="bbox 1034 1715 1793 1754; baseline 0.001 -10"><span class='ocrx_word' id='word_1_694' title='bbox 1034 1717 1067 1744; x_wconf 85' lang='grc' dir='ltr'>Τί</span> <span class='ocrx_word' id='word_1_695' title='bbox 1087 1715 1134 1745; x_wconf 74' lang='grc' dir='ltr'>οὖν</span> <span class='ocrx_word' id='word_1_696' title='bbox 1147 1719 1162 1744; x_wconf 84' lang='grc' dir='ltr'>ὁ</span> <span class='ocrx_word' id='word_1_697' title='bbox 1178 1718 1279 1753; x_wconf 81' lang='grc' dir='ltr'>Κύριος</span> <span class='ocrx_word' id='word_1_698' title='bbox 1298 1719 1367 1754; x_wconf 86' lang='grc' dir='ltr'>πρὸς</span> <span class='ocrx_word' id='word_1_699' title='bbox 1381 1718 1477 1751; x_wconf 75' lang='grc' dir='ltr'>αὐτόνς</span> <span class='ocrx_word' id='word_1_700' title='bbox 1495 1719 1596 1753; x_wconf 72' lang='grc' dir='ltr'>«Ἄφες</span> <span class='ocrx_word' id='word_1_701' title='bbox 1613 1719 1689 1754; x_wconf 75' lang='grc' dir='ltr'>ἄρτι,</span> <span class='ocrx_word' id='word_1_702' title='bbox 1707 1719 1793 1750; x_wconf 72' lang='grc' dir='ltr'>οὕτως</span> 
     </span>
    </p>
   </div>
   <div class='ocr_carea' id='block_1_94' title="bbox 999 1763 1792 1800">
    <p class='ocr_par' dir='ltr' id='par_1_94' title="bbox 999 1763 1792 1800">
     <span class='ocr_line' id='line_1_94' title="bbox 999 1763 1792 1800; baseline 0.001 -10"><span class='ocrx_word' id='word_1_703' title='bbox 999 1763 1053 1800; x_wconf 85' lang='grc' dir='ltr'>γὰρ</span> <span class='ocrx_word' id='word_1_704' title='bbox 1078 1764 1181 1799; x_wconf 85' lang='grc' dir='ltr'>πρέπον</span> <span class='ocrx_word' id='word_1_705' title='bbox 1198 1765 1263 1800; x_wconf 82' lang='grc' dir='ltr'>ἡμῖν</span> <span class='ocrx_word' id='word_1_706' title='bbox 1286 1764 1359 1790; x_wconf 78' lang='grc' dir='ltr'>ἐστιν</span> <span class='ocrx_word' id='word_1_707' title='bbox 1378 1764 1520 1800; x_wconf 79' lang='grc' dir='ltr'>πληρῶσαι</span> <span class='ocrx_word' id='word_1_708' title='bbox 1545 1765 1636 1791; x_wconf 77' lang='grc' dir='ltr'>πᾶσαν</span> <span class='ocrx_word' id='word_1_709' title='bbox 1653 1764 1792 1791; x_wconf 77' lang='grc' dir='ltr'>δικαιοσύ-</span> 
     </span>
    </p>
   </div>
   <div class='ocr_carea' id='block_1_95' title="bbox 998 1809 1792 1846">
    <p class='ocr_par' dir='ltr' id='par_1_95' title="bbox 998 1809 1792 1846">
     <span class='ocr_line' id='line_1_95' title="bbox 998 1809 1792 1846; baseline 0.003 -10"><span class='ocrx_word' id='word_1_710' title='bbox 998 1811 1165 1846; x_wconf 79' lang='grc' dir='ltr'>νην.ι“’Δφες</span> <span class='ocrx_word' id='word_1_711' title='bbox 1180 1811 1253 1846; x_wconf 77' lang='grc' dir='ltr'>ἄρτι,</span> <span class='ocrx_word' id='word_1_712' title='bbox 1262 1810 1384 1846; x_wconf 85' lang='grc' dir='ltr'>Ἰωάννη,</span> <span class='ocrx_word' id='word_1_713' title='bbox 1399 1811 1449 1837; x_wconf 81' lang='grc' dir='ltr'>οὐκ</span> <span class='ocrx_word' id='word_1_714' title='bbox 1464 1809 1489 1837; x_wconf 74' lang='grc' dir='ltr'>εἷ</span> <span class='ocrx_word' id='word_1_715' title='bbox 1501 1819 1552 1845; x_wconf 91' lang='grc' dir='ltr'><strong>μου</strong></span> <span class='ocrx_word' id='word_1_716' title='bbox 1568 1810 1738 1846; x_wconf 84' lang='grc' dir='ltr'>σοφώτερος.</span> <span class='ocrx_word' id='word_1_717' title='bbox 1756 1811 1792 1838; x_wconf 85' lang='grc' dir='ltr'><strong>Σὺ</strong></span> 
     </span>
    </p>
   </div>
   <div class='ocr_carea' id='block_1_96' title="bbox 997 1855 1791 1892">
    <p class='ocr_par' dir='ltr' id='par_1_96' title="bbox 997 1855 1791 1892">
     <span class='ocr_line' id='line_1_96' title="bbox 997 1855 1791 1892; baseline 0.003 -10"><span class='ocrx_word' id='word_1_718' title='bbox 997 1856 1035 1888; x_wconf 83' lang='grc' dir='ltr'>ὡς</span> <span class='ocrx_word' id='word_1_719' title='bbox 1058 1855 1201 1892; x_wconf 74' lang='grc' dir='ltr'>ἄνθρωπος</span> <span class='ocrx_word' id='word_1_720' title='bbox 1225 1856 1343 1891; x_wconf 77' lang='grc' dir='ltr'>βλέπεις,</span> <span class='ocrx_word' id='word_1_721' title='bbox 1367 1855 1423 1890; x_wconf 79' lang='grc' dir='ltr'><strong>ἐγὼ</strong></span> <span class='ocrx_word' id='word_1_722' title='bbox 1445 1855 1484 1888; x_wconf 76' lang='grc' dir='ltr'>ὡς</span> <span class='ocrx_word' id='word_1_723' title='bbox 1507 1856 1572 1888; x_wconf 80' lang='grc' dir='ltr'>Θεὸς</span> <span class='ocrx_word' id='word_1_724' title='bbox 1596 1857 1791 1892; x_wconf 72' lang='grc' dir='ltr'>προγινώσκω.</span> 
     </span>
    </p>
   </div>
   <div class='ocr_carea' id='block_1_97' title="bbox 997 1901 1792 1938">
    <p class='ocr_par' dir='ltr' id='par_1_97' title="bbox 997 1901 1792 1938">
     <span class='ocr_line' id='line_1_97' title="bbox 997 1901 1792 1938; baseline 0 -10"><span class='ocrx_word' id='word_1_725' title='bbox 997 1901 1108 1938; x_wconf 84' lang='grc' dir='ltr'>Πρῶτόν</span> <span class='ocrx_word' id='word_1_726' title='bbox 1130 1910 1164 1937; x_wconf 86' lang='grc' dir='ltr'><strong>με</strong></span> <span class='ocrx_word' id='word_1_727' title='bbox 1185 1901 1227 1928; x_wconf 84' lang='grc' dir='ltr'>δεῖ</span> <span class='ocrx_word' id='word_1_728' title='bbox 1247 1902 1369 1938; x_wconf 79' lang='grc' dir='ltr'>ποιῆσαι,</span> <span class='ocrx_word' id='word_1_729' title='bbox 1391 1903 1438 1929; x_wconf 77' lang='grc' dir='ltr'>καὶ</span> <span class='ocrx_word' id='word_1_730' title='bbox 1463 1902 1548 1934; x_wconf 82' lang='grc' dir='ltr'>οὕτως</span> <span class='ocrx_word' id='word_1_731' title='bbox 1569 1902 1686 1934; x_wconf 76' lang='grc' dir='ltr'>διδάξαι.</span> <span class='ocrx_word' id='word_1_732' title='bbox 1711 1903 1792 1930; x_wconf 62' lang='grc' dir='ltr'>Οὐδὲν</span> 
     </span>
    </p>
   </div>
   <div class='ocr_carea' id='block_1_98' title="bbox 997 1947 1789 1984">
    <p class='ocr_par' dir='ltr' id='par_1_98' title="bbox 997 1947 1789 1984">
     <span class='ocr_line' id='line_1_98' title="bbox 997 1947 1789 1984; baseline 0 -10"><span class='ocrx_word' id='word_1_733' title='bbox 997 1947 1120 1984; x_wconf 78' lang='grc' dir='ltr'>ἀπρεπὲς</span> <span class='ocrx_word' id='word_1_734' title='bbox 1137 1947 1313 1984; x_wconf 85' lang='grc' dir='ltr'>μετέρχομαι,</span> <span class='ocrx_word' id='word_1_735' title='bbox 1327 1948 1492 1984; x_wconf 85' lang='grc' dir='ltr'>εὐπρέπειαν</span> <span class='ocrx_word' id='word_1_736' title='bbox 1506 1949 1561 1984; x_wconf 82' lang='grc' dir='ltr'>γὰρ</span> <span class='ocrx_word' id='word_1_737' title='bbox 1575 1948 1789 1984; x_wconf 71' lang='grc' dir='ltr'>περιϐέϐλημαι.</span> 
     </span>
    </p>
   </div>
   <div class='ocr_carea' id='block_1_99' title="bbox 996 1991 1790 2031">
    <p class='ocr_par' dir='ltr' id='par_1_99' title="bbox 996 1991 1790 2031">
     <span class='ocr_line' id='line_1_99' title="bbox 996 1991 1790 2031; baseline 0.001 -10"><span class='ocrx_word' id='word_1_738' title='bbox 996 1993 1163 2029; x_wconf 81' lang='grc' dir='ltr'>Θαυμάζεις,</span> <span class='ocrx_word' id='word_1_739' title='bbox 1176 1991 1198 2021; x_wconf 84' lang='grc' dir='ltr'><strong>ὧ</strong></span> <span class='ocrx_word' id='word_1_740' title='bbox 1215 1994 1335 2031; x_wconf 80' lang='grc' dir='ltr'>Ἰωάννη,</span> <span class='ocrx_word' id='word_1_741' title='bbox 1347 1995 1387 2021; x_wconf 81' lang='grc' dir='ltr'>ὅτι</span> <span class='ocrx_word' id='word_1_742' title='bbox 1401 1995 1450 2021; x_wconf 88' lang='grc' dir='ltr'>οὑκ</span> <span class='ocrx_word' id='word_1_743' title='bbox 1462 1992 1543 2030; x_wconf 80' lang='grc' dir='ltr'>ἦλθον</span> <span class='ocrx_word' id='word_1_744' title='bbox 1557 1994 1626 2029; x_wconf 78' lang='grc' dir='ltr'>μετὰ</span> <span class='ocrx_word' id='word_1_745' title='bbox 1641 1994 1690 2021; x_wconf 69' lang='grc' dir='ltr'><strong>τοῦ</strong></span> <span class='ocrx_word' id='word_1_746' title='bbox 1708 1995 1790 2028; x_wconf 79' lang='grc' dir='ltr'><strong>ἀξιώ-</strong></span> 
     </span>
    </p>
   </div>
   <div class='ocr_carea' id='block_1_100' title="bbox 998 2039 1790 2077">
    <p class='ocr_par' dir='ltr' id='par_1_100' title="bbox 998 2039 1790 2077">
     <span class='ocr_line' id='line_1_100' title="bbox 998 2039 1790 2077; baseline 0.003 -11"><span class='ocrx_word' id='word_1_747' title='bbox 998 2040 1082 2076; x_wconf 81' lang='grc' dir='ltr'>ματός</span> <span class='ocrx_word' id='word_1_748' title='bbox 1109 2049 1178 2076; x_wconf 74' lang='grc' dir='ltr'>μους</span> <span class='ocrx_word' id='word_1_749' title='bbox 1198 2039 1301 2077; x_wconf 76' lang='grc' dir='ltr'>’ἰδιώτῃ</span> <span class='ocrx_word' id='word_1_750' title='bbox 1327 2041 1377 2076; x_wconf 75' lang='grc' dir='ltr'>μὲν</span> <span class='ocrx_word' id='word_1_751' title='bbox 1400 2041 1455 2076; x_wconf 79' lang='grc' dir='ltr'><strong>γὰρ</strong></span> <span class='ocrx_word' id='word_1_752' title='bbox 1478 2041 1508 2067; x_wconf 85' lang='grc' dir='ltr'>οὐ</span> <span class='ocrx_word' id='word_1_753' title='bbox 1532 2040 1632 2077; x_wconf 79' lang='grc' dir='ltr'>πρέπει</span> <span class='ocrx_word' id='word_1_754' title='bbox 1662 2041 1790 2076; x_wconf 83' lang='grc' dir='ltr'>βασιλική</span> 
     </span>
    </p>
   </div>
   <div class='ocr_carea' id='block_1_101' title="bbox 995 2085 1788 2122">
    <p class='ocr_par' dir='ltr' id='par_1_101' title="bbox 995 2085 1788 2122">
     <span class='ocr_line' id='line_1_101' title="bbox 995 2085 1788 2122; baseline 0.004 -11"><span class='ocrx_word' id='word_1_755' title='bbox 995 2085 1132 2120; x_wconf 79' lang='grc' dir='ltr'>ἁλουργὶς,</span> <span class='ocrx_word' id='word_1_756' title='bbox 1150 2085 1255 2120; x_wconf 83' lang='grc' dir='ltr'>βασιλεί</span> <span class='ocrx_word' id='word_1_757' title='bbox 1277 2085 1305 2112; x_wconf 80' lang='grc' dir='ltr'>δὲ</span> <span class='ocrx_word' id='word_1_758' title='bbox 1330 2085 1429 2121; x_wconf 81' lang='grc' dir='ltr'>πρέπει</span> <span class='ocrx_word' id='word_1_759' title='bbox 1456 2086 1651 2122; x_wconf 82' lang='grc' dir='ltr'>στρατιωτικὸν</span> <span class='ocrx_word' id='word_1_760' title='bbox 1676 2087 1788 2122; x_wconf 80' lang='grc' dir='ltr'>σχῆμα·</span> 
     </span>
    </p>
   </div>
   <div class='ocr_carea' id='block_1_102' title="bbox 997 2129 1790 2170">
    <p class='ocr_par' dir='ltr' id='par_1_102' title="bbox 997 2129 1790 2170">
     <span class='ocr_line' id='line_1_102' title="bbox 997 2129 1790 2170; baseline 0.004 -12"><span class='ocrx_word' id='word_1_761' title='bbox 997 2132 1064 2168; x_wconf 77' lang='grc' dir='ltr'>πρὸς</span> <span class='ocrx_word' id='word_1_762' title='bbox 1081 2131 1210 2166; x_wconf 84' lang='grc' dir='ltr'>τύραννον</span> <span class='ocrx_word' id='word_1_763' title='bbox 1223 2129 1314 2167; x_wconf 79' lang='grc' dir='ltr'>ἦλθον,</span> <span class='ocrx_word' id='word_1_764' title='bbox 1331 2131 1368 2168; x_wconf 82' lang='grc' dir='ltr'>μὴ</span> <span class='ocrx_word' id='word_1_765' title='bbox 1385 2131 1439 2168; x_wconf 78' lang='grc' dir='ltr'><strong>γὰρ</strong></span> <span class='ocrx_word' id='word_1_766' title='bbox 1451 2132 1518 2168; x_wconf 84' lang='grc' dir='ltr'>πρὸς</span> <span class='ocrx_word' id='word_1_767' title='bbox 1531 2133 1624 2167; x_wconf 74' lang='grc' dir='ltr'>φίλονς</span> <span class='ocrx_word' id='word_1_768' title='bbox 1642 2134 1733 2168; x_wconf 72' lang='grc' dir='ltr'>Ἄφες</span> <span class='ocrx_word' id='word_1_769' title='bbox 1745 2135 1790 2170; x_wconf 83' lang='grc' dir='ltr'><strong>ἄρ-</strong></span> 
     </span>
    </p>
   </div>
   <div class='ocr_carea' id='block_1_103' title="bbox 962 2169 1789 2214">
    <p class='ocr_par' dir='ltr' id='par_1_103' title="bbox 962 2169 1789 2214">
     <span class='ocr_line' id='line_1_103' title="bbox 962 2169 1789 2214; baseline 0.001 -10"><span class='ocrx_word' id='word_1_770' title='bbox 962 2169 984 2197; x_wconf 79' lang='lat' dir='ltr'><strong>D</strong></span> <span class='ocrx_word' id='word_1_771' title='bbox 997 2187 1033 2209; x_wconf 86' lang='grc' dir='ltr'><strong>τι,</strong></span> <span class='ocrx_word' id='word_1_772' title='bbox 1049 2178 1135 2210; x_wconf 76' lang='grc' dir='ltr'>οὕτως</span> <span class='ocrx_word' id='word_1_773' title='bbox 1148 2178 1202 2213; x_wconf 81' lang='grc' dir='ltr'>γὰρ</span> <span class='ocrx_word' id='word_1_774' title='bbox 1218 2178 1321 2213; x_wconf 85' lang='grc' dir='ltr'>πρέπον</span> <span class='ocrx_word' id='word_1_775' title='bbox 1335 2179 1399 2214; x_wconf 82' lang='grc' dir='ltr'>ἡμῖν</span> <span class='ocrx_word' id='word_1_776' title='bbox 1415 2179 1497 2211; x_wconf 82' lang='grc' dir='ltr'>ἐστιν,</span> <span class='ocrx_word' id='word_1_777' title='bbox 1511 2180 1600 2205; x_wconf 79' lang='grc' dir='ltr'>πᾶσαν</span> <span class='ocrx_word' id='word_1_778' title='bbox 1613 2179 1789 2214; x_wconf 70' lang='grc' dir='ltr'>δικαιοσύνην</span> 
     </span>
    </p>
   </div>
   <div class='ocr_carea' id='block_1_104' title="bbox 997 2223 1789 2261">
    <p class='ocr_par' dir='ltr' id='par_1_104' title="bbox 997 2223 1789 2261">
     <span class='ocr_line' id='line_1_104' title="bbox 997 2223 1789 2261; baseline 0.003 -11"><span class='ocrx_word' id='word_1_779' title='bbox 997 2224 1149 2260; x_wconf 79' lang='grc' dir='ltr'>πληρῶσαι.</span> <span class='ocrx_word' id='word_1_780' title='bbox 1171 2223 1320 2260; x_wconf 80' lang='grc' dir='ltr'>Πληρωτής</span> <span class='ocrx_word' id='word_1_781' title='bbox 1337 2225 1394 2259; x_wconf 79' lang='grc' dir='ltr'>εἰμι</span> <span class='ocrx_word' id='word_1_782' title='bbox 1409 2224 1501 2260; x_wconf 85' lang='grc' dir='ltr'>νόμου,</span> <span class='ocrx_word' id='word_1_783' title='bbox 1512 2224 1586 2250; x_wconf 73' lang='grc' dir='ltr'>οὐδὲν</span> <span class='ocrx_word' id='word_1_784' title='bbox 1602 2224 1738 2261; x_wconf 83' lang='grc' dir='ltr'>βούλομαι</span> <span class='ocrx_word' id='word_1_785' title='bbox 1749 2225 1789 2252; x_wconf 76' lang='grc' dir='ltr'><strong>ἐλ-</strong></span> 
     </span>
    </p>
   </div>
   <div class='ocr_carea' id='block_1_105' title="bbox 996 2270 1788 2308">
    <p class='ocr_par' dir='ltr' id='par_1_105' title="bbox 996 2270 1788 2308">
     <span class='ocr_line' id='line_1_105' title="bbox 996 2270 1788 2308; baseline 0.001 -10"><span class='ocrx_word' id='word_1_786' title='bbox 996 2271 1073 2302; x_wconf 81' lang='grc' dir='ltr'>λιπὲς</span> <span class='ocrx_word' id='word_1_787' title='bbox 1093 2270 1254 2305; x_wconf 71' lang='grc' dir='ltr'>καταλεῖψαι</span> <span class='ocrx_word' id='word_1_788' title='bbox 1276 2271 1316 2302; x_wconf 77' lang='grc' dir='ltr'><strong>εἰς</strong></span> <span class='ocrx_word' id='word_1_789' title='bbox 1339 2272 1391 2298; x_wconf 78' lang='grc' dir='ltr'><strong>πᾶν</strong></span> <span class='ocrx_word' id='word_1_790' title='bbox 1407 2271 1437 2297; x_wconf 82' lang='grc' dir='ltr'>τὸ</span> <span class='ocrx_word' id='word_1_791' title='bbox 1452 2271 1588 2306; x_wconf 80' lang='grc' dir='ltr'>πλήρωμα</span> <span class='ocrx_word' id='word_1_792' title='bbox 1603 2272 1647 2298; x_wconf 80' lang='grc' dir='ltr'>ἵνα</span> <span class='ocrx_word' id='word_1_793' title='bbox 1664 2274 1725 2308; x_wconf 84' lang='grc' dir='ltr'>μετ’</span> <span class='ocrx_word' id='word_1_794' title='bbox 1741 2272 1788 2308; x_wconf 71' lang='grc' dir='ltr'>ἐμὲ</span> 
     </span>
    </p>
   </div>
   <div class='ocr_carea' id='block_1_106' title="bbox 996 2318 1786 2354">
    <p class='ocr_par' dir='ltr' id='par_1_106' title="bbox 996 2318 1786 2354">
     <span class='ocr_line' id='line_1_106' title="bbox 996 2318 1786 2354; baseline 0.003 -10"><span class='ocrx_word' id='word_1_795' title='bbox 996 2318 1081 2354; x_wconf 79' lang='grc' dir='ltr'>βοήσῃ</span> <span class='ocrx_word' id='word_1_796' title='bbox 1092 2318 1106 2344; x_wconf 89' lang='lat'><strong>6</strong></span> <span class='ocrx_word' id='word_1_797' title='bbox 1118 2318 1222 2350; x_wconf 82' lang='grc' dir='ltr'>Παῦλος</span> <span class='ocrx_word' id='word_1_798' title='bbox 1233 2326 1239 2333; x_wconf 82' lang='grc'><em>’</em></span> <span class='ocrx_word' id='word_1_799' title='bbox 1260 2328 1269 2344; x_wconf 79' lang='lat' dir='ltr'><strong>t</strong></span> <span class='ocrx_word' id='word_1_800' title='bbox 1287 2318 1424 2354; x_wconf 83' lang='grc' dir='ltr'>Πλήρωμα</span> <span class='ocrx_word' id='word_1_801' title='bbox 1440 2318 1521 2353; x_wconf 84' lang='grc' dir='ltr'>νόμου</span> <span class='ocrx_word' id='word_1_802' title='bbox 1536 2320 1550 2345; x_wconf 93' lang='lat'><strong>6</strong></span> <span class='ocrx_word' id='word_1_803' title='bbox 1562 2319 1682 2354; x_wconf 77' lang='grc' dir='ltr'>Χριστὸς</span> <span class='ocrx_word' id='word_1_804' title='bbox 1698 2321 1739 2352; x_wconf 65' lang='grc' dir='ltr'>εἰς</span> <span class='ocrx_word' id='word_1_805' title='bbox 1751 2320 1786 2346; x_wconf 84' lang='grc' dir='ltr'>δι-</span> 
     </span>
    </p>
   </div>
   <div class='ocr_carea' id='block_1_107' title="bbox 995 2364 1787 2400">
    <p class='ocr_par' dir='ltr' id='par_1_107' title="bbox 995 2364 1787 2400">
     <span class='ocr_line' id='line_1_107' title="bbox 995 2364 1787 2400; baseline 0.001 -10"><span class='ocrx_word' id='word_1_806' title='bbox 995 2364 1141 2398; x_wconf 78' lang='grc' dir='ltr'>καιοσύνην</span> <span class='ocrx_word' id='word_1_807' title='bbox 1166 2364 1247 2390; x_wconf 74' lang='grc' dir='ltr'>παντὶ</span> <span class='ocrx_word' id='word_1_808' title='bbox 1267 2364 1306 2399; x_wconf 83' lang='grc' dir='ltr'>τῷ</span> <span class='ocrx_word' id='word_1_809' title='bbox 1327 2364 1488 2391; x_wconf 75' lang='grc' dir='ltr'>πιστεύοντι.</span> <span class='ocrx_word' id='word_1_810' title='bbox 1500 2364 1583 2398; x_wconf 70' lang='grc' dir='ltr'>Ἄφες</span> <span class='ocrx_word' id='word_1_811' title='bbox 1608 2364 1683 2400; x_wconf 79' lang='grc' dir='ltr'>ἄρτι,</span> <span class='ocrx_word' id='word_1_812' title='bbox 1703 2365 1787 2396; x_wconf 72' lang='grc' dir='ltr'>οὕτως</span> 
     </span>
    </p>
   </div>
   <div class='ocr_carea' id='block_1_108' title="bbox 997 2410 1786 2447">
    <p class='ocr_par' dir='ltr' id='par_1_108' title="bbox 997 2410 1786 2447">
     <span class='ocr_line' id='line_1_108' title="bbox 997 2410 1786 2447; baseline 0.001 -10"><span class='ocrx_word' id='word_1_813' title='bbox 997 2411 1050 2447; x_wconf 81' lang='grc' dir='ltr'>γὰρ</span> <span class='ocrx_word' id='word_1_814' title='bbox 1074 2410 1178 2446; x_wconf 84' lang='grc' dir='ltr'>πρέπον</span> <span class='ocrx_word' id='word_1_815' title='bbox 1201 2411 1267 2446; x_wconf 86' lang='grc' dir='ltr'>ἡμῖν</span> <span class='ocrx_word' id='word_1_816' title='bbox 1291 2411 1374 2441; x_wconf 73' lang='grc' dir='ltr'>ἐστιν,</span> <span class='ocrx_word' id='word_1_817' title='bbox 1389 2410 1531 2446; x_wconf 82' lang='grc' dir='ltr'>πληρῶσαι</span> <span class='ocrx_word' id='word_1_818' title='bbox 1546 2412 1638 2438; x_wconf 78' lang='grc' dir='ltr'>πᾶσαν</span> <span class='ocrx_word' id='word_1_819' title='bbox 1653 2410 1786 2438; x_wconf 74' lang='grc' dir='ltr'>δικαιοσύ-</span> 
     </span>
    </p>
   </div>
   <div class='ocr_carea' id='block_1_109' title="bbox 996 2456 1784 2492">
    <p class='ocr_par' dir='ltr' id='par_1_109' title="bbox 996 2456 1784 2492">
     <span class='ocr_line' id='line_1_109' title="bbox 996 2456 1784 2492; baseline 0 -9"><span class='ocrx_word' id='word_1_820' title='bbox 996 2466 1053 2492; x_wconf 88' lang='grc' dir='ltr'>νην.</span> <span class='ocrx_word' id='word_1_821' title='bbox 1068 2466 1076 2482; x_wconf 67' lang='lat'><strong>)</strong></span> <span class='ocrx_word' id='word_1_822' title='bbox 1092 2456 1226 2483; x_wconf 77' lang='grc' dir='ltr'>Βάπτισόν</span> <span class='ocrx_word' id='word_1_823' title='bbox 1241 2457 1413 2492; x_wconf 81' lang='grc' dir='ltr'>με,”1ωάννη,</span> <span class='ocrx_word' id='word_1_824' title='bbox 1432 2457 1474 2483; x_wconf 86' lang='grc' dir='ltr'>ῖνα</span> <span class='ocrx_word' id='word_1_825' title='bbox 1489 2457 1582 2492; x_wconf 76' lang='grc' dir='ltr'>μηδεὶς</span> <span class='ocrx_word' id='word_1_826' title='bbox 1597 2456 1784 2492; x_wconf 76' lang='grc' dir='ltr'>βαπτίσματος</span> 
     </span>
    </p>
   </div>
   <div class='ocr_carea' id='block_1_110' title="bbox 996 2501 1784 2538">
    <p class='ocr_par' dir='ltr' id='par_1_110' title="bbox 996 2501 1784 2538">
     <span class='ocr_line' id='line_1_110' title="bbox 996 2501 1784 2538; baseline 0 -10"><span class='ocrx_word' id='word_1_827' title='bbox 996 2502 1197 2538; x_wconf 79' lang='grc' dir='ltr'>καταφρονήσῃ.</span> <span class='ocrx_word' id='word_1_828' title='bbox 1208 2502 1274 2528; x_wconf 88' lang='grc' dir='ltr'><strong>’Υπὸ</strong></span> <span class='ocrx_word' id='word_1_829' title='bbox 1298 2502 1345 2529; x_wconf 77' lang='grc' dir='ltr'>σοῦ</span> <span class='ocrx_word' id='word_1_830' title='bbox 1367 2501 1414 2528; x_wconf 85' lang='grc' dir='ltr'>τοῦ</span> <span class='ocrx_word' id='word_1_831' title='bbox 1430 2502 1522 2528; x_wconf 75' lang='grc' dir='ltr'>δούλου</span> <span class='ocrx_word' id='word_1_832' title='bbox 1549 2502 1732 2538; x_wconf 75' lang='grc' dir='ltr'>βαπτίζομαι,</span> <span class='ocrx_word' id='word_1_833' title='bbox 1746 2503 1784 2529; x_wconf 80' lang='grc' dir='ltr'>ἵνα</span> 
     </span>
    </p>
   </div>
   <div class='ocr_carea' id='block_1_111' title="bbox 997 2547 1785 2584">
    <p class='ocr_par' dir='ltr' id='par_1_111' title="bbox 997 2547 1785 2584">
     <span class='ocr_line' id='line_1_111' title="bbox 997 2547 1785 2584; baseline 0.003 -11"><span class='ocrx_word' id='word_1_834' title='bbox 997 2548 1092 2583; x_wconf 78' lang='grc' dir='ltr'>μηδεὶς</span> <span class='ocrx_word' id='word_1_835' title='bbox 1108 2547 1238 2582; x_wconf 80' lang='grc' dir='ltr'>βασιλέων</span> <span class='ocrx_word' id='word_1_836' title='bbox 1253 2548 1270 2583; x_wconf 86' lang='grc' dir='ltr'>ἢ</span> <span class='ocrx_word' id='word_1_837' title='bbox 1286 2548 1470 2584; x_wconf 82' lang='grc' dir='ltr'>ὑπερεχόντων</span> <span class='ocrx_word' id='word_1_838' title='bbox 1485 2548 1619 2584; x_wconf 81' lang='grc' dir='ltr'>διαπτύσῃ</span> <span class='ocrx_word' id='word_1_839' title='bbox 1640 2549 1695 2575; x_wconf 73' lang='grc' dir='ltr'>ὑπὸ</span> <span class='ocrx_word' id='word_1_840' title='bbox 1714 2558 1785 2575; x_wconf 79' lang='grc' dir='ltr'>πενι-</span> 
     </span>
    </p>
   </div>
   <div class='ocr_carea' id='block_1_112' title="bbox 995 2593 1784 2631">
    <p class='ocr_par' dir='ltr' id='par_1_112' title="bbox 995 2593 1784 2631">
     <span class='ocr_line' id='line_1_112' title="bbox 995 2593 1784 2631; baseline 0.003 -11"><span class='ocrx_word' id='word_1_841' title='bbox 995 2593 1061 2629; x_wconf 74' lang='grc' dir='ltr'>χροῦ</span> <span class='ocrx_word' id='word_1_842' title='bbox 1074 2594 1167 2630; x_wconf 87' lang='grc' dir='ltr'>ἱερέως</span> <span class='ocrx_word' id='word_1_843' title='bbox 1192 2594 1469 2630; x_wconf 77' lang='grc' dir='ltr'>βαπτισθῆναι.”Αφες</span> <span class='ocrx_word' id='word_1_844' title='bbox 1486 2595 1515 2620; x_wconf 80' lang='grc' dir='ltr'>ἐν</span> <span class='ocrx_word' id='word_1_845' title='bbox 1527 2595 1566 2630; x_wconf 82' lang='grc' dir='ltr'>τῷ</span> <span class='ocrx_word' id='word_1_846' title='bbox 1587 2595 1710 2631; x_wconf 76' lang='grc' dir='ltr'>Ἰορδάνῃ</span> <span class='ocrx_word' id='word_1_847' title='bbox 1723 2605 1784 2622; x_wconf 61' lang='grc' dir='ltr'>κατ’</span> 
     </span>
    </p>
   </div>
   <div class='ocr_carea' id='block_1_113' title="bbox 995 2639 1783 2676">
    <p class='ocr_par' dir='ltr' id='par_1_113' title="bbox 995 2639 1783 2676">
     <span class='ocr_line' id='line_1_113' title="bbox 995 2639 1783 2676; baseline 0.001 -11"><span class='ocrx_word' id='word_1_848' title='bbox 995 2639 1072 2670; x_wconf 80' lang='grc' dir='ltr'>ἐλθω,</span> <span class='ocrx_word' id='word_1_849' title='bbox 1095 2639 1139 2666; x_wconf 80' lang='grc' dir='ltr'>ἵνα</span> <span class='ocrx_word' id='word_1_850' title='bbox 1161 2639 1313 2667; x_wconf 82' lang='grc' dir='ltr'>ἀκούσωσιν</span> <span class='ocrx_word' id='word_1_851' title='bbox 1333 2640 1381 2676; x_wconf 80' lang='grc' dir='ltr'><strong>τὴν</strong></span> <span class='ocrx_word' id='word_1_852' title='bbox 1404 2639 1536 2676; x_wconf 84' lang='grc' dir='ltr'>Πατρῷαν</span> <span class='ocrx_word' id='word_1_853' title='bbox 1559 2641 1726 2676; x_wconf 76' lang='grc' dir='ltr'>μαρτυρίαν,</span> <span class='ocrx_word' id='word_1_854' title='bbox 1742 2640 1783 2667; x_wconf 66' lang='lat'><strong>11‘.</strong></span> 
     </span>
    </p>
   </div>
   <div class='ocr_carea' id='block_1_114' title="bbox 997 2793 1780 2856">
    <p class='ocr_par' dir='ltr' id='par_1_114' title="bbox 997 2793 1780 2856">
     <span class='ocr_line' id='line_1_114' title="bbox 997 2793 1780 2856; baseline 0.004 -36"><span class='ocrx_word' id='word_1_855' title='bbox 997 2793 1094 2856; x_wconf 59' lang='lat' dir='ltr'><strong>gorpire</strong></span> <span class='ocrx_word' id='word_1_856' title='bbox 1122 2794 1290 2829; x_wconf 79' lang='lat' dir='ltr'><strong>mysterium,</strong></span> <span class='ocrx_word' id='word_1_857' title='bbox 1317 2803 1348 2822; x_wconf 86' lang='lat' dir='ltr'><strong>ex</strong></span> <span class='ocrx_word' id='word_1_858' title='bbox 1374 2794 1466 2822; x_wconf 78' lang='lat' dir='ltr'><strong>Matth.</strong></span> <span class='ocrx_word' id='word_1_859' title='bbox 1489 2802 1526 2829; x_wconf 83' lang='lat' dir='ltr'><strong>tv,</strong></span> <span class='ocrx_word' id='word_1_860' title='bbox 1543 2795 1570 2828; x_wconf 84' lang='lat'><strong>3,</strong></span> <span class='ocrx_word' id='word_1_861' title='bbox 1599 2799 1626 2822; x_wconf 83' lang='lat' dir='ltr'><strong>et</strong></span> <span class='ocrx_word' id='word_1_862' title='bbox 1643 2794 1652 2821; x_wconf 94' lang='lat' dir='ltr'><strong>l</strong></span> <span class='ocrx_word' id='word_1_863' title='bbox 1668 2795 1732 2822; x_wconf 77' lang='lat' dir='ltr'><strong>Cor.</strong></span> <span class='ocrx_word' id='word_1_864' title='bbox 1752 2803 1780 2825; x_wconf 86' lang='grc' dir='ltr'><strong>ιι.</strong></span> 
     </span>
     <span class='ocr_line' id='line_1_115' title="bbox 1017 2836 1152 2856; baseline 0 0"><span class='ocrx_word' id='word_1_865' title='bbox 1017 2849 1023 2856; x_wconf 91' lang='grc'><strong><em>.</em></strong></span> <span class='ocrx_word' id='word_1_866' title='bbox 1052 2836 1152 2856; x_wconf 74' lang='lat' dir='ltr'><strong>&#39;ABIIC.</strong></span> 
     </span>
    </p>
   </div>
   <div class='ocr_carea' id='block_1_115' title="bbox 1017 2836 1152 2856">
    <p class='ocr_par' dir='ltr' id='par_1_115' title="bbox 1017 2836 1152 2856">
     <span class='ocr_line' id='line_1_116' title="bbox 1017 2836 1152 2856; baseline 0 0"><span class='ocrx_word' id='word_1_867' title='bbox 1017 2849 1023 2856; x_wconf 77' lang='lat'><strong><em>.</em></strong></span> <span class='ocrx_word' id='word_1_868' title='bbox 1044 2836 1056 2854; x_wconf 94' lang='lat' dir='ltr'><strong>I&#39;</strong></span> <span class='ocrx_word' id='word_1_869' title='bbox 1065 2836 1152 2856; x_wconf 69' lang='lat' dir='ltr'><strong>ABllC.</strong></span> 
     </span>
    </p>
   </div>
  </div>
