1856 3050
28 109 91 139 857

571 115 687 143 senato
706 115 740 142 IN
760 114 894 142 SANCTA
914 114 1158 142 THEOPHAMA.’

1612 119 1664 146 858

29 170 249 205 ἐπιγνὼσωνται
265 172 314 209 τὴν
329 173 375 200 τοῦ
387 174 452 201 Υίοῦ
468 175 680 210 δύναμιν.”Αφες
696 176 769 212 ἄρτι,
787 176 807 202 οἱ

910 183 935 202 )s
952 176 1064 210 implere
1077 175 1223 210 justitiam.
1240 175 1316 204 Tunc
1336 176 1463 212 deinceps
1479 176 1598 205 Joannes
1613 179 1664 212 ipsi

27 224 92 248 τως
111 217 170 253 γὰρ
192 218 294 254 πρέπον
307 220 372 255 ἡμῖν
385 221 457 247 ἐστιν
472 221 612 256 πληρῶσαι
627 223 716 248 πᾶσαν
732 222 833 248 δικαιο-

27 262 138 298 σύνην.
155 264 223 291 Τότε
244 264 336 293 λοιπὸν
349 265 459 301 ἀφίησιν
473 267 554 293 αὑτὸν
577 269 590 294 6
609 268 744 303 Ἰωάννης,
765 279 773 294 ι
786 270 833 296 καὶ

26 306 203 342 βαπτισθεὶς
221 311 235 336 6
255 310 356 344 Ἰησοῦς
374 310 474 343 εὐθέως
488 312 571 347 ἀνέϐη
592 313 646 339 ἀπὸ
658 313 704 340 τοῦ
719 313 830 345 ὓδατος·

26 352 82 378 καὶ
98 352 280 390 ἠνεῴχθησαν
291 353 365 390 αὐτῷ
377 356 401 381 οἱ
415 356 533 392 οὐρανοὶ,
549 357 596 384 καὶ
608 357 661 383 ἰδοὺ
675 358 705 385 τὸ
720 358 830 394 Πνεῦμα

24 397 81 423 τοῦ
97 397 171 425 θεοῦ
186 400 345 436 κατέρχεται
359 403 387 428 ὲν
401 402 466 429 εῖδει
482 403 654 438 περιστερᾶς,
666 404 712 430 καὶ
726 404 832 439 ἔμεινεν

24 443 76 468 ἐπ’
95 445 194 472 αὐτόν.
210 447 265 473 Καὶ
281 447 355 484 φωνὴ
370 449 402 475 ἐκ
420 448 474 475 τῶν
493 449 615 484 οὐρανῶν
631 449 745 483 λέγουσα
755 458 762 465 ·
780 447 832 477 Οὗ-

22 488 77 520 τός
96 490 177 517 ἐστιν
190 492 205 517 6
220 491 282 524 Υἱὸς
299 502 349 528 μου
363 494 378 520 6
391 494 541 530 ἀγαπητὸς,
553 497 581 522 ἐν
595 492 617 530 ᾧ
631 496 777 531 ηὑόόκησα.

67 537 159 569 Ἶδες,
177 538 312 574 ἀγαπητὲ,
325 541 415 568 πόσων
431 542 477 568 καὶ
492 542 613 577 πηλίκων
627 542 736 577 ἀγαθῶν
750 543 830 578 ἐμέλ-

21 581 120 617 λομεν
139 583 315 619 ζημιοῦσθαι,
329 588 353 613 εἰ
366 585 435 620 εἶξεν
451 589 465 614 ὁ
480 588 581 625 Κύριος
594 591 627 625 τῇ
642 589 688 616 τοῦ
710 591 829 617 Ἰωάννου

22 630 226 667 παρακλήσει,
242 633 288 659 καὶ
305 635 482 670 παρῃτήσατο
499 635 529 661 τὸ
546 636 702 672 βάπτισμα;
721 637 831 664 Κεκλει-

23 675 133 709 σμένοι
149 676 205 712 γὰρ
218 675 287 712 ἦσαν
299 678 351 714 πρὸ
361 679 455 705 τούτου
470 680 494 706 οἱ
505 680 623 716 οὐρανοὶ,
639 680 736 707 ἄϐατον
750 678 784 716 ἦν
800 680 831 707 τὸ

21 722 88 748 ἄνω
101 723 216 759 χωρίον.
237 725 280 751 Ἐν
289 726 345 757 τοῖς
357 726 431 752 κάτω
445 727 603 762 κατείημεν,
620 727 649 753 ὲν
664 727 719 759 τοῖς
735 722 830 754 ἄνω-δὲ

22 769 81 795 οὐκ
101 769 241 805 ἀνίειμεν.
256 771 342 798 Μόνον
356 772 384 798 δὲ
406 773 420 799 6
440 773 578 807 Δεσπότης
597 772 763 809 etiamid-0n;
783 773 830 800 καὶ

20 814 75 841 τὴν
99 815 221 856 παλαιὸν
235 816 377 852 ἄνθρωπον
398 818 576 849 ἀνεκαίνισεν,
596 818 688 846 καὶτὰ
703 819 830 855 σκῆπτρα

23 860 82 895 τῆς
114 861 255 894 υἱοθεσίας
270 862 344 898 αὐτῷ
361 863 441 890 πάλιν
456 863 624 890 ἐπίστευσεν.
647 863 754 896 Εὐθέως
776 864 829 900 γὰρ

26 915 36 931 ι
58 906 248 942 ἠνεῴχθησαν
263 907 337 944 αὐτῷ
356 910 379 935 οἱ
399 908 517 945 οὐρανοί.
534 916 545 935 ι
567 910 701 946 Διαλλαγὴ
718 910 829 945 γέγονεν

22 953 85 978 τῶν
106 953 217 988 ὁρατῶν
231 954 298 990 πρὸς
313 955 345 980 τὰ
360 955 476 991 ἀόρατα·
493 955 727 992 ὲχαροποιήθησαν
740 956 774 982 τὰ
784 956 829 983 οὺ-

24 999 116 1031 ράνια
132 999 273 1034 τάγματα,
291 999 351 1036 ἰάθη
366 1001 401 1028 τὰ
414 1002 523 1036 ἐπίγεια
538 1003 688 1038 νοσήματα,
705 1002 826 1039 ἐγνώσθη

21 1044 60 1070 τὰ
85 1044 239 1080 ἀπόρρητα
259 1047 418 1082 πράγματα,
441 1047 570 1083 ἐφιλιώθη
588 1049 621 1075 τὰ
641 1048 825 1084 ὲχθραίνοντα.

23 1091 159 1122 Ἥκονες
181 1092 235 1127 γὰρ
258 1092 304 1119 τοῦ
326 1093 516 1128 εὐαγγελιστοῦ
536 1094 676 1129 λέγοντος·
695 1104 704 1120 ι
729 1094 827 1130 Ἦνεῴ-

22 1136 141 1172 χθησαν
159 1138 233 1173 αὺτῷ
250 1140 274 1165 οἱ
288 1140 411 1175 οὐρανοί-
434 1150 443 1166 ι
459 1140 541 1176 τριῶν
562 1141 721 1177 παραδόξων
737 1143 826 1178 χάριν.

22 1183 84 1209 Τοῦ
104 1184 165 1218 γὰρ
181 1184 296 1220 νυμφίου
310 1186 428 1222 Χριστοῦ
442 1186 649 1223 βαπτιζομένου,
663 1187 715 1215 ἔδει
728 1188 772 1214 τὸν
784 1189 828 1214 οὑ-

22 1230 129 1265 ριὶνιον
154 1230 274 1266 θάλαμον
296 1233 346 1264 τὰς
372 1233 580 1269 λαμπροφόρους
605 1233 708 1268 ἀνοῖξαι
730 1234 825 1266 πύλας.

27 1276 185 1309 Ὡσαύτως
198 1278 226 1304 δὲ
241 1279 287 1305 καὶ
301 1279 347 1305 τοῦ
361 1280 439 1314 ἁγίου
453 1281 522 1307 Πνεύ
528 1289 611 1316 ματος
626 1282 655 1308 ἐν
667 1281 733 1308 εἴδει
750 1290 827 1316 περι-

23 1323 137 1358 στερᾶς
153 1324 301 1356 κατιόντος,
316 1326 362 1352 καὶ
375 1326 423 1362 τῆς
435 1327 565 1362 Πατρῴας
581 1327 671 1363 φωνῆς
690 1326 826 1362 πανταχοῦ

21 1367 260 1404 διώεδραμὲνης,
278 1370 331 1396 ἔδει
351 1372 400 1402 τὰς
417 1381 426 1396 ι
447 1372 622 1407 ἐπουρανίους
637 1372 723 1404 πύλας
739 1373 826 1409 ἐπῃρ-

24 1413 121 1448 μένας
138 1414 281 1449 ὑπάρχειν.
299 1425 308 1441 ι
324 1417 379 1442 Καὶ
395 1416 448 1443 ἰδοὺ
464 1417 639 1453 ἠνεῴχθησαν
658 1417 731 1453 αὐτῷ
745 1419 770 1444 οἱ
782 1418 827 1444 θύ-

24 1458 122 1492 ρανοὶ,
143 1459 191 1485 καὶ
214 1460 288 1495 φωνὴ
312 1461 429 1495 ἐγένετο,
449 1462 580 1496 λέγουσα·
597 1472 606 1488 ι
626 1461 709 1495 Οὗτός
724 1465 797 1490 ἐστιν
811 1464 827 1491 6

22 1503 96 1536 Υἱός
112 1513 167 1540 μου
184 1505 198 1532 6
210 1506 359 1542 ἀγαπητὸς,
375 1508 404 1534 ὲν
418 1504 440 1541 ᾧ
451 1508 597 1544 ηὺδόκησα.
611 1519 621 1535 ι

883 220 1015 255 permittit
1030 229 1035 246 :
1055 230 1063 246 ι
1082 219 1115 247 Ει
1133 221 1285 255 baptizatus
1302 220 1391 254 Jesus,
1407 222 1500 249 statim
1516 223 1611 250 iturum
1630 231 1663 250 ex

882 273 952 300 aqua
966 266 1087 294 ascendit
1098 275 1105 299 ;
1117 270 1144 292 ιι
1157 266 1241 300 aperti
1256 271 1318 293 sunt
1331 267 1381 301 ipsi
1394 267 1455 294 coeli
1469 277 1475 294 :
1489 273 1516 295 et
1527 276 1590 296 ecce
1602 267 1663 302 Spi-

881 311 950 338 ritus
969 311 1016 339 Dei
1038 312 1177 339 descendit
1201 314 1288 348 specie
1307 313 1449 347 columbae,
1470 319 1495 340 ct
1510 313 1590 348 super
1605 315 1664 349 ipso

881 357 990 384 mansit.
1006 357 1038 384 Et
1051 365 1102 384 vox
1115 358 1146 385 de
1160 359 1240 391 caelo,
1253 360 1344 387 dicens
1359 369 1366 387 :
1381 359 1430 387 llic
1440 364 1481 387 est
1492 359 1576 387 Filius
1587 368 1664 388 meus

882 402 1007 436 dilectus,
1025 404 1051 430 in
1068 411 1122 438 quo
1138 405 1316 439 eomplacui’.
1336 415 1344 432 ι

918 540 962 568 Vl.
984 540 1076 574 Vides,
1098 541 1205 573 dilecte.
1225 546 1291 576 quot
1305 546 1332 569 et
1349 548 1512 576 quantornm
1530 542 1663 570 honorum

879 585 1015 620 jacturam
1039 586 1136 614 facturi
1158 586 1323 619 fuissemus,
1345 588 1368 614 si
1390 587 1502 616 Joannis
1521 589 1664 616 nionitioni

880 631 1013 660 Dominus
1030 633 1168 666 cessisset,
1188 637 1215 660 et
1229 633 1393 668 baptismum
1410 642 1463 661 non
1480 635 1665 669 suscepisset?

881 676 972 705 Clausi
992 678 1064 705 enim
1085 683 1162 705 erant
1181 679 1296 706 antehac
1315 679 1388 710 cmli,
1411 679 1549 707 inaccessa
1566 688 1664 715 supera

880 725 964 759 regio.
980 723 1009 751 In
1030 724 1158 752 inferiora
1174 725 1364 753 descendimus
1382 735 1388 752 :
1406 726 1439 753 ad
1456 726 1597 761 superiora
1615 735 1663 753 au—

880 775 932 798 tem
947 778 1000 797 non
1018 770 1116 797 iterum
1137 771 1320 798 ascendimus.
1336 770 1405 797 Num
1423 778 1487 798 vero
1507 771 1595 798 solum
1612 771 1665 798 Do-

880 817 971 845 minus
984 817 1137 852 baptizatus
1148 817 1207 844 est?
1221 822 1246 844 et
1262 821 1379 844 veterem
1397 817 1535 844 hominem
1550 825 1665 844 renova-

880 863 930 895 vit.
943 868 969 890 et
981 867 1086 897 sceptra
1098 862 1252 897 adoptionis
1261 862 1312 897 ipsi
1323 862 1421 889 iterum
1433 862 1555 890 credidit.
1567 862 1663 890 Statim

879 909 952 936 enim
971 917 981 934 ι
998 908 1085 942 aperti
1104 908 1156 943 ipsi
1179 912 1243 935 sunt
1264 908 1337 936 cwli.
1354 917 1364 934 ι
1382 907 1580 935 Reconciliatio
1593 907 1664 936 facta

878 959 921 982 est
935 953 1085 981 visibilium
1108 961 1169 981 cum
1192 954 1393 986 invisibilibus;
1414 954 1539 982 caelestes
1554 954 1665 982 ordines

879 999 979 1035 gaudio
1001 1003 1065 1027 sunt
1080 999 1201 1034 impleti;
1214 1004 1318 1027 sanam
1334 999 1362 1026 in
1378 999 1458 1027 terris
1473 1000 1662 1036 aegritudines;

878 1054 922 1074 res
945 1045 1111 1073 absconditae
1134 1053 1195 1080 quae
1220 1050 1308 1078 erant,
1334 1045 1475 1081 patefactae
1498 1051 1581 1080 sunt;
1604 1055 1664 1082 qua:

879 1091 998 1118 hostium
1015 1095 1093 1118 erant
1109 1090 1136 1117 in
1152 1098 1277 1123 numero,
1295 1090 1400 1118 reddita
1413 1090 1487 1118 fuere
1500 1091 1597 1119 amica.
1612 1093 1665 1119 An-

878 1136 942 1164 disti
956 1135 1028 1163 enim
1047 1137 1240 1172 evangelistam
1257 1136 1391 1164 dicentem
1406 1146 1413 1165 :
1432 1146 1441 1163 ι
1458 1137 1590 1165 Patefacti
1601 1143 1664 1166 sunt

878 1182 930 1217 ipsi
942 1182 1021 1215 coeli;
1039 1191 1049 1208 ι
1069 1182 1104 1210 ob
1120 1182 1170 1210 tria
1195 1183 1252 1210 haec
1270 1182 1452 1211 admirabilia.
1469 1183 1574 1219 Sponso
1590 1185 1663 1212 enim

877 1228 986 1256 Christo
1002 1228 1139 1264 baptizato
1155 1229 1298 1264 oportebat
1309 1229 1428 1257 cmlestis
1441 1226 1556 1257 thalami
1570 1231 1661 1265 splen-

877 1275 955 1303 didas
968 1280 1062 1311 portas
1081 1276 1191 1312 aperiri.
1207 1275 1341 1304 Similiter
1361 1281 1388 1304 et
1405 1276 1507 1312 Spiritu
1524 1283 1619 1305 sancto
1636 1279 1662 1305 in

877 1322 1009 1349 columba:
1028 1322 1118 1358 specie
1139 1322 1332 1356 descendente,
1347 1326 1373 1350 et
1386 1322 1474 1351 Patris
1487 1332 1554 1352 voce
1570 1325 1663 1352 omnia

876 1372 1051 1402 percurrente
1079 1368 1149 1401 loca,
1177 1369 1319 1404 oportebat
1343 1378 1354 1395 ι
1384 1374 1477 1405 portas
1493 1370 1579 1398 attolli
1607 1378 1664 1398 co:-

875 1413 958 1442 lestes
973 1415 1004 1442 ‘°.
1026 1424 1037 1441 ι
1055 1414 1088 1442 Et
1101 1423 1164 1442 ecce
1180 1415 1265 1449 aperti
1279 1419 1343 1443 sunt
1354 1415 1378 1442 ei
1393 1416 1465 1447 caeli,
1481 1420 1509 1443 et
1526 1424 1577 1443 vox
1592 1415 1663 1444 facta

875 1464 918 1487 est
932 1460 1044 1488 dicens:
1063 1470 1072 1486 ι
1091 1460 1141 1488 Hic
1155 1465 1197 1488 est
1217 1459 1303 1489 Filius
1320 1469 1398 1489 meus
1419 1461 1545 1494 dilectus,
1565 1462 1593 1489 in
1607 1469 1662 1498 quo

877 1505 1039 1540 complacui.
1056 1516 1065 1532 ι

846 849 867 876 Β

69 1537 240 1586 Ἀγαπητος⁷
258 1537 367 1591 ἀγάπην
389 1537 480 1590 γεννᾷ,
504 1537 551 1582 καί
574 1555 631 1589 φῶς
655 1555 744 1587 ἄῦλον,
767 1556 807 1590 φῶ

913 1551 967 1579 Vll.
988 1552 1102 1580 Amatus
1119 1560 1240 1580 amorem
1257 1557 1377 1588 generat,
1392 1558 1418 1580 et
1432 1553 1479 1580 lux
1495 1553 1661 1581 immateria-

20 1595 184 1630 ἀπρόσιτον
193 1596 257 1632 (78).
274 1606 283 1622 ι
295 1595 377 1631 Οὗτός
390 1599 463 1626 ὲστιν
476 1600 489 1626 6
501 1600 563 1632 Υἱός
578 1610 627 1636 μον
636 1603 649 1628 6
657 1602 805 1638 ἀγαπητὸς,
813 1613 822 1630 ι

19 1642 34 1667 ὁ
53 1641 139 1668 κάτω
156 1642 298 1677 ἐπιφανεὶς
315 1645 360 1671 καὶ
379 1645 431 1672 τῶν
445 1646 582 1682 Πατρῲων
600 1647 709 1675 κόλπων
725 1648 762 1685 μὴ
774 1659 825 1685 χω-

21 1687 149 1723 ρισθεὶς,
173 1689 303 1725 ἐπεφάνη,
320 1691 368 1717 οὐκ
389 1692 489 1726 ἐφάνη’
505 1692 568 1719 ἄλλο
587 1693 640 1729 γὰρ
656 1693 686 1720 τὸ
699 1695 823 1730 φανῆναι,

19 1734 128 1769 ἐπειδὴ
154 1735 223 1770 πρὸς
245 1736 275 1762 τὸ
290 1736 448 1772 φαινόμενον
460 1739 474 1764 6
490 1738 625 1773 βαπτίζων
637 1739 684 1766 τοῦ
697 1739 824 1776 βαπτιζο-

19 1780 116 1815 μένου
131 1782 256 1816 προέχει.
269 1782 368 1810 Τούτου
380 1784 473 1811 ἕνεκεν
483 1786 497 1812 6
517 1785 611 1821 Πατὴρ
630 1786 775 1822 οὐρανόθεν
794 1787 824 1814 τὸ

17 1826 110 1861 ἅγιον
140 1826 254 1863 Πνεῦμα
281 1829 327 1856 ἐπὶ
347 1829 392 1856 τὸν
416 1829 611 1866 βαπτιζόμενον
638 1832 822 1868 κατέπεμπεν.

18 1873 142 1909 Ὠσπερ
159 1874 215 1909 γὰρ
236 1875 264 1901 ἐν
287 1877 318 1911 τῇ
335 1876 442 1912 κιϐωτῷ
454 1877 501 1904 τοῦ
520 1878 581 1904 Νῶε
596 1878 639 1906 διὰ
661 1881 824 1916 περιστερᾶς

16 1920 197 1956 μηνύεταιὴ
212 1920 399 1957 φιλανθρωπία
413 1922 460 1950 τοῦ
476 1922 553 1956 Θεοῦ,
568 1923 654 1956 οὕτως
668 1925 715 1951 καὶ
729 1925 776 1952 νῦν
791 1925 825 1952 τὸ

15 1969 50 1993 ὲν
71 1967 146 1994 εἴδει
171 1968 335 2003 περιστερᾶς
360 1967 497 1995 κατελθὼν
521 1968 642 2004 Πνεῦμα,
663 1969 700 2001 ὡς
720 1971 824 2006 καρπὸν

16 2013 126 2044 ἐλαίας
150 2011 300 2047 βαστάσαν,
324 2013 370 2040 ἐπὶ
389 2013 435 2040 τὸν
453 2014 675 2050 μαρτυρούμενον
694 2016 821 2053 κατέστη.

15 2058 74 2084 Διὰ
86 2057 137 2089 τίς
153 2058 197 2084 ἴνα
210 2057 258 2084 καὶ
272 2058 321 2093 τῆς
334 2057 467 2094 Πατρῴας
477 2060 568 2095 φωνῆς
588 2059 618 2087 τὸ
634 2060 740 2096 βέϐαιον
755 2070 825 2096 γνω-

17 2104 124 2140 ρισθῇ,
143 2103 192 2130 καὶ
210 2104 227 2139 ἡ
251 2104 404 2140 προφητικὴ
429 2105 580 2142 πρόρρησις
601 2107 633 2133 ὲκ
649 2107 753 2133 πολλῶν
770 2107 823 2135 τῶν

15 2150 137 2185 χρόνων
150 2148 283 2185 πιστωθῇ.
297 2150 364 2176 Ποία
380 2150 448 2185 αὕτη
459 2159 465 2183 ;
491 2160 500 2177 ι
513 2151 589 2187 Φωνὴ
601 2152 703 2188 Κυρίου
715 2152 823 2179 ἐπὶτῶν

16 2197 148 2227 ὑδάτων,
173 2197 188 2223 6
208 2196 273 2228 Θεὸς
295 2197 344 2232 τῆς
358 2197 436 2232 δόξης
458 2197 630 2234 ἐϐρόντησεν,
656 2200 759 2235 Κύριος
775 2201 821 2228 ἐπὶ

17 2243 136 2269 ὑδάτων
153 2242 269 2269 πολλῶν.
290 2252 298 2268 ι
317 2242 385 2269 Ποία
401 2244 493 2279 φωνῆς
515 2252 525 2269 ‹
539 2241 623 2275 Οὗτός
639 2245 712 2272 ἐστιν
726 2247 740 2272 6
756 2246 820 2278 Υἱός

18 2297 78 2324 μου
96 2288 112 2313 6
129 2288 281 2323 ἀγαπητὸς,
298 2289 328 2314 ἐν
338 2285 360 2322 ᾧ
373 2288 520 2324 ηὺδὸκησα.
541 2298 550 2314 ι
566 2286 649 2322 Οὗτός
663 2291 736 2316 ἐστ;ν
749 2291 763 2317 ό
773 2291 819 2317 τοῦ

24 2334 138 2368 Ἰωσὴφ
155 2333 353 2369 ὀνομαζόμενος
366 2335 432 2367 υἱὸς,
447 2335 494 2361 καὶ
510 2335 574 2370 ἐμὸς
583 2336 735 2372 Μονογενὴς
750 2337 819 2364 κατὰ

16 2381 76 2416 τὴν
93 2379 190 2415 θεῖκὴν
201 2380 304 2407 οὐσίαν.
319 2389 328 2405 ι
344 2377 427 2412 Οὗτός
441 2381 513 2407 ἐστιν
526 2382 540 2407 6
552 2381 614 2413 Υἱός
627 2390 677 2417 μου
688 2383 702 2408 6
715 2382 819 2418 ἀγαπη-

15 2427 71 2457 τός
81 2434 90 2440 ·
116 2435 126 2452 ι
143 2426 158 2452 ὁ
174 2425 284 2458 πεινῶν,
299 2426 346 2453 καὶ
361 2426 467 2462 τρέφων
486 2427 627 2462 μυριάδας
646 2428 694 2454 καὶ
704 2427 817 2461 κοπιῶν,

17 2472 75 2500 καὶ
91 2471 241 2499 ἀναπαύων
255 2473 318 2504 τοὺς
333 2473 500 2504 κοπιῶντας·
521 2474 535 2499 ό
557 2472 593 2509 μὴ
613 2473 681 2508 ἔχων
698 2474 748 2500 ποῦ
770 2474 818 2509 τὴν

17 2518 155 2554 κεφαλὴν
169 2518 267 2551 κλῖναι,
282 2519 330 2545 καὶ
347 2518 434 2545 πάντα
451 2519 480 2544 ὲν
496 2519 529 2554 τῇ
543 2519 614 2554 χειρὶ
631 2519 771 2554 βαστάζων
782 2528 788 2534 ·
805 2521 833 2546 6-

16 2566 156 2600 πάσχων,
166 2565 253 2592 καὶτὰ
261 2565 333 2600 πάθη
344 2565 465 2601 ἰώμενος·
475 2567 488 2592 ὁ
497 2565 686 2601 ῥαπιζόμενος,
695 2566 741 2592 καὶ
748 2565 820 2592 ὲλευ-

14 2612 124 2647 Οερίαν
137 2610 176 2646 τῷ
186 2611 279 2647 κόσμῳ
289 2611 456 2646 δωρούμενος
469 2611 534 2647 (79)’
545 2612 559 2638 6
567 2610 616 2647 τὴν
628 2611 745 2647 πλευρὰν
756 2620 819 2638 νυτ-

836 2224 858 2251 D

875 1598 909 1626 iis
924 1599 1012 1626 lucem
1031 1598 1260 1626 inaeeessibilem.
1280 1608 1290 1625 ι
1309 1598 1358 1627 Hie
1372 1604 1414 1628 est
1430 1600 1515 1628 Filius
1528 1607 1605 1628 meus
1619 1601 1662 1628 di-

874 1645 973 1678 lectus,
992 1637 1070 1679 I'qui
1093 1644 1164 1671 infra
1187 1645 1322 1680 apparuit,
1348 1653 1398 1674 nec
1424 1649 1514 1674 tamen
1536 1653 1551 1673 a
1575 1646 1662 1673 Patris

875 1690 936 1718 sinu
952 1690 1003 1718 fuit
1015 1697 1155 1726 separatus
1168 1699 1174 1717 :
1185 1692 1311 1726 apparuit
1321 1696 1347 1719 et
1363 1699 1416 1719 non
1433 1693 1566 1727 apparuit.
1582 1692 1662 1719 Aliud

874 1736 946 1764 enim
969 1737 1042 1772 quod
1068 1737 1236 1771 apparebat:
1256 1738 1403 1773 siquidem,
1425 1743 1507 1773 prout
1524 1739 1662 1773 apparuit,

874 1783 1018 1817 baptizans
1028 1782 1167 1817 baptizato
1178 1784 1353 1818 praestantior
1364 1783 1424 1811 fuit.
1435 1784 1528 1819 Itaque
1537 1783 1616 1812 Pater
1628 1785 1662 1812 de

874 1829 944 1856 cmlo
954 1828 1084 1863 Spiritum
1097 1832 1222 1855 sanctum
1235 1828 1262 1855 in
1275 1829 1442 1863 baptizatum
1454 1829 1573 1857 demisit.
1585 1830 1661 1857 Sicut

874 1875 946 1902 enim
961 1875 989 1902 in
1003 1882 1067 1902 arca
1076 1873 1133 1902 Noe
1147 1882 1195 1910 per
1208 1874 1365 1903 columbam
1381 1876 1549 1911 signiﬁcatus
1559 1880 1601 1903 est
1613 1875 1662 1903 Dei

874 1920 902 1948 in
925 1920 1052 1948 homines
1077 1928 1170 1953 amor;
1194 1921 1234 1949 sic
1250 1925 1277 1948 et
1293 1929 1366 1949 nunc
1383 1921 1510 1957 Spiritus,
1528 1922 1661 1950 columbae

874 1967 1041 1995 descendens
1059 1967 1159 2003 specie,
1172 1967 1246 1995 velut
1260 1967 1378 1996 fructum
1392 1973 1505 2004 portans
1524 1969 1599 2001 oleae,
1615 1975 1662 1996 su—

874 2021 923 2049 per
943 2021 1006 2042 eum
1030 2014 1075 2042 cui
1097 2014 1283 2041 testimonium
1311 2014 1505 2049 perhibebatur
1529 2014 1658 2042 substitit.

874 2059 986 2093 Quare?
1003 2065 1033 2087 ut
1047 2059 1164 2087 Paterna
1180 2060 1262 2087 etiam
1278 2068 1343 2088 vox:
1353 2065 1428 2087 certa
1445 2064 1472 2087 et
1493 2060 1574 2087 ﬁrma
1599 2068 1660 2088 esse

874 2111 1022 2139 constaret,
1044 2111 1071 2134 et
1093 2105 1258 2141 prophetiae
1282 2105 1452 2141 prtedictioni
1480 2106 1573 2133 multis
1596 2110 1659 2134 ante

875 2152 1041 2187 temporibus
1064 2151 1142 2179 factae
1167 2152 1312 2179 haberetur
1345 2152 1421 2179 ﬁdes.
1448 2151 1577 2185 Qut’enam
1596 2152 1661 2179 illa?

877 2207 886 2224 ι
905 2198 963 2226 Vox
981 2198 1088 2226 Domini
1101 2205 1182 2233 super
1195 2205 1292 2232 aquas,
1308 2197 1380 2226 Deus
1394 2198 1486 2233 gloriae
1497 2198 1595 2231 tonuit,
1609 2198 1660 2226 Do—

872 2245 963 2272 minus
980 2252 1061 2279 super
1071 2252 1157 2279 aquas
1170 2244 1269 2271 multas
1280 2244 1327 2269 “.t
1342 2243 1473 2277 Quaanam
1498 2243 1569 2276 vox?
1586 2253 1595 2270 ι
1607 2243 1657 2271 Hic

873 2295 915 2318 est
929 2290 1014 2317 Filius
1034 2298 1111 2318 meus
1133 2290 1259 2324 dilectus,
1283 2290 1309 2317 in
1326 2297 1382 2324 quo
1405 2290 1566 2325 complacui.
1582 2299 1591 2317 ι
1607 2289 1656 2317 Hic

871 2341 913 2364 est
933 2335 979 2371 qui
1003 2335 1114 2370 Josephi
1131 2337 1290 2363 nominatus
1304 2339 1346 2363 est
1361 2335 1445 2369 ﬁlius,
1471 2340 1499 2364 et
1520 2343 1598 2364 meus
1615 2341 1658 2364 est

872 2383 1033 2418 linigenitus
1047 2382 1196 2410 secundum
1214 2381 1332 2408 divinam
1347 2382 1505 2411 essentiam.
1526 2391 1536 2408 ‹
1552 2381 1601 2410 Hic
1615 2387 1658 2409 est

871 2427 956 2455 Filius
973 2435 1051 2455 meus
1065 2426 1199 2454 dilectus:
1219 2436 1228 2452 ι
1247 2426 1372 2454 esuriens
1390 2427 1434 2454 ille
1449 2427 1496 2462 qui
1513 2427 1660 2454 innumera

871 2473 919 2500 alit
932 2473 1030 2507 millia;
1043 2473 1181 2505 laborans,
1200 2471 1327 2506 idemque
1342 2479 1466 2499 recreans
1483 2472 1654 2504 laborantes;

871 2527 925 2547 non
952 2519 1055 2546 habens
1075 2517 1121 2545 ubi
1145 2522 1227 2552 caput
1249 2518 1361 2545 reclinet
1381 2525 1460 2545 suum
1478 2519 1509 2550 ",
1523 2523 1549 2544 et
1564 2518 1656 2545 omnia

872 2573 967 2600 gerens
992 2572 1092 2598 manu;
1118 2563 1166 2598 qui
1181 2563 1299 2598 patitur,
1330 2568 1357 2591 et
1382 2563 1510 2591 omnibus
1533 2564 1657 2591 medetur

872 2611 1060 2647 passionibus;
1080 2611 1127 2646 qui
1142 2610 1253 2638 caeditur
1272 2610 1407 2645 colaphis,
1426 2614 1453 2638 et
1465 2610 1598 2637 mundum
1609 2610 1655 2637 do-

63 2683 74 2698 ⁹
95 2681 195 2709 Matth.
209 2690 251 2714 Ill,
271 2681 314 2713 16,
333 2682 376 2708 Π.
415 2681 436 2697 ⁸⁸
451 2681 521 2709 Psal.
539 2689 616 2715 xxut,
630 2682 656 2709 7;
694 2683 714 2698 “
728 2682 800 2710 Psal.

910 2703 915 2716 ,
931 2683 957 2710 5.
996 2683 1018 2699 ¹¹
1031 2682 1098 2709 Luc.
1112 2690 1150 2714 ix,
1166 2682 1192 2709 5.

63 2738 123 2772 (78)
143 2737 206 2769 Φῶς
225 2738 321 2774 ἇῡλον
333 2737 425 2774 γεννᾷ
445 2738 507 2772 φῶς
525 2739 698 2773 ἀπρόσιτον.
721 2739 816 2772 Filius,

18 2784 33 2800 ε
60 2774 155 2800 lumen
167 2774 200 2800 de
218 2773 319 2810 lumine
334 2783 343 2798 ι
360 2773 448 2810 dictus
459 2775 547 2810 etiam”
564 2775 598 2802 ab
615 2774 756 2810 Hippolyto
771 2783 818 2801 stt-

16 2810 135 2851 p--riu‘s_
144 2816 204 2851 cap.
221 2808 254 2835 10
269 2807 497 2851 contrahNaetum.
508 2809 568 2842 Φῶς
570 2807 725 2851 ,πρόσιτον
736 2811 818 2845 respi~

16 2843 111 2871 i-ttad
127 2843 219 2871 l'l'im.
237 2851 273 2874 vi,
291 2844 330 2870 t6.
352 2843 461 2871 Famuc.
570 2843 636 2851 Ἢν

903 2740 959 2774 (79)
985 2740 1012 2766 '0
1019 2738 1227 2774 ραπιζόμενος,
1246 2741 1297 2766 καὶ
1310 2738 1482 2772 ἐλευθερίαν
1497 2737 1537 2770 τῷ
1552 2738 1656 2772 κόσμῳ

866 2775 1061 2809 δωρούμενος.
1078 2775 1180 2802 Alludit
1195 2775 1238 2801 hic
1253 2774 1412 2809 Hippolytus
1426 2774 1458 2802 ad
1474 2781 1575 2801 morem
1594 2782 1654 2800 uta-

868 2810 1028 2837 numittendi
1050 2817 1144 2839 servos
1158 2817 1206 2845 per
1219 2810 1335 2844 alapam.
1351 2811 1388 2836 In.
