1856 3050
208 84 258 111 859
541 82 570 110 S.
592 82 771 110 HIPPOLYTI
789 83 862 110 OPP.
884 83 974 112 PARS
992 83 1024 111 Il.

209 146 255 168 nat
267 141 392 168 libertate
402 140 441 171 ²³;
455 139 501 174 qui
514 139 541 166 in
558 139 643 167 latere
663 140 813 175 percutitur
826 142 858 175 “,
875 146 902 169 et
916 142 988 170 latus
1001 144 1025 172 Α

208 187 303 214 Adami
320 186 430 220 corrigit
438 186 470 212 ¹¹.

246 230 313 258 Vill.
334 229 387 257 Sed
410 235 538 263 mentem,
558 239 662 265 quaeso,
677 232 744 258 mihi
760 236 885 259 accurate
902 231 990 259 inten—

211 276 265 303 dite
281 285 287 303 :
301 271 363 303 volo
381 277 452 304 enim
472 285 612 305 recurrere
626 278 660 305 ad
675 277 774 305 fontem
792 278 864 310 vitae,
880 282 907 305 et
927 277 989 304 fon-

209 327 262 349 tem
280 322 398 350 medelas
419 324 611 350 scaturientem
634 324 821 358 contemplari.
844 323 922 350 Pater
939 323 989 350 im-

208 368 380 395 mortalitatis
394 368 575 396 immortalem
591 368 688 396 Filium
703 377 734 396 ac
747 368 863 396 Verbum
876 370 903 396 in
914 377 990 395 mun-

207 414 271 440 dum
286 413 370 447 misit,
388 414 435 449 qui
451 415 525 442 venit
542 415 576 442 ad
597 416 720 443 homines
739 416 846 443 loturus
860 423 907 443 eos
919 424 989 450 aqua

207 463 233 486 et
246 458 348 493 Spiritu
366 469 373 486 ;
388 464 414 486 et
429 465 636 495 regeneralurus
653 461 686 487 ad
703 461 800 488 anima:
813 461 989 496 corporisque

208 503 500 539 incorruptibilitatem,
516 505 658 540 inspiravit
670 505 697 532 in
713 514 763 533 nos
777 506 902 541 spiritum
918 506 987 540 vilic,

207 552 235 574 et
257 548 458 584 incorruptibili
488 556 624 578 armatura
649 559 699 579 nos
727 552 824 579 induit.
853 552 881 579 Si
908 552 989 587 igitur

207 593 288 620 homo
303 593 391 621 factus
412 595 574 623 immortalis
594 601 644 628 est,
666 596 737 624 Deus
750 598 830 624 etiam
842 597 895 625 erit
908 598 939 624 ιθ.
958 597 987 624 Si

206 646 270 665 vero
291 647 338 674 per
359 647 457 674 aquam
480 646 509 668 et
525 640 655 675 Spiritum
673 646 797 669 sanctum
812 651 827 669 a
844 650 987 677 regenera-

208 683 281 710 tione
299 691 334 710 ex
348 684 456 712 lavacro
478 685 550 713 Deus
571 686 610 717 lit.
634 687 799 721 comperitur
821 688 902 714 etiam
928 693 988 721 post

206 730 433 757 resurrectionem
455 738 471 758 e
492 732 607 759 mortuis
627 733 746 760 cohaeres
768 732 870 761 Christi
886 735 985 762 esse”.

206 774 289 808 Igitur
303 776 434 810 praeconis
449 784 516 804 voce
528 778 667 812 proclamo
684 788 691 806 :
708 778 814 811 Venite,
831 787 925 807 omnes
937 781 985 807 tri-

206 819 258 846 bus
271 820 402 854 gentium,
417 821 450 848 ad
463 821 634 856 baptismatis
646 823 884 852 immortalitatem.
898 824 986 853 Vitam
1003 815 1023 842 Β

208 865 285 892 vobis
300 866 346 900 qui
360 866 388 893 in
401 867 559 902 ignorantia:
573 870 688 905 caligine
700 871 799 897 versati
810 871 898 899 adhuc
909 873 985 906 estis,

207 909 297 937 fausto
310 910 432 945 signiﬁco
447 913 552 940 nuntio.
566 913 662 942 Venite
677 922 709 941 ex
725 915 854 943 servitute
869 917 895 943 in
907 917 987 945 liber-

207 959 300 987 tatem,
316 964 350 983 ex
368 958 510 992 tyrannide
527 959 560 986 ad
575 967 698 994 regnum,
711 968 744 988 ex
762 962 935 996 corruptione
953 962 986 990 ad

207 1001 501 1037 incorruptibilitatem.
519 1003 551 1031 Et
563 1006 711 1040 quomodo,
721 1007 819 1041 inquit,
830 1008 987 1035 veniemus?

205 1046 365 1079 Quomodo?
385 1049 436 1078 Per
457 1057 555 1085 aquam
579 1056 606 1079 et
628 1052 758 1087 Spiritum
775 1059 910 1081 sanctum.
925 1054 988 1083 liae

206 1096 248 1120 est
262 1101 332 1128 aqua
346 1102 408 1122 cum
422 1095 523 1131 Spiritu
540 1098 695 1132 conjuncta,
714 1099 773 1134 ’qua
790 1100 932 1134 paradisus
947 1101 986 1128 ri-

206 1144 294 1174 gatur,
319 1145 391 1168 terra
417 1143 579 1178 pinguescit,
601 1144 799 1173 incrementum
819 1147 918 1182 planta:
940 1155 987 1175 ca-

207 1184 294 1218 piunt,
309 1192 439 1220 generant
454 1188 597 1222 animalia;
616 1193 696 1224 atque
708 1195 738 1218 ut
754 1192 844 1218 omnia
857 1200 985 1228 compen-

206 1228 252 1256 dio
266 1230 423 1264 amplectar,
443 1239 490 1266 per
509 1240 590 1267 quam
606 1239 780 1269 regeneratus
796 1236 879 1263 homo
900 1238 986 1264 viviti-

205 1278 293 1308 catur,
305 1283 358 1310 qua
373 1276 497 1305 Christus
509 1278 661 1314 baptizatus
668 1285 719 1312 est,
735 1281 761 1308 in
773 1289 854 1316 quam
869 1281 986 1317 Spiritus

205 1325 316 1349 sanctus
331 1321 462 1350 columba:
477 1325 566 1359 specie
579 1325 728 1354 descendit.

239 1412 285 1440 IX.
304 1412 355 1441 Hic
371 1418 413 1442 est
428 1415 545 1450 Spiritus
558 1418 605 1452 qui
618 1418 652 1446 ab
669 1418 748 1448 initio
765 1429 775 1446 ε
794 1419 930 1449 ferebatur
942 1429 986 1450 su-

205 1466 252 1492 per
272 1466 356 1493 aquas
369 1460 406 1493 ”;
425 1470 434 1486 ι
453 1470 501 1496 per
515 1470 596 1497 quem
612 1464 730 1492 mundus
743 1471 876 1499 movetur,
889 1473 985 1495 natura

204 1508 295 1531 creata
314 1506 449 1538 consistit,
469 1511 495 1533 et
507 1509 599 1536 omnia
617 1509 701 1537 vitam
722 1511 876 1546 accipiunt;
894 1514 940 1548 qui
954 1514 982 1541 in

204 1551 342 1585 prophetis
368 1557 496 1586 operatus
508 1558 550 1580 est
561 1555 594 1587 ¹⁰,
610 1555 638 1582 in
654 1555 791 1584 Christum
804 1558 938 1586 devolavit
949 1560 982 1587 ³ο.

204 1595 254 1623 Hic
278 1601 319 1624 est
343 1597 460 1632 Spiritus
481 1601 570 1633 specie
586 1600 739 1635 linguarum
754 1603 892 1637 ignearum
907 1605 985 1634 datus

202 1643 332 1676 apostolis
343 1644 375 1670 “.
394 1644 470 1672 llunc
483 1646 621 1680 quwrebat
632 1647 717 1675 David
732 1656 793 1675 cum
809 1649 877 1677 dixit
891 1660 898 1678 :
910 1660 919 1676 ι
932 1652 985 1679 Cor

204 1688 336 1715 mundum
355 1697 415 1716 crea
435 1690 461 1716 in
476 1690 616 1724 me,Deus,
640 1699 666 1719 et
680 1694 803 1727 spiritum
821 1702 923 1724 rectum
944 1697 984 1724 in-

203 1739 272 1758 nova
287 1732 314 1758 in
328 1732 477 1761 visceribus
492 1735 560 1761 meis
571 1735 604 1761 “.
615 1745 624 1761 ι
642 1735 679 1763 De
695 1737 746 1764 hoc
759 1737 866 1766 Gabriel
881 1740 914 1768 ad
927 1740 984 1769 Vir-

204 1776 292 1811 ginem
308 1787 314 1804 :
332 1787 341 1803 ι
360 1778 476 1813 Spiritus
489 1785 600 1807 sanctus
615 1784 785 1816 superveniet
799 1785 826 1812 in
841 1790 875 1819 te,
891 1791 917 1814 et
926 1787 983 1814 vir-

205 1828 249 1850 tus
262 1824 395 1851 Altissimi
413 1825 588 1853 obumbrabit
603 1827 691 1855 tibi".
708 1838 718 1854 ›
741 1829 791 1857 Per
812 1831 883 1859 hunc
899 1832 984 1867 Spiri-

204 1873 260 1895 tum
272 1869 368 1897 Petrus
381 1871 487 1898 beatam
501 1872 574 1899 illam
590 1881 683 1900 vocem
693 1875 789 1903 eﬂatus
799 1883 840 1905 est
853 1887 859 1904 :
878 1887 888 1904 ‹
900 1878 940 1906 Tu
953 1887 981 1907 es

201 1914 328 1942 Christus
356 1915 441 1944 Filius
455 1917 502 1944 Dei
516 1918 629 1947 viventis
640 1921 672 1946 ²⁸.
686 1930 695 1946 ι
706 1921 757 1949 Per
768 1923 840 1950 hunc
851 1923 982 1958 Spiritum

202 1961 307 1988 ﬁrmata
321 1960 448 1989 Ecclesia:
465 1967 539 1997 petra
555 1969 596 1992 est
606 1966 638 1992 ".
653 1966 702 1994 llic
712 1973 753 1994 est
767 1967 884 2003 Spiritus
899 1970 982 1998 Para-

202 2006 287 2033 cletus
298 2013 406 2042 propter
422 2013 447 2036 te
464 2010 562 2038 missus
582 2012 616 2045 “,
637 2016 665 2039 ut
679 2013 876 2042 demonstraret
895 2016 980 2044 tilium

202 2057 228 2079 te
238 2060 298 2080 esse
314 2053 371 2081 Dei.

999 1487 1020 1515 C

236 2142 271 2170 X.
292 2143 395 2171 Accede
408 2145 489 2180 igitur
503 2150 530 2173 et
545 2155 714 2181 regenerare,
731 2157 747 2176 ο
763 2149 853 2184 homo,
867 2152 899 2178 ad
913 2152 978 2179 ado-
993 2151 1016 2178 D

202 2189 321 2223 ptionem
337 2190 364 2215 in
380 2190 464 2217 (ilium
479 2191 535 2218 Dei.
553 2191 584 2218 Et
598 2194 752 2227 quomodo?
767 2195 864 2230 inquit.
880 2197 908 2223 Si
922 2205 978 2225 non

201 2234 364 2261 adulterium
378 2243 428 2263 nec
439 2237 538 2264 caedem
554 2239 724 2267 commiseris
733 2241 766 2272 ’⁷,
782 2249 832 2269 nec
849 2242 922 2270 idola
934 2251 982 2270 co-

202 2280 299 2314 lueris;
313 2281 335 2308 si
348 2289 401 2308 non
414 2283 530 2310 vincat-is
543 2293 556 2310 a
571 2285 716 2320 voluptate,
728 2287 750 2314 si
763 2295 816 2314 non
829 2289 982 2316 committas

202 2331 231 2354 ut
244 2327 355 2354 affectus
366 2329 498 2362 superbia:
510 2330 557 2357 tibi
572 2331 741 2366 dominetur;
755 2334 778 2360 si
789 2334 882 2362 sordes
895 2334 981 2370 impu-

201 2373 288 2399 ritatis
312 2373 461 2409 abstergas,
485 2380 512 2402 et
534 2384 603 2405 onus
616 2380 718 2412 peccati
736 2387 752 2407 a
769 2385 794 2407 te
811 2381 939 2415 abjicias;
957 2382 980 2409 si

200 2426 285 2446 exuas
305 2425 469 2447 armaturam
493 2421 591 2449 diaboli
612 2429 638 2451 et
659 2425 756 2453 induas
775 2426 836 2453 lidei
855 2427 977 2459 loricam,

201 2465 273 2492 sicut
296 2465 379 2492 Isaias
395 2475 401 2492 :
421 2475 430 2492 t
447 2466 596 2502 anamini,
611 2470 708 2505 inquit,
730 2476 757 2499 et
779 2473 891 2507 quaerite
904 2473 977 2507 judi-

201 2511 286 2543 cium,
301 2511 398 2546 eripite
411 2520 582 2547 oppressum,
595 2516 715 2550 judicate
734 2518 868 2552 orphano,
885 2518 976 2545 absol-

237 2566 259 2603 ¹Δ³
275 2565 340 2593 Heb.
354 2575 372 2599 ι,
384 2569 410 2595 5.
449 2569 471 2585 ³⁸
484 2568 578 2598 Matth.
595 2580 667 2603 xxvr,
684 2571 727 2599 67.
767 2573 787 2588 "
800 2572 877 2600 Joan.
896 2581 954 2603 xtx.
965 2572 1007 2600 54.

203 2602 223 2639 gf
236 2600 295 2639 act.
311 2610 403 2639 χψιι,
419 2604 463 2639 es,
502 2606 524 2621 ὀ
536 2606 631 2634 Matth.
651 2600 750 2639 1ί1,16.
788 2609 810 2623 υ
828 2608 886 2634 Act.
903 2617 932 2639 ιι,
948 2600 973 2634 2'».

201 2636 223 2652 ”
237 2635 303 2663 ibid.
324 2637 367 2664 18.
397 2635 427 2654 ⁷¹⁶
449 2638 528 2668 Joan.
556 2649 612 2674 xvr,
633 2635 690 2669 26..
717 2643 737 2658 ³⁷
752 2642 850 2677 Ephes.
875 2651 911 2675 vr,
926 2635 975 2669 'M.

238 2693 293 2738 ςεο)
314 2695 372 2738 Τὴν·
394 2698 527 2738 illeva
545 2698 702 2738 (017.36%;
714 2698 976 2738 6top00dyerog._ld

204 2733 255 2774 est,
274 2735 410 2774 peccatum
433 2740 480 2766 per
496 2733 578 2774 Evam
601 2733 794 2774 introductum,
813 2742 873 2768 quae
888 2741 921 2760 ex
938 2733 976 2760 la-

207 2766 269 2808 bere;
276 2763 370 2808 IA‘dalr‘ni
385 2763 530 2808 formata‘a
547 2768 607 2808 ‘Deo.
617 2768 712 2808 {uerat2
728 2763 835 2808 Ιῖλθιξιίξ,

243 2798 297 2834 t8!)
317 2801 419 2828 Ἔσται
433 2803 480 2829 καὶ
499 2804 579 2835 Θείς.
594 2803 632 2830 Ad
650 2803 713 2830 illud
729 2804 838 2838 respicit
850 2802 869 2829 ll
885 2803 941 2830 Pet.
959 2811 977 2835 ι,

1043 99 1078 103 -
1098 83 1251 111 uocum.
1272 83 1316 111 ET
1335 74 1508 113 msromc.’
1761 83 1806 111 sco

1038 141 1157 176 τόμενος,
1166 142 1213 168 καὶ
1219 141 1267 178 τὴν
1276 141 1393 178 πλευρὰν
1404 128 1450 169 τοῦ
1466 142 1549 178 ’Δδὰμ
1556 141 1740 178 διορθοῦμενος
1748 142 1804 178 (80).

1080 229 1160 257 Ἀλλὰ
1181 231 1333 258 συντείνατέ
1357 240 1401 266 μοι
1416 233 1461 258 τὸν
1483 232 1554 264 νοῦν,
1570 232 1730 268 παρακαλῶ,
1747 233 1805 267 μετέι

1038 275 1193 311 ἀκριϐείας·
1220 276 1347 312 βούλομαι
1369 277 1421 312 γὰρ
1439 278 1484 304 ἐπὶ
1502 278 1550 314 τὴν
1567 279 1660 314 πηγὴν
1682 279 1727 314 τῆς
1744 278 1805 313 ζωῆς

1038 320 1212 356 ἀναδραμεῖν,
1230 323 1277 349 καὶ
1291 322 1436 350 θεάσασθαι
1453 324 1501 360 τὴν
1522 324 1613 359 πηγὴν
1630 324 1682 350 τῶν
1699 325 1804 359 ἰαμάτων

1038 365 1222 399 ⁵πηγάζουσαν.
1243 366 1272 392 '0
1286 367 1335 402 τῆς
1347 368 1495 400 ἀθανασίας
1510 369 1615 404 Πατὴρ,
1629 369 1673 395 τὺν
1689 368 1804 396 ἀθάνατον

1038 410 1100 436 Υἱὺν
1111 411 1157 437 καὶ
1168 411 1252 445 Λόγον
1265 413 1422 440 ἀπέστειλεν
1433 416 1472 446 εἰς
1485 414 1530 440 τὸν
1547 415 1648 450 κόσμον
1658 423 1664 429 ·
1682 415 1711 446 ὃς
1725 416 1805 448 ἀφικό-

1040 465 1120 492 μενος
1136 458 1175 489 είς
1192 458 1236 484 τὸν
1252 459 1402 494 ἄνθρωπον,
1423 460 1567 487 λούσασθαι
1585 461 1661 488 ὕδατι
1678 462 1722 488 καὶ
1735 462 1806 487 Πνεῦ-

1039 510 1103 536 ματι
1111 510 1118 516 ⁸
1134 502 1179 528 καὶ
1190 504 1374 539 ἀναγεννήσας
1385 505 1451 540 πρὸς
1461 506 1615 542 ἀφθαρσίαν
1627 507 1714 542 ψυχῆς
1728 516 1755 533 τε
1768 509 1807 533 καὶ

1038 546 1171 582 σώματος,
1187 549 1349 584 ἐνεφύσησεν
1362 551 1426 585 ἡμῖν
1438 551 1543 586 πνεῦμα
1555 551 1637 587 ζωῆς,
1651 553 1807 588 περιαμςιᾶ-

1038 599 1087 622 σας
1101 593 1172 626 ἡμᾶς
1182 593 1312 628 ἀφθάρτῳ
1328 594 1471 629 πανοπλίᾳ.
1489 596 1519 621 ΕΞ
1534 594 1580 622 οὖν
1596 596 1727 628 ἀθάνατος
1740 598 1808 631 γέγο-

1037 645 1080 663 νεν
1095 638 1109 662 ὁ
1124 636 1274 672 ἄνθρωπος,
1296 638 1371 665 ἔσται
1391 640 1438 665 καὶ
1452 639 1516 671 Θεός
1532 640 1596 675 (81).
1618 641 1648 666 Εἰ
1668 641 1696 667 δὲ
1709 641 1769 673 65b;
1780 641 1806 666 εἰ

1038 681 1132 714 ὓδατος
1150 683 1196 708 καὶ
1212 682 1368 718 Πνεῦματος
1382 684 1459 718 ἁγίου
1475 685 1544 720 μετὰ
1559 685 1606 720 τὴν
1621 685 1672 720 τῆς
1685 686 1808 720 κολυμδή-

1038 727 1104 763 θρας
1121 728 1296 764 ἀναγέννησιν
1312 728 1425 763 γίνεται,
1441 730 1596 765 εὑρίσκεται
1614 732 1662 757 καὶ
1674 730 1809 765 συγκληίο-

1037 773 1118 808 νόμος
1135 774 1252 809 Χριστοῦ
1273 775 1341 809 μετὰ
1357 775 1404 810 τὴν
1421 777 1453 802 ὲκ
1469 776 1572 811 νεκρῶν
1590 776 1748 802 ἀνάστασιν.
1770 776 1808 802 Διὸ

1037 818 1165 854 κηρύσσω
1180 819 1275 854 λέγων·
1291 820 1384 854 Δεῦτε,
1401 822 1485 848 πᾶσαι
1501 823 1529 848 αἰ
1543 823 1720 857 πατριαΐτῶν
1727 821 1809 852 ὲθκῶν,

1036 865 1082 890 ἐπὶ
1094 864 1142 900 τὴν
1153 865 1197 891 τοῦ
1211 865 1394 901 βαπτίσματος
1410 867 1567 894 ἀθανασίαν.
1582 867 1658 903 Ζωὴν
1669 868 1732 902 ὑμῖν
1744 869 1810 901 σιαγ-

1035 909 1187 945 γελίζομαι,
1203 913 1259 943 τοῖς
1279 913 1308 938 ὲν
1327 912 1365 947 τῷ
1381 912 1454 948 ζόφῳ
1472 913 1520 947 τῆς
1536 913 1675 947 ἀγνωσίας
1689 913 1810 947 ἐνδιατρί-

1036 955 1138 983 ϐουσιν.
1154 957 1236 984 Δεῦτε
1251 959 1291 989 είς
1312 958 1466 994 ἐλευθερίαν
1486 959 1518 985 ὲκ
1540 959 1673 991 δουλείας,
1691 961 1730 991 εἰς
1745 960 1810 995 βασι-

1036 1001 1110 1029 λείαν
1129 1002 1161 1028 ἐκ
1183 1003 1347 1038 τυραννίδος,
1365 1004 1404 1036 είς
1422 1004 1575 1040 ἀφθαρσίαν
1595 1006 1627 1031 ὲκ
1643 1005 1692 1039 τῆς
1706 1006 1807 1040 φθορᾶς.

1036 1048 1091 1074 Καὶ
1105 1048 1173 1081 πῶς,
1188 1049 1280 1084 φησὶν,
1300 1050 1482 1085 ὲλευσόμεθα;
1503 1051 1583 1084 Πῶς;
1606 1052 1646 1076 Δι’
1665 1051 1758 1083 ὕδατος
1771 1052 1810 1078 υἷι

1036 1093 1112 1128 ἁγίου
1127 1094 1291 1130 Πνεύματος.
1309 1095 1394 1122 Τοῦτο
1407 1096 1434 1122 δέ
1450 1097 1522 1122 ἐστιν
1542 1096 1573 1122 τὸ
1594 1096 1668 1131 ὕδωρ
1687 1097 1718 1122 τὸ
1737 1097 1810 1122 Πνεύ-

1038 1147 1101 1174 ματι
1118 1139 1271 1172 κοινωνοῦν,
1286 1140 1319 1167 δι’
1331 1137 1361 1168 οὗ
1375 1141 1535 1177 παράδεισος
1551 1141 1700 1173 ποτίζεται,
1716 1142 1749 1168 δι’
1762 1140 1810 1176 ὠή

1036 1182 1072 1217 γῆ
1089 1183 1234 1215 πιαίνεται,
1248 1184 1282 1211 δι’
1298 1182 1328 1211 οὗ
1348 1185 1428 1219 φυτὸν
1441 1185 1531 1218 αὔξει,
1551 1186 1584 1212 δι’
1598 1184 1628 1212 οὗ
1649 1187 1707 1218 ζῶα
1730 1195 1812 1213 τεχνο-

1036 1229 1123 1262 γονεί·
1139 1229 1185 1255 καὶ
1198 1229 1241 1255 ἴνα
1256 1229 1344 1256 πάντα
1357 1229 1472 1256 συνελὼν
1483 1230 1562 1261 εἴπω,
1581 1230 1615 1255 δι’
1625 1227 1655 1257 οὗ
1671 1230 1813 1264 ἀναγεννω-

1037 1282 1116 1309 μενος
1140 1273 1311 1308 ζωογονεῖται
1336 1274 1487 1310 ἄνθρωπος,
1511 1275 1540 1301 ἐν
1603 1275 1650 1302 καὶ
1670 1276 1684 1301 ὁ
1704 1276 1812 1310 Χριστὸς

1036 1320 1218 1353 ὲὸαπτίσατο,
1235 1322 1263 1347 ὲν
1276 1317 1298 1354 ᾧ
1313 1320 1359 1347 καὶ
1374 1321 1403 1347 τὸ
1419 1320 1529 1356 Πνεῦμα
1547 1322 1701 1357 κατήρχετο
1715 1323 1744 1347 ἐν
1757 1322 1812 1348 εῖδει

1036 1367 1209 1403 περιστερᾶς.

1073 1413 1157 1439 Τοῦτο
1167 1413 1195 1439 δέ
1209 1413 1282 1439 ἐστιν
1294 1412 1324 1439 τὸ
1333 1412 1454 1448 Πνεῦμα,
1467 1412 1497 1439 τὸ
1507 1413 1554 1440 ἀπ’
1567 1413 1652 1449 ἀρχῆς
1669 1423 1678 1439 t
1693 1414 1814 1449 é:L;E‘f/:r

1038 1467 1117 1493 μενον
1135 1458 1226 1484 ἐπάνω
1242 1458 1295 1484 τῶν
1314 1458 1416 1485 ὑδάτων
1427 1466 1435 1474 '
1459 1467 1469 1484 ι
1484 1458 1517 1485 δι’
1530 1456 1560 1485 οὗ
1579 1459 1681 1493 κόσμος
1696 1461 1813 1490 κινεῖται,

1035 1504 1068 1530 δι’
1080 1501 1110 1531 οὗ
1125 1504 1213 1535 κτίσις
1228 1504 1334 1530 ἵσταται
1353 1504 1399 1531 καὶ
1414 1504 1448 1530 τὰ
1464 1504 1609 1540 σύμπαντα
1627 1505 1812 1539 ζωογονεῖται·

1034 1549 1063 1575 τὸ
1074 1550 1102 1575 ἐν
1115 1549 1266 1585 προφήταις
1279 1550 1437 1585 ἐνεργῆσαν,
1445 1550 1476 1576 τὺ
1487 1551 1657 1586 ἐπὶΧριστὺν
1669 1553 1814 1578 καταπτάγ.

1035 1594 1119 1620 Τοῦτό
1134 1595 1206 1620 ἐστιν
1222 1595 1252 1621 τὺ
1271 1594 1380 1629 Πνεῦμα
1396 1594 1426 1620 τὸ
1445 1594 1519 1620 δοθὲν
1542 1597 1595 1626 τοῖς
1617 1595 1777 1627 ἀποστόλοις
1793 1597 1815 1621 ἐν

1034 1639 1097 1666 εἴδει
1109 1639 1227 1676 πυρίνων
1242 1639 1379 1674 γλωσσῶν.
1394 1639 1478 1666 Τοῦτο
1493 1640 1522 1666 τὸ
1537 1640 1650 1676 Πνεῦμα
1661 1641 1755 1676 ἐζήτει
1770 1644 1814 1667 Δα-

1034 1685 1076 1711 ϐὶδ
1087 1685 1173 1719 λέγων
1183 1693 1189 1700 ·
1200 1695 1209 1711 t
1219 1685 1337 1720 Καρδίαν
1350 1685 1472 1720 καθαρὰν
1483 1686 1573 1712 κτίσον
1585 1687 1614 1712 ἐν
1626 1687 1700 1721 ἐμοὶ,
1711 1688 1728 1713 ὁ
1747 1687 1815 1717 Θεὸς.

1034 1731 1081 1758 καὶ
1101 1731 1208 1767 πνεῦμα
1221 1731 1297 1762 εὺθὲς
1311 1731 1463 1765 ἐγκαίνισον
1476 1732 1504 1758 ἐν
1520 1733 1575 1763 τοῖς
1587 1733 1718 1765 ἐγκατοις
1737 1742 1813 1768 μου.»

1035 1777 1101 1813 Περὶ
1115 1777 1208 1804 τούτου
1224 1778 1270 1803 καὶ
1283 1777 1400 1812 Γαϐριὴλ
1414 1777 1504 1811 ἔλεγεν
1514 1779 1547 1812 τῇ
1557 1778 1702 1813 Παρθένῳ·
1721 1790 1730 1803 ι
1744 1778 1818 1805 Π·ιεῦ-

1035 1831 1073 1858 μα
1091 1823 1167 1857 ἅγιον
1181 1823 1353 1849 ἐπελεύσεται
1369 1823 1415 1849 ἐπὶ
1432 1824 1471 1855 σὲ,
1492 1823 1539 1849 καὶ
1557 1823 1673 1858 δύναμις
1695 1824 1817 1859 Ὑψίστου

1033 1869 1186 1895 ἐπισκιάσει
1201 1878 1250 1895 σοι.
1270 1878 1279 1894 ι
1298 1869 1346 1895 Διὰ
1367 1868 1460 1895 τούτου
1480 1869 1526 1895 τοῦ
1544 1869 1704 1904 Πνεύματος
1721 1870 1818 1904 Uirgo;

1033 1915 1180 1949 ἐφθέγξατο
1201 1915 1248 1951 τὴν
1274 1916 1410 1951 μακαρίαν
1430 1915 1536 1950 ἐκείνην
1558 1917 1663 1951 φωνήν
1684 1926 1693 1942 t
1710 1917 1750 1943 Σὺ
1771 1915 1817 1941 εἷὲ

1031 1961 1146 1996 Χριστὸς
1170 1962 1184 1987 ὁ
1207 1961 1270 1993 Υἱὸς
1292 1961 1338 1987 τοῦ
1354 1960 1419 1987 Θεοῦ
1440 1960 1548 1992 ζῶντος.
1566 1971 1575 1987 ι
1594 1961 1644 1988 Διὰ
1660 1963 1761 1988 τούτου
1778 1961 1816 1987 τοῦ

1031 2007 1187 2041 Πνεύματος
1199 2005 1373 2042 ἐστερεώθηή
1384 2007 1470 2041 πέτρα
1483 2006 1533 2041 τῆς
1548 2006 1726 2042 Ἐκκλησίας.
1738 2007 1816 2033 Τοῦτό

1032 2054 1105 2079 ἐστιν
1121 2052 1150 2078 τὸ
1167 2051 1288 2087 Πνεῦμα,
1303 2053 1317 2078 ὁ
1332 2051 1516 2087 Παράκλητος,
1533 2051 1563 2077 τὸ
1574 2052 1619 2078 διὰ
1630 2053 1660 2078 σε
1674 2053 1815 2088 πεμπέμ-

1031 2108 1086 2132 νον,
1101 2099 1144 2125 ἵνα
1162 2098 1235 2135 δείξῃ
1250 2106 1279 2124 σε
1295 2098 1387 2125 τέκνον
1403 2097 1480 2124 Θεοῦ.

1064 2144 1147 2180 Δεῦρο
1162 2144 1259 2176 τοίνυν,
1269 2144 1474 2179 ἁναγεννήθητι,
1485 2144 1621 2179 ἄνθρωπε,
1633 2145 1675 2176 εἰς
1686 2145 1816 2170 υἱοθεσῖαν

1033 2192 1110 2219 Θεοῦ.
1127 2192 1181 2218 Καὶ
1197 2191 1269 2224 πῶς;
1288 2191 1383 2226 φησίν·
1407 2191 1453 2217 ἐὰν
1470 2191 1567 2226 μηκέτι
1587 2192 1740 2227 μοιχεύσῃς
1757 2191 1815 2225 (83!,

1035 2239 1102 2274 μηδὲ
1118 2238 1259 2274 φονεύσῃς,
1277 2238 1343 2273 μηδὲ
1358 2237 1616 2274 είδωλολατρεύσῃς·
1633 2239 1681 2265 ἐὰν
1755 2247 1815 2273 κρα-

1032 2285 1115 2320 τηθῇς
1124 2284 1168 2318 ὑφ’
1177 2284 1281 2319 ἡδονῆς,
1291 2283 1337 2310 ἐὰν
1350 2283 1385 2318 μὴ
1397 2283 1480 2314 πάθος
1490 2283 1681 2318 ὑπερηφανίας
1689 2285 1816 2319 κυριεύσῃ

1033 2338 1096 2357 σου·
1113 2330 1159 2356 ἐὰν
1176 2329 1311 2366 ἁποξέσῃς
1330 2329 1375 2355 τὸν
1397 2329 1480 2364 ῥύπον
1499 2329 1548 2364 τῆς
1567 2329 1754 2366 ἀκαθαρσίας,
1776 2329 1816 2355 καὶ

1031 2374 1184 2411 ἀπορρίψῃς
1206 2375 1236 2400 τὸ
1260 2373 1366 2408 φορτίον
1387 2373 1437 2408 τῆς
1455 2373 1606 2408 ἁμαρτίας·
1627 2373 1677 2399 ἐὰν
1698 2373 1816 2405 (indis-1:,

1031 2423 1079 2458 τὴν
1094 2421 1242 2448 πανοπλίαν
1260 2420 1307 2446 τοῦ
1323 2418 1455 2451 διαϐόλου,
1473 2419 1519 2444 καὶ
1533 2418 1631 2454 ἐνδύσῃ
1646 2420 1694 2445 τὸν
1708 2419 1815 2454 Θώρακι

1029 2469 1079 2503 τῆς
1096 2467 1223 2498 πίστεως,
1240 2465 1330 2497 καθώς
1343 2473 1424 2500 φησιν
1442 2464 1552 2496 Ἡσαΐας
1563 2472 1570 2478 -
1589 2474 1597 2489 ι
1614 2464 1759 2491 Λοὺσασϐε
1773 2464 1814 2489 καὶ

1029 2513 1162 2549 ζητήσατε
1178 2512 1277 2548 κρίσιν,
1295 2510 1411 2546 ῥύσασθε
1433 2510 1618 2546 ἀδικούμενον,
1641 2513 1755 2548 κρίνατε
1774 2511 1814 2544 δρ-

1032 2571 1064 2597 “.
1086 2570 1108 2596 ll
1137 2569 1195 2596 Pet.
1220 2568 1279 2600 1,4.
1317 2569 1338 2583 "
1353 2567 1433 2595 Rom.
1459 2575 1516 2601 vni,
1533 2567 1576 2596 l7.
1618 2569 1640 2584 ¹⁸
1662 2568 1732 2595 Gen.
1754 2575 1772 2599 ι,
1788 2566 1810 2592 ’ὶ-

1028 2607 1050 2622 ”
1065 2605 1134 2632 Psal.
1152 2604 1237 2637 L,12.
1276 2603 1298 2618 ’³
1320 2602 1385 2630 Luc.
1411 2611 1431 2635 ι,
1455 2602 1499 2630 55.
1537 2603 1560 2618 “
1580 2603 1679 2630 Matth.
1697 2611 1754 2633 xvr,
1771 2600 1811 2627 l6.

1029 2699 1061 2724 4:
1080 2697 1137 2722 ἰνα
1146 2695 1190 2722 διὰ
1202 2695 1302 2721 τούτων
1316 2693 1430 2730 γένησθε
1449 2693 1524 2725 θείας
1542 2694 1668 2720 κοινωνοὶ
1685 2693 1791 2728 φύσεως
1805 2698 1810 2704 ”

1034 2741 1042 2758 ‹
1065 2731 1098 2758 Ut
1112 2738 1157 2765 per
1170 2732 1227 2758 hac
1242 2729 1394 2766 eiﬁciamini
1409 2729 1667 2766 diviltzeconsortes
1682 2734 1810 2766 naturae.)

1065 2763 1121 2801 (82)
1146 2765 1322 2801 Ἐὰνμηκέῃ
1329 2765 1502 2801 μοιχεύσῃς.
1516 2764 1543 2801 lu
1560 2765 1636 2801 hunc
1646 2765 1740 2791 locum
1760 2763 1813 2788 \ide

1036 2798 1177 2830 Possinum
1197 2798 1229 2828 ad
1249 2799 1278 2828 S.
1296 2799 1346 2828 Nili
1359 2799 1499 2834 epistolam
1514 2799 1540 2825 Ξ.
1560 2798 1668 2827 Ρλιικιο.
