1856 3050
49 93 108 122 82’25

638 98 827 127 SERMONU‘M
848 101 1067 130 FRAGMENTA.

1617 117 1668 143 866

48 158 96 184 νος
114 153 203 190 ταύτῃ
223 154 428 189 κατηγγέλλετο,
443 155 473 181 τὺ
489 155 622 190 μηδεμίαν
642 156 811 192 ἁμαρτήματη

904 160 1003 187 rediuis
1028 166 1052 188 et
1069 162 1250 197 corruptionis
1274 172 1370 200 expers
1384 167 1443 202 ejus
1463 169 1666 199 tabernaculum

48 198 194 233 σηπεδόνα
215 199 312 234 φῦσαν.
340 201 369 226 '0
393 200 447 237 γὰρ
466 201 626 237 ἁμαρτήσας
645 203 691 229 καὶ
714 202 837 238 ἐξομολο-

45 243 188 279 γούμενός
202 253 285 280 φησι·
307 255 316 271 ι
329 246 505 281 Προσώζεσαν
521 247 566 273 καὶ
581 247 721 283 ἐσάπησαν
741 249 765 274 οἱ
779 248 836 284 μώ-

44 288 145 321 λωπές
172 299 222 325 μου
247 291 301 317 ἀπὸ
322 291 465 327 προσώπου
488 292 538 327 τῆς
562 293 718 329 ἀφροσύνης
747 302 807 329 μου.
824 304 833 319 ι

51 336 83 362 ’0
95 336 128 363 δὲ
140 337 242 372 Κύριος
256 338 446 374 ἀναμάρτητος
462 336 506 374 ἦν,
522 340 554 365 ἐκ
573 339 626 365 τῶν
641 339 770 375 ἁσήπτων
790 340 834 373 ξύ-

43 382 104 409 λων
126 383 159 409 τὸ
175 383 245 410 κατὰ
262 384 411 419 ἄνθρωπον,
431 385 567 411 τουτέστιν
583 386 615 411 ἐκ
630 385 679 419 τῆς
699 385 834 421 Παρθένου

43 429 96 454 καὶ
123 429 171 456 τοῦ
193 430 267 464 ἁγίου
293 429 464 465 Πνεύματος,
489 430 586 457 ἔσωθεν
601 432 648 457 καὶ
673 431 771 463 ἔξωθεν
786 432 832 458 τοῦ

43 475 140 509 Λόγου
157 475 204 502 τοῦ
218 476 284 502 Θεοῦ
299 473 342 502 οἷα
357 475 542 512 καθαρωτάτῳ
562 477 666 513 χρυσίῳ
687 486 833 513 περικεκα-

42 519 200 556 λυμμένος.

887 206 1107 240 signiﬁcabatur,
1131 209 1204 243 quod
1237 211 1338 238 nullam
1367 215 1467 247 peccati
1497 217 1665 250 putredinem

887 254 989 284 genuit.
1006 252 1071 278 Nam
1088 253 1133 286 qui
1152 255 1280 288 peccavit,
1296 257 1440 285 conﬁtetur
1453 263 1478 286 et
1494 260 1576 287 dicit:
1593 261 1666 289 iPu-

886 298 1012 323 trueruut
1031 301 1058 324 et
1073 303 1208 333 corrupta:
1229 306 1292 328 sunt
1308 302 1447 332 cicatrices
1466 312 1541 339 mete,
1566 313 1581 333 a
1597 306 1666 334 facie

885 340 1046 376 insipientiae
1060 351 1126 370 mem
1137 344 1186 372 ".i
1205 344 1333 383 Domipus
1349 353 1437 376 autem
1451 352 1553 384 peccati
1569 359 1665 387 expers

885 391 952 419 erat,
970 392 996 415 ct
1011 395 1043 415 ex
1060 389 1140 422 lignis
1156 391 1343 424 putrefactioni
1360 403 1411 421 non
1427 395 1551 423 obnoxiis
1567 405 1665 424 secun-

886 431 950 460 dum
976 433 1124 468 hominem,
1151 436 1202 464 hoc
1222 442 1263 465 cst
1286 447 1317 465 ex
1332 439 1441 475 Virgine
1465 446 1493 469 et
1511 450 1543 469 ex
1563 443 1662 478 Spiritu

885 483 989 512 sancto,
1009 479 1081 508 intus
1094 485 1120 507 et
1132 481 1198 510 foris
1217 489 1343 519 tanquam
1357 487 1505 521 purissimo
1520 488 1600 516 Verbi
1615 489 1660 517 Dei

885 531 953 552 auro
967 525 1170 555 circumiectus.

830 569 887 598 VH.

150 614 192 641 Ex
213 623 328 642 sermone
339 615 366 642 in
380 622 508 651 magnum
533 615 685 655 canticum.
699 631 735 636 —
746 617 822 652 Apud
843 617 960 644 eumdem
977 618 1160 647 Theodoritum
1172 621 1239 648 Dial.
1258 621 1289 655 ll,
1301 624 1365 650 ibid.
1384 633 1444 660 pag.
1458 625 1500 657 88,
1521 627 1564 654 89.

42 660 103 688 Τοῦ
116 661 211 693 αὐτοῦ,
223 661 257 688 ὲκ
272 661 323 688 τοῦ
333 661 503 723 λόψυώτοῡ
513 662 552 693 εἰς
564 661 611 697 τὴν
628 661 708 697 ᾭδὴν
723 662 771 697 τὴν
785 671 832 697 με-

394 705 411 723 γ
448 705 489 723 ην.

394 705 489 732 γαΑην.

89 751 120 778 ’0
142 751 188 779 τὸν
204 751 358 778 ἀπολωλότα
376 752 407 778 ὲκ
423 751 475 787 γῆς
497 752 705 788 πρωτόπλαστον
727 752 831 789 ἄνθρω-

42 805 110 828 πον,
127 797 175 823 καὶ
195 798 223 825 ἐν
242 797 350 832 δεσμοῖς
366 797 479 824 θανάτου
499 797 690 833 κρατούμενον,
714 798 743 832 ἑξ
767 798 829 834 ᾅδου

42 844 206 869 κατωτάτου
227 843 357 874 ἑλκύσας·
379 844 393 870 6
415 843 516 870 ἄνωθεν
538 843 685 876 κατελθὼν,
713 845 758 871 καὶ
785 845 829 871 τὸν

41 890 124 916 κάτω
133 890 173 920 εἰς
185 889 218 915 τὰ
231 890 286 916 ἄνω
301 890 449 924 ἀνενέγκας
458 899 464 904 ·
480 891 494 917 ὁ
506 890 559 917 τῶν
569 890 675 925 νεκρῶν
691 890 831 925 εὐαγγελι-

41 934 123 970 στὴς,
142 934 255 961 καὶτῶν
271 935 364 970 ψυχῶν
379 935 526 972 λυτρωτὴς,
544 937 590 963 καὶ
608 937 754 969 ἀνάστασις
776 937 829 964 τῶν

40 979 225 1015 τεθαμμένων
246 980 385 1015 γινόμενος
395 999 402 1011 ,
416 976 493 1012 οὗτος
507 978 541 1016 ἦν
559 982 573 1007 6
587 982 633 1008 τοῦ
655 983 828 1017 νενικημένου

40 1027 192 1062 ἀνθρώπου
205 1027 384 1063 γεγενημένος
396 1027 500 1063 βοηθὸς,
516 1028 573 1054 κατ’
584 1028 663 1055 αὑτὸν
679 1029 769 1064 ὅμοιος
783 1029 830 1056 αύ-

40 1074 94 1109 τῷ,
115 1074 285 1109 πρωτότοκος
301 1074 396 1108 Λόγος,
413 1075 458 1102 τὸν
473 1075 681 1111 πρωτόπλαστον
701 1075 787 1110 Ἀδὰμ
801 1077 828 1103 ἐν

39 1122 76 1156 τῇ
107 1120 241 1156 Παρθένῳ
266 1121 510 1156 ἐπισκεπτόμενος·
539 1123 552 1148 6
579 1122 761 1156 πνευματικος
784 1122 828 1148 τὸν

39 1167 136 1201 χοῖκδν
151 1168 179 1193 ὲν
193 1168 225 1202 τῇ
239 1167 327 1202 μήτρᾳ
340 1167 486 1202 ἐπιζητῶν
499 1168 513 1194 6
527 1168 570 1194 ἀεὶ
585 1167 638 1199 ζῶν
647 1168 690 1194 τὸν
706 1168 749 1194 διὰ
761 1177 829 1204 παρ-

39 1212 130 1246 ακοῆς
154 1212 334 1239 ἀποθανόντα-
357 1213 371 1238 ὁ
391 1213 513 1248 οὐράνιος
536 1213 581 1240 τὸν
600 1214 718 1248 ἐπίγειον
737 1215 776 1246 εἰς
796 1214 829 1240 τὰ

39 1259 101 1285 ἄνω
115 1258 216 1285 καλῶψ
238 1259 251 1285 6
266 1258 377 1294 εὐγενὴς
390 1259 434 1286 τὸν
448 1259 539 1285 δοῦλον
552 1259 596 1286 διὰ
609 1259 659 1294 τῆς
675 1260 741 1291 ἰδίας
757 1261 828 1286 ὐπα-

39 1305 111 1340 κοῆς
125 1303 265 1340 ἐλεύθερον
278 1304 415 1337 ἀποδεῖξαι
431 1304 513 1331 θέλων
523 1315 530 1322 ·
552 1306 566 1332 ό
585 1305 629 1332 τὸν
651 1305 689 1336 είς
703 1305 754 1340 γῆν
768 1305 828 1331 λυό-

41 1359 127 1386 μενον
144 1351 285 1386 ἄνθρωπον
298 1351 343 1377 καὶ
357 1350 454 1386 βρῶμα
468 1351 556 1386 ὄφεως
573 1352 754 1386 γεγενημένον
764 1371 770 1383 ,
788 1352 827 1384 είς

39 1397 188 1432 ἀδάμαντα
211 1397 321 1432 τρέψας,
351 1398 396 1424 καὶ
415 1397 508 1424 τοῦτον
539 1398 585 1423 ὲπῖ¹
611 1397 689 1430 ξύλου
725 1405 828 1433 κρεμα-

40 1443 143 1469 σθέντα
159 1443 252 1479 κύριον
268 1443 338 1470 κατὰ
353 1443 399 1469 τοῦ
421 1444 592 1479 νενικηκότος
609 1443 765 1476 ἀποδείξας,
781 1443 827 1470 καὶ

39 1489 88 1515 διὰ
104 1488 185 1514 τοῦτο
195 1487 239 1515 διὰ
251 1488 339 1521 ξύλου,
356 1488 502 1524 νικηφόρος
516 1489 680 1525 εὑρίσκεται.

174 1534 228 1561 Τοῦ
246 1533 348 1567 αὐτοῦ,
369 1534 401 1560 ἐκ
420 1534 472 1561 τοῦ
487 1535 579 1562 αὑτοῦ
592 1536 693 1569 λόγου.

77 1580 110 1607 οι
127 1580 183 1616 γὰρ
199 1580 244 1606 τὸν
256 1580 319 1606 Υίὺν
332 1579 378 1606 τοῦ
393 1579 460 1606 Θεοῦ
479 1579 608 1616 ἔνσαρκον
622 1580 668 1607 νῦν
686 1579 721 1616 μὴ
735 1579 826 1615 ἐπιγι-

38 1626 205 1658 νώσκοντες,
218 1625 411 1660 ὲπιγνώσονται
425 1625 504 1652 αὐτὸν
517 1625 610 1661 κριτὴν
621 1627 649 1652 ὲν
662 1625 725 1662 δόξῃ
740 1634 826 1662 παρα-

38 1675 197 1710 γινόμενον,
212 1674 258 1700 τὸν
270 1673 316 1702 νῦν
331 1674 359 1700 ὲν
375 1672 461 1708 ἀδόξῳ
477 1673 580 1708 σώματι
597 1673 781 1709 ὑϐριζόμενον.

176 1765 231 1792 Τοῦ
247 1764 350 1798 αὐτοῦ,
363 1764 398 1790 ἐκ
412 1764 464 1791 τοῦ
480 1763 573 1790 αὒτοῦ
587 1764 689 1798 λόγου.

76 1811 135 1838 Καὶ
149 1810 202 1846 γὰρ
217 1811 241 1837 οἱ
255 1809 396 1838 ἀπόστολοι
408 1808 529 1840 ἐλθόντες
545 1809 584 1839 είς
598 1809 628 1835 τὸ
643 1810 772 1845 μνημεῖον
788 1811 821 1845 τῇ

37 1855 134 1892 ἡμέρᾳ
149 1857 182 1890 τῇ
199 1855 285 1891 τρίτῃ,
300 1855 347 1889 οὐχ
364 1853 487 1890 εὕρισκον
506 1853 536 1880 τὸ
558 1853 636 1888 σῶμα
651 1853 696 1879 τοῦ
718 1853 820 1888 Ἰησοῦ·

35 1903 67 1928 ὃν
82 1902 183 1937 τρόπον
197 1901 249 1927 υἱοὶ
262 1900 308 1927 τοῦ
332 1899 438 1936 Ἰσραὴλ
455 1900 503 1935 τὴν
519 1899 607 1934 ταφὴν
621 1899 667 1925 τοῦ
685 1899 822 1931 Μωῡσέως

36 1946 192 1978 ἀναϐάντες
207 1946 236 1972 ὲν
246 1944 285 1980 τῷ
297 1945 353 1981 δρει
368 1943 491 1980 ἐζήτουν,
512 1944 559 1971 καὶ
575 1944 624 1979 οὐχ
640 1943 774 1980 εὕρισκον.

941 662 1076 697 Ejusdem,
1091 673 1123 692 ea:
1134 673 1251 693 sermone
1266 667 1293 693 In
1310 676 1437 704 magnum
1455 670 1606 700 Canticum.

919 752 970 786 Qui
995 754 1130 788 perditum
1156 757 1292 785 hominem
1317 767 1350 787 ex
1374 764 1443 787 terra
1466 760 1611 789 formatum
1635 769 1660 791 et

883 798 999 825 vinculis
1023 801 1120 827 mortis
1136 801 1290 833 astrictum.
1311 811 1342 830 ex
1359 804 1453 832 infimo
1477 805 1582 833 inferno
1603 809 1658 835 eri-

881 844 956 879 puit;
972 845 1018 879 qui
1035 846 1150 881 desuper
1166 847 1285 879 veniens,
1303 850 1328 875 in
1347 850 1461 877 sublime
1476 852 1572 878 extulit
1585 853 1659 882 humi

878 889 1028 924 jacentem',
1047 890 1093 925 qui
1118 896 1286 919 mortuorum
1303 895 1483 930 evangelista,
1512 903 1538 924 et
1555 898 1660 924 anima-

880 942 940 962 rum
956 935 1120 970 redemptor,
1136 941 1162 965 et
1179 940 1342 966 resurrectio
1356 941 1537 975 sepultorum,
1555 943 1599 970 hic
1612 943 1660 971 de-

880 980 942 1008 victi
959 981 1078 1009 hominis
1095 982 1146 1010 fuit
1162 984 1321 1017 auxiliator,
1345 986 1494 1014 secundum
1512 987 1600 1022 ipsum
1621 989 1659 1016 si-

879 1026 951 1055 milis
966 1027 1014 1059 illi,
1030 1029 1238 1063 primogenitum
1256 1029 1373 1058 Verbum
1387 1032 1504 1066 primum
1520 1039 1657 1067 parentem

879 1071 963 1099 Adam
983 1073 1009 1099 in
1027 1073 1137 1108 Virgine
1150 1074 1283 1103 visitans:
1307 1077 1457 1111 spiritualis
1471 1083 1610 1107 terrenum
1630 1081 1657 1108 in

879 1118 989 1145 matrice
1001 1126 1139 1152 quaerens;
1152 1127 1258 1155 semper
1270 1121 1373 1154 vivens,
1385 1130 1434 1157 per
1447 1123 1657 1153 inobedientiam

879 1169 1033 1198 mortuum;
1059 1166 1177 1194 cmlestis
1203 1172 1355 1195 terrestrem
1384 1170 1419 1197 ad
1448 1171 1587 1205 superiora
1609 1180 1656 1199 vo—

878 1217 962 1243 cans;
980 1211 1078 1238 nobilis
1093 1219 1201 1239 servum
1218 1220 1267 1247 per
1279 1214 1416 1248 propriam
1432 1215 1614 1242 obedientiam
1625 1217 1658 1242 li—

878 1254 980 1282 bertate
1008 1256 1109 1284 donare
1135 1257 1238 1285 volens.
1265 1258 1316 1291 Qui
1331 1259 1356 1285 in
1384 1263 1481 1286 terram
1508 1261 1656 1288 resolutum

879 1300 1015 1328 hominem
1038 1307 1064 1329 et
1079 1303 1207 1337 pabulum
1234 1305 1365 1339 serpentis
1388 1305 1524 1340 ell‘cclum,
1546 1307 1574 1334 in
1591 1308 1656 1334 ada-

879 1350 997 1373 mantem
1021 1349 1170 1381 convertit;
1193 1353 1219 1376 et
1240 1349 1312 1377 hunc
1330 1351 1356 1377 in
1381 1351 1453 1386 ligno
1476 1360 1654 1387 suspensum.

878 1391 1017 1419 dominum
1039 1393 1168 1421 adversus
1184 1394 1312 1422 victorem
1336 1396 1497 1431 declaravit;
1519 1402 1600 1433 atque
1619 1398 1655 1426 ita

877 1443 925 1471 per
940 1437 1040 1471 lignum
1053 1438 1139 1465 victor
1152 1438 1297 1466 invenitur.

1060 1539 1185 1574 Ejusdem
1197 1549 1230 1568 ex
1241 1542 1329 1568 eodem
1345 1550 1472 1577 sermone,

913 1581 963 1615 Qui
977 1583 1048 1610 enim
1061 1583 1160 1611 Filium
1177 1585 1223 1612 Dei
1238 1586 1406 1614 inearnatum
1419 1595 1491 1615 nunc
1504 1596 1558 1615 non
1573 1596 1654 1624 agno-

877 1632 968 1661 scunt,
983 1635 1129 1663 agnoscent
1148 1631 1236 1665 ipsum
1259 1631 1378 1666 judicem
1400 1633 1427 1659 in
1440 1633 1524 1668 gloria
1544 1635 1654 1660 venien-

878 1676 942 1705 tem,
964 1681 1043 1708 quem
1067 1683 1140 1704 nunc
1163 1676 1190 1703 in
1209 1671 1323 1712 corpore
1343 1678 1458 1713 inglorio
1484 1679 1654 1706 contumeliis

878 1718 1007 1747 alliciunt.

1055 1765 1180 1801 Ejusdem
1193 1775 1226 1794 ex
1237 1768 1326 1795 eodem
1338 1777 1465 1796 sermone.

908 1809 1013 1838 Etenim
1033 1813 1147 1847 apostoli
1163 1821 1226 1841 cum
1243 1815 1379 1842 venissent
1393 1815 1425 1842 ad
1447 1820 1651 1842 monumentum

873 1855 916 1884 die
938 1857 1026 1889 tertio,
1050 1866 1104 1885 non
1125 1859 1286 1887 invenerunt
1299 1868 1397 1895 corpus
1412 1860 1474 1888 Jesu
1498 1870 1505 1888 :
1523 1862 1653 1896 quemad-

873 1902 982 1929 modum
999 1903 1046 1930 lilii
1066 1903 1147 1931 Israel
1164 1906 1340 1932 ascendentes
1358 1906 1384 1933 iu
1405 1912 1539 1937 montem,
1561 1907 1652 1942 sepul-

877 1947 973 1975 chrum
985 1948 1085 1984 Moysis
1097 1950 1271 1984 quaesierunt,
1285 1955 1311 1978 et
1325 1958 1378 1978 non
1393 1952 1561 1979 invenerunt.

819 1992 886 2021 Vill.

215 2038 258 2066 Ea;
279 2047 396 2066 sermone
408 2039 435 2066 in
449 2039 586 2066 exordium
603 2024 694 2066 Isaia.
713 2023 789 2074 Apud
803 2041 920 2068 eumdem
936 2042 1120 2070 Tlteodort'lum
1143 2043 1212 2070 Dial.
1226 2042 1247 2076 ι,
1264 2043 1328 2071 ibid.
1355 2051 1415 2078 pag.
1433 2043 1476 2070 56.

37 2096 95 2125 Τοῦ
120 2096 199 2130 ἁγίου
221 2095 388 2128 Ἱππολύτου,
407 2096 439 2122 ἐκ
452 2095 498 2122 τοῦ
519 2095 597 2130 λόγου
614 2096 653 2126 εἰς
668 2095 717 2131 τὴν
737 2095 821 2130 ἀρχὴν
835 2096 861 2126 D

332 2131 378 2158 τοῦ
405 2130 525 2158 Ἡσαΐου.

75 2177 208 2213 Αἰγύπτῳ
228 2177 276 2213 μὲν
289 2177 334 2204 τὸν
351 2178 452 2213 κόσμον
471 2177 614 2209 ἀπείκασε,
628 2177 824 2213 χειροποιήτοις

37 2225 67 2251 δὲ
82 2223 133 2260 τὴν
153 2222 368 2258 εἰδωλολατρίαν,
389 2222 492 2258 σεισμῷ
513 2222 603 2258 δὲτὴν
626 2222 823 2257 μετανάστασιν

38 2271 89 2297 καὶ
103 2269 251 2296 κατάλυσιν
265 2270 348 2304 αὐτῆς
359 2278 365 2283 ·
381 2268 481 2304 Κύριον
494 2268 523 2295 δὲ
538 2269 583 2295 τὸν
597 2268 690 2303 Λόγον,
710 2268 822 2304 νεφέλην

37 2316 68 2342 δὲ
83 2314 199 2350 κούφην,
207 2315 236 2341 τὸ
248 2315 438 2351 καθαρώπτον
453 2314 561 2350 σκῆνος,
571 2314 610 2346 εἰς
622 2314 636 2340 ὅ
644 2314 822 2350 ὲνθρονισθεὶς

37 2364 52 2389 ὁ
81 2362 183 2397 Κύριος
211 2361 287 2396 ἡμῶν
315 2361 416 2396 Ἰησοῦς
437 2361 552 2396 Χριστὸς
571 2361 693 2396 εἰσῆλθεν
717 2362 755 2393 εἰς
774 2360 820 2389 τὸν

40 2410 110 2444 βίον,
128 2410 215 2435 σεῖσαι
227 2408 277 2444 τὴν
289 2407 403 2444 πλάνην.

942 2097 1033 2126 Sancti
1050 2099 1184 2135 Hippolyti
1199 2107 1231 2160 εἰ(
1251 2107 1374 2139 sermone
1395 2099 1421 2126 in
1440 2099 1580 2127 exordium

1227 2142 1301 2160 sane.

1227 2142 1301 2161 5mm.

907 2180 1022 2215 (Egypto
1037 2180 1146 2215 quidem
1169 2181 1300 2207 mundum
1318 2181 1496 2214 comparavit,
1523 2180 1649 2209 manufa—

872 2227 923 2254 ctis
938 2234 1003 2254 vero
1020 2227 1209 2260 idololatriam,
1228 2231 1306 2253 ten-:r
1321 2226 1404 2252 motui
1420 2226 1536 2260 denique
1552 2227 1648 2254 interi-

872 2277 928 2300 tum
944 2276 971 2300 et
983 2273 1148 2299 eversionem
1161 2272 1246 2307 ipsius
1260 2281 1266 2298 :
1278 2271 1421 2298 Dominum
1434 2279 1514 2306 porro
1528 2271 1646 2299 Verbum

873 2318 937 2345 nubi
949 2318 1010 2350 levi,
1025 2317 1171 2352 purissimo
1186 2316 1378 2349 tabernaculo;
1396 2317 1423 2342 in
1438 2324 1491 2351 quo
1503 2317 1648 2344 consideus

872 2364 1002 2392 Dominus
1017 2368 1108 2390 noster
1122 2362 1201 2390 Iesus
1215 2362 1350 2395 Christus,
1367 2363 1395 2389 in
1412 2362 1493 2389 vitam
1508 2363 1647 2398 ingressus

872 2415 913 2438 est
928 2414 957 2437 ιιι
971 2416 1090 2436 errorem
1104 2411 1268 2435 COIICUICI‘BL

832 2455 877 2483 1X.

41 2501 85 2529 Ex
99 2502 217 2529 oratione
227 2501 341 2528 secunda
352 2501 379 2527 in
392 2500 538 2528 Danielem.
551 2515 586 2541 —_
597 2502 673 2536 Apud
682 2501 847 2529 Eustratium
859 2501 1035 2541 presbyterum
1045 2498 1140 2541 CPLin
1153 2499 1469 2541 tracta'ttii‘dy‘ersus'eos
1483 2499 1644 2541 ﬂllL(ii(_!l1Ill,

77 2538 183 2564 animas
194 2537 285 2563 statim
296 2540 404 2574 atque}
418 2543 530 2574 corpore
544 2533 639 2564 soluta:
650 2543 722 2574 sunt,
733 2545 789 2574 non
803 2533 920 2574 operari,
932 2533 992 2566 ἑιεη
1007 2543 1065 2574 cap.
1089 2534 1132 2560 19.
1151 2533 1299 2574 ΕεΛιΙιιιὶο
1316 2534 1352 2561 De
1363 2533 1508 2574 utriusque
1519 2534 1646 2564 Ecclesia:

77 2573 263 2599 Uccidentalis
284 2569 365 2606 atque
381 2569 526 2598 Orientalis
541 2576 669 2606 perpetua
684 2569 848 2607 in'dogma'te
862 2573 895 2599 de
908 2572 1064 2606 purgatorio
1078 2569 1266 2600 consensione,
1280 2577 1340 2604 pag.
1355 2569 1417 2596 492.

40 2619 123 2653 Λέγει
157 2618 246 2644 τοίνυν
280 2615 432 2653 Ἱππόλυτος
456 2617 476 2653 ό
508 2617 611 2653 μάρτυς
638 2617 685 2644 καὶ
707 2618 818 2644 ἐπίσκο-

75 2651 126 2685 πος
135 2688 148 2693 ~
159 2652 268 2689 Ῥώμης
291 2653 320 2679 ὲν
335 2651 372 2687 τῷ
386 2651 587 2688 δευτέρῳνλόγῳ
601 2653 640 2684 είς
655 2653 700 2679 τὸν
720 2654 818 2689 Δανιὴλ

73 2696 196 2716 τοιαυτα”

73 2735 140 2761 Τότε
164 2734 212 2769 μὲν
227 2729 273 2759 οὖν
290 2732 388 2764 συστὰς
408 2731 535 2768 Ἀζαρίας
553 2732 610 2768 ἅμα
629 2734 685 2765 τοῖς
701 2733 818 2764 λοιποῖς,

38 2781 71 2807 δι’
88 2779 173 2815 ὕμνου
190 2779 238 2805 καὶ
251 2778 332 2814 εὐχῆς
351 2778 556 2814 ὲξομολογοῦντο
568 2779 607 2815 τῷ
624 2779 683 2814 Θεῷ
696 2779 725 2806 ὲν
746 2778 819 2814 μέσῳ

73 2839 94 2854 ⁸³
106 2838 176 2865 Ρειιι.
196 2844 297 2868 xxxx",
315 2837 340 2864 5.

871 2618 916 2644 Ait
932 2624 996 2651 ergo
1019 2614 1176 2654 Hippolytus
1202 2616 1515 2654 martyrnetepiscopus
1534 2615 1645 2651 Romae,

991 2651 1111 2678 oratione
1126 2649 1242 2676 secunda
1261 2649 1286 2675 in
1303 2649 1450 2682 Daniclein,
1466 2649 1525 2678 sic:

906 2731 982 2759 Tunc
999 2738 1063 2758 vero
1081 2734 1156 2757 stans
1169 2729 1282 2756 Azarias
1299 2737 1359 2756 cum
1377 2730 1491 2763 caeteris,
1504 2730 1605 2766 hymno
1620 2737 1646 2759 et

873 2778 996 2813 precibus
1010 2776 1093 2804 Deum
1108 2775 1253 2803 laudabant
1272 2775 1298 2801 in
1315 2775 1403 2802 medio
1416 2775 1541 2804 fornacis.
1560 2776 1643 2804 anr-~
