1856 3050
182 71 215 98 B7
222 74 233 99 ηπ

501 73 529 100 5.
552 72 730 100 llll‘l‘OLYTl
751 72 824 99 OPP.
845 71 934 99 PARS
953 72 985 100 11.
1007 89 1041 95 —-
1061 70 1211 100 DOGMAT.
1231 71 1275 98 ET
1295 69 1462 98 HISTORIC.

664 273 741 351 S.
809 272 1333 350 HIPPOLYTI

830 414 1139 460 NARRATIO

377 514 429 544 DE
457 513 625 545 VIRGINE
654 512 931 545 CORINTHIACA
962 511 1013 542 ET
1040 512 1094 541 DE
1122 511 1295 548 QUODAM
1329 509 1627 541 MAGISTRIANO.

564 598 655 636 Apud
679 596 856 627 Palladium
881 597 916 627 in
931 596 1072 626 Historia
1101 595 1263 632 Lausiaca,
1293 604 1361 633 cap.
1383 593 1451 624 1&8.

803 678 832 710 (ϐ
839 685 939 702 Διιλκι).
957 676 1080 708 Bibliotlt.,
1090 677 1123 708 II,
1135 678 1189 702 515.

283 828 414 856 Narratio
431 827 591 888 Hippolyti)
605 828 649 862 qui
668 827 717 860 fuit
746 827 890 862 familiaris

490 871 552 888 unos
567 871 581 888 ο
594 870 679 888 orum.

490 870 679 897 apostatarum.

234 921 263 948 In
274 921 327 948 alio
339 920 409 947 libro
420 920 465 947 cui
481 924 539 946 erat
554 919 714 953 inscriptum
726 926 822 946 nomen
833 917 978 953 Hippolyti,

991 831 1016 860 Α

1103 825 1247 861 Animo“:
1266 826 1438 854 Ἱππολύτου
1451 826 1503 852 τοῦ
1519 827 1672 860 γνωρίμου
1687 825 1745 853 τῶν·

1327 862 1502 888 ἀποστόλων
1507 881 1513 888 .

1072 919 1115 945 Ἐν
1130 918 1201 954 ἄλλῳ
1222 918 1377 954 βιϐλιδαρίῳ
1398 918 1632 953 ἐπιγεγραμμένῳ
1662 917 1811 944 Ἱππολύτου

195 966 243 1001 qui
267 965 319 993 fuit
336 964 479 992 familiaris
501 963 707 998 apostolorum,
732 963 822 990 inveni
846 962 980 997 ejusmodi

1049 964 1077 991 οὖ
1088 965 1224 1000 γνωρίμου
1239 964 1293 991 τῶν
1312 965 1478 997 ἀποστόλων,
1498 963 1577 1001 εὗρον
1597 965 1721 1001 διήγημα
1738 966 1813 991 τοιοῦ-

195 1010 378 1038 narrationem
393 1017 399 1034 :
419 1018 428 1034 (
445 1008 506 1036 Fuit
521 1008 646 1043 quaedam
662 1008 831 1036 nobilissima
852 1008 928 1043 virgo
954 1012 981 1035 et

197 1055 408 1087 formosissima,
421 1062 483 1089 quae
495 1055 523 1081 in
535 1054 589 1080 vita
603 1061 637 1081 ex
655 1054 755 1081 virtute
776 1053 881 1088 agenda
901 1061 980 1080 exer-

198 1101 311 1128 cebatur
322 1099 457 1128 Corinthi.
477 1098 553 1126 llanc
565 1099 612 1126 illo
628 1103 749 1134 tempore
769 1099 924 1126 detulerunt
947 1098 981 1125 ad

193 1147 323 1181 judicem,
336 1146 383 1182 qui
396 1150 455 1172 erat
464 1145 582 1180 gentilis,
597 1145 624 1171 in
637 1148 756 1179 tempore
767 1149 981 1180 persecutorum,

199 1197 229 1220 ut
245 1199 306 1227 quae
320 1191 472 1219 maledictis
485 1191 631 1218 incesseret
641 1195 668 1217 et
684 1195 804 1225 tempora
824 1194 852 1218 et
866 1191 982 1225 impera-

198 1246 269 1266 tores
284 1242 311 1266 et
337 1237 494 1265 simulacra.
523 1229 714 1272 Prop-onebant
738 1241 827 1264 autem
845 1236 904 1271 ejus
922 1236 982 1271 pul-

197 1284 379 1312 chritudinem
393 1284 490 1311 harum
506 1290 596 1310 rerum
608 1287 818 1317 cauponalores,
840 1282 924 1317 impio
938 1282 982 1317 ju-

198 1329 252 1358 dici
265 1329 381 1357 feminas
393 1328 490 1356 insano
501 1335 594 1356 amore
610 1328 779 1363 depcreunti.
792 1329 817 1355 Is
831 1335 895 1355 vero
907 1327 984 1362 cqui—

199 1376 243 1404 nis
262 1375 385 1407 auribus,
404 1379 431 1402 et
447 1374 563 1401 feminas
581 1374 676 1401 insane
699 1374 854 1401 amantibus
879 1373 983 1408 cogita-

200 1422 320 1450 tionibus
334 1421 438 1455 accepit
453 1414 630 1448 calumniam.
646 1419 685 1447 Ea
698 1424 786 1447 autem
807 1419 938 1455 producta
950 1418 985 1446 ad

202 1468 339 1496 hominem
356 1467 518 1494 sceleratum
531 1486 539 1499 ,
555 1465 640 1493 multo
660 1466 748 1501 magis
772 1466 867 1493 insana
890 1469 986 1499 captus

202 1520 242 1544 est
257 1514 477 1549 intemperantia.
493 1513 639 1548 Postquam
652 1517 742 1540 autem
754 1512 880 1539 omnibus
892 1513 987 1540 adver-

202 1569 251 1589 sus
260 1568 320 1588 eam
333 1560 462 1587 adhibitis
471 1550 605 1587 machinis
617 1559 688 1586 hanc
697 1559 743 1586 Dei
758 1557 894 1585 hominem
908 1559 985 1585 sedu-

202 1615 263 1635 cere
292 1614 348 1634 non
373 1605 459 1640 potuit
484 1605 615 1640 profanus
640 1604 733 1635 homo,
746 1603 829 1630 variis
847 1603 987 1630 tormentis

202 1653 318 1687 subjecit
330 1651 426 1679 fortem
439 1650 579 1679 feminam.
596 1649 694 1677 Verum
705 1657 767 1676 cum
782 1656 816 1676 ne
827 1648 869 1675 his
880 1648 986 1682 quidem

202 1697 275 1733 quod
289 1697 396 1724 volebat
409 1696 489 1723 fuerit
500 1700 651 1726 assecutus,
662 1699 691 1721 ut
705 1694 752 1728 qui
764 1700 817 1720 non
831 1697 920 1727 posset
929 1700 988 1719 eam

202 1744 338 1771 abducere
353 1751 368 1770 a
381 1742 482 1770 Christi
506 1741 696 1771 confessione,
719 1739 747 1766 in
766 1746 825 1766 eam
849 1738 989 1765 insaniens

203 1789 333 1820 crudelis,
351 1787 485 1822 ejusmodi
500 1794 580 1821 poma
598 1787 685 1820 ipsam
711 1784 809 1811 affecit.
827 1782 937 1810 Castam
964 1789 990 1810 et

206 1838 399 1869 temperantem
412 1832 542 1860 feminam
557 1825 660 1866 ponens
675 1831 701 1857 in
719 1830 885 1865 prostibula,
907 1829 990 1864 jussit

205 1881 230 1908 ei
247 1882 293 1915 qui
318 1887 364 1907 eas
385 1879 550 1914 possidebat,
569 1878 662 1904 dicens
679 1885 687 1904 :
702 1875 778 1903 Hanc
791 1876 858 1902 mihi
874 1883 948 1910 cape,
964 1880 991 1902 et

205 1932 261 1953 tres
277 1932 403 1953 nummos
422 1931 455 1951 ex
468 1932 498 1950 ea
513 1924 546 1951 ad
565 1931 607 1950 me
619 1922 693 1950 defer
707 1923 838 1958 quotidie.
860 1921 885 1949 ls
901 1926 990 1948 autem

207 1980 304 2000 aurum
319 1971 427 2006 exigens
439 1978 472 1997 ex
485 1969 557 2004 turpi
569 1968 684 2000 actione,
696 1976 755 1995 eam
771 1967 883 1994 tradidit
898 1966 992 1993 volen-

209 2021 281 2048 tibus
292 2020 319 2047 in
333 2019 437 2047 ofﬁcina
454 2016 628 2044 abominandi
645 2015 749 2051 ﬂagitii.
768 2015 836 2042 Cum
851 2015 908 2041 hate
927 2021 991 2048 ergo

208 2067 349 2094 novissent
365 2065 412 2100 qui
430 2063 590 2091 tenebantur
605 2062 702 2089 insano
727 2069 819 2089 amore
835 2060 990 2090 mulierum,

209 2113 365 2141 assidebam
379 2111 516 2139 sceleratae
527 2108 602 2135 exitii
617 2107 741 2138 oilicinae,
760 2106 910 2134 mercedem
925 2105 992 2133 dan-

211 2165 251 2187 tes
276 2159 425 2186 inhonesta:
449 2154 616 2190 operationis
640 2153 834 2188 capientesque
861 2159 922 2179 cum
945 2152 990 2178 illa

212 2206 329 2240 turpiter
342 2203 480 2239 congredi.
499 2201 545 2228 illa
565 2205 654 2228 autem
674 2200 748 2234 virgo
763 2198 953 2226 honestissima
967 2202 994 2224 et

211 2252 239 2278 in
251 2251 345 2286 primis
359 2251 524 2280 veneranda,
540 2249 654 2276 etverba
670 2248 701 2274 ad
713 2247 896 2281 deceptioncm
912 2245 994 2272 defle—

213 2302 299 2328 ctens,
313 2296 470 2331 suppliciter
482 2296 522 2323 eis
539 2295 657 2326 dicebat,
671 2301 787 2329 rogans:
807 2292 898 2319 Habeo
915 2292 993 2318 ulcus

215 2343 241 2370 in
256 2343 315 2370 loco
326 2343 449 2374 occulto,
471 2342 542 2377 quod
569 2340 725 2367 mirandum
741 2340 767 2366 in
790 2338 900 2366 modum
924 2337 995 2365 male

215 2388 268 2415 olet
278 2396 285 2419 ;
296 2392 322 2414 et
333 2388 414 2415 timeo
424 2395 457 2414 ne
471 2394 519 2414 vos
531 2386 582 2413 mei
595 2385 686 2413 odium
698 2385 785 2419 capiat
797 2388 906 2419 propter
917 2383 994 2410 ulcus

216 2433 405 2461 aversandum.
430 2433 574 2460 Concedite
593 2439 656 2468 ergo
680 2432 746 2458 mihi
768 2438 869 2465 paucos
884 2430 952 2462 dies,
969 2433 995 2456 et

217 2485 282 2506 tunc
305 2479 395 2506 licebit
415 2486 464 2506 vos
487 2479 529 2505 vel
548 2486 591 2505 mc
619 2478 719 2505 habere
733 2476 825 2512 gratis.
845 2475 891 2502 llis
905 2475 995 2502 verbis

218 2532 362 2560 persuasus
376 2525 585 2559 intemperantes
602 2523 708 2551 interim
725 2522 888 2550 amandabat
904 2521 993 2548 beata.

218 2569 342 2597 Assiduis
356 2574 444 2596 autem
457 2569 582 2604 precibus
592 2569 674 2596 Deum
690 2568 810 2603 placans,
824 2573 851 2595 et.
864 2574 993 2601 compun-

219 2617 270 2643 ctis
283 2615 523 2650 supplicationibus
534 2623 595 2643 eum
607 2615 709 2642 inﬂexit
721 2615 754 2641 ad
768 2613 992 2641 misericordiam.

223 2661 368 2689 Attendens
384 2669 447 2697 ergo
468 2661 539 2689 Deus
559 2661 605 2697 qui
629 2661 703 2688 novit
715 2660 908 2695 cogitationes,
927 2667 995 2693 quo-

1003 1501 1024 1528 Β

1030 1019 1075 1037 τον
1085 1019 1091 1025 ·
1106 1010 1292 1046 Εὑγενεστάτη
1304 1019 1346 1042 τις
1360 1010 1414 1045 (89)
1440 1011 1486 1037 καὶ
1505 1010 1662 1046 ὡραιοτάτη
1687 1010 1813 1044 παρθένος

1031 1056 1153 1092 ὑπῆρχεν
1170 1057 1198 1083 ἐν
1211 1057 1244 1092 τῇ
1261 1057 1386 1092 Κορίνθῳ
1402 1056 1476 1083 πόλει
1485 1056 1642 1091 ἀσκουμένη
1654 1057 1696 1087 είς
1706 1056 1750 1082 τὸν
1762 1056 1813 1082 ἐνὰ-

1033 1111 1108 1138 ρετον
1122 1102 1186 1137 βίον.
1213 1102 1319 1138 Ταύτην
1335 1104 1395 1129 κατ’
1417 1103 1503 1129 ἐκεῖνο
1521 1102 1617 1138 καιροῦ
1639 1102 1763 1128 διέϐαλον
1782 1102 1813 1136 τῷ

1032 1148 1090 1174 τότε
1107 1147 1241 1180 δικάζοντι
1253 1148 1362 1184 Ἕλληνι
1372 1148 1427 1175 ὄντι
1442 1149 1487 1174 ἐπὶ
1506 1148 1552 1174 τοῦ
1567 1147 1666 1183 καιροῦ
1689 1148 1744 1173 τῶν
1760 1148 1814 1173 διω-

1033 1193 1114 1225 κτῶν,
1127 1193 1164 1225 ὡς
1182 1193 1392 1229 βλασφημοῦσαν
1410 1193 1456 1220 καὶ
1478 1194 1541 1224 τοὺς
1563 1194 1677 1228 καιροὺς
1697 1193 1745 1218 καὶ
1762 1193 1815 1222 τοῖς

1034 1240 1167 1275 βασιλεῖς,
1190 1241 1237 1267 καὶ
1256 1240 1289 1267 τὰ
1315 1240 1421 1266 εἴδωλα.
1437 1239 1607 1275 Προεπείνων
1619 1240 1628 1250 ⁸
1641 1239 1670 1265 δὲ
1683 1239 1714 1265 τὸ
1725 1240 1815 1272 ταύτης

1034 1287 1140 1318 κάλλος,
1155 1287 1180 1313 οἱ
1197 1287 1261 1323 περὶ
1273 1286 1308 1313 τὰ
1322 1287 1433 1314 τοιαῦτα
1450 1286 1567 1322 κάπηλοι
1578 1285 1815 1321 γυναικομανοῦντι

1034 1333 1072 1369 τῷ
1088 1333 1159 1368 ἀθέῳ
1173 1333 1226 1360 τῶν
1242 1333 1384 1360 δικαστῶν.
1406 1333 1435 1360 Ὁ
1447 1333 1475 1359 δὲ
1488 1333 1572 1368 ἡδέως
1585 1332 1694 1364 ἐδέξατο
1710 1333 1760 1367 τὴν
1769 1332 1815 1358 6::-

1035 1378 1115 1414 6ολὴν
1131 1380 1186 1410 τοῖς
1203 1380 1322 1410 ἱππικοῖς
1336 1379 1435 1411 ὼτίοις,
1454 1378 1500 1405 καὶ
1519 1379 1574 1410 τοῖς
1592 1378 1762 1413 οηλυμανέσι
1783 1378 1817 1402 λιι-

1037 1427 1153 1461 γισμοῖς.
1168 1426 1371 1462 Προσαχθείσης
1383 1426 1411 1452 δὲ
1427 1425 1527 1460 ταύτης
1544 1425 1582 1460 τῷ
1592 1425 1740 1460 μιαιφόνῳ,
1758 1424 1816 1450 πολὺ

1038 1471 1119 1498 πλέον
1135 1473 1168 1507 τῇ
1188 1472 1291 1506 ἀσωτίᾳ
1302 1462 1472 1506 ὲκμέμηνενξ
1487 1471 1530 1502 Ὠς
1545 1470 1573 1497 δὲ
1590 1471 1683 1497 πᾶσαν
1703 1470 1817 1505 μηχανὴ-ι

1038 1518 1096 1544 κατ’
1112 1517 1197 1552 αὐτῆς
1213 1517 1326 1553 κινήσας
1339 1518 1353 1543 ὁ
1370 1516 1492 1552 βέϐηλος,
1508 1516 1558 1551 τὴν
1574 1515 1622 1541 τοῦ
1635 1515 1704 1542 Θεοῦ
1721 1515 1819 1549 ἂνθρω-

1038 1572 1087 1590 πον
1101 1565 1191 1590 πεῖσαι
1206 1563 1255 1589 οὐκ
1265 1563 1395 1598 ἠδυνήθη.
1408 1563 1545 1598 διαφόροις
1556 1562 1659 1594 αἰκίαις
1669 1562 1771 1597 ταύτην
1779 1563 1819 1596 τὴν

1037 1609 1162 1643 γενναίαν
1182 1609 1322 1634 ὑπέϐαλεν.
1354 1609 1397 1639 Ὠς
1407 1608 1435 1634 δὲ
1448 1609 1494 1634 καὶ
1510 1609 1538 1634 ὲν
1551 1607 1657 1638 τούτοις
1680 1608 1817 1642 ἀπέτυχεν,

1040 1654 1076 1690 μὴ
1088 1654 1198 1690 ἰσχύσας
1214 1654 1298 1689 αὐτὴν
1314 1654 1464 1689 ἀποστῆσαι
1475 1654 1524 1689 τῆς
1539 1652 1686 1689 ὁμολογίας
1711 1653 1761 1687 τῆς
1781 1653 1819 1679 τοῦ

1039 1700 1166 1736 Χριστοῦ,
1184 1700 1335 1735 ἀπομανεὶς
1349 1700 1417 1736 πρὸς
1429 1699 1535 1735 αὐτὴνὸ
1546 1700 1695 1735 ἀνήμερος,
1712 1700 1772 1726 τότε
1788 1707 1818 1724 τι-

1040 1747 1130 1782 μωρίᾳ
1153 1746 1266 1783 τοιαύτῃ
1283 1747 1367 1781 αὐτὴν
1386 1746 1551 1781 παρέδωκεν.
1574 1747 1679 1781 Στήσας
1698 1747 1748 1781 τὴν
1777 1746 1819 1772 ad»

1040 1801 1123 1827 φρονα
1135 1794 1174 1823 εἰς
1189 1793 1329 1827 πορνεῖον,
1355 1791 1504 1818 ἐνετείλατο
1531 1791 1569 1827 τῷ
1584 1791 1685 1823 ταύτας
1708 1792 1817 1826 νέμοντι.

1040 1836 1140 1870 λέγων·
1166 1835 1245 1867 Δέξαι
1267 1835 1378 1872 ταύτην,
1399 1836 1445 1862 καὶ
1462 1836 1600 1871 ἡμερήσιά
1626 1845 1671 1871 μοι
1696 1836 1726 1868 ἐξ
1746 1836 1818 1868 αὐτῆς

1039 1881 1103 1917 τρία
1114 1882 1267 1917 νομίσματα
1282 1880 1440 1916 ἀποκόμιξε.
1460 1882 1488 1907 '0
1501 1882 1529 1907 δὲ
1543 1881 1772 1916 εἰσπραττόμενος
1782 1881 1817 1906 τὶ»

1040 1929 1072 1954 ὲκ
1086 1929 1134 1963 τῆς
1147 1927 1361 1963 αίσχροπραγίας
1377 1928 1486 1963 χρυσον,
1501 1927 1608 1953 ἔκδοτον
1618 1927 1704 1962 αὐτὴν
1717 1927 1817 1961 ἔστησεν

1040 1973 1096 2003 τοῖς
1107 1972 1285 2007 βουλομένοις.
1302 1973 1330 1998 ὲν
1348 1972 1385 2007 τῷ
1402 1971 1449 1998 τοῦ
1468 1972 1568 2008 μύσους
1580 1973 1762 2008 ἐργαστηρίῳ.
1783 1972 1817 2001 Ὠς

1041 2017 1087 2046 οὖν
1098 2019 1218 2053 ἔγνωσαν
1231 2020 1256 2045 οἰ
1269 2018 1333 2054 περὶ
1344 2018 1379 2045 τὰ
1390 2018 1502 2045 τοιαῦτα
1515 2018 1750 2054 γυναικοῖέρακες,
1760 2026 1816 2053 τιαρ-

1041 2065 1152 2101 ἠδρευον
1168 2064 1206 2100 τῷ
1232 2064 1380 2100 παρανόμῳ
1394 2063 1574 2099 ἐργαστηρίῳ,
1592 2063 1709 2094 διδόντες
1725 2064 1766 2090 τὸν
1777 2063 1815 2096 τῆς

1041 2111 1137 2146 ἀτίμου
1155 2110 1287 2146 ἐργασίας
1303 2109 1407 2146 μισθὸν,
1425 2110 1471 2136 καὶ
1487 2109 1641 2144 βουλόμενοι
1662 2110 1749 2146 ταύτῃ
1762 2110 1815 2144 7:95.:

1006 2174 1027 2202 Ο
1043 2156 1144 2192 φθορὰν
1156 2156 1268 2192 ὁμιλεῖν.
1289 2157 1322 2183 Ἡ
1337 2156 1364 2183 δὲ
1380 2156 1529 2192 σεμνοτάτη
1547 2155 1627 2191 αὕτη,
1646 2157 1693 2182 καὶ
1706 2157 1765 2186 τοὺς
1780 2155 1814 2181 ἰό-

1045 2213 1109 2238 γους
1122 2204 1188 2240 πρὸς
1204 2204 1312 2239 ἀπάτην
1329 2204 1502 2235 ἐκκλίνουσα,
1526 2202 1713 2238 ὲκλιπαροῦσα
1732 2203 1814 2232 αὐτοὺς

1047 2250 1205 2286 παρεκάλει,
1220 2250 1348 2284 λέγουσα·
1370 2250 1429 2277 ’Ότι
1441 2250 1518 2281 ἕλκος
1534 2249 1588 2285 ἔχω
1606 2259 1632 2276 τι
1648 2251 1687 2281 εἰς
1710 2259 1815 2285 κεκρυμ-

1048 2297 1128 2332 μένον
1143 2296 1233 2327 τόπον,
1251 2296 1319 2332 ὅπερ
1331 2296 1452 2330 ἐσχάτως
1463 2295 1518 2328 ὄζει
1528 2304 1534 2310 ³
1549 2296 1595 2321 καὶ
1612 2296 1719 2322 δέδοικα
1736 2297 1768 2330 μὴ

1048 2343 1124 2377 μῖσος
1141 2350 1190 2376 μου
1210 2341 1304 2376 ἔλθητε
1324 2341 1362 2377 τῷ
1384 2341 1560 2377 ἀποτροπαίῳ
1581 2341 1627 2367 τοῦ
1643 2341 1746 2373 ἕλκους.
1765 2342 1813 2366 Ἐν-

1045 2388 1103 2414 δοτε
1118 2386 1164 2414 οὖν
1176 2396 1221 2422 μοι
1236 2387 1329 2422 ὀλίγας
1340 2387 1455 2423 ἡμέρας,
1473 2388 1519 2414 καὶ
1536 2387 1658 2420 ἐξουσίαν
1682 2397 1733 2424 μου
1753 2388 1811 2422 ἔχετε

1047 2434 1094 2460 καὶ
1106 2433 1208 2469 δωρεάν
1223 2441 1256 2468 με
1268 2433 1348 2468 ἔχειν.
1366 2433 1476 2464 Τούτοις
1486 2433 1514 2459 δὲ
1529 2435 1585 2464 τοῖς
1599 2433 1689 2467 λόγοις
1704 2435 1719 2468 ἡ
1740 2442 1811 2468 μακι-

1048 2478 1092 2513 ρία
1109 2478 1226 2504 πείσασα
1240 2478 1303 2509 τοὺς
1313 2477 1432 2509 ἀσώτους
1447 2477 1515 2508 τέως
1531 2477 1703 2512 ἀπέπεμψεν.
1727 2479 1810 2513 Ἐμμε-

1046 2523 1186 2555 λεστάταις
1202 2523 1230 2550 δὲ
1245 2523 1350 2559 δεήσεσι
1361 2523 1407 2549 τὸν
1424 2523 1488 2549 Θεὸν
1504 2523 1696 2558 δυσωπήσασα,
1714 2525 1756 2550 καὶ
1775 2532 1810 2549 x2-

1045 2569 1255 2604 τανενυγμέναις
1266 2569 1376 2600 ἱκεσίαις
1397 2569 1488 2595 τοῦτον
1500 2570 1539 2601 είς
1556 2570 1810 2605 εὑσπλαγχνίανιατ-

1050 2614 1181 2649 ἔκαμψεν.
1203 2614 1397 2650 Προσεσχηκὼς
1409 2615 1500 2648 frob/vv
1515 2615 1528 2640 ὁ
1542 2615 1608 2646 Θεὸς
1628 2616 1642 2642 ὁ
1663 2615 1710 2646 τας
1727 2615 1809 2644 ἐννοίας

1050 2660 1136 2692 εἰδὼς,
1154 2661 1211 2692 πῶς
1228 2662 1260 2687 ὲκ
1277 2661 1387 2696 καρδίας
1407 2661 1423 2696 ἡ
1443 2659 1556 2696 σώφρων
1570 2662 1619 2697 τῆς
1637 2661 1743 2695 ἁγνείας
1759 2661 1807 2693 ἐκή-

241 2738 312 2778 _(89)
326 2739 528 2780 Εὑγ-ενειττάτη
542 2739 729 2780 rt¢._Memi_n_it
743 2739 824 2774 hujus
838 2738 954 2780 virginis
969 2744 995 2780 et
1015 2737 1192 2773 Nicephorus,
1210 2739 1279 2766 llist.
1296 2740 1371 2773 cccl.,
1384 2739 1430 2767 lib.
1457 2747 1505 2773 vn,
1531 2748 1591 2775 cap.
1613 2741 1663 2772 £5,
1690 2741 1732 2768 sed
1758 2747 1804 2773 pnu-

224 2774 280 2808 cis;
296 2782 380 2810 neque
394 2775 499 2810 uspiam
515 2783 574 2802 eam
588 2775 788 2802 Corinthiacam
808 2782 868 2802 esse
881 2774 994 2801 dictitat.
