1856 3050
38 85 96 111 8ἶὸ

537 79 714 108 NARMTIO
725 79 769 107 DE
783 78 921 108 VIRGINE
929 78 1171 110 CORINTHIACA.

1611 78 1662 107 871

39 145 122 176 δετο,
144 145 177 170 ἐν.
195 143 309 174 ἐκείναις
322 143 381 174 ταῖς
398 142 513 178 ἡμέραις
524 140 696 178 ᾡκονὸμησεν
719 139 733 166 6
747 139 828 174 φύλαξ

906 139 965 167 ιοᾱο
981 143 1056 166 casta
1074 137 1210 173 pudicitiae
1227 145 1319 166 curam
1334 138 1442 172 gerebat
1453 146 1486 166 ex
1510 139 1613 171 animo,
1633 139 1660 167 in

40 189 94 226 τῆς
109 187 380 224 πά-ηωΨὰνθρὼπων
393 187 529 223 σωτηρίας
543 186 643 213 τοιόνδε
656 194 692 213 τι.

882 185 936 212 illis
951 184 1047 221 diebus
1061 192 1111 219 pro
1124 183 1212 212 salute
1224 184 1346 212 omnium
1362 184 1415 211 tale
1431 184 1496 219 quid
1513 183 1624 212 struxit.

716 254 813 292 Ibid.,
834 261 902 293 cap.
924 253 991 284 1&9.

237 318 305 352 Περὶ
319 316 536 352 Μαγιστριανοῦ
547 317 637 350 τινός.

81 374 231 405 Νεανίσκος
249 382 290 405 ’τις
305 373 359 409 (90)
375 373 576 409 Μαγιστριανὺς
588 373 642 409 (91)
657 392 664 404 ,
680 371 778 408 ὡραῖος
791 371 829 407 τῷ

43 421 123 452 εῖδει,
142 420 255 455 εὐσεϐὴς
270 421 303 456 τῇ
317 419 424 456 γνώμῃ,
477 419 627 446 ἐντέοεικεν
640 420 654 445 6
670 418 734 450 Θεὸς
751 419 829 454 ζῆλον

44 465 231 501 πνευματικὸν
241 464 402 500 πυριφλεγῆ,
415 464 452 496 ὡς
464 465 510 491 καὶ
525 464 640 491 θανάτου
657 465 829 500 καταφρονῆ-

44 519 108 538 σαι·
122 511 169 537 καὶ
179 509 301 537 ἀπελθὼν
317 509 356 546 τῷ
375 511 493 546 σχήματι
512 510 560 545 τῆς
582 510 726 542 ἀκολασίας
742 510 830 545 εἰσέρ-

44 564 123 590 χεται
139 556 247 591 βαθεῖαν
265 554 383 590 ἑσπέραν
403 555 471 591 πρὸς
497 555 542 582 τὸν
560 555 693 591 τρέφοντα
714 554 828 586 ταύτας,

44 601 94 628 καὶ
109 601 215 628 δίδωσιν
232 600 305 636 αὐτῷ
319 599 398 628 πέντε
410 600 576 636 νομίσματα,
591 601 636 627 καὶ
650 600 722 634 λέγει
735 600 809 636 αὐτῷ
822 608 827 614 ·

43 647 227 683 Συγχώρησόν
243 655 287 682 μοι
305 647 392 681 μεῖναι
403 646 503 682 ταύτην
512 646 562 682 τὴν
579 646 663 673 νύκτα
680 646 748 673 κατὰ
763 646 829 673 ταύ-

42 693 158 728 της”τῆς
170 693 262 728 κόρης.
278 691 413 719 Εἰσελθὼν
425 689 472 718 οὖν
486 693 545 727 μετ’
563 691 647 726 αὐτῆς
658 692 697 723 είς
712 691 756 718 τὸν
767 692 829 718 ἀπό-

43 747 148 775 κρυφον
161 735 244 770 οἷκοη
261 737 334 771 λέγει
348 738 415 773 αὐτῇ
429 746 435 752 ·
459 737 585 770 Ἀνάστα,
600 737 685 764 σῶσον
701 738 825 773 σεαυτήν.

43 784 101 810 Καὶ
113 782 226 814 ἐκδύσας
239 782 322 817 αὐτὴν
333 781 368 808 τὰ
378 782 483 817 ἱμάτια,
497 782 544 808 καὶ
564 782 596 816 τῇ
616 780 712 807 ἑαυτοῦ
736 779 827 815 ἐσθῆτι

1080 314 1118 342 De
1134 315 1246 350 quodam
1268 313 1450 350 Magistriano.

916 371 1029 405 Quidam
1043 371 1210 403 adolescens,
1226 371 1431 407 Magistrianus,
1454 373 1543 407 specie
1557 372 1659 400 formo-

882 425 938 449 sus,
953 421 1042 444 mente
1057 418 1128 452 pius,
1145 418 1189 444 cui
1203 417 1274 445 Deus
1288 418 1374 445 zelum
1387 418 1498 445 immisit
1510 419 1664 458 spiritalem.

882 463 948 490 adeo
959 463 1097 490 ardentem
1117 458 1237 490 utetiam
1253 469 1367 491 mortem
1388 469 1582 497 contemneret,
1597 473 1658 492 cum

881 513 1012 543 przetextu
1039 509 1252 543 intemperantiae
1266 517 1299 536 eo
1323 510 1500 542 accessisset,
1525 511 1659 546 profundo

881 561 994 588 vespere
1016 554 1172 590 ingreditur
1181 555 1214 583 ad
1225 563 1286 583 eum
1300 557 1345 591 qui
1356 557 1416 585 illas
1427 557 1523 589 alebat,
1534 562 1561 584 ct
1573 557 1618 585 dat
1635 559 1659 585 ei

882 601 1002 635 quinque
1014 601 1126 634 solidos,
1137 605 1164 629 et
1178 601 1243 629 dicit
1256 604 1280 629 ei
1292 612 1298 628 :
1311 603 1433 630 Concede
1458 604 1525 631 mihi
1551 612 1660 632 manere

881 647 933 673 hac
948 653 1026 674 nocte
1047 654 1108 674 cum
1121 647 1170 675 hac
1190 648 1286 682 puella.
1302 647 1329 674 In
1345 648 1431 676 locum
1446 656 1509 684 ergo
1523 651 1658 677 occultum

880 698 942 730 cum
957 699 987 718 ea
1003 691 1151 726 ingressus,
1168 691 1234 719 dicit
1252 692 1292 719 ei:
1306 692 1401 728 Surge,
1420 700 1497 720 serva
1509 698 1535 720 te
1560 694 1657 728 ipsam.

880 736 913 764 Et
926 745 987 764 cum
998 744 1058 764 eam
1074 738 1130 765 suis
1155 737 1276 764 vestibus
1291 737 1437 771 induisset,
1457 739 1558 772 tunica,
1575 739 1659 766 cami-

880 782 931 814 sia,
947 786 974 809 et
989 783 1148 818 chlamyde,
1174 787 1202 810 et
1221 783 1348 810 omnibus
1359 783 1498 816 virilibus,
1525 785 1590 812 dicit
1615 785 1656 812 ei:

43 829 237 865 μεταμφιάσας
249 828 342 864 αὐτὴν,
355 829 411 859 τοῖς
426 835 456 853 τε
469 827 606 862 καμισίοις
616 846 623 859 ,
641 827 688 853 καὶ
705 827 738 862 τῇ
763 825 827 861 χλα-

906 828 1021 863 gredere,
1047 833 1072 856 te
1096 837 1202 856 summa
1228 829 1379 864 chlamydis
1404 834 1480 864 parte
1501 835 1658 865 contegens.

44 876 108 911 μύδι
121 876 169 902 καὶ
183 876 240 907 τοῖς
251 875 381 912 ἀνδρείοις
395 875 488 906 πᾶσιν,
502 873 575 908 λέγει
587 873 654 909 αὐτῇ
664 881 670 888 ο
693 872 738 908 Τῷ
752 872 828 908 ἄκρῳ

41 923 95 958 τῆς
109 921 243 958 χλαμύδος
264 920 503 956 περικαλυψαμένη
533 919 634 953 ἔξελθε.
664 919 718 945 Καὶ
744 918 829 950 οὕτως

43 969 192 1004 ποιήσασα,
210 967 256 994 καὶ
270 967 334 1003 ὃλην
355 965 453 1002 ἑαυτὴν
477 966 649 1002 σφραγίσασα
664 964 702 1000 τῷ
725 965 827 1000 μυστη-

42 1015 96 1050 ρίῳ
106 1013 153 1041 τοῦ
165 1013 293 1049 σταυροῦ,
303 1011 445 1045 ἐξελθοῦσα
452 1011 569 1048 ἄφθορος
578 1011 625 1038 τοῦ
634 1011 715 1038 τόπου
725 1011 827 1038 ἐκείνου

43 1061 92 1087 καὶ
113 1059 244 1095 ἀμίαντος
264 1058 401 1091 παντελῶς
418 1058 595 1085 διασέσωσται
616 1059 649 1094 τῇ
671 1058 760 1094 χάριτι
781 1057 826 1085 τοῦ

43 1106 162 1143 Χριστοῦ
174 1127 182 1139 ,
200 1106 290 1141 καὶτῇ
311 1105 359 1132 τοῦ
378 1104 518 1132 νεανίσκου
537 1104 628 1139 αίτίᾳ,
647 1103 693 1131 τοῦ
714 1103 752 1139 τῷ
771 1103 828 1139 ίδίῳ

41 1154 141 1189 αἵματι
155 1149 256 1188 ταύτην
268 1152 316 1187 τῆς
324 1150 422 1186 ἀτίμου
435 1150 537 1186 φθορᾶς
549 1149 759 1182 ἀπαλλάξαντος.
772 1149 827 1185 Τὴν

40 1199 65 1226 6‘
83 1198 166 1234 ἀλλην
178 1191 282 1233 ἡμέραν
297 1195 352 1232 (92)
369 1195 491 1230 ἐγνώσθη
505 1195 536 1221 τὸ
551 1195 652 1230 δρᾶμα,
664 1194 710 1221 καὶ
723 1201 826 1229 προσηο

41 1244 127 1280 νέχθη
152 1244 166 1271 6
192 1242 392 1280 Μαγιστριανδς
409 1242 448 1278 τῷ
470 1240 676 1276 θηριωδεστάτῳ
702 1240 826 1276 δικαστῇ.

49 1290 212 1327 Ἀνακρίνας
231 1289 259 1316 δὲ
282 1289 327 1316 τον
345 1289 466 1324 γενναῖον
478 1287 596 1323 ἀθλητὴν
613 1287 660 1314 τοῦ
682 1286 798 1324 Χριστοῦ
813 1288 828 1314 6

42 1338 195 1373 ἀνήμερος,
209 1335 256 1362 καὶ
270 1335 357 1363 πάντα
374 1333 482 1370 μαθὼν,
500 1333 605 1370 θηρίοις
622 1332 714 1360 τοῦτον
737 1335 827 1369 παραὲ

42 1383 178 1419 ϐληθῆναι
192 1381 347 1408 ἐκέλευσενυ
361 1381 404 1408 ἵνα
425 1380 471 1407 καὶ
492 1380 521 1408 ἐν
542 1379 628 1415 τούτῳ
646 1380 660 1406 6
684 1379 827 1415 μισόχαλος

42 1431 151 1466 δαίμων
166 1429 361 1466 καταισχυνθῇ.
376 1427 499 1463 Νομίσας
513 1426 566 1462 γὰρ
587 1426 632 1453 τὸν
652 1426 771 1462 ἀνδρεῖον
793 1427 826 1461 τῇ

42 1476 167 1512 ἀθεμίτῳ
182 1475 300 1512 τιμωρίᾳ
311 1474 481 1511 περιϐαλεῖν,
502 1471 610 1500 διπλοῦν
631 1471 755 1508 μάρτυρα
780 1471 826 1498 τοῦ

879 874 944 906 Quae
958 881 1020 902 cum
1032 874 1072 903 sic
1087 874 1206 907 fecisset,
1218 879 1245 902 et
1260 882 1289 902 se
1301 879 1384 902 totam
1401 876 1477 910 signo
1491 876 1579 903 crucis
1599 884 1661 903 mu-

878 919 982 952 niisset,
1006 927 1115 955 egressa
1129 928 1167 955 ex
1183 920 1228 948 illo
1250 921 1312 948 loco
1328 921 1440 959 omnino
1464 921 1618 956 incorrupta
1634 926 1661 950 et

878 965 1030 1000 impolluta,
1047 971 1153 994 servata
1165 971 1205 994 est
1216 966 1316 994 Christi
1330 966 1416 1001 gratia
1432 971 1458 994 et
1471 975 1555 994 causa
1569 967 1660 995 adole-

878 1011 988 1045 scentis,
1002 1013 1048 1047 qui
1059 1020 1118 1040 cam
1131 1020 1180 1041 suo
1190 1013 1323 1049 sanguine
1334 1013 1457 1040 liberavit
1470 1021 1485 1040 a
1498 1014 1568 1048 turpi
1582 1013 1658 1041 vitio.

879 1057 1008 1093 Sequenti
1030 1063 1120 1086 autem
1133 1059 1176 1087 die
1189 1067 1232 1087 res
1260 1059 1311 1087 fuit
1326 1059 1431 1094 cognita
1441 1079 1449 1091 ,
1472 1063 1499 1087 ct
1514 1060 1660 1094 productus

878 1108 920 1131 est
934 1103 1124 1139 Magistrianus
1143 1104 1176 1132 ad
1191 1105 1370 1132 smvissimum
1380 1105 1510 1140 judicem.
1525 1104 1594 1133 Cum
1610 1113 1660 1133 au-

878 1153 931 1176 tem
945 1152 1085 1176 strenuum
1099 1149 1201 1177 Christi
1214 1150 1343 1178 athletam
1357 1151 1539 1188 examinasset
1550 1151 1660 1186 impius,

877 1199 903 1221 et
930 1194 1021 1222 omnia
1047 1194 1206 1227 didicisset,
1228 1195 1311 1230 jussit
1330 1203 1392 1223 eum
1406 1195 1488 1231 objici
1511 1197 1616 1231 bestiis,
1633 1204 1661 1226 ut

877 1239 958 1266 etiam
972 1239 1051 1268 bonis
1066 1240 1180 1268 infestus
1195 1241 1301 1270 daemon
1322 1242 1349 1269 in
1368 1249 1400 1270 eo
1417 1242 1567 1271 adiceretur
1581 1243 1661 1279 igno-

878 1286 971 1314 minia.
987 1285 1054 1313 Nam
1068 1295 1129 1314 cum
1144 1287 1326 1316 existimasset
1344 1288 1432 1315 virum
1456 1287 1553 1317 fortem
1566 1290 1594 1318 in
1611 1298 1661 1318 ne-

878 1333 976 1360 farium
994 1333 1104 1368 injicere
1127 1333 1290 1368 supplicium
1303 1354 1311 1367 ,
1332 1342 1395 1361 eum
1412 1334 1500 1362 eil‘ecit
1525 1335 1661 1370 duplicem

876 1379 976 1407 Christi
991 1384 1152 1416 martyrem;
1167 1380 1251 1415 utqui
1265 1384 1293 1408 et
1309 1388 1357 1416 pro
1371 1389 1419 1408 sua
1429 1381 1518 1409 anima
1535 1382 1663 1417 praeclaro

877 1426 1095 1459 decertaverit,et
1105 1433 1154 1461 pro
1161 1426 1204 1454 illa
1213 1427 1290 1454 beata
1301 1426 1328 1454 in
1340 1427 1477 1455 laboribus
1485 1431 1594 1457 strenue
1601 1436 1663 1464 per—

878 1473 1046 1499 severaverit.
1053 1471 1186 1505 Quocirca
1194 1472 1293 1507 duplici
1302 1473 1403 1500 honore
1410 1477 1436 1500 et
1443 1473 1547 1501 duabus
1555 1473 1666 1508 insigni‘

43 1522 165 1558 Χριστοῦ
182 1522 274 1549 τοῦτον
286 1521 433 1557 ἀπέφηνεν,
447 1520 493 1546 καὶ
505 1519 574 1555 ὑπὲρ
591 1518 639 1554 τῆς
655 1517 750 1544 ἑαυτοῦ
765 1517 828 1544 ἀθα-

906 1525 930 1545 is
944 1518 1052 1546 coronis
1066 1519 1162 1554 dignus
1179 1523 1220 1546 est
1231 1519 1338 1546 habitus
1348 1527 1363 1546 a
1375 1519 1476 1546 Christi
1488 1519 1662 1554 benignitate.

43 1570 127 1597 νάτου
142 1567 232 1603 ψυχῆς
242 1567 395 1603 ἀθλήσαντα
409 1565 549 1600 γενναίως,
565 1564 612 1591 καὶ
638 1563 709 1598 ὑπὲρ
737 1563 786 1598 τῆς
817 1563 939 1599 ἀοιδίμου
955 1564 1062 1599 ἐκείνης
1091 1565 1138 1593 καὶ
1157 1564 1294 1600 μακαρίας
1316 1564 1467 1600 ἀθλητικῶς
1491 1566 1547 1597 τοῖς
1573 1565 1665 1597 πόνοις

44 1616 300 1654 ἐγκαρτερήσαντα.
322 1614 366 1641 Διὺ
385 1614 430 1641 καὶ
452 1613 548 1647 διπλῆς
573 1611 655 1646 τιμῆς
682 1610 756 1646 παρὰ
783 1610 829 1637 τοῦ
848 1611 966 1647 Χριστοῦ
986 1612 1033 1639 καὶ
1065 1612 1119 1639 τῶν
1151 1613 1276 1648 ἀοιδίμων
1296 1613 1344 1640 καὶ
1362 1613 1502 1648 μακαρίων
1525 1612 1664 1647 στεφάνων

46 1662 124 1700 παρά
135 1662 185 1696 τῆς
198 1661 292 1687 τούτου
307 1659 508 1695 φιλανθρωπίας
522 1657 634 1693 ἠξιώθη.

82 1740 140 1775 (90)
154 1739 385 1775 [νεανίσκος-τις.
402 1737 477 1775 Hanc
498 1738 561 1765 item
576 1737 716 1765 historiam
736 1744 825 1772 perse-

46 1773 141 1810 quitur
154 1775 226 1802 idem
242 1773 409 1808 Nicephorus
420 1774 478 1810 lic.

83 1810 140 1845 (91)
168 1807 528 1845 Iilawazpitlzqu.__(}loss:e
555 1807 612 1845 Lat.
635 1807 681 1845 Gr.
701 1807 790 1845 Agens
803 1808 831 1845 in

47 1842 141 1878 rebus}
166 1842 376 1880 ΜαῨιστριανός.
402 1843 466 1871 Vide
489 1844 620 1878 Cangium
645 1843 672 1870 in
696 1842 830 1870 Glossario

156 2833 293 2862 PATROL.
315 2828 372 2860 Gn'.
395 2828 438 2860 Χ.

879 1737 974 1770 Grata,
992 1742 1060 1765 tom.
1075 1737 1095 1769 Ι,
1107 1745 1168 1772 pag.
1182 1737 1244 1764 8M.

920 1773 974 1808 (92)
993 1773 1052 1806 Τὴν
1062 1770 1195 1808 δ’ἇλτῖην
1207 1771 1329 1808 ἡμέραν.
1350 1771 1422 1808 Hist.
1442 1771 1580 1799 Lausiacte
1598 1770 1664 1798 edit.

883 1806 969 1836 Paris.
982 1807 1067 1842 16H,
1085 1809 1118 1844 τῇ
1136 1807 1163 1834 δὲ
1178 1806 1290 1844 ἐπιούσῃ
1304 1806 1402 1843 ἡμέρᾳ.

1481 2813 1517 2839 ‘28
