1856 3050
58 148 114 178 885

399 149 436 177 1N
452 146 617 177 CANONEM
634 145 841 175 PASCHALEM
860 145 1022 176 BUCHERII
1037 146 1372 177 AMMADVERSIONES.
1632 150 1683 177 886

510 341 814 422 [EGIDII’
860 355 1244 428 BUCHERII

760 496 782 523 E
809 494 884 524 SOC.
903 494 984 524 .IESU

252 589 293 619 IN
317 588 349 619 S.
378 585 599 618 HIPPOLYTI
627 584 818 617 CANONEM
842 580 1084 615 PASCHALEM
1112 581 1501 615 ANIMADVERSIONES.

627 766 819 812 INDEX
845 762 1131 810 CAPITUM.

99 946 124 975 ι.
158 937 176 941 μ
197 948 220 975 Α
236 955 286 983 quo
299 954 367 974 anno
385 946 475 987 Conon
491 945 662 982 Hippolyteus
674 946 794 980 incipiat.

101 993 137 1022 Il.
200 994 255 1022 Cur
269 993 430 1030 Hippolytus
439 994 622 1021 octaeteridem
637 993 759 1028 geminet.
772 990 864 1017 Potuit
877 988 991 1024 simplici
1006 992 1164 1016 octaelertae
1176 990 1310 1014 contentus
1321 993 1385 1014 esse.

113 1041 158 1069 Ill.
208 1041 381 1076 Parergorum
392 1041 470 1076 primi
485 1040 604 1068 laterculi
617 1038 768 1074 explicatio.
778 1037 832 1065 Cur
844 1036 953 1065 subinde
969 1035 1023 1062 bini
1037 1035 1093 1062 dies
1109 1032 1395 1068 quartadecimwlunw
1406 1031 1582 1066 designentur.

95 1085 143 1113 IV.
181 1086 267 1113 Tertia
287 1085 376 1112 tabula
391 1085 508 1119 paschali
525 1085 680 1112 l’ictoriamz
702 1084 858 1118 conformior
881 1083 1044 1118 proponitur.
1062 1082 1143 1109 Lunw
1163 1080 1293 1116 paschalis
1307 1077 1467 1113 Hippolytae
1488 1081 1553 1105 tetas
1567 1076 1676 1104 eruitur.

214 1121 348 1155 Hippolyti
362 1120 451 1148 Conon
465 1121 492 1147 in
507 1120 646 1147 Victoriam‘
662 1125 751 1155 typum
763 1120 891 1146 redactus.

101 1165 137 1194 Υ.
193 1165 351 1201 Hippolytus
366 1165 502 1200 paschales
515 1164 672 1201 Latinorum
683 1165 763 1198 primi
781 1165 880 1201 generis
894 1163 1009 1190 rationes
1022 1161 1150 1201 sequitur.
1163 1160 1335 1201 fr‘imoenim
1351 1164 1429 1195 caput
1445 1162 1538 1188 mensis
1551 1162 1684 1196 paschalis

225 1195 272 1229 iis
289 1195 381 1228 illartii
397 1195 511 1227 orditur.
528 1199 647 1227 Secundo
663 1195 753 1227 lunam
767 1195 917 1234 pascltalem
933 1207 948 1225 a
976 1205 1020 1224 xvr
1035 1195 1061 1224 in
1075 1204 1132 1224 χχιι
1154 1195 1291 1230 diffundit.

101 1247 147 1275 VI.
195 1247 229 1275 Et
243 1247 410 1274 Dominicam
424 1245 572 1281 paschalem
587 1245 682 1272 Martii
696 1245 731 1272 20
745 1245 874 1272 admittit.

99 1295 159 1323 VII.
197 1293 342 1356 NlunquaJn
357 1293 450 1354 limi‘tis
466 1300 482 1318 a
498 1291 597 1327 synodo
611 1291 768 1319 ϐῶσαι-ἱεηεί
781 1290 916 1318 constituti
926 1290 1004 1325 ﬁnem
1018 1289 1128 1318 excedit.
1149 1288 1223 1324 Cycli
1244 1288 1395 1323 Hippolytei
1408 1289 1436 1316 in
1452 1288 1614 1317 Kalendario
1633 1289 1677 1316 Ju-

235 1339 296 1356 tano
327 1336 408 1356 isnost
421 1336 456 1355 to.

237 1331 242 1336 ’
330 1330 335 1335 ’
369 1330 456 1355 ositio.

99 1377 170 1405 VIII.
200 1330 389 1405 Αῗῗέῖαῗέἒῖῐε
401 1375 533 1411 paschalis
550 1375 650 1411 passing
663 1378 791 1411 usurpata
804 1372 838 1400 sit
853 1381 870 1411 _a
883 1372 975 1407 primis
987 1371 1157 1400 Christianis.
1175 1371 1342 1399 Octaeridem
1358 1370 1496 1406 Hippolyti
1504 1370 1622 1406 Scaliger
1638 1370 1669 1396 ob

226 1412 335 1445 surdam
349 1408 423 1447 putat
439 1420 448 1438 .'
465 1419 523 1446 qua:
535 1408 620 1437 tamen
633 1409 790 1436 Latinorum
808 1408 922 1435 rationes
937 1412 1032 1435 seruat.

100 1459 148 1487 IX.
194 1459 338 1487 Octaeteris
350 1459 472 1493 Dionysii
485 1458 660 1485 Alexandrini
673 1457 796 1492 episcopi.

100 1507 138 1536 Χ.
197 1507 266 1535 Julii
283 1508 413 1542 Africani.

99 1556 147 1583 Χῐ.
197 1556 430 1584 Montanistarum.

98 1603 159 1631 XII.
197 1605 391 1632 Audianorum.

99 1651 171 1680 ΧἌΙ.
200 1653 321 1680 Aliorum
335 1654 405 1689 apud
416 1653 525 1681 Bedam.

99 1699 181 1727 ιη’(
201 1700 256 1728 Cur
269 1701 479 1729 Christianorum
498 1701 674 1736 antiquissimi
688 1701 869 1730 octaeteridem
882 1700 968 1736 potius
983 1707 1061 1735 quant
1072 1697 1338 1726 enneadecaeteridem
1353 1695 1510 1730 stt/fecerint.

99 1745 161 1775 IV.

211 1747 381 1777 Octaeteridis
394 1749 567 1776 incommoda.

129 1920 152 1948 I.
173 1920 196 1947 Α
217 1926 267 1955 quo
281 1928 350 1947 anno
366 1920 458 1948 Canon
477 1920 649 1956 Hippolyteus
669 1922 789 1958 incipiat.

98 2019 259 2048 Istiusmodi
275 2023 338 2048 sunt
352 2020 380 2047 in
402 2025 490 2048 statua
505 2021 549 2048 illa
565 2029 715 2049 marmorea
731 2021 852 2050 Lauren-

62 2066 141 2095 tiana
165 2065 224 2093 bini
237 2066 379 2100 paschales
390 2067 512 2094 latcrculi
525 2076 531 2094 :
545 2067 591 2102 qui
606 2067 640 2095 ab
653 2076 724 2095 anno
736 2067 853 2095 Alexan-

63 2112 108 2139 dri
123 2112 191 2146 imp.
199 2111 346 2139 Mammaeae
357 2112 405 2139 ﬁlii
416 2112 514 2147 primo,
522 2112 659 2140 Cononem
667 2113 745 2146 inire,
753 2114 853 2142 diserte

63 2162 212 2186 testantur.
232 2157 353 2186 Primum
369 2163 459 2186 autem
474 2159 620 2186 Alexandri
636 2167 691 2186 non
708 2159 735 2187 in
751 2159 851 2187 Christi

62 2204 207 2239 vulgarem
218 2204 282 2237 2%,
293 2208 324 2231 ut
336 2204 432 2232 volunt
442 2205 571 2238 Annales,
583 2205 630 2233 sed
644 2205 707 2238 222,
719 2210 749 2233 ut
759 2210 852 2234 nostra

63 2250 99 2278 ad
113 2249 268 2277 Victorium
280 2250 421 2285 Appendix
433 2251 535 2284 scisclt,
547 2251 697 2284 incurrere,
710 2256 751 2279 tot
765 2251 853 2279 Cano-

62 2296 109 2323 nis
123 2295 242 2330 hujusce
259 2295 431 2324 characteres
451 2297 590 2324 evincunt.
609 2296 698 2330 Quare
720 2298 788 2325 nihll
802 2298 853 2325 mi—

62 2349 138 2375 rum,
156 2341 180 2369 si
197 2340 286 2369 Julius
299 2341 510 2375 Africanushoc
522 2347 643 2378 tempore
655 2343 787 2377 scribens,
800 2352 852 2371 Lxx

62 2387 188 2416 Danielis
216 2388 401 2417 hebdomadas
425 2390 589 2418 octaeteride
616 2390 694 2425 (qua:
716 2391 853 2426 geminata

61 2434 358 2464 heckaadecaeteridem
377 2436 532 2471 componit)
552 2436 688 2472 explicare
707 2445 852 2473 aggressus

60 2480 121 2508 sit:
138 2481 291 2515 pmsertim
311 2489 373 2509 cum
396 2482 516 2510 Canonis
535 2482 715 2510 constantiam
735 2483 769 2510 ab
787 2482 852 2518 Hip—

60 2526 159 2562 polyto
176 2527 203 2553 in
219 2529 385 2562 praeteritum
403 2535 480 2563 aeque
495 2536 526 2555 ac
541 2528 662 2556 futurum
678 2531 799 2564 promitti
811 2530 852 2557 vi-

61 2573 155 2606 deret;
173 2573 289 2601 necdum
302 2574 386 2601 nimia
402 2575 462 2609 ejus
476 2575 661 2602 contractione
673 2576 849 2610 deprehensa.

865 1924 888 1952 A
904 1921 1042 1948 Dominica
1058 1919 1189 1948 inciderit.
1199 1918 1268 1946 Nam
1283 1925 1343 1946 non-
1352 1921 1457 1945 tantum
1468 1923 1530 1944 cum
1541 1915 1687 1951 quartade-

904 1970 975 1998 cima
989 1968 1049 2003 qua:
1061 1974 1125 1995 vere
1138 1966 1272 1994 terminus
1285 1968 1336 1997 est,
1351 1963 1398 1991 sed
1411 1963 1491 1991 ctiam
1502 1970 1565 1990 cum
1576 1963 1686 1998 quinta~

903 2014 1008 2042 decima
1020 2013 1084 2040 luna
1101 2011 1145 2048 (de
1160 2019 1213 2047 qua
1227 2011 1296 2038 nihil
1312 2009 1357 2037 hic
1372 2009 1528 2044 later-culus)
1545 2009 1572 2036 in
1594 2007 1687 2035 Domi-

903 2060 993 2087 nicam
1009 2058 1132 2092 incurrit,
1151 2057 1260 2085 octiduo
1274 2057 1379 2086 Pascha
1394 2055 1496 2083 dltl‘erri
1511 2055 1568 2082 vult
1583 2053 1686 2088 Hippo-

903 2107 985 2142 lytus,
1003 2109 1033 2132 ut
1045 2111 1109 2132 mox
1123 2103 1274 2142 ostendam.

904 2183 935 2211 Il.
965 2184 1018 2212 Cur
1047 2182 1207 2218 Hippolytus
1243 2180 1424 2218 octaeteridem
1448 2179 1569 2215 geminet.
1592 2177 1687 2205 Potuit

1044 2218 1161 2253 simplici
1173 2217 1328 2244 octaeteride
1337 2219 1470 2242 contentus
1481 2222 1546 2242 esse.
1560 2247 1567 2254 '

940 2298 992 2326 Sed
1010 2306 1059 2326 cur
1076 2302 1186 2325 sanctus
1207 2297 1286 2325 Pater
1306 2295 1493 2325 oetaeteridem
1507 2295 1641 2330 geminat,
1658 2302 1687 2325 et

903 2345 932 2372 in
958 2352 1013 2372 cxu
1037 2345 1148 2379 insuper
1171 2351 1256 2371 annos
1279 2343 1414 2371 extendit?
1436 2342 1550 2370 Videbat
1571 2343 1685 2378 scilicet,

902 2392 964 2419 rudi
980 2391 1070 2419 adhuc
1084 2391 1193 2424 smculo,
1215 2390 1243 2417 in
1268 2390 1374 2418 duabus
1394 2389 1614 2423 octaclcridibus,
1636 2397 1688 2422 seu

903 2445 956 2466 una
971 2436 1241 2469 heckadecaeleride,
1258 2437 1376 2471 aliquam
1391 2437 1481 2464 inesse
1495 2436 1622 2463 feriarum
1642 2444 1687 2463 se-

902 2484 970 2511 riem
983 2493 990 2517 ;
1006 2483 1170 2518 tandemque
1186 2483 1328 2517 completis
1344 2488 1447 2518 septem
1469 2482 1684 2510 heckasdecaete-

902 2531 1018 2564 ridibus,
1039 2530 1121 2557 ferias
1137 2530 1170 2557 ad
1183 2533 1265 2564 caput
1277 2529 1382 2563 redire;
1398 2530 1685 2558 heckazdecaeteridem

904 2576 997 2611 itaque
1020 2576 1170 2604 contexuit.
1195 2576 1231 2602 At
1255 2579 1361 2610 poterat
1374 2575 1453 2602 'idem
1478 2580 1554 2603 tanto
1576 2575 1686 2603 brevius

60 2618 144 2652 Quod
157 2618 251 2646 subdit
268 2619 440 2656 Hippolytus,
463 2620 615 2648 soluendum
636 2629 691 2648 esse
707 2621 851 2656 jejunium,
867 2611 889 2639 Β
903 2622 1113 2657 distinctiusque
1134 2621 1161 2649 in
1182 2621 1294 2649 totidem
1317 2622 1526 2650 octaeterldibus
1545 2627 1685 2657 praestare.

59 2673 123 2691 cum
134 2666 275 2692 Dominica
286 2666 523 2699 incideret,verum
536 2671 578 2695 est
590 2676 596 2694 :
607 2667 664 2695 sive
677 2667 710 2694 de
727 2666 851 2696 Paschali

60 2709 121 2736 sive
138 2709 173 2737 de
186 2709 220 2738 iis
236 2718 298 2746 qua:
317 2710 415 2746 jejunii
432 2712 561 2740 solemnis
581 2712 638 2740 dies
655 2713 848 2746 intercursant,

61 2753 216 2783 Dominicrs
235 2757 412 2791 accipiamus.
437 2757 529 2793 Neque
547 2758 634 2792 video,
655 2759 792 2794 quomodo
807 2760 851 2788 hic

60 2799 293 2836 ἁπονηπίζεσθαι
315 2802 364 2836 δεῖ,
387 2803 520 2837 sitidem,
543 2804 616 2838 quod
641 2805 852 2840 transferendum

905 2668 1013 2704 Septem
1029 2669 1101 2696 enim
1117 2669 1293 2696 octaeterides
1308 2669 1388 2696 binos
1403 2668 1506 2696 solares
1516 2669 1605 2703 cyclos
1615 2669 1686 2696 inte-

904 2723 977 2752 gros,
991 2720 1021 2742 ut
1040 2715 1153 2743 totidem
1167 2714 1439 2743 hecktedecaeterides
1451 2718 1597 2749 quaternos
1612 2722 1686 2742 com-

903 2761 1059 2796 plectuntur
1071 2770 1078 2795 ;
1099 2766 1210 2797 tamque
1220 2763 1285 2794 duo,
1297 2769 1380 2797 quam
1392 2767 1509 2795 quatuor
1524 2760 1589 2788 solis
1605 2761 1684 2796 cycli.

905 2806 1008 2835 litteras
1027 2806 1209 2835 Dominicales
1229 2808 1257 2835 in
1280 2809 1373 2836 orbem
1388 2809 1538 2841 reducunt;
1560 2812 1586 2835 et
1607 2806 1694 2834 annis,

60 2852 118 2873 esss
136 2846 289 2882 jejunium,
307 2853 337 2876 ut
363 2849 420 2878 uult
445 2848 575 2885 Scaliger,
596 2859 655 2879 cum
675 2851 801 2880 terminus
825 2852 853 2881 in
909 2853 973 2883 solis
986 2862 1041 2890 LVI,
1055 2855 1229 2892 priusquam
1240 2863 1304 2891 cxu,
1322 2856 1491 2885 evolvuntur.
1504 2854 1571 2882 Hinc
1587 2857 1643 2881 tam
1658 2852 1699 2881 in-
