1856 3050
257 65 311 94 899

593 65 622 92 S.
642 64 818 92 IIIPPOLYTI
837 63 911 92 OPP.
929 63 1018 92 PARS
1035 61 1066 89 II.
1086 76 1123 82 —-
1137 61 1287 91 DOGMAT.
1308 63 1353 91 ET
1367 63 1540 93 HISTORIC.

1824 66 1846 94 Il

259 129 315 150 tur.
340 123 418 150 Intra
439 130 503 158 quos
524 122 563 148 sol
588 126 645 149 octo
662 130 793 149 annorum
809 130 901 149 cursus
922 122 1044 154 absolvit,
1060 123 1084 150 Α
1097 125 1146 148 est.
1161 121 1297 150 Hactenus
1307 121 1485 158 Epiphanius.
1498 123 1604 157 Quibus
1615 123 1702 159 hujus
1713 127 1846 153 octaetenu'u

257 170 399 197 destinatis
417 169 554 203 unicuique
570 176 638 194 anno
652 168 743 195 diebus
760 168 811 195 560
824 168 862 204 (2)
874 176 933 195 cum
947 173 1042 202 quarta

260 216 367 249 insuper
382 216 457 241 unius
472 214 524 240 diei
534 219 618 248 parte.
632 213 759 241 Etenima
769 223 794 241 Ix
811 213 948 242 Kalendas
960 215 1042 249 Apri-

261 262 308 293 les,
321 266 348 287 ut
358 261 388 286 ab
401 260 508 288 exordio
517 261 657 286 creatiunis
670 260 732 287 solis
744 269 775 286 ac
783 261 862 294 primi
875 261 969 287 mensis
980 269 1043 295 sup-

259 311 353 340 putant
367 311 539 332 memoratam
550 305 794 333 insanctisLitteris
805 305 836 332 Iri
846 306 925 338 diem,
941 311 965 333 et
975 306 1042 332 hanc

258 361 315 380 esse
322 353 411 380 dicunt
422 360 470 380 VIII
485 352 550 380 Idus
567 353 676 387 Aprilis,
693 354 720 380 in
735 362 786 388 qua
804 353 907 380 Pascha
919 358 1043 388 perpetuo

255 398 399 426 celebrant.
417 398 492 431 Quod
509 399 532 425 si
549 408 609 426 cum
624 399 673 426 hac
691 399 732 426 die
747 401 804 427 dies
817 400 897 427 etiam
914 400 1042 428 Resurre-

259 446 352 472 ctionis
366 446 433 479 ['ortc
447 451 597 478 concurrat,
620 451 676 473 tum
689 447 806 481 proxime
823 448 940 482 sequenti
957 448 1044 474 Darni-

260 492 319 519 nica
345 493 426 527 ferias
446 496 537 527 agunt.
563 491 697 527 Scriptum
725 497 764 520 est
786 494 854 520 enim
875 494 921 521 :A
940 503 986 521 xtv
1003 495 1045 522 die

259 545 339 572 usque
358 536 391 563 ad
413 545 468 563 χχι.
490 536 551 563 Haec
562 535 734 563 Montanistic
756 537 825 571 apud
849 536 1043 570 Sozomcnum,

258 590 290 609 ex
303 582 403 617 quibus
417 582 471 609 duo
484 585 556 609 certa
570 581 666 615 colligo
685 590 691 607 :
709 580 840 614 Primum,
854 582 1043 609 octacteridem

259 629 365 664 primis,
390 633 420 655 ut
447 628 513 660 dixi,
535 627 699 656 Christianis
723 628 749 654 in
769 636 820 655 usu
844 629 946 663 passim
960 629 1044 657 fuisse

259 683 310 711 pro
323 674 454 702 Paschate
469 684 475 701 :
494 674 595 708 alioqui
617 673 789 701 Montanista:
803 679 897 702 contra
921 676 1043 703 umbram

259 726 424 758 pugnarent.
447 720 614 753 Secundum,
646 720 836 747 octaeteridem
864 721 935 748 illam
960 721 1059 749 fuisse-

260 768 372 803 praccise
391 767 496 795 dierum
511 766 596 799 2922,
612 773 644 793 ac
660 766 773 801 proinde
785 765 920 794 Julianam
936 772 962 795 et
982 768 1046 803 Ilip-

260 815 360 851 polyli;
383 815 435 842 nisi
461 814 627 842 Sozomenus
646 814 736 841 omnia
754 814 798 841 ltic
817 821 871 841 non
895 813 1004 845 referat,
1019 819 1047 841 et

261 861 355 888 saltem
367 860 425 887 dies
436 859 615 892 abundantes,
631 864 659 887 ut
675 859 802 887 minutias
814 867 911 894 parvas
922 860 1044 887 omittat:

261 907 335 940 quod
359 907 404 933 vix
429 911 505 941 puto,
532 905 753 940 quandoquidem
775 905 918 933 octaetetis
942 905 1046 933 lunaris

261 957 327 980 tunc
345 960 406 980 cum
425 951 507 979 solari
526 953 601 987 paria
617 960 670 979 non
690 951 789 985 faciat;
807 951 880 987 quod
897 956 986 979 tamen
1001 951 1046 980 hic

261 997 432 1026 Montanistaa
450 1001 616 1032 supponunt.

517 1064 576 1092 XII.
597 1065 789 1094 Audianorum.

294 1131 406 1166 Quinto,
422 1132 468 1160 sed
481 1132 538 1160 haec
550 1132 640 1160 omnia
657 1132 758 1160 clarius
771 1133 853 1160 habet
866 1122 1044 1168 Epiphanius,

260 1183 287 1206 et
306 1179 393 1206 fusius
410 1179 504 1206 lueresi
522 1179 555 1206 70
568 1179 772 1212 Audianorum;
788 1180 937 1215 praesertim
957 1179 971 1215 §
987 1180 1019 1207 15
1037 1189 1044 1207 :

260 1226 328 1254 Cum
343 1234 438 1258 annus,
457 1226 555 1261 inquit,
572 1226 713 1252 secundum
725 1226 788 1252 solis
804 1234 911 1253 cursum
923 1225 976 1253 565
991 1226 1046 1253 die-

257 1272 309 1300 bus
322 1277 401 1308 atque
418 1272 488 1299 horis
505 1272 588 1299 tribus
607 1271 771 1307 (duplicibus
786 1272 899 1308 scilicet)
915 1272 1046 1307 complea-

260 1323 323 1350 tur;
341 1318 402 1345 inde
419 1318 460 1353 ﬁt,
477 1322 506 1345 ut
533 1319 657 1353 quoniam
682 1317 746 1344 luna
764 1317 816 1345 554
843 1318 932 1345 diebus
946 1327 1046 1346 annum

259 1372 338 1391 suum
359 1364 481 1397 absolvit,
505 1364 560 1391 dies
576 1364 598 1391 ei
615 1364 734 1391 undecim
749 1369 827 1399 atque
847 1364 918 1391 hora:
934 1369 984 1392 tres
1000 1373 1046 1392 su-

258 1410 370 1445 persint.
387 1402 481 1445 Itaque
499 1410 599 1444 primus
619 1418 702 1436 annus
717 1414 821 1444 epactas
833 1429 841 1442 ,
859 1418 924 1445 quas
941 1415 1043 1443 vocant,

259 1456 333 1483 habet
348 1456 468 1482 undecim
491 1464 550 1482 cum
564 1456 635 1482 horis
652 1456 748 1483 tribus.
778 1455 912 1482 Secundus
931 1457 985 1483 dies
998 1457 1043 1489 22,

257 1501 338 1529 horas
365 1501 391 1529 6.
421 1501 524 1529 Tertius
545 1506 641 1535 prtcter
662 1501 717 1528 dies
738 1501 783 1534 55,
803 1501 881 1528 horas
896 1502 922 1529 9.
942 1503 1001 1534 Qua
1013 1511 1044 1529 ex

257 1548 361 1574 dierum
378 1555 480 1574 summa
496 1547 663 1574 intercalaris
688 1547 783 1574 mensis
805 1555 872 1574 unus
894 1547 1044 1578 deducitur,

258 1601 291 1619 ac
306 1593 398 1619 triceni
413 1593 468 1619 dies
479 1592 642 1619 inseruntur.
662 1591 764 1627 Reliqui
779 1598 839 1619 sunt
853 1593 909 1619 dies
920 1597 983 1626 tres,
998 1594 1045 1620 ho-

259 1647 297 1666 rte
309 1639 335 1667 9.
353 1638 405 1671 Qui
423 1646 483 1665 cum
496 1638 617 1665 undecim
632 1638 722 1665 diebus
736 1639 798 1665 anni
811 1639 900 1673 quarti
915 1639 984 1666 horis
1001 1641 1046 1666 tri-

260 1685 308 1712 bus
327 1684 470 1719 conjuncti,
493 1684 548 1712 dies
563 1684 705 1718 conﬁciunt
720 1684 768 1717 M,
783 1684 862 1712 horas
880 1685 923 1712 12.
939 1686 1044 1713 Additis

257 1730 354 1757 deinde
371 1730 432 1757 aliis
447 1730 568 1757 undecim
591 1730 681 1757 diebus
699 1730 822 1766 horisque
836 1730 930 1763 tribus,
947 1737 1044 1766 epacttc

259 1775 313 1809 28,
326 1782 350 1803 et
368 1777 439 1804 hora:
455 1776 488 1804 I5
501 1781 671 1811 consurgunt.
688 1775 767 1803 Sexto
781 1776 884 1804 demum
902 1786 981 1810 anno,
996 1787 1045 1805 un-

256 1822 344 1849 decim
359 1823 454 1849 annuis
466 1822 556 1849 diebus
569 1828 647 1858 atque
662 1823 733 1850 horis
749 1822 833 1850 tribus
850 1824 1043 1857 accedentibus,

259 1869 315 1895 dies
333 1869 482 1903 conﬂantur
496 1869 540 1902 56,
555 1878 615 1896 cum
630 1869 702 1896 horis
720 1869 761 1896 18.
776 1869 818 1896 Ex
829 1870 861 1896 iis
876 1871 1043 1897 intercalaris

260 1915 328 1942 alter
339 1916 434 1942 mensis
446 1916 560 1942 exsistit.
585 1916 626 1942 Ad
647 1916 715 1942 hunc
736 1916 842 1943 modum
856 1917 931 1943 tertio
952 1918 1043 1951 cuique

260 1970 331 1989 anno
358 1961 494 1989 attributis
523 1962 645 1997 singulis,
673 1962 725 1988 duo
756 1970 855 1989 menses
882 1963 1041 1989 inseruntur.

258 2007 332 2035 Nam
353 2008 437 2042 priori
461 2008 572 2035 triennio
586 2016 648 2034 suus
665 2008 763 2035 mensis
779 2008 890 2040 accedit,
905 2009 1044 2042 posteriori

215 2086 224 2094 ί
258 2056 366 2090 perinde
378 2063 452 2081 suus.
467 2055 572 2081 Restant
591 2063 623 2082 ea:
631 2055 729 2089 epactis
738 2054 791 2081 illis
805 2055 861 2081 dies
876 2054 901 2087 6,
918 2055 989 2082 hora:
1001 2055 1039 2082 I8.

260 2101 361 2134 Quibus
376 2102 501 2136 septimus
513 2109 596 2128 annus
609 2101 728 2127 undecim
739 2101 805 2133 dies,
815 2101 892 2128 horas
906 2101 922 2127 5
931 2101 1041 2135 adjicit:

1062 795 1083 824 Β

258 2150 324 2184 ﬁunt
341 2154 440 2183 epactw
456 2148 504 2180 i'l,
523 2148 594 2174 hora:
614 2147 658 2174 21,
683 2147 748 2173 Tum
770 2153 859 2174 octavo
876 2156 944 2174 anno
961 2149 1040 2174 unde-
1057 2148 1079 2176 Ι)

257 2195 309 2222 cim
330 2203 420 2221 rursus
437 2194 526 2220 diebus
545 2194 667 2228 horisque
690 2188 775 2220 tribus.
795 2193 912 2228 (semper
928 2193 1042 2228 duplici-

257 2239 321 2273 bus)
348 2239 493 2273 udjunctis,
517 2238 551 2265 28
578 2239 698 2271 dierum,
724 2238 848 2265 horarum
870 2238 914 2271 24,
942 2245 1041 2274 epacttv

257 2285 419 2319 Colliguntur
434 2293 443 2312 :
458 2285 529 2311 horto
545 2285 599 2311 dies
614 2285 755 2319 conﬁciunt
768 2285 843 2318 duos,
868 2286 912 2320 qui
933 2286 968 2313 28
987 2287 1040 2313 illis

256 2331 439 2364 attnamcrati,
453 2332 487 2358 50
501 2332 555 2357 dies
572 2331 669 2358 solidos
691 2332 828 2366 complent.
846 2332 934 2364 Quare
951 2338 1041 2359 Octavo

256 2386 326 2405 anno
343 2378 377 2404 50
393 2375 447 2404 dies
463 2378 662 2410 inter-colantur,
689 2383 713 2404 et
731 2378 861 2404 biennium
879 2379 951 2405 istud
967 2387 1038 2405 men-

255 2432 310 2452 sent
326 2424 401 2450 habet
416 2432 506 2450 unum.
522 2423 640 2458 Adeoque
658 2428 711 2450 tota
727 2423 774 2450 illa
790 2424 910 2458 periodus
923 2430 1038 2451 octaete-

258 2470 314 2496 rica
326 2468 380 2494 dies
392 2468 442 2494 sibi
459 2468 573 2494 uindicat
586 2468 631 2499 90,
644 2468 689 2502 qui
703 2476 801 2495 menses
814 2468 912 2495 solidos
925 2470 1038 2503 e/ﬁcinnt

257 2518 329 2544 tres;
344 2513 467 2539 nimirum
482 2513 573 2547 primis
591 2512 691 2539 duobus
709 2513 828 2540 trienniis
843 2514 954 2548 singulis
969 2523 1039 2541 men-

259 2568 311 2586 sem
331 2567 422 2592 unum,
444 2559 545 2586 biennio
565 2559 656 2586 itidem
680 2564 799 2594 sequente
814 2568 926 2587 mensem
945 2568 1034 2587 unum.

258 2612 293 2632 ιη
314 2606 354 2633 his
380 2607 462 2633 tribus
481 2605 682 2632 intercalaribus
696 2606 827 2633 mensibus
842 2627 848 2637 ,
865 2607 910 2641 qui
937 2607 1037 2641 triplici

257 2651 306 2678 illa
320 2651 420 2678 dierum
435 2651 585 2679 collectione
600 2657 732 2685 constant,
753 2652 908 2680 Judtcorum
922 2653 1038 2686 Pascha,

257 2707 274 2725 a
295 2698 503 2726 Christianorum
530 2704 731 2733 cteteroruntque
761 2699 891 2727 Pascltate
909 2700 1039 2727 diversum

1093 167 1256 195 Christianae
1275 174 1383 202 natura,
1403 169 1596 204 quantilasque
1618 170 1702 204 plane
1725 169 1822 197 Julian:
1839 181 1846 198 ε

1093 211 1251 249 Hippolyten
1274 214 1380 241 dierum
1395 214 1468 242 2922
1487 215 1560 242 velut
1574 215 1666 243 oculis
1683 216 1846 249 subjiciturzc

1092 262 1119 290 id
1137 264 1266 294 praeterea
1279 260 1458 295 signiﬁcatur,
1472 267 1559 288 annos
1573 261 1635 296 ejus
1650 261 1844 289 cmbolimaeosdt

1093 313 1186 334 versos
1198 307 1232 334 ab
1243 305 1409 342 Hippolyteis
1424 307 1508 335 fuisse
1520 316 1527 334 :
1539 307 1764 342 quandoquidem
1774 309 1846 342 primus

1093 354 1208 384 quartus
1228 354 1255 377 et
1277 352 1408 386 septimus
1428 351 1491 378 anni
1513 352 1699 379 octaeteridos
1711 351 1846 388 Hippolyta:

1094 396 1150 423 sint
1169 396 1349 430 embolinuei;
1364 405 1418 425 non
1431 398 1537 431 tertius,
1556 403 1652 425 sextus
1675 403 1703 425 et
1717 403 1826 428 octavus,
1837 407 1846 424 ιι

1095 442 1121 469 in
1141 442 1191 470 hac
1210 443 1407 477 Epiphaniana.
1424 443 1517 478 Neque
1538 448 1628 471 tamen
1649 444 1717 471 satis
1740 445 1846 479 colligitur

1094 495 1156 516 cum
1172 496 1226 522 quo
1237 488 1340 516 Clu-isti
1353 497 1426 517 anno
1438 490 1645 525 componendus
1661 491 1698 517 sit
1715 490 1811 524 primus
1821 491 1843 516 hu

1093 535 1138 569 jus
1152 535 1332 562 oelaeteridos
1344 543 1442 567 annus,
1460 536 1511 563 nisi
1525 540 1617 563 certus
1629 536 1730 570 aliquis
1747 536 1846 563 citamur:

1095 581 1265 608 adhibeatur.
1291 580 1426 610 Cteterum
1446 590 1506 609 eam
1532 582 1559 608 in
1585 589 1638 609 usu
1666 581 1786 608 maxime
1798 582 1846 608 [uisu

1095 627 1190 662 primis
1207 627 1336 656 Ecclesia:
1355 629 1533 663 temporibus,
1559 628 1656 655 saltem
1675 632 1736 662 post
1755 626 1801 654 200
1815 629 1846 662 plu

1096 673 1187 700 minus
1212 673 1314 700 Christi
1337 681 1450 706 annum,
1468 674 1523 700 duo
1543 681 1576 700 ex
1593 674 1647 701 hoc
1662 673 1800 709 Epiphanii
1817 676 1846 702 lno

1096 718 1234 745 evincunt.
1248 717 1341 746 Primo
1351 739 1358 751 ,
1373 719 1445 753 quod
1458 719 1628 754 Epiphanius
1638 725 1734 747 contra
1746 721 1846 748 Audiam

1098 762 1142 791 hic
1153 771 1236 798 agens
1248 772 1296 799 pro
1313 772 1408 792 mense
1423 765 1554 799 paschali,
1567 765 1640 792 lunai
1656 770 1782 794 naturam
1793 775 1818 794 ea
1825 775 1845 794 τι

1097 810 1199 845 plicare
1211 811 1316 843 maluit,
1328 819 1410 846 quam
1421 811 1678 840 enneadeeacteride
1691 812 1846 839 Alexandrina

1097 856 1223 890 quamvis
1245 861 1301 884 tum
1317 858 1435 884 maxime
1450 857 1478 884 in
1498 856 1649 885 Ecclesium
1665 857 1819 885 Orientalem
1832 859 1846 884 ir

1097 906 1225 936 repente,
1251 902 1297 930 sed
1315 910 1397 937 quam
1413 903 1544 937 Audiani,
1569 908 1599 930 ut
1618 905 1801 936 recentiorem,
1812 905 1845 938 rcji

1096 949 1214 976 ciebant.
1234 948 1370 982 Secundo,
1395 958 1458 977 natu
1479 949 1506 976 id
1530 949 1681 978 Catholicis
1707 950 1846 985 objiciebant

1096 998 1165 1022 teste
1178 995 1273 1022 eodem
1285 994 1436 1030 Epiphanio
1449 995 1463 1031 §
1478 995 1493 1023 9
1508 1003 1513 1020 :
1526 996 1548 1021 Α
1560 995 1740 1029 Constantini,
1752 996 1846 1030 inquiunt

1096 1047 1221 1076 tempore,
1242 1047 1271 1068 ut
1287 1042 1454 1077 imperatoris
1477 1043 1610 1069 tationem
1625 1042 1772 1076 haberetis,
1791 1049 1846 1077 palen

1096 1097 1157 1116 nam
1173 1089 1200 1115 in
1219 1088 1374 1116 celebrando
1387 1088 1514 1116 Paschate
1533 1089 1749 1116 consuetudinem
1777 1090 1846 1123 reliqui

1095 1136 1164 1168 stis;
1191 1135 1310 1170 diemque
1332 1137 1527 1168 commutastis,
1553 1140 1582 1162 ut
1598 1144 1642 1163 vos
1660 1136 1695 1162 ad
1714 1136 1846 1170 imperatori

1095 1187 1188 1209 nutum
1208 1181 1441 1208 accounnodarctis
1456 1189 1465 1208 :
1482 1186 1506 1207 et
1522 1189 1581 1208 cum
1598 1182 1696 1208 natalis
1715 1181 1846 1208 Constantii

1096 1227 1281 1258 celebraretur,
1306 1227 1445 1254 Paschalis
1471 1227 1600 1254 rationem
1614 1228 1788 1254 immutastis.
1810 1227 1846 1252 I‘rs

1096 1278 1218 1301 cesserat
1238 1273 1319 1308 igitur
1341 1272 1410 1300 alios
1423 1272 1643 1300 Christianorum
1662 1272 1756 1307 cyclos
1768 1277 1846 1299 octae'u

1096 1319 1150 1352 ris;
1165 1319 1225 1346 ideo
1240 1327 1255 1346 a
1277 1318 1403 1347 Patribus
1419 1319 1535 1346 Nicaenis
1552 1319 1668 1352 abjecta,
1689 1319 1762 1353 quod
1774 1326 1786 1344 a
1799 1323 1846 1343 ram

1097 1366 1177 1393 uibus
1200 1365 1273 1392 veris
1292 1365 1363 1392 lunae
1387 1365 1524 1400 sesquidie
1543 1365 1660 1392 detieere
1675 1364 1813 1396 videretur,
1825 1371 1846 1397 ge

1085 1411 1197 1446 ,minata
1212 1411 1298 1439 solido
1314 1411 1412 1438 triduo.

1279 1478 1346 1506 XIII.
1367 1478 1488 1506 Aliorum
1504 1478 1573 1513 apud
1590 1478 1702 1506 Bedam.

1132 1547 1224 1580 Sexto,
1239 1554 1290 1574 nec
1302 1551 1406 1574 tantum
1424 1547 1519 1582 primis
1536 1546 1590 1574 illis
1605 1545 1735 1574 Ecclesia
1753 1543 1846 1580 tempori

1095 1594 1146 1621 bus
1162 1594 1194 1620 ad
1219 1601 1299 1620 usum
1318 1593 1459 1620 Paschatis
1478 1593 1598 1620 adhibita
1614 1597 1657 1620 est
1673 1593 1810 1619 octaeteris
1823 1600 1828 1616 :
1839 1591 1846 1616 it

1096 1648 1155 1668 sera
1177 1640 1259 1667 etiam
1282 1640 1380 1667 saecula
1401 1633 1569 1667 inveteravit.
1594 1638 1640 1666 Sic
1665 1640 1738 1666 enim
1757 1636 1846 1665 Bsdall

1095 1685 1197 1712 ratione
1214 1691 1305 1720 temp.,
1331 1693 1392 1720 cap.
1418 1685 1453 1712 44
1470 1694 1477 1712 :
1502 1684 1596 1712 Verum
1617 1686 1700 1712 etiam
1720 1693 1787 1711 nunc
1807 1686 1846 1710 sas!

1094 1732 1139 1766 qui
1152 1731 1216 1759 solis
1230 1736 1288 1758 octo
1305 1740 1404 1765 annos,
1420 1731 1528 1758 totidem
1545 1731 1623 1758 annis
1635 1731 1773 1758 lunaribus
1787 1736 1846 1766 putat

1094 1777 1196 1804 dierum
1213 1777 1366 1810 cequalitate
1380 1778 1508 1811 componi.
1527 1776 1639 1804 Refutat
1655 1785 1703 1804 eos
1714 1777 1759 1805 ille
1772 1777 1846 1812 quidrt

1095 1828 1122 1850 et
1142 1828 1215 1851 recte
1241 1833 1248 1850 :
1273 1824 1318 1851 sed
1343 1831 1392 1850 nos
1417 1824 1498 1850 etiam
1520 1824 1598 1851 docet
1614 1824 1804 1851 octaeteridem
1818 1823 1846 1857 jal

1095 1869 1158 1896 inde
1177 1870 1211 1896 ab
1225 1877 1297 1897 anno
1311 1869 1413 1897 Christi
1432 1870 1535 1904 vulgari
1556 1870 1620 1903 222,
1645 1878 1693 1897 aut.
1707 1871 1785 1897 etiam
1798 1870 1846 1897 citur

1094 1920 1272 1950 usurpatam,
1299 1916 1332 1942 ad
1357 1924 1405 1943 sua
1436 1924 1522 1951 usque
1552 1921 1687 1951 tempora,
1708 1924 1754 1943 seu
1777 1921 1846 1942 annui

1094 1961 1195 1988 Christi
1215 1961 1266 1988 720
1281 1966 1328 1988 aut
1353 1961 1424 1995 750,
1447 1969 1461 1988 a
1479 1961 1643 1996 quibusdam
1665 1961 1846 1997 pcrduacissim

1093 2013 1281 2035 conservatam
1287 2027 1294 2036 ο

1093 2083 1164 2112 XIV.
1186 2084 1240 2111 Cur
1262 2084 1473 2112 Christianorum
1496 2084 1677 2119 antiquissimi
1699 2085 1846 2111 πιπτει-ἰός]

1163 2121 1251 2155 potius
1266 2128 1344 2154 quam
1359 2120 1628 2147 etmeadecaetertdcm
1647 2121 1802 2154 suﬂecerint.

1129 2188 1185 2216 Cur
1199 2193 1288 2216 autem
1305 2189 1521 2216 Christianorum
1540 2189 1584 2216 isti
1599 2189 1794 2224 antiquissimi,
1808 2193 1846 2214 cm!

1094 2235 1248 2268 pasehalem
1262 2234 1417 2262 Juducorum
1431 2235 1536 2269 cyclum
1553 2236 1611 2270 jam
1635 2242 1776 2262 erroneutn
1796 2234 1846 2260 dese

1094 2289 1154 2308 rere
1169 2285 1196 2307 ct
1218 2281 1271 2307 alio
1289 2281 1422 2316 castigare
1441 2281 1554 2312 vellent,
1579 2281 1766 2309 octaeteridem
1783 2280 1846 2314 potiit

1093 2335 1175 2361 quam
1198 2327 1482 2355 etmeadecaeteridem
1507 2327 1674 2359 suffecerint,
1697 2328 1779 2355 facilis
1805 2334 1846 2352 cunt

1091 2374 1196 2409 jectura
1212 2366 1262 2400 est.
1283 2373 1403 2400 Primum
1421 2374 1493 2400 enim
1510 2374 1545 2401 ab
1559 2374 1712 2401 notioribus
1725 2378 1748 2401 et
1768 2372 1846 2399 facilia

1093 2421 1168 2448 ribus
1190 2421 1258 2449 solet
1276 2426 1372 2448 natura
1393 2420 1554 2456 procedere;
1571 2421 1724 2455 cujusmodi
1737 2424 1776 2447 est
1792 2424 1846 2445 eam

1092 2469 1231 2503 paratione
1270 2467 1540 2495 enneadecacteridos
1579 2467 1731 2495 octaeteris.
1768 2464 1846 2492 Deindt

1091 2515 1234 2543 octaeteris
1254 2522 1316 2542 cum
1337 2514 1443 2542 duobus
1457 2514 1536 2541 annis
1555 2514 1734 2541 bissextilibus
1742 2513 1812 2549 paria
1822 2511 1846 2537 is

1091 2562 1137 2595 cit,
1153 2570 1239 2597 eoque
1253 2562 1405 2589 litterarum
1422 2560 1629 2587 Dominicalium
1647 2560 1756 2593 aliquam
1772 2558 1846 2585 saltem

1092 2609 1189 2636 seriem
1205 2609 1313 2641 retinet,
1328 2608 1400 2634 nulla
1413 2611 1486 2635 certe
1496 2607 1601 2634 ratione
1615 2607 1714 2633 turbat.
1727 2604 1846 2631 Enncade-

1092 2655 1205 2682 caeteris
1218 2656 1286 2682 ultra
1302 2659 1419 2688 quatuor
1427 2653 1590 2684 bissexttles,
1604 2657 1657 2679 tres
1671 2657 1767 2679 tantum
1779 2654 1846 2675 annos

1093 2702 1204 2736 insuper
1227 2701 1347 2733 obtinet;
1373 2707 1460 2734 coque
1483 2699 1634 2727 litterarum
1665 2696 1846 2725 Dominicaliuat

292 2786 330 2822 (2)
343 2786 455 2816 Videtur
466 2787 608 2818 legendum
621 2787 683 2814 565.
696 2787 851 2815 BUCIZER.—
865 2786 901 2814 Ita
915 2787 1063 2816 enimvero.
1081 2788 1146 2817 Vide
1171 2789 1306 2817 Valesium
1326 2789 1351 2816 in
1368 2789 1439 2816 hunc
1451 2787 1551 2816 locum.
