1857 3047
41 105 87 133 955
552 102 689 132 SPUBIA.
709 118 745 125 —
764 102 809 132 DE
826 102 899 132 LXX
916 104 1118 135 APOSTOLIS.

1596 111 1647 139 951

71 160 164 196 Θωμᾶς
178 160 205 187 δὲ
221 160 347 197 Πάρθοις,
364 161 476 197 Μήδοις,
499 160 630 198 Πέρσαις,
652 161 793 198 Ὑρκανοτς

900 163 1030 197 Thomas.
1049 173 1112 193 cum
1127 164 1247 200 Parthis,
1267 165 1363 199 Medis,
1378 166 1478 200 Persis,
1499 166 1647 203 Hyrcanis,

42 207 172 242 Βακτροίς,
188 207 312 242 Μάργοις
326 207 382 243 (40)
399 207 530 243 κηρύξας,
544 207 660 243 ὲλακήδη
679 207 735 244 (41)
755 208 813 235 ἐλο-

40 253 144 288 γχιάσθη
161 254 216 285 τοῖς
229 253 338 289 τέταρσι
356 252 466 289 μέρεσιν
490 254 571 281 αὑτοῦ
587 254 617 281 ἐν
633 254 709 281 πόλει
724 254 813 282 Καλα-

41 300 103 335 μήνῃ
120 298 184 334 (42),
197 299 247 333 τῆς
269 299 393 334 Ἰνδικῆς,
408 300 456 326 καὶ
470 299 602 327 θάπτεται
618 301 686 328 ἐκεῖ.

75 344 192 376 Ἰάκωϐος
206 344 235 370 δὲ
255 344 390 379 Ἁλφαίου,
407 344 552 381 κηρύσσων
568 346 597 373 ἐν
618 345 810 382 Ἰερουσαλὴμ,

39 391 84 417 ὑπὸ
104 390 232 417 Ἰουδαίων
247 391 449 425 καταλευσθεὶς,
465 392 631 429 ἀναιρεῖται,
648 393 696 420 καὶ
710 393 811 420 θάπτε-

38 445 75 462 ται
90 437 144 462 ἐκεῖ
158 436 233 472 παρὰ
244 436 283 472 τῷ
299 437 366 472 ναῷ.

73 481 173 513 Ἰούδας,
189 483 203 508 6
217 483 264 509 καὶ
281 482 423 515 Λεϐϐαῖος,
440 482 588 516 Αίδεσινοῖς
601 484 648 511 καὶ
664 484 739 520 πάσῃ
753 484 810 511 Με-

38 527 177 564 σοποταμίᾳ
198 528 330 565 κηρύξας,
346 529 479 566 ἐκοιμήθη
502 530 531 557 ἐν
547 530 672 567 Βηρύτῳ,
695 531 741 557 καὶ
761 530 810 557 θά-

36 583 122 602 πτεται
136 575 203 602 ἐκεῖ.

65 621 148 657 Σίμων
162 622 177 648 6
191 622 345 657 Κανανίτης
367 622 382 649 6
397 622 449 649 τοῦ
461 623 575 656 Κλωπᾶ,
591 624 605 651 6
627 623 675 650 καὶ
695 623 809 656 Ἰούδας,

37 667 96 702 μετὰ
114 668 239 695 Ἰάκωϐον
254 668 300 695 τὸν
313 668 420 696 Δίκαιον
434 669 584 701 ἐπίσκοπος
597 670 742 705 γενόμενος
763 671 810 696 Ἰε-

37 713 189 749 ροσολύμων,
213 714 346 750 ἐκοιμήθη
357 734 364 746 ,
381 715 428 742 καὶ
442 714 575 743 θάπτεται
596 716 663 750 ἐκεῖ,
683 716 766 752 ζήσας
783 716 810 742 ἕ-

34 768 62 795 τη
79 763 124 795 ρκ’.

63 806 179 838 Ματθίας
193 806 224 834 δὲ
240 804 280 839 εἷς
302 807 339 834 ὢν
353 807 407 835 τῶν
423 810 454 841 of,
473 807 733 844 συγκαταριθμεῖται
753 810 810 841 τοῖς

35 855 63 879 ια’
77 853 242 885 ἀποστόλοις,
259 852 306 880 καὶ
321 853 466 890 κηρύσσων
482 854 511 880 ἐν
533 853 720 890 Ἰερουσαλὴμ,
737 854 808 881 ἐκοι-

34 898 96 934 μήθη
112 899 157 925 καὶ
170 899 303 926 θάπτεται
317 899 384 926 ἐκεῖ.

64 943 160 976 Παῦλος
171 944 200 971 δὲ
217 946 275 980 μετ’
293 944 415 971 ἐνιαυτὸν
430 944 479 972 ἕνα
493 944 543 981 τῆς
552 945 598 972 τοῦ
616 945 737 981 Χριστοῦ
751 944 806 982 (45)

33 989 177 1025 ἀναλήψεως
191 990 315 1026 εἰσῆλθεν
342 992 383 1023 εἰς
405 991 454 1027 τὴν
470 991 632 1027 ἀποστολὴν,
657 992 706 1018 καὶ
722 991 808 1028 ἀρξά-

34 1043 101 1070 μενος
111 1035 163 1062 ἀπὸ
184 1036 373 1072 Ἰερουσαλὴμ,
388 1036 520 1073 προῆλθεν
533 1037 585 1069 ἕως
599 1037 645 1064 τοῦ
662 1037 807 1073 Ἰλλυρικοῦ

32 1081 72 1107 καὶ
92 1081 203 1114 Ἰταλίας
219 1081 267 1108 καὶ
291 1083 411 1115 Σπανίας
435 1083 580 1119 κηρύσσων
595 1083 626 1110 τὸ
641 1083 807 1118 Εὑαγγέλιον

31 1126 71 1162 ἐτη
91 1126 134 1153 λε’.
155 1127 217 1155 Ἐπὶ
233 1128 262 1155 δὲ
286 1128 422 1164 Νέρωνος,
445 1130 474 1156 ἐν
497 1128 591 1166 Ῥώμῃ
611 1130 662 1166 τὴν
685 1129 805 1166 κεφαλὴν

31 1173 194 1210 αποτμηθεὶς,
213 1174 346 1203 θάπτεται
361 1175 428 1202 ἐκεῖ.

862 211 977 244 Bactris,
1006 211 1107 247 Margis
1130 211 1313 247 praedicasset,
1338 212 1456 240 aliietina
1471 213 1564 240 lancea
1581 222 1649 248 qua-

862 261 924 284 tuor
940 257 982 285 sui
998 257 1121 291 corporis
1135 257 1257 292 partibus
1274 258 1419 286 confossus
1429 263 1471 287 est
1481 259 1629 288 Calamime
1639 281 1648 294 ,

862 310 923 338 quae
939 307 981 330 est
995 303 1062 330 urbs
1077 302 1168 336 lndiae,
1184 303 1294 339 illicquc
1307 305 1447 340 sepelitur.

896 346 1015 374 Jacobus
1034 347 1137 382 Alphaei
1153 348 1302 382 praedicans
1319 348 1524 385 Hierosolymis,
1544 350 1648 385 lapida-

861 397 906 421 tus
917 400 932 420 a
945 392 1045 421 ludatis
1064 393 1208 428 occiditur,
1228 395 1337 430 illicque
1353 403 1436 430 prope
1452 396 1583 430 templum
1605 404 1648 424 sc-

861 439 968 474 petitur.

895 484 994 519 Judas,
1011 485 1058 520 qui
1082 489 1109 512 et
1131 484 1272 516 Lebbzeus,
1297 484 1344 511 ubi
1362 485 1461 519 populo
1481 483 1591 511 Edessa).
1612 491 1647 511 ac

862 532 911 559 toti
928 531 1130 567 Mesopotamiae
1147 531 1332 567 praedicasset,
1349 531 1416 559 obiit
1427 530 1528 566 Beryti,
1544 537 1576 558 ac
1590 529 1646 558 illic

860 579 1000 614 sepelitur.

896 624 991 652 Simon
1007 623 1188 656 Chananaeus,
1205 623 1276 651 ﬁlius
1290 622 1425 657 Cleophae,
1441 622 1526 657 quiet
1544 615 1649 656 Iudas,

859 675 921 707 post
937 670 1069 698 Iacobum
1082 669 1189 698 Justum
1203 674 1311 697 creatus
1323 668 1574 704 Hierosolymorum
1587 669 1656 705 epi—,

860 725 969 753 scopus,
980 716 1062 748 obiit',
1080 716 1264 752 sepeliturque
1279 716 1374 743 eodem
1393 715 1464 749 loco,
1480 722 1542 743 cum
1557 722 1645 742 anno;

859 767 969 791 centum
986 762 1080 798 viginti
1094 762 1217 790 vixisset.

895 807 1021 836 Matthias
1036 815 1098 835 cum
1112 810 1184 835 esset
1199 813 1269 833 unus
1292 807 1325 833 de
1344 804 1529 840 septuaginta,
1547 811 1644 832 accen-

823 846 844 874 Β
857 859 933 882 setur
954 853 1081 881 undecim
1101 852 1250 888 apostolis;
1264 859 1381 886 cumque
1395 850 1569 886 pradicasset
1583 849 1645 878 Hie-

859 899 1017 935 rosolymis,
1031 898 1108 930 obiit,
1122 906 1155 926 ac
1168 898 1223 925 illic
1237 897 1356 932 sepultus
1369 901 1421 925 est.

893 945 992 973 Paulus
1016 945 1152 980 denique,
1183 948 1245 979 post
1269 951 1370 971 annum
1399 943 1433 971 ab
1455 941 1643 978 assumptione

857 992 970 1024 Christi,
988 992 1055 1019 adiit
1083 991 1283 1026 apostolatum;
1311 989 1498 1024 incipiensque
1514 989 1548 1016 ah
1564 987 1643 1016 Jeru-

858 1038 953 1071 salem,
966 1037 1089 1072 pervenit
1108 1044 1196 1072 usque
1213 1035 1247 1063 ad
1267 1035 1415 1071 lllyricum,
1431 1039 1458 1062 et
1480 1034 1596 1068 Italiam,
1610 1041 1643 1062 ac

859 1084 1028 1119 Hispaniam,
1043 1083 1195 1118 praedicans
1208 1082 1382 1118 Evangelium
1398 1089 1445 1116 per
1458 1089 1545 1109 annos
1558 1080 1643 1116 quin-

858 1139 911 1167 que
925 1139 957 1159 ac
966 1130 1074 1165 triginta
1085 1138 1092 1161 ;
1106 1130 1157 1157 sub
1164 1128 1270 1157 Nerone
1280 1133 1381 1161 autem,
1391 1127 1494 1161 Romze,
1501 1130 1640 1163 amputato

859 1176 957 1212 capite,
971 1176 1025 1204 illic
1041 1175 1180 1211 sepelitur.

361 1360 512 1420 ΤΟΥ
547 1359 791 1418 ΑΥΤΟΥ
836 1356 1290 1418 ΙΠΠΟΛῘἸῸΥ

596 1466 678 1494 ΠΕΡΙ
700 1466 768 1493 ΤΩΝ
783 1467 809 1493 Οί
837 1466 1052 1494 ΑΠΟΣΤΟΛΩΝ.

184 1631 454 1679 EJUSDEM
492 1629 829 1678 HIPPOLYTI
859 1631 933 1675 DE
971 1630 1098 1675 LXX
1130 1629 1480 1676 APOSTOLIS.

613 1726 638 1754 E
647 1726 735 1754 radice
749 1725 912 1754 Barocciano
923 1725 975 1754 206
987 1725 1054 1762 (44).

63 1880 183 1914 Ἰάκωϐος
196 1882 212 1908 6
227 1880 396 1916 ἀδελφόθεος,
416 1880 565 1914 ἐπίσκοπος
579 1881 781 1917 Ἱεροσολύμων.
817 1884 839 1914 c

58 1971 184 2004 Κλεωπᾶς
198 1971 349 2002 ἐπίσκοπος
366 1970 497 2006 ἰεροσολύ
501 1979 569 2007 μων.

57 2018 173 2050 Ματθίας
191 2019 206 2045 ὁ
230 2017 431 2054 ἀναπληρώσας
451 2018 497 2046 τὸν
511 2019 592 2046 τόπον
611 2018 666 2046 τῶν
683 2021 715 2046 ια’
733 2019 802 2046 ἁπο-

27 2062 124 2090 στόλων.

54 2108 175 2142 Θαδδαῖος
190 2110 206 2136 6
220 2109 272 2145 τὴν
289 2109 430 2146 ἐπιστολὴν
443 2110 561 2146 Αὑγάρῳ
575 2110 699 2146 κομίσας.

63 2150 182 2183 Ἀνανίας
202 2153 217 2178 6
240 2151 374 2187 βαπτίσας
395 2153 516 2187 Παῦλον,
538 2153 684 2186 ἐπίσκοπος
707 2152 800 2188 Δαμά-

31 2202 95 2223 σκου.

55 2244 182 2280 Στέφανος
199 2246 214 2273 6
228 2246 441 2284 πρωτομάρτυρ.

53 2289 179 2324 Φίλιππος
193 2293 208 2318 6
220 2291 267 2319 τὸν
283 2292 408 2328 εὐνοῦχον
424 2292 567 2328 βαπτίσας.

54 2336 186 2374 Πρόχορος
206 2338 356 2370 ἐπίσκοπος
375 2338 571 2375 Νικομηδείας,
594 2339 608 2366 ὁ
628 2338 676 2366 καὶ
696 2338 803 2375 πρῶτος

27 2380 137 2415 ἐξελθὼν.
155 2384 305 2416 πιστεύσας
319 2385 387 2420 μετὰ
400 2384 453 2411 τῶν
469 2384 624 2420 θυγατέρων
636 2383 730 2410 αὐτοῦ.

54 2429 176 2466 Νικάνωρ
189 2430 336 2461 ἀπέθανεν,
348 2430 393 2456 ὅτε
405 2429 540 2465 Στέφανος
555 2429 751 2465 ἐμαρτύρησεν.

54 2520 140 2556 Τίμων
154 2522 305 2553 ἐπίσκοπος
317 2521 447 2559 Βόστρης.

122 2671 165 2699 ισ.
332 2673 492 2707 Combelis.,
514 2679 542 2702 at
559 2675 682 2710 l~lieron.,
700 2675 797 2713 Magis.

55 2705 107 2744 ii!)
121 2716 166 2742 π’·
185 2705 280 2744 Win-

117 2739 270 2783 Sieph.nle
290 2743 464 2783 Moyne_lcgit
479 2745 660 2783 ⁸Καραμήνης.

55 2753 102 2774 μᾶ]
117 2753 213 2776 οιεμιι.
242 2753 267 2770 le
290 2753 387 2780 moyne
402 2753 425 2771 Ie
444 2753 464 2772 ιι
483 2753 525 2771 δα

121 2776 190 2818 god.
212 2776 338 2818 Barocc.,
352 2778 399 2805 τοῦ
413 2753 526 2818 ἐυρίου.

53 2810 103 2845 (Η)
120 2811 216 2840 Exstat
228 2813 309 2842 etiam
324 2810 385 2842 cum
404 2810 542 2850 superiore
556 2816 655 2852 scripto
676 2817 715 2847 De
729 2819 796 2847 dua-

893 1880 920 1908 1.
937 1878 1056 1908 Iacobus
1072 1879 1180 1907 Domini
1197 1875 1292 1912 frater,
1311 1878 1558 1914 Hierosolymorum
1578 1878 1638 1914 epi-

855 1933 963 1960 scopus.
1323 1956 1330 1963 ,

891 1970 918 1998 2.
939 1969 1084 2005 Cleophas,
1099 1970 1243 2005 episcopus
1260 1969 1519 2006 Hierosolymorum.

891 2016 919 2043 5.
938 2015 1066 2043 Matthias
1083 2015 1130 2051 qui
1145 2016 1235 2043 locum
1258 2016 1386 2044 undecim
1409 2016 1539 2051 apostolis
1560 2017 1638 2044 addi-

854 2066 899 2090 tus
916 2062 1060 2097 supplevit.

891 2108 919 2136 4.
937 2107 1088 2136 Thaddteus
1105 2108 1151 2143 qui
1169 2108 1311 2142 epistolam
1335 2108 1424 2136 attulit
1440 2109 1472 2135 ad
1488 2108 1637 2143 Augarum.

892 2154 920 2181 5.
937 2154 1058 2182 Ananias
1075 2154 1123 2190 qui
1137 2154 1251 2182 Paulum
1268 2155 1424 2190 baptizavit,
1441 2154 1565 2182 Damasci
1579 2155 1638 2189 epi-

852 2206 962 2234 scopus.
1179 2211 1183 2215 -

892 2244 919 2272 6.
938 2244 1093 2280 Stephanus
1109 2251 1302 2282 protomartyr.

893 2291 920 2319 7.
935 2291 1087 2328 Philippus,
1107 2301 1123 2321 a
1137 2300 1193 2328 quo
1209 2294 1351 2321 eunuchus
1367 2293 1519 2328 baptizatus
1534 2298 1586 2321 est.

891 2336 919 2364 8.
938 2337 1102 2372 Prochorus,
1118 2339 1264 2374 episcopus
1280 2338 1453 2372 Nicomediae,
1469 2340 1515 2374 qui
1534 2340 1641 2373 primus

853 2382 925 2410 diem
943 2383 1022 2417 obiit,
1040 2383 1120 2412 ﬁdem
1139 2392 1199 2412 cum
1218 2385 1325 2412 ﬁliabus
1342 2386 1399 2413 suis
1414 2386 1565 2421 amplexus.

888 2429 916 2457 9.
937 2429 1056 2458 Nicanor
1070 2431 1139 2458 obiit
1153 2439 1214 2459 cum
1232 2430 1386 2467 Stephanus
1403 2432 1548 2460 sustineret
1563 2439 1641 2459 mar—

851 2474 961 2510 tyrium.

894 2519 938 2547 10.
955 2519 1064 2554 Timon,
1078 2520 1181 2549 Bostra:
1194 2523 1349 2558 episcopus.

853 2678 937 2718 decim
950 2677 1075 2718 apostoli:
1088 2677 1139 2718 sub
1159 2676 1293 2718 Hippolyti
1309 2677 1429 2718 ,nomine
1448 2678 1475 2704 iu
1497 2677 1640 2718 codicibus

853 2711 1041 2741 duobus‘bibl.
1054 2711 1228 2748 Coisliniana:
1240 2711 1296 2740 sive
1308 2711 1502 2748 Seguierianaz.
1515 2717 1545 2740 ut
1556 2716 1638 2740 testa-

852 2753 898 2776 tur
912 2748 1018 2776 clariss.
1035 2747 1245 2776 Montl‘auconus
1259 2747 1286 2774 in
1300 2747 1459 2776 recensione
1477 2756 1546 2776 mss.
1562 2747 1637 2776 Gm-

852 2791 952 2820 corum‘
961 2783 1034 2811 illius
1047 2783 1112 2811 bibl.
1127 2782 1248 2820 Tertium
1262 2784 1382 2812 codicem
1396 2783 1532 2820 Hippolyti
1544 2783 1583 2811 De
1595 2791 1637 2812 xu

851 2818 975 2854 apostolis
989 2823 1121 2848 memorat
1135 2826 1162 2855 p.
1176 2819 1238 2848 415.
