1857 3047
54 109 100 137 957
573 109 709 138 SPURIA.
730 127 766 133 —
782 110 943 140 CANONES
961 111 1131 141 ABULIDIS.
1610 108 1662 137 958

86 171 191 207 Μάρκος
205 169 312 206 ἀνεψιὸς
326 170 462 207 Βαρνάϐα,
472 170 619 203 ἐπίσκοπος
636 172 819 206 Ἀπολλωνίας,

928 173 962 203 ἱ6.
984 173 1106 209 Marcus,
1138 173 1320 202 consobrinus
1344 171 1488 204 Barnabaa,
1515 170 1661 207 Apolloniae

878 226 1033 254 episcopus.

91 261 200 294 Ἰοῦστος
216 261 363 293 ἐπίσκοπος
385 261 490 288 Ἐλευθε
495 262 655 297 ρουπόλεως.

914 264 958 292 57,
975 263 1081 298 Justus,
1098 263 1315 300 Eleutheropolis
1331 263 1485 298 episcopus.

90 309 225 344 Ἀρτεμᾱς,
234 307 380 339 ἐπίσκοπος
396 307 529 343 Λύστρας.

914 309 958 337 58.
977 309 1112 343 Artemas,
1128 309 1272 345 episcopus
1286 309 1396 344 Lystrae.

84 353 195 390 Κλήμης
208 354 354 385 ἐπίσκοπος
367 353 518 389 Σαρδινίας.

913 354 957 382 59.
973 354 1109 387 Clemens,
1126 356 1268 389 episcopus
1285 354 1426 381 Sardiniae.

88 399 258 435 ὐνησίφορος
272 399 420 431 ἐπίσκοπος
433 398 574 435 Κορώνης.

915 400 960 428 60.
978 400 1174 436 Onesiphorus,
1191 401 1312 428 Corones
1324 400 1474 435 episcopus.

86 446 207 481 Τύχικος,
221 446 368 477 ἐπίσκοπος
382 445 562 480 Χαλκηδόνος.

913 446 957 472 61.
973 445 1118 481 Tychicus.
1134 445 1277 480 episcopus
1291 444 1481 472 Chalcedonis.

81 492 190 527 Κάρπος
204 492 351 523 ἐπίσκοπος
367 491 489 527 Βηρύτου
501 492 551 527 τῆς
565 491 685 527 Θρᾴκης,

912 490 957 517 62.
976 489 1091 525 Carpus,
1104 490 1193 526 Beryti
1207 482 1351 524 cpiscopus
1367 490 1395 517 in
1410 489 1535 517 Thracia.

80 537 173 568 Εὕοδος
189 537 335 569 ἐπίσκοπος
355 538 528 573 Ἀντιοχείας.

913 536 958 563 65.
975 535 1092 568 Εγοᾱιιε,
1108 535 1259 563 Αηιῖοοιιίξει
1273 536 1431 570 episcopus.‘

86 582 257 618 Ἀρίσταρχος
273 582 418 615 ἐπίσκοπος
438 583 597 619 Ἀπαμείας.

913 582 957 610 64.
976 582 1162 614 Aristarchus,
1177 581 1321 616 episcopus
1336 581 1468 615 Apameae.

79 628 197 664 Μάρκος,
210 628 225 655 ὁ
234 629 281 655 καὶ
293 629 419 664 Ἰωάννης
432 629 541 665 ὁμοίως,
559 629 706 661 ἐπίσκοπος
717 629 812 656 Βιὸλου

923 628 956 655 ἰὸ.
973 627 1091 660 Marcus,
1104 628 1150 663 qui
1174 631 1200 654 et
1223 626 1352 660 Joannes,
1373 627 1517 662 episcopus
1530 626 1656 662 Biblopo-

48 674 153 706 πόλεως.

875 674 940 701 Icos.

80 720 163 754 Ζηνᾶς
177 719 326 752 ἐπίσκοπος
339 719 517 752 Διοσπόλεως.

912 720 956 748 66.
973 720 1070 753 Zenas,
1085 720 1229 755 episcopus
1244 719 1411 756 Diospoleos.

77 764 200 799 Φιλήμων
216 764 361 796 ἐπίσκοπος
375 764 473 800 Γάζης.

910 767 955 795 67.
974 767 1126 799 Philemon.
1141 767 1220 795 Gaza:
1234 769 1385 802 episcopus.

82 809 265 846 Ἀρίσταρχος,
286 810 400 845 Πούδης.

910 813 945 840 68
958 816 985 840 et
1000 812 1044 840 69.
1062 813 1236 840 Aristarchus
1249 816 1275 840 et
1286 811 1402 839 l’udens.

85 858 110 884 '0
133 858 292 894 Τρόφιμος,
313 859 387 891 ὅστις
405 860 452 886 σὺν
479 858 518 894 τῷ
549 858 646 894 Παύλῳ
668 858 818 894 ἐμαρτύρη-

924 859 956 886 ’0.
973 857 1146 893 Trophimus,
1162 858 1208 893 qui
1231 866 1292 886 cum
1312 857 1397 884 Paulo
1421 855 1579 892 martyrium
1595 863 1657 891 pas-

47 912 95 930 σεν.

874 913 922 933 sus
936 909 986 932 est.

343 1098 600 1156 CAPITA
640 1097 983 1154 CANONUM
1025 1096 1355 1155 ABULIDIS

590 1218 723 1264 SIVE
777 1216 1113 1262 HIPPOLYTI

481 1312 608 1350 Quibus
622 1311 787 1351 Ethiopes
803 1310 972 1343 Christiani
994 1314 1128 1344 utuntur
1143 1311 1217 1352 (50).

74 1475 97 1502 1.
116 1474 152 1502 De
167 1477 264 1502 sancta
282 1473 333 1501 ﬁde
348 1472 413 1502 Jesu
429 1472 529 1500 Christi
541 1473 574 1500 ".
830 1476 853 1506 ο
905 1474 947 1501 16.
969 1473 1007 1502 De
1026 1473 1182 1503 Christiano
1202 1474 1250 1510 qui
1272 1480 1378 1502 servam
1403 1474 1577 1503 matrimonio
1598 1475 1652 1504 sibi

71 1521 96 1549 2.
115 1521 152 1548 De
167 1520 304 1556 episcopis
315 1521 349 1547 ".
867 1519 957 1554 jungit
969 1519 1001 1547 ³³.

70 1568 94 1596 ὅ.
114 1568 150 1595 De
163 1567 338 1595 orationibus
360 1574 421 1601 quae
439 1566 567 1594 dicuntur
589 1573 670 1601 super
684 1565 818 1602 episcopis
904 1566 947 1593 17.
969 1565 1007 1593 De
1023 1565 1122 1594 femina
1139 1567 1225 1594 libera
1238 1566 1271 1594 ⁸⁵.

42 1615 200 1649 ordinandis,
217 1619 246 1642 et
260 1615 294 1642 de
309 1614 405 1642 ordine
421 1614 512 1641 missae
523 1615 556 1641 ’³.
905 1611 948 1638 18.
969 1611 1006 1638 De
1022 1612 1186 1646 obstetrice;
1199 1617 1226 1640 et
1240 1612 1310 1647 quod
1332 1612 1439 1641 feininm
1457 1613 1573 1642 debeant
1592 1622 1652 1644 esse

71 1661 94 1688 4.
114 1660 151 1688 De
168 1660 343 1689 ordinatione
361 1660 592 1695 presbyterorum.
868 1661 999 1691 separatae
1011 1658 1045 1685 ab
1060 1658 1216 1686 hominibus
1229 1659 1256 1686 in
1273 1660 1395 1687 oratione
1406 1661 1428 1676 "

71 1707 95 1734 5_
115 1706 151 1734 De
170 1706 345 1734 ordinatione
363 1706 552 1733 diaconorum,
905 1703 948 1730 19.
974 1703 1011 1731 De
1037 1705 1234 1733 catechumeno
1255 1707 1302 1742 qui
1329 1706 1490 1742 martyrium
1515 1711 1579 1734 ante
1603 1707 1651 1735 ha-

71 1752 94 1779 ϐ.
114 1752 151 1780 De
172 1753 210 1780 iis
226 1752 274 1788 qui
296 1752 512 1788 persecutionem
540 1755 651 1787 propter
675 1751 753 1779 tidem
770 1760 818 1787 pa—
869 1749 998 1784 ptismum
1014 1751 1116 1785 patitur
1128 1751 1161 1779 ³⁸.

41 1798 135 1826 liuntur
144 1798 179 1826 ιδ,
903 1796 949 1824 20.
969 1796 1008 1824 De
1020 1797 1125 1831 jejunio
1145 1797 1219 1826 feriae
1231 1804 1336 1834 quarta:
1350 1804 1375 1827 et
1392 1803 1489 1833 sextio;
1503 1802 1530 1826 et
1540 1799 1572 1828 de
1585 1807 1653 1835 qua‘

71 1845 95 1873 7.
115 1845 152 1873 De
165 1845 300 1874 electione
314 1848 471 1880 anagnosta:
489 1847 516 1872 et
528 1843 689 1872 subdiaconi
702 1845 735 1871 ”.
869 1843 1019 1884 dragesima
1033 1844 1066 1871 ".

70 1891 94 1918 8.
115 1891 152 1919 De
167 1893 244 1919 dono
259 1891 372 1919 sanandi
385 1891 419 1918 “.
903 1890 948 1917 21.
970 1890 1147 1926 Prcsbyteros
1161 1899 1214 1919 una
1233 1899 1295 1919 cum
1310 1891 1410 1927 populo
1425 1892 1546 1927 quotidie
1558 1893 1585 1920 in
1607 1900 1653 1920 ec-

69 1938 94 1964 9.
114 1937 151 1965 De
177 1937 350 1973 presbytero,
375 1937 422 1972 qui
447 1937 473 1964 in
490 1937 551 1964 loco
563 1936 678 1964 'muneri
695 1944 745 1964 suo
763 1944 817 1964 non
868 1936 950 1964 clcsia
967 1939 1112 1966 convenire
1125 1938 1223 1967 debere
1234 1939 1268 1961 ³⁸-
1542 1935 1545 1938 ’

38 1982 200 2010 convenienti
219 1986 313 2009 manet
325 1982 359 2008 ³⁷.
903 1982 948 2009 22.
972 1983 1008 2011 De
1024 1984 1193 2012 hebdomade
1216 1984 1358 2012 Paschalis
1380 1984 1553 2018 Iudaeorum;
1571 1989 1598 2012 et
1619 1985 1653 2013 de

68 2027 108 2054 10.
129 2027 167 2055 De
180 2029 214 2056 iis
229 2027 277 2064 qui
293 2035 322 2055 se
337 2027 372 2054 ad
383 2027 541 2062 religionem
556 2027 739 2055 Christianam
752 2035 818 2056 con-
868 2035 902 2056 eo
917 2029 963 2063 qui
981 2028 1084 2057 Pascha
1100 2038 1154 2057 non
1172 2031 1247 2057 novit
1258 2030 1290 2056 ³³.

37 2078 147 2102 vertunt.
903 2074 949 2101 25.
972 2074 1200 2110 Unumquemque
1211 2075 1295 2102 teneri
1308 2075 1456 2102 doctrinam
1471 2075 1610 2103 addiscere
1617 2074 1651 2103 “.

68 2120 108 2148 11.
129 2120 166 2148 De
182 2127 216 2148 eo
231 2119 279 2155 qui
294 2119 366 2147 idola
380 2119 496 2148 fabricat
507 2121 540 2147 ".
831 2144 853 2172 ι)
902 2121 947 2148 24.
970 2120 1008 2147 De
1023 2128 1089 2148 cura
1106 2121 1225 2155 episcopi
1241 2121 1268 2148 in
1284 2126 1400 2156 aegrotos
1411 2121 1444 2148 ".

68 2165 109 2194 12.
130 2166 229 2194 Studia
244 2167 319 2194 varia
336 2171 544 2200 enumerantur,
562 2176 677 2203 quorum
695 2169 815 2196 cultores
832 2165 852 2172 “’
903 2167 949 2194 25.
970 2166 1007 2193 De
1018 2174 1051 2193 eo
1065 2167 1110 2193 cui
1126 2167 1246 2201 injuncta
1259 2170 1302 2194 est
1312 2175 1377 2194 cura
1389 2171 1609 2201 aegrotorum;et
1619 2166 1652 2194 de

36 2211 64 2238 ad
71 2212 229 2247 religionem
241 2212 426 2240 Christianam
440 2218 502 2240 ante
511 2215 700 2249 paenitentiam
714 2214 813 2242 factam
869 2218 990 2248 tempore
1005 2220 1060 2247 quo
1075 2212 1212 2239 orationes
1230 2212 1388 2247 peragendae
1399 2213 1432 2239 δ’.

36 2258 186 2286 admittendi
200 2267 257 2286 non
272 2263 336 2287 sum
348 2259 382 2287 ι’,
902 2256 948 2283 26.
969 2255 1007 2282 De
1020 2260 1143 2290 tempore
1157 2262 1212 2290 quo
1229 2255 1434 2284 exhortationes
1447 2256 1587 2284 audienda:
1597 2257 1631 2285 ⁸³.

65 2304 105 2332 15,
126 2304 164 2332 De
179 2305 243 2332 loco
257 2312 338 2339 quem
352 2305 453 2332 summi
469 2312 545 2340 rcges
560 2310 606 2333 aut
623 2306 761 2342 principes
775 2311 814 2334 ιε-
903 2302 947 2329 27.
970 2302 1006 2329 De
1020 2310 1053 2329 eo
1067 2302 1114 2337 qui
1134 2301 1249 2337 singulis
1263 2301 1360 2330 diebus
1379 2303 1508 2338 templum
1524 2303 1651 2338 frequen-

35 2348 128 2377 nebunt
139 2350 167 2377 in
183 2350 287 2385 templo
299 2350 332 2376 '°.
868 2354 907 2377 tat
916 2349 948 2376 “.

65 2395 104 2422 I4.
117 2395 198 2430 Quod
208 2396 372 2425 Christianis
383 2404 436 2424 non
451 2397 596 2424 conveniat
607 2405 682 2425 arma
699 2397 769 2425 ferre
779 2399 812 2425 ³¹.
903 2397 948 2424 28.
970 2396 1076 2425 Fideles
1100 2397 1168 2425 nihil
1191 2397 1333 2425 comedere
1357 2402 1480 2433 oportere
1505 2403 1567 2425 ante
1587 2405 1650 2425 san-

65 2442 105 2469 15.
125 2443 164 2471 De
176 2443 295 2478 opiﬁciis
311 2451 372 2479 quae
386 2443 549 2471 Christianis
564 2443 659 2472 illicita
677 2449 740 2472 sunt
752 2444 784 2471 ³¹.
868 2448 939 2471 ctam
960 2444 1178 2471 communionem
1189 2444 1221 2470 “.
1232 2443 1340 2471 FABRIC.

65 2512 83 2527 “
97 2511 126 2538 L.
146 2520 174 2539 νι
189 2511 286 2539 Const.
301 2513 428 2547 apostol.,
445 2520 470 2540 c.
487 2513 530 2545 Ii,
545 2516 597 2540 etc.
636 2513 698 2539 "L.
720 2521 767 2545 vn,
789 2520 798 2539 ί

921 2514 944 2529 ’³
957 2512 987 2540 L.
998 2521 1058 2545 v.1",
1079 2520 1103 2540 (τ,
1115 2513 1178 2544 4,5,
1195 2513 1246 2539 16..
1287 2513 1309 2529 ⁸⁵
1320 2513 1350 2540 C.
1368 2513 1411 2544 17,
1429 2512 1472 2543 18,
1487 2513 1531 2545 19,
1543 2512 1588 2545 20,
1602 2512 1646 2545 23,

35 2545 71 2571 £5.
107 2547 128 2563 "
150 2547 182 2574 C.
200 2547 246 2579 21,
262 2545 326 2574 ἓὲδ
346 2548 369 2563 ’⁵
384 2549 455 2579 (1.1,
470 2548 498 2575 2.
536 2547 604 2574 "(1.
622 2548 667 2580 46,
688 2548 733 2575 52.

924 2548 991 2575 Ibid.
1030 2549 1051 2564 ³⁸
1076 2547 1166 2574 Deest.
1205 2548 1225 2563 δ’
1248 2548 1280 2575 C.
1304 2549 1348 2576 5‘2.
1388 2548 1409 2563 ³¹
1429 2548 1495 2575 Ibid.
1534 2548 1556 2563 ³³
1580 2548 1645 2576 Ibid.

35 2579 54 2594 ³⁸
66 2581 126 2609 Ibid.
165 2582 188 2598 ³⁸
204 2581 237 2607 L.
256 2590 285 2613 ll,
299 2590 324 2609 c.
345 2582 389 2610 57.
426 2582 489 2610 ³η..
503 2591 528 2615 ν,
543 2590 568 2609 c.
584 2583 610 2610 6.
650 2583 671 2599 ³⁷
685 2582 716 2609 L.
730 2592 754 2610 ν.

914 2605 917 2611 ,
961 2584 982 2599 ³⁸
998 2583 1028 2610 L.
1046 2591 1078 2616 τι,
1093 2590 1117 2610 c.
1133 2582 1176 2609 56.
1216 2583 1278 2609 ³³1..
1293 2592 1319 2614 ν,
1336 2592 1359 2610 c.
1378 2583 1421 2616 15,
1436 2588 1487 2610 etc.
1518 2582 1540 2598 ⁸⁰
1555 2582 1586 2610 L.
1598 2591 1647 2616 vn,

35 2622 55 2641 ο.
71 2616 116 2649 59,
135 2616 180 2649 40,
196 2617 243 2644 41.
281 2618 303 2633 ⁸¹
317 2617 349 2644 L.
367 2626 403 2652 Iv,
422 2626 446 2645 c.
460 2618 487 2644 2.
526 2618 549 2633 δ’
561 2618 592 2645 L.
607 2625 647 2650 tu,
662 2618 750 2652 c.19;
765 2619 768 2645 I

915 2619 960 2646 54.
998 2618 1021 2634 ⁴³
1032 2618 1063 2646 L.
1078 2626 1137 2651 vm,
1153 2625 1176 2645 c.
1191 2618 1236 2645 5‘2.
1274 2617 1298 2633 δι
1312 2618 1342 2645 L.
1357 2626 1387 2650 ιι,
1403 2626 1427 2646 c.
1441 2619 1485 2645 59.
1517 2617 1540 2634 "
1556 2618 1646 2647 Deest.

68 2676 120 2714 (50)
130 2677 194 2706 [hoc
202 2679 292 2714 capita
303 2679 408 2714 primus
417 2679 512 2714 gallice
522 2677 692 2714 vulgavitJo.
703 2678 815 2714 Michael
865 2678 936 2714 quod
953 2678 1122 2705 Primitivum
1132 2677 1366 2714 Christianismum
1376 2683 1496 2714 renatum
1503 2677 1649 2714 inscripsit

37 2709 203 2748 “fanslebius
217 2709 245 2741 iri
258 2709 327 2741 libro
338 2714 376 2741 De
388 2709 505 2741 Ecvclesia
522 2709 714 2746 Aleiandrina,
727 2713 813 2741 Paris.
865 2709 892 2740 ét
905 2713 1016 2748 Anglice
1033 2713 1117 2741 edidit
1129 2713 1216 2741 Lond.
1230 2713 1309 2746 1711,
1321 2713 1348 2745 8,
1363 2720 1389 2748 p.
1406 2713 1467 2740 545.
1482 2713 1554 2740 Idem
1565 2709 1646 2740 etiam

37 2745 106 2783 I677,
126 2748 169 2776 12.
185 2748 281 2776 Latine
291 2749 376 2776 Johns
386 2748 517 2776 Ludolfus
531 2749 557 2775 in
570 2745 765 2775 Commentario
779 2749 813 2775 ad
865 2749 925 2777 loca
942 2745 1166 2776 Constitutionum
1181 2745 1386 2783 npostolicaruin
1399 2748 1538 2776 adnotavit
1552 2748 1584 2777 de
1599 2750 1648 2777 iis-

37 2779 168 2821 hiuorinin
176 2783 501 2821 Ethiopicﬂgn‘Francot.
515 2783 737 2821 I69ii,fol.,p_a_g.
749 2783 812 2821 556,
865 2785 926 2813 dem
944 2784 1112 2821 argumentis
1128 2779 1283 2813 tractantia.

37 2820 59 2842 et
70 2819 215 2847 novissime
228 2819 299 2847 Guil.
315 2819 475 2848 Whistonus
489 2819 516 2847 in
529 2819 667 2848 volumine
679 2818 714 2847 III
724 2819 814 2855 operis
