1857 3047
205 108 257 136 959

628 108 775 137 APPEND.
796 108 842 136 AD
861 109 1001 138 PARTEM
1019 109 1041 138 ll
1060 109 1203 138 OPERUM
1224 109 1252 137 S.
1274 109 1467 137 llll’POLY'I'I.

1784 107 1830 137 960

239 168 285 196 9.9.
306 168 378 196 Bene
392 168 589 196 observandum
606 176 666 197 esse
680 177 716 198 ne
731 170 879 206 quidquam
895 171 929 199 de
942 179 988 199 ca-
1001 177 1026 206 Α
1077 171 1120 200 54.
1144 172 1181 200 De
1195 172 1329 200 modestia
1342 171 1512 199 saecularium
1526 171 1554 198 in
1566 169 1687 198 ecclesia
1700 169 1734 196 ".

205 213 257 242 lice
270 214 296 241 in
311 219 410 242 terram
424 215 504 242 cadat
515 215 548 243 "°.

240 261 285 289 50.
307 261 343 289 De
360 261 563 290 catechuinenis
574 262 608 289 ιτ.

240 307 286 334 51.
314 306 463 334 Diaconum
490 306 691 335 Eucharistiam
716 316 780 336 cum
810 309 992 344 permissione

205 351 324 387 episcopi
334 356 381 379 aut
390 353 540 389 presbyteri
552 353 651 388 populo
664 353 858 381 administrare
869 362 949 388 posse
958 354 990 382 ⁸³.

239 399 284 426 52.
306 398 409 427 Viduas
426 404 508 435 atque
526 400 648 436 virgines
672 400 782 429 assidue
801 408 881 428 orare
909 408 991 436 opor-

205 449 260 471 tere
272 444 305 472 θ’.

239 490 284 519 55.
305 490 475 519 Mortuorum
491 491 610 520 tidelium
626 492 916 521 commemorationem
934 493 992 520 sin-

205 536 276 572 gulis
289 537 561 580 diebusfaciendam,
577 544 688 574 excepta
705 540 749 567 die
767 539 908 567 Dominica
921 540 954 566 "'.

1078 229 1124 257 '55.
1154 229 1290 256 Diaconos
1319 229 1532 256 benedictionem
1558 233 1584 255 ct
1610 227 1717 262 gratias
1746 227 1828 254 dicere

1044 283 1125 310 posse
1142 276 1168 302 iu
1184 275 1288 310 agapis,
1305 283 1366 303 cum
1378 275 1520 310 episcopus
1534 281 1657 309 praesens
1671 281 1729 300 non
1742 278 1782 300 est
1796 274 1826 300 ".

1079 332 1124 360 56.
1143 332 1181 360 De
1196 333 1324 368 primitiis
1341 337 1419 361 terra:
1437 337 1464 360 et
1481 332 1514 360 de
1533 332 1605 359 votis
1616 331 1652 358 ⁵³.

1079 379 1124 406 57.
1145 378 1214 406 Cum
1230 379 1374 414 episcopus
1391 379 1420 407 S.
1436 379 1556 415 Synaxin
1571 378 1708 411 celebrat,
1723 377 1826 412 presby-

1044 436 1094 465 teri
1111 436 1149 464 illi
1165 437 1326 465 assistentes
1339 436 1400 464 alba
1415 435 1505 464 vestiti
1518 442 1578 463 esse
1595 434 1702 462 debent
1713 433 1748 460 ".

1083 493 1129 520 58.
1150 492 1292 520 Neminem
1307 492 1426 520 dormire
1437 492 1534 519 debere
1547 495 1628 519 nocte
1641 489 1827 517 Rcsurrectio-

1045 539 1089 567 nis
1104 539 1212 567 Domini
1227 539 1312 567 nostri
1325 538 1389 567 Jcsu
1404 538 1504 567 Christi
1515 538 1550 566 ".

364 698 691 756 CANONES
733 699 1098 757 EGCLESIZE
1137 699 1673 758 ALEXANDRIN/E

674 809 891 839 PERPERAM
916 809 1149 841 HIPPOLYTO
1168 810 1340 841 TRIBUTI.

423 891 469 922 (De
480 891 616 921 MAGISTRIS,
632 893 690 916 Acta
705 892 840 924 Martyrum
850 890 882 916 ad
897 890 964 916 Ostia
977 890 1103 923 Tiberina,
1114 892 1277 923 Romm1795,
1290 892 1341 924 Iol.,
1355 894 1478 924 Append,
1492 901 1517 925 ρ.
1530 893 1597 925 478.)

243 1041 275 1068 1η
302 1041 404 1068 nomine
429 1041 538 1074 Patris,
561 1046 586 1068 et
614 1041 698 1074 Filii,
718 1046 742 1068 et
768 1041 883 1076 Spiritus
897 1042 991 1070 sancti.
1010 1045 1031 1072 B
1080 1041 1173 1069 Canon
1190 1044 1315 1076 quartus.
1335 1041 1371 1068 De
1385 1041 1555 1070 ordinatione
1570 1043 1736 1079 presbyteri.

206 1090 298 1115 Amen.

243 1133 294 1161 Isti
307 1138 367 1160 sunt
382 1134 500 1161 Canones
517 1133 652 1168 Ecclesiw,
670 1135 796 1161 mandata
809 1144 867 1164 oua:
886 1136 991 1171 scripsit

207 1180 375 1216 Hippolytus,
387 1189 432 1215 per
446 1190 521 1217 quem
533 1181 649 1216 loquitur
663 1182 848 1216 (Ecclesia),et
868 1190 990 1209 numerus

205 1235 295 1254 eorum
309 1227 440 1254 XXXVIII
455 1227 583 1255 Cauanes.
598 1228 678 1255 Salus
690 1237 706 1255 a
719 1228 840 1256 Domino.

240 1273 333 1300 Canon
351 1273 464 1308 primus.
487 1272 524 1300 De
544 1273 610 1300 Fide
629 1273 773 1301 catholica.
800 1274 871 1301 Ante
900 1274 991 1302 omnia

206 1319 349 1355 loquamur
362 1320 395 1347 de
407 1320 458 1347 [ide
469 1323 573 1356 sancta,
584 1324 656 1346 recta
670 1319 697 1346 in
709 1319 853 1346 Dominum
868 1324 991 1347 nostrum

205 1366 296 1393 Jesmn
313 1366 465 1398 Christum,
481 1365 578 1392 Filium
593 1365 640 1392 Dei
655 1365 720 1399 vivi,
734 1369 761 1393 et
774 1366 917 1400 posuimus
929 1374 990 1393 eum

206 1411 359 1448 (canonem)
381 1412 408 1438 iu
435 1411 487 1439 ﬁde
512 1411 669 1447 (symbolo),
685 1416 711 1440 et
731 1419 782 1440 nos
804 1413 991 1441 consentimus

205 1458 278 1485 omni
293 1458 453 1485 certitudine
467 1457 633 1491 rationabili,
649 1458 723 1493 quod
746 1457 866 1487 Trinitas
879 1459 992 1494 aequalis

204 1503 323 1539 perfecte
337 1504 372 1531 sit
387 1503 413 1530 in
429 1504 541 1535 honore.
557 1504 670 1539 aequalis
682 1505 709 1531 in
722 1504 818 1540 gloria,
830 1512 881 1533 nec
894 1506 992 1533 habeat

205 1551 313 1578 initium
338 1558 388 1578 uec
412 1550 504 1577 (linem.
522 1549 640 1578 Verbum
662 1550 747 1578 Filius
770 1551 817 1579 Dei
836 1556 863 1579 et
882 1553 940 1586 ipse
952 1557 993 1580 est

205 1599 311 1624 creator
323 1596 412 1623 omnis
428 1600 570 1628 creaturae,
585 1596 733 1624 visibilium
756 1601 783 1624 et
804 1597 990 1625 invisibilium.

206 1641 263 1669 lloc
279 1641 470 1669 constituimus
486 1642 689 1669 consentientes
710 1641 842 1670 adversus
865 1649 922 1676 eos,
945 1643 992 1678 qui

206 1689 334 1716 audacter
354 1688 437 1715 locuti
456 1692 530 1721 sunt,
551 1688 623 1723 quod
643 1696 696 1715 non
713 1692 836 1723 oporteat
853 1688 885 1716 de
903 1688 992 1716 Verbo

1076 1088 1169 1116 Canon
1184 1087 1308 1122 quintus.
1327 1087 1364 1115 De
1379 1088 1576 1116 constitutione
1592 1089 1716 1117 diaconi.

1078 1135 1170 1163 Canon
1188 1139 1292 1162 sextus.
1307 1134 1344 1161 De
1358 1134 1392 1162 iis
1403 1134 1449 1169 qui
1462 1135 1535 1170 passi
1552 1140 1617 1163 sunt
1629 1144 1682 1171 pro
1698 1137 1759 1164 Iide.

1077 1181 1170 1209 Canon
1185 1181 1327 1216 septimus.
1349 1179 1387 1208 De
1404 1188 1437 1208 eo
1460 1181 1505 1216 qui
1523 1187 1693 1217 anagnostes
1707 1188 1733 1211 et
1751 1184 1829 1219 hypo-

1041 1229 1174 1256 diaconus
1187 1227 1291 1255 electus
1302 1231 1353 1254 est.

1076 1274 1172 1301 Canon
1187 1278 1309 1301 octavus.
1331 1272 1368 1300 De
1381 1273 1550 1301 curationum
1566 1273 1651 1302 dono.

1077 1320 1171 1348 Canon
1187 1327 1286 1348 nonus.
1300 1318 1338 1346 Ne
1352 1319 1454 1346 habitet
1469 1319 1632 1356 (presbyter)
1655 1322 1684 1348 in
1706 1321 1776 1350 locis
1789 1322 1827 1349 ubi

1042 1375 1097 1394 non
1112 1370 1228 1400 oportet.
1245 1370 1272 1393 et
1285 1365 1318 1393 de
1332 1366 1435 1393 honore
1450 1365 1606 1394 viduarum.

1077 1413 1172 1440 Canon
1187 1411 1320 1439 decimus.
1336 1410 1374 1438 De
1386 1410 1429 1439 his
1443 1411 1490 1446 qui
1511 1409 1647 1439 Nazareni
1663 1413 1828 1448 (Christiani)

1042 1459 1100 1486 ﬁeri
1115 1458 1218 1486 volunt.

1077 1503 1171 1530 Canon
1187 1501 1359 1529 undecimus.
1374 1500 1411 1529 De
1424 1501 1470 1529 illo
1481 1502 1528 1537 qui
1543 1501 1610 1530 facit
1622 1502 1698 1530 idola
1711 1509 1739 1531 et
1752 1504 1827 1531 simu-

1042 1550 1126 1581 lacra,
1142 1548 1200 1576 sive
1211 1547 1319 1575 artifex.

1079 1595 1173 1623 Canon
1188 1593 1376 1622 duodecimus.
1392 1593 1429 1621 De
1445 1594 1630 1629 prohibitione
1652 1596 1756 1623 horum
1772 1604 1827 1630 ope-

1042 1649 1115 1674 rum,
1129 1648 1247 1679 quorum
1264 1644 1391 1667 auctores
1408 1647 1462 1667 non
1477 1640 1647 1675 recipiantur
1658 1643 1716 1669 nisi
1728 1646 1827 1676 peracu

1044 1688 1212 1725 poenitentia.

207 1733 254 1760 Dei
272 1732 369 1769 (loqui)
385 1733 465 1760 sicuti
479 1719 585 1760 loeutus
598 1738 639 1760 est
654 1719 787 1761 Dominus
801 1738 894 1761 noster
911 1733 991 1761 Jesus
1005 1719 1025 1748 ο
1044 1719 1052 1725 Ι
1078 1735 1172 1762 Cauon
1194 1734 1316 1761 decimus
1335 1733 1442 1761 tertius.
1470 1733 1506 1760 De
1531 1734 1656 1769 principe
1674 1739 1723 1761 aut
1742 1735 1828 1765 militr.

206 1779 344 1806 Christus.
360 1778 521 1814 Cnngregati
538 1787 633 1806 sumus
655 1779 826 1814 potissimum
849 1780 883 1807 ad
904 1779 994 1815 profe-

207 1826 320 1853 rendum
341 1829 435 1852 sancte
451 1825 485 1852 de
504 1825 570 1858 Deo,
590 1830 617 1853 et
639 1826 699 1853 illos
717 1826 912 1860 separavimus,
929 1826 993 1861 quia

207 1879 261 1898 non
274 1871 442 1899 concordant
455 1878 517 1898 cum
537 1870 658 1898 Ecclesia
681 1871 707 1898 iu
732 1868 886 1906 theologia:
907 1879 994 1905 neque

207 1914 351 1941 nobiscum
375 1915 438 1943 tiliis
461 1914 674 1949 Scripturarum.
699 1914 844 1950 Propterea
868 1923 994 1951 Segrega-

206 1961 297 1988 vimus
312 1968 360 1989 eos
376 1961 409 1988 ab
421 1960 551 1995 Ecclesia,
565 1966 593 1988 et
611 1961 748 1996 negotium
768 1969 862 1989 eorum
883 1963 981 1998 reliqui

207 2014 270 2034 mus
286 2006 352 2040 Deo,
369 2006 414 2040 qui
427 2011 567 2034 creaturas
580 2014 643 2034 cum
658 2006 762 2042 justitia
777 2007 920 2042 judicabit.
939 2007 993 2036 Illis

207 2057 297 2080 autem
316 2053 362 2088 qui
377 2053 427 2080 hos
452 2053 594 2088 ignorant,
619 2059 712 2080 notum
734 2052 849 2081 facimus
866 2054 918 2081 hoc
934 2054 994 2082 sine

207 2098 318 2131 invidia,
333 2106 367 2125 ne
380 2098 479 2125 malam
494 2099 636 2129 incurrant
650 2102 777 2131 mortem,
792 2104 921 2134 tanquam
939 2101 994 2127 ha:-

207 2145 296 2178 retici,
316 2145 364 2172 sed
380 2149 587 2179 promereantur
598 2145 681 2172 vitam
692 2149 831 2177 aeternam,
841 2150 867 2172 et
879 2146 994 2174 doceant

207 2192 276 2219 lilios
292 2199 368 2225 suos,
385 2196 411 2219 et
423 2195 548 2226 posteros
563 2199 627 2218 suos
641 2191 711 2218 hanc
726 2191 835 2218 unicam
849 2191 939 2219 Iidem.

242 2239 336 2266 Canon
353 2237 499 2265 secundus.
511 2237 549 2264 De
556 2237 701 2272 episcopis.
715 2236 867 2272 Episcopus
878 2238 993 2273 eligatur

207 2285 242 2311 ab
267 2284 341 2311 omni
365 2283 481 2318 populo,
507 2283 598 2317 sitque
626 2282 886 2317 irreprehensibilis,
913 2284 992 2311 sicuti

207 2331 339 2365 scriptum
355 2334 397 2357 est
412 2330 445 2357 de
462 2337 495 2357 eo
511 2329 538 2356 in
559 2328 690 2364 Apostolo
703 2337 710 2356 :
725 2328 751 2355 in
776 2328 944 2356 hebdomada
965 2329 993 2356 iu

207 2384 261 2411 qua
278 2376 432 2407 ordinatur,
450 2380 477 2403 et
496 2375 569 2402 dicat
588 2374 730 2402 universus
755 2374 889 2409 populus:
909 2374 993 2402 Volu-

207 2431 269 2450 mus
285 2429 363 2454 eum;
385 2422 474 2456 sitque
490 2421 627 2449 silentium
650 2421 677 2447 ili
700 2424 757 2447 toto
779 2420 858 2452 atrio,
873 2425 900 2448 et
915 2425 993 2448 orent

207 2476 303 2495 omnes
318 2476 398 2502 super
408 2476 469 2495 eum
485 2473 511 2495 et
524 2468 615 2495 dicant
629 2477 635 2494 :
649 2467 670 2495 0
684 2466 763 2499 Deus,
777 2467 907 2502 coniirma
921 2468 993 2494 hunc

207 2521 286 2549 quem
302 2514 459 2548 praeparasti
475 2513 566 2545 nobis,
582 2517 635 2540 etc.

244 2559 338 2587 Canon
361 2560 467 2588 tertius.
491 2559 585 2587 Oratio
606 2567 687 2594 super
709 2567 771 2586 eum
786 2559 830 2594 qui
847 2559 993 2594 episcopus

209 2606 248 2637 ﬁt,
264 2611 292 2633 et
309 2606 444 2633 ordinatio
462 2606 560 2633 missae.
583 2605 654 2633 Deus
676 2605 756 2632 Pater
778 2604 884 2631 Domini
908 2605 992 2632 nostri

209 2651 273 2679 Iesu
285 2652 398 2684 Christi,
416 2652 497 2679 Pater
509 2651 769 2685 niisericordiarum,
783 2657 810 2679 et
825 2651 895 2679 Deus
910 2651 993 2679 totius

209 2699 414 2730 consolationis,
431 2703 483 2726 etc.

245 2755 268 2772 “
286 2755 372 2783 Deest.
417 2757 439 2772 ⁸⁷
460 2756 492 2783 L.
508 2765 556 2788 vn,
575 2764 599 2783 c.
613 2757 658 2787 59,
679 2761 730 2782 etc.

213 2827 229 2853 l.
244 2835 269 2860 v,
286 2835 310 2855 c.
326 2827 369 2855 I9.

778 2756 800 2771 ⁵³
821 2755 850 2781 L.
870 2763 928 2785 vni,
953 2763 977 2781 c.
997 2754 1039 2782 ‘38.

210 2799 235 2817 ι’.
251 2792 342 2818 tl-M.
380 2791 400 2808 ⁵³
416 2792 446 2819 L.
466 2800 496 2826 ιι,
511 2799 535 2819 c.
555 2792 599 2819 57.
637 2793 659 2808 "
674 2791 761 2819 Deest.
801 2791 823 2807 ⁸³
840 2790 871 2817 I...
887 2799 917 2824 η,
929 2798 952 2818 c.
966 2790 1011 2818 εδ.

1044 1789 1078 1808 ne
1095 1780 1277 1816 suscipiantur
1292 1779 1542 1807 indiscriminatim.

1079 1826 1173 1854 Canon
1189 1826 1310 1854 decimus
1323 1830 1447 1861 quartus.
1462 1825 1500 1852 Ne
1514 1825 1560 1852 tiat
1572 1826 1651 1854 miles
1664 1824 1827 1854 Nazareuus.

1044 1872 1094 1900 nisi
1106 1873 1211 1907 jussus.

1079 1919 1173 1946 Canon
1187 1918 1310 1946 decimus
1323 1917 1444 1953 quintus.
1457 1916 1634 1944 Enumeratio
1648 1925 1765 1952 operum
1777 1926 1826 1952 quur

1043 1969 1108 1993 sunt
1123 1966 1228 1992 illicita.

1080 2010 1175 2038 Canon
1189 2009 1312 2038 decimus
1329 2013 1434 2036 sextus.
1460 2006 1498 2034 De
1514 2014 1547 2034 eo
1562 2008 1610 2042 qui
1626 2008 1712 2035 habet
1724 2016 1826 2035 uxorem

1044 2057 1191 2092 legitimam
1206 2061 1233 2083 et
1244 2056 1325 2083 aliain
1342 2055 1453 2088 insuper
1466 2053 1553 2080 ducit.

1080 2103 1174 2131 Canon
1196 2102 1319 2129 decimus
1344 2100 1486 2135 septimus.
1515 2099 1552 2126 De
1574 2099 1691 2127 muliere
1706 2099 1825 2135 ingenua.

1044 2149 1158 2184 ejusque
1178 2147 1282 2175 ciliciis.
1310 2145 1348 2173 De
1372 2144 1576 2177 obstetricibus,
1604 2152 1637 2172 ac
1664 2146 1800 2180 separatio
1810 2153 1826 2170 ie

1043 2195 1164 2221 virorqu
1179 2201 1194 2220 a
1211 2191 1381 2220 mulieribus.
1400 2190 1438 2217 De
1458 2190 1609 2225 virginibus
1629 2196 1658 2218 ut
1677 2192 1825 2226 coeperim:

1044 2240 1127 2267 facies
1142 2247 1206 2267 suas
1219 2243 1246 2266 et
1263 2238 1352 2272 capita
1367 2244 1428 2264 sua.

1079 2285 1173 2312 Canon
1190 2284 1312 2312 decimus
1324 2287 1450 2310 octavus.
1466 2281 1504 2309 De
1519 2282 1673 2317 puerperis,
1694 2290 1727 2309 ac
1746 2283 1826 2309 obsie-

1045 2330 1156 2358 tricibus
1171 2329 1278 2356 iterum.

1081 2375 1175 2402 Canon
1194 2374 1318 2401 decimus
1334 2380 1434 2400 nonus.
1451 2372 1489 2399 De
1505 2371 1722 2404 catcchumenis,
1743 2376 1768 2397 et
1788 2378 1825 2395 or—

1045 2421 1184 2450 dinatione
1200 2420 1331 2455 Baptismi
1347 2426 1374 2446 et
1385 2418 1484 2446 Missae.

1080 2468 1173 2495 Canon
1188 2466 1345 2494 vicesimus.
1366 2466 1403 2492 De
1423 2462 1529 2501 jejunio
1547 2464 1632 2499 (ferite
1655 2468 1705 2499 vi),
1721 2466 1747 2490 et
1765 2470 1823 2496 qua-

1046 2511 1232 2548 dragesimali.

1082 2559 1177 2586 Canon
1191 2557 1338 2585 vicesimus
1351 2556 1466 2591 primus.
1481 2555 1519 2582 De
1532 2555 1645 2583 collecta
1660 2553 1822 2581 sacerdotum

1046 2610 1073 2633 et
1087 2605 1179 2640 populi
1196 2604 1224 2631 in
1239 2603 1353 2632 ecclesia
1367 2603 1498 2637 quotidie.

1079 2650 1173 2678 Canon
1188 2650 1335 2677 vicesimus
1359 2649 1504 2676 secundus.
1530 2647 1566 2675 De
1589 2646 1758 2674 hebdomada
1778 2644 1822 2671 Pa-

1046 2697 1149 2725 schalis
1166 2696 1334 2730 Judzeorum,
1351 2704 1405 2731 quo
1421 2695 1548 2731 gaudium
1562 2695 1681 2727 tolletur,
1698 2699 1724 2721 ct
1743 2693 1776 2719 de
1795 2698 1822 2718 (θ

1089 2755 1111 2770 ⁸³
1137 2753 1168 2781 L.
1188 2762 1228 2785 ut.
1256 2762 1280 2781 c.
1301 2754 1326 2786 6,
1354 2753 1425 2785 7,13.
1472 2754 1495 2768 "
1511 2755 1540 2779 L.
1567 2761 1603 2782 iv.
1631 2759 1655 2778 c.
1672 2751 1752 2783 H;l.
1768 2758 1820 2780 vni.

1050 2790 1072 2806 ⁵⁸
1087 2789 1178 2824 L..vn,
1190 2798 1212 2817 c.
1225 2790 1275 2823 ‘29;
1292 2789 1310 2816 I.
1326 2797 1383 2822 vnt,
1399 2797 1422 2816 c.
1435 2788 1480 2822 ὅθ,
1493 2788 1537 2815 51.
1575 2788 1598 2804 ⁵³
1611 2787 1643 2814 1...
1656 2795 1715 2820 vui,
1733 2794 1756 2813 c.
1777 2786 1820 2816 It;
