1857 3047
66 91 106 116 961
544 81 681 111 SPUBIA.
701 97 736 102 —
754 80 913 109 CANONES
933 79 1178 109 ALEXANDRINI.

1617 81 1670 110 962

65 144 127 180 quod
139 143 162 170 in
177 143 234 177 ipso
244 140 443 174 manducatur;
455 144 482 168 et
493 139 526 168 de
537 147 570 168 eo
579 141 626 176 qui
642 146 755 175 peregre
765 145 832 167 con-
847 141 872 170 Α
920 138 1013 165 Canon
1033 138 1186 166 tricesimus
1198 138 1344 165 secundus.
1369 137 1406 165 De
1421 136 1571 172 virginibus
1588 142 1615 165 et
1631 139 1670 165 vi-

65 190 160 217 stitutus
175 186 260 214 nescit
274 189 376 213 textum
390 184 618 221 (Kalendarium).

94 229 178 262 Canon
191 231 335 259 vicesimus
358 231 466 259 tertius.
487 231 525 259 De
541 231 678 264 doctrina,
699 229 772 266 quod
795 230 831 257 sit

64 282 177 314 perpetua
192 277 289 312 (major
307 277 388 313 mari)
406 281 434 306 et
449 277 566 305 dcbeant
579 278 662 306 verba
674 277 734 313 ejus
749 284 831 312 opere

64 323 188 359 compleri.
527 330 531 334 ’

93 371 176 398 Canon
189 369 334 398 vicesimus
346 372 472 404 quartus.
493 369 531 398 De
543 369 662 404 episcopi
677 369 832 397 visitatione

63 422 226 451 :rgrotorum;
247 420 275 444 et
294 415 322 444 si
345 416 463 444 oraverit
482 415 608 444 inﬁrmus
627 416 655 443 in
674 415 789 443 ecclesia
805 420 832 442 et

64 463 149 489 habeat
163 462 282 494 domum,
300 462 411 489 accedat
427 462 461 490 ad
476 469 550 490 eum.

93 508 176 535 Canon
190 508 336 536 vicesimus
351 509 476 543 quintus.
501 509 539 536 De
559 512 736 544 procuratore
757 507 833 535 inﬁr-

64 561 156 581 morum
171 553 329 585 constituto,
343 558 370 581 et
382 554 522 589 episcopo,
536 559 564 582 et
583 553 752 589 temporibus
768 561 832 581 ora-

62 599 143 626 tionis.

92 645 177 672 Cauou
192 644 339 673 vicesimus
360 649 463 674 sextus.
487 645 525 673 De
549 646 689 674 auditione
711 646 786 674 verbi
804 645 832 672 in

62 690 164 717 ecclesia
181 693 207 717 et
221 690 344 718 oratione
357 690 384 717 in
398 698 439 718 ea.
478 722 483 726 Α

92 736 178 763 Canon
195 736 341 764 vicesimus
363 736 505 771 septimus.
531 735 568 764 De
588 744 621 764 eo
642 736 689 772 qui
714 737 834 772 quotidie

62 790 108 809 non
127 782 227 809 accedit
243 782 276 810 ad
295 782 450 816 ecclesiam;
472 782 544 818 legat
561 782 661 815 libros;
680 787 707 811 et
721 783 755 811 de
772 790 835 810 ora—

63 828 125 854 tione
140 827 234 854 media:
249 828 349 860 noctis,
365 832 392 855 et
407 827 555 862 gallicinio,
570 833 597 855 et
615 828 755 856 ablutione
773 836 834 856 ma-

61 880 135 899 nuum
148 876 268 908 tempore
283 872 429 907 cujuslibet
440 873 584 900 orationis.

91 917 177 946 Canon
192 918 339 946 vicesimus
352 922 474 946 octavus.
486 917 563 951 Quod
578 926 657 946 nemo
667 919 835 947 credentium

61 964 196 999 quidquam
215 969 321 1000 gustet,
343 965 397 992 nisi
415 969 559 1000 postquam
586 966 736 1001 perceperit
757 973 835 994 sacra

62 1011 188 1045 mysteria,
204 1011 355 1046 praesertim
368 1011 464 1039 diebus
475 1011 583 1046 jejunii.

91 1057 178 1084 Canon
193 1057 341 1085 vicesimus
357 1066 455 1085 nonus.
473 1057 511 1084 De
531 1057 654 1085 custodia
668 1057 835 1085 oblationum

62 1111 114 1137 qua:
130 1111 209 1138 super
225 1104 312 1131 altare
331 1108 394 1132 sunt
409 1104 557 1139 impositze;
574 1112 607 1131 ne
624 1103 771 1139 quidquam
786 1104 835 1131 de-

61 1149 124 1176 cidat
142 1149 167 1176 in
183 1155 307 1178 sanctum
324 1150 446 1182 calicem,
467 1154 494 1177 et
508 1157 541 1177 ne
560 1149 708 1185 quidquam
730 1149 836 1177 decidat

61 1201 74 1220 a
86 1194 277 1228 sacerdotibus,
293 1203 381 1230 neque
395 1203 427 1223 ex
442 1195 534 1230 pueris
552 1195 598 1222 ubi
616 1195 834 1222 communionem

60 1241 239 1275 perceperint:
255 1249 288 1269 ne
304 1241 458 1269 dominetur
472 1242 512 1269 eis
532 1242 644 1276 spiritus
663 1249 790 1277 nequam.
809 1247 836 1270 et

60 1293 90 1312 ne
107 1286 230 1320 loquatur
256 1287 390 1322 quispiam
413 1287 441 1314 in
467 1288 635 1322 protectione
659 1287 835 1323 (sanctuario)

61 1332 105 1358 nisi
121 1333 271 1360 orationem
285 1333 412 1366 dicendo;
431 1337 457 1361 et
470 1334 516 1361 ubi
537 1333 665 1361 desinunt
685 1333 836 1361 oblationes

59 1378 141 1411 populi
154 1378 278 1414 legantur
291 1378 392 1407 Psalmi
411 1379 514 1414 (ubique
538 1380 594 1406 loco
610 1379 734 1406 Calvaria
747 1383 772 1406 et
789 1387 836 1414 pro

59 1425 245 1460 consignatione
262 1426 348 1453 crucis
360 1431 383 1452 et
397 1426 554 1460 projectione
565 1425 678 1460 pulveris
694 1425 789 1452 altaris
809 1425 836 1452 in

880 183 942 212 duis
958 188 987 211 ut
999 188 1078 212 orent
1093 189 1121 212 et
1133 184 1258 219 jcjunent
1271 184 1298 211 in
1313 183 1439 212 ecclesia.
1454 183 1539 218 ,Clero
1558 183 1670 218 ascripti

880 233 960 257 orent
972 236 1022 264 pro
1036 236 1086 256 suo
1101 229 1223 256 arbitrio.
1240 228 1389 264 Episcopus
1407 237 1461 256 non
1476 229 1610 265 obligetur
1627 229 1670 264 je-

878 274 956 310 junio
971 275 1024 303 nisi
1042 282 1104 302 cum
1122 275 1204 302 clero.
1225 274 1262 301 Et
1280 279 1385 310 propter
1398 275 1544 302 convivium
1558 280 1604 302 aut
1620 283 1671 302 ca:-

881 329 942 348 nam
955 325 1086 355 prteparet
1102 329 1149 356 pro
1169 321 1327 356 pauperibus
1339 320 1382 356 (ac
1399 321 1430 347 de
1442 328 1532 347 mensa
1544 321 1670 355 pauperi-

882 366 930 393 bus
945 366 1088 402 paranda).

916 412 1010 440 Canon
1024 411 1179 440 tricesimus
1191 412 1297 440 tertius.
1312 411 1349 439 De
1363 411 1498 438 Atalmsas
1509 410 1670 446 (oblatione)

882 467 963 494 quam
980 464 1082 494 ponent
1099 467 1149 494 pro
1173 459 1215 486 his
1232 459 1278 494 qui
1297 459 1398 486 mortui
1420 463 1494 490 sunt,
1518 465 1552 485 ne
1575 458 1601 485 id
1623 458 1671 486 [int

883 505 1024 532 Dominica
1038 505 1091 532 die.

917 551 1011 578 Canon
1024 550 1187 586 ltricesimus
1202 554 1324 585 quartus.
1349 549 1387 577 Ne
1406 549 1467 585 quis
1491 550 1605 577 multum
1626 550 1669 577 Io-

883 602 993 632 quatur,
1008 605 1097 632 neque
1107 597 1254 624 clamorem
1267 596 1339 628 edat,
1358 601 1385 623 et
1399 596 1433 623 de
1449 600 1605 623 sanctorum
1622 597 1670 623 in-

884 652 979 679 gressu
995 643 1023 670 in
1039 643 1196 670 mansiones
1210 642 1341 670 lidelium.

918 690 1011 717 Canon
1030 690 1185 717 tricesimus
1202 689 1324 724 quintus.
1351 688 1388 716 De
1410 688 1525 716 diacono
1540 694 1672 723 praesente

884 738 911 766 in
936 738 1079 772 convivio,
1101 738 1128 765 in
1154 746 1209 773 quo
1233 738 1303 766 adsit
1323 739 1479 774 presbyter;
1500 738 1586 766 vicem
1613 738 1673 773 cjus

886 788 960 819 gerat
974 784 1001 811 in
1017 783 1140 812 oratione
1155 788 1182 811 et
1205 783 1337 811 fractione
1355 785 1433 819 panis
1449 784 1482 811 ad
1503 783 1673 811 benedictio-

885 837 964 863 nem,
979 833 1006 856 et
1027 836 1081 857 non
1103 829 1137 856 ad
1152 836 1268 864 corpus;
1291 829 1378 864 deque
1397 828 1557 856 dimissione
1576 828 1673 855 vidua-

885 883 957 904 rum.

920 921 1014 949 Canon
1029 921 1184 950 tricesimus
1207 926 1311 950 sextus.
1333 921 1371 949 De
1388 921 1517 956 primitiis
1534 920 1672 948 fructuum

885 972 973 1000 terrae,
988 972 1015 994 et
1025 967 1115 1003 primo
1128 973 1190 995 voto
1205 975 1312 1001 eorum,
1336 972 1363 995 et
1385 967 1578 999 torcularibus,
1603 967 1672 1000 oleo,

886 1013 974 1045 melle,
991 1013 1071 1045 lacte.
1086 1013 1148 1041 lana
1165 1018 1192 1041 et
1208 1013 1354 1046 similibus,
1369 1021 1430 1048 qua:
1447 1013 1576 1048 episcopo
1590 1013 1673 1040 bene-

885 1059 999 1086 dicenda
1010 1059 1169 1087 oﬂ‘erantur.

921 1104 1015 1132 Canou
1044 1105 1200 1132 tricesimus
1223 1105 1366 1140 septimus.
1395 1103 1507 1137 Quoties
1531 1104 1675 1138 episcopus

886 1150 1001 1185 percipit
1013 1150 1046 1178 de
1063 1150 1199 1186 mysteriis
1216 1151 1330 1182 sanctis,
1349 1154 1548 1185 congregemur
1564 1149 1673 1176 diaconi

886 1201 914 1224 et
935 1197 1086 1232 presbyteri
1111 1196 1196 1223 induti
1225 1196 1347 1224 vestibus
1371 1196 1440 1223 albis
1464 1195 1595 1230 speciosis
1619 1203 1675 1230 prae

887 1243 961 1270 omni
976 1242 1086 1277 populo,
1101 1247 1129 1269 et
1143 1242 1268 1270 similiter
1281 1246 1455 1277 anagnostes.

922 1289 1015 1316 Canon
1030 1289 1186 1316 tricesimus
1207 1293 1331 1316 octavus.
1349 1287 1386 1315 De
1399 1291 1479 1315 nocte
1493 1287 1520 1314 in
1543 1295 1596 1322 qua
1614 1295 1676 1314 sur-

889 1334 960 1361 rexit
972 1333 1003 1361 D.
1016 1333 1050 1361 N.
1063 1333 1143 1362 Jesus
1160 1334 1296 1362 Christus.
1317 1333 1356 1361 Ne
1372 1334 1443 1361 ullus
1458 1341 1489 1360 ca
1510 1338 1589 1360 nocte
1609 1333 1675 1360 dor-

888 1379 955 1406 miat
967 1383 994 1406 et
1009 1387 1078 1414 aqua
1105 1387 1134 1407 se
1159 1379 1267 1413 abluat;
1292 1383 1318 1406 et
1345 1379 1478 1414 expositio
1504 1378 1628 1413 hujusce,
1648 1381 1676 1405 ei

887 1425 1021 1460 expositio
1036 1426 1070 1453 de
1088 1426 1135 1453 illo
1152 1426 1198 1461 qui
1213 1430 1274 1461 post
1288 1425 1454 1461 Baptismum
1469 1430 1572 1461 peccat,
1587 1427 1676 1460 deque

58 1472 197 1505 piscinam:
211 1473 250 1500 ita
269 1473 304 1501 cl.
322 1473 479 1509 'interpres.
499 1473 590 1508 potius
613 1473 756 1508 verterem)
780 1481 838 1500 cum
851 1482 873 1512 (ι
889 1471 969 1500 licitis
990 1476 1017 1500 et
1035 1472 1147 1500 illicitis.

59 1518 121 1544 omni
135 1519 280 1546 attentione
295 1527 375 1554 usque
390 1520 424 1546 ad
435 1519 538 1555 signum
550 1518 645 1546 crotalt’
655 1526 665 1546 :
678 1527 708 1546 ac
719 1519 751 1546 de
762 1518 835 1554 signa

58 1564 134 1591 crucis
144 1569 168 1591 et
178 1565 341 1600 projectione
356 1565 480 1600 pulveris,
499 1569 552 1593 etc.

88 1608 176 1638 Canon
188 1611 356 1640 tricesimus.
369 1611 408 1640 Dc
418 1613 630 1644 catcchumenis.
645 1621 676 1641 ac
690 1612 834 1640 similibus.

88 1655 177 1684 Canon
191 1658 351 1686 tricesimus
366 1658 479 1693 primus.
494 1659 530 1686 De
541 1659 667 1694 episcopo
679 1664 705 1687 et
724 1660 836 1695 presby-

59 1706 109 1729 tero
123 1703 323 1739 imperantibus
341 1704 453 1732 diaccuc
475 1709 506 1731 ut
527 1704 748 1732 communionem
771 1712 836 1740 por-

57 1755 127 1784 rigat.

66 1859 176 1867 ———_

925 1520 1082 1555 Expliciunt
1095 1519 1213 1547 Canones
1227 1518 1257 1546 S.
1270 1519 1429 1553 patriarcha:
1446 1518 1584 1554 Hippolyti
1597 1518 1676 1552 primi

888 1566 1049 1601 patriarch
1070 1565 1144 1593 urbis
1163 1573 1265 1600 magna:
1285 1564 1382 1596 Romae,
1399 1573 1463 1599 quos
1481 1565 1636 1598 composuit,
1651 1569 1674 1590 et

889 1620 1012 1639 numerus
1025 1621 1114 1639 eorunt
1130 1617 1168 1639 est
1179 1610 1310 1638 XXXVIII
1323 1610 1469 1638 Canonum.
1484 1609 1553 1637 Deus
1566 1618 1612 1637 nos
1628 1610 1676 1636 ud-

887 1658 959 1693 juvet
974 1659 1008 1685 ad
1024 1667 1066 1685 eos
1081 1659 1269 1694 exsequendas.
1293 1657 1327 1684 Et
1346 1657 1400 1684 Deo
1424 1657 1509 1692 gloria
1526 1664 1637 1691 semper,
1651 1660 1676 1683 et

890 1713 967 1741 super
984 1713 1030 1732 nos
1044 1705 1228 1732 misericordia
1241 1703 1298 1740 ejus
1315 1705 1344 1731 in
1357 1703 1493 1731 amulum.
1510 1703 1602 1730 Amen.

492 1944 824 2004 ANONYMI
867 1944 1234 2003 CUJUSDAM
1272 1967 1274 1969 ν

217 2056 285 2094 Qui
311 2056 371 2088 sub
394 2056 576 2089 Alexandro
593 2056 787 2096 imperatore
804 2055 938 2089 vixisse.
954 2063 1040 2087 anno
1068 2054 1186 2087 Christi
1210 2055 1281 2092 236,
1308 2053 1496 2094 perhibetur

468 2243 604 2273 SANCTO
620 2243 812 2272 IIIPPOLY'I'O
827 2243 1024 2272 PORTUENSI
1040 2242 1269 2272 SUPPOSITUM.

528 2324 609 2357 (Vide
629 2325 791 2361 Patrologite
814 2325 918 2353 Latinis
932 2329 998 2353 tom.
1013 2324 1057 2357 III,
1072 2324 1125 2353 col.
1139 2320 1216 2357 657.)

52 2512 239 2552 Fragmenta
256 2510 323 2552 sub?
342 2509 473 2552 nomine
502 2507 857 2552 Hippoly_ti_Ju_nioris_,
889 2507 1052 2552 Thebani,
1088 2505 1253 2552 saeculi}:
1279 2508 1427 2552 auctore,
1466 2503 1506 2535 ab
1541 2503 1672 2534 Alberto

227 2550 379 2582 Fabricio
398 2544 691 2590 congestafordini
712 2547 940 2586 chronologico
963 2547 1160 2578 adhmrentes
1173 2566 1182 2582 ,
1201 2544 1253 2574 hic
1273 2544 1462 2575 omittimus.

53 2653 1663 2676 ________________________.__.__

53 2718 179 2751 Librum
204 2719 262 2751 cui
287 2718 422 2750 titulus:
435 2716 733 2756 Philosophumena,
752 2715 884 2756 Origeni
905 2713 1043 2756 primum
1058 2713 1116 2756 ,_S.
1132 2711 1310 2752 Hippolyto
1324 2715 1434 2752 postea
1449 2709 1674 2749 suppositum,

312 2779 314 2782 τ
526 2752 660 2787 edemus
672 2755 707 2787 in
722 2752 956 2795 appendice’ad
980 2752 1134 2784 saeculum
1152 2761 1196 2784 xv.
