  <div class='ocr_page' id='page_1' title='image "/cluster/home/n/w/nwhite01/storage/ocr_20150623/10/njp.32101077772406/525.png"; bbox 0 0 1857 3047; ppageno 0'>
   <div class='ocr_carea' id='block_1_1' title="bbox 196 70 1801 88">
    <p class='ocr_par' dir='ltr' id='par_1_1' title="bbox 196 70 1801 88">
     <span class='ocr_line' id='line_1_1' title="bbox 196 70 1801 88; baseline -0.002 -1"><span class='ocrx_word' id='word_1_1' title='bbox 196 70 1801 88; x_wconf 63' lang='lat' dir='ltr'><em>W</em></span> 
     </span>
    </p>
   </div>
   <div class='ocr_carea' id='block_1_2' title="bbox 524 173 1491 307">
    <p class='ocr_par' dir='ltr' id='par_1_2' title="bbox 524 173 1491 307">
     <span class='ocr_line' id='line_1_2' title="bbox 524 173 1491 307; baseline -0.001 -26"><span class='ocrx_word' id='word_1_2' title='bbox 524 177 628 282; x_wconf 84' lang='lat' dir='ltr'><strong>s.</strong></span> <span class='ocrx_word' id='word_1_3' title='bbox 724 173 1491 307; x_wconf 79' lang='lat' dir='ltr'><strong>GBEGOBIUS</strong></span> 
     </span>
    </p>
   </div>
   <div class='ocr_carea' id='block_1_3' title="bbox 413 375 1601 444">
    <p class='ocr_par' dir='ltr' id='par_1_3' title="bbox 413 375 1601 444">
     <span class='ocr_line' id='line_1_3' title="bbox 413 375 1601 444; baseline -0.001 -2"><span class='ocrx_word' id='word_1_4' title='bbox 413 375 1108 444; x_wconf 69' lang='lat' dir='ltr'><strong>NEOC/ESARIENSIS</strong></span> <span class='ocrx_word' id='word_1_5' title='bbox 1173 376 1601 442; x_wconf 83' lang='lat' dir='ltr'><strong>EPISCOPUS</strong></span> 
     </span>
    </p>
   </div>
   <div class='ocr_carea' id='block_1_4' title="bbox 668 518 1319 551">
    <p class='ocr_par' dir='ltr' id='par_1_4' title="bbox 668 518 1319 551">
     <span class='ocr_line' id='line_1_4' title="bbox 668 518 1319 551; baseline 0.002 -1"><span class='ocrx_word' id='word_1_6' title='bbox 668 519 838 551; x_wconf 81' lang='lat' dir='ltr'><strong>COGNOM</strong></span> <span class='ocrx_word' id='word_1_7' title='bbox 844 520 949 550; x_wconf 86' lang='lat' dir='ltr'><strong>ENTO</strong></span> <span class='ocrx_word' id='word_1_8' title='bbox 974 518 1146 550; x_wconf 75' lang='lat' dir='ltr'><strong><em>THAUMA</em></strong></span> <span class='ocrx_word' id='word_1_9' title='bbox 1153 519 1319 551; x_wconf 82' lang='lat' dir='ltr'><strong><em>TURGUS.</em></strong></span> 
     </span>
    </p>
   </div>
   <div class='ocr_carea' id='block_1_5' title="bbox 482 743 1513 792">
    <p class='ocr_par' dir='ltr' id='par_1_5' title="bbox 482 743 1513 792">
     <span class='ocr_line' id='line_1_5' title="bbox 482 743 1513 792; baseline 0.001 -2"><span class='ocrx_word' id='word_1_10' title='bbox 482 745 740 792; x_wconf 86' lang='lat' dir='ltr'><strong>NOTITIA</strong></span> <span class='ocrx_word' id='word_1_11' title='bbox 776 743 1513 791; x_wconf 81' lang='lat' dir='ltr'><strong>HISTORICO-LITTERABIA</strong></span> 
     </span>
    </p>
   </div>
   <div class='ocr_carea' id='block_1_6' title="bbox 632 862 1373 896">
    <p class='ocr_par' dir='ltr' id='par_1_6' title="bbox 632 862 1373 896">
     <span class='ocr_line' id='line_1_6' title="bbox 632 862 1373 896; baseline 0 -7"><span class='ocrx_word' id='word_1_12' title='bbox 632 863 777 896; x_wconf 66' lang='lat' dir='ltr'><strong>(GALLAHD.,</strong></span> <span class='ocrx_word' id='word_1_13' title='bbox 793 864 847 889; x_wconf 72' lang='lat' dir='ltr'><strong>Yet.</strong></span> <span class='ocrx_word' id='word_1_14' title='bbox 860 864 931 889; x_wconf 86' lang='lat' dir='ltr'><strong>Patr.</strong></span> <span class='ocrx_word' id='word_1_15' title='bbox 946 862 1070 895; x_wconf 75' lang='lat' dir='ltr'><strong>Biblioth.,</strong></span> <span class='ocrx_word' id='word_1_16' title='bbox 1083 863 1127 895; x_wconf 77' lang='lat' dir='ltr'><strong>ll],</strong></span> <span class='ocrx_word' id='word_1_17' title='bbox 1140 864 1251 896; x_wconf 73' lang='lat' dir='ltr'><strong>Proleg.,</strong></span> <span class='ocrx_word' id='word_1_18' title='bbox 1262 871 1287 896; x_wconf 89' lang='lat' dir='ltr'><strong>p.</strong></span> <span class='ocrx_word' id='word_1_19' title='bbox 1300 865 1373 896; x_wconf 81' lang='lat' dir='ltr'><strong>xxv.)</strong></span> 
     </span>
    </p>
   </div>
   <div class='ocr_carea' id='block_1_7' title="bbox 184 959 1807 1004">
    <p class='ocr_par' dir='ltr' id='par_1_7' title="bbox 184 959 1807 1004">
     <span class='ocr_line' id='line_1_7' title="bbox 184 959 1807 1004; baseline -0.001 -14"><span class='ocrx_word' id='word_1_20' title='bbox 184 963 204 990; x_wconf 88' lang='grc'><strong>1.</strong></span> <span class='ocrx_word' id='word_1_21' title='bbox 227 962 380 1004; x_wconf 55' lang='lat' dir='ltr'><strong>Gregorius,</strong></span> <span class='ocrx_word' id='word_1_22' title='bbox 402 966 479 1004; x_wconf 61' lang='lat' dir='ltr'><strong>antea</strong></span> <span class='ocrx_word' id='word_1_23' title='bbox 493 961 661 1003; x_wconf 62' lang='lat' dir='ltr'><strong>Theodorus,</strong></span> <span class='ocrx_word' id='word_1_24' title='bbox 677 961 777 1004; x_wconf 52' lang='lat' dir='ltr'><strong>armis</strong></span> <span class='ocrx_word' id='word_1_25' title='bbox 794 960 970 1002; x_wconf 63' lang='lat' dir='ltr'><strong>Ronaanisqtte</strong></span> <span class='ocrx_word' id='word_1_26' title='bbox 987 963 1009 993; x_wconf 77' lang='grc' dir='ltr'><strong>Α</strong></span> <span class='ocrx_word' id='word_1_27' title='bbox 1024 961 1125 988; x_wconf 91' lang='lat' dir='ltr'><strong>moniis</strong></span> <span class='ocrx_word' id='word_1_28' title='bbox 1147 968 1208 995; x_wconf 66' lang='lat' dir='ltr'><strong>qua:</strong></span> <span class='ocrx_word' id='word_1_29' title='bbox 1232 960 1305 988; x_wconf 90' lang='lat' dir='ltr'><strong>illius</strong></span> <span class='ocrx_word' id='word_1_30' title='bbox 1327 959 1461 996; x_wconf 87' lang='lat' dir='ltr'><strong>Operibus</strong></span> <span class='ocrx_word' id='word_1_31' title='bbox 1482 962 1686 996; x_wconf 63' lang='lat' dir='ltr'><strong>premisimus,</strong></span> <span class='ocrx_word' id='word_1_32' title='bbox 1709 967 1762 989; x_wconf 88' lang='lat' dir='ltr'><strong>tum</strong></span> <span class='ocrx_word' id='word_1_33' title='bbox 1782 970 1807 988; x_wconf 73' lang='lat' dir='ltr'><strong>et</strong></span> 
     </span>
    </p>
   </div>
   <div class='ocr_carea' id='block_1_8' title="bbox 220 996 970 1033">
    <p class='ocr_par' dir='ltr' id='par_1_8' title="bbox 220 996 970 1033">
     <span class='ocr_line' id='line_1_8' title="bbox 220 996 970 1033; baseline -0.003 -8"><span class='ocrx_word' id='word_1_34' title='bbox 220 996 368 1033; x_wconf 72' lang='lat' dir='ltr'><strong>disciplinis</strong></span> <span class='ocrx_word' id='word_1_35' title='bbox 403 997 543 1030; x_wconf 74' lang='lat' dir='ltr'><strong>excultus,</strong></span> <span class='ocrx_word' id='word_1_36' title='bbox 575 997 710 1031; x_wconf 80' lang='lat' dir='ltr'><strong>episcopus</strong></span> <span class='ocrx_word' id='word_1_37' title='bbox 745 996 970 1033; x_wconf 71' lang='lat' dir='ltr'><strong>Neoctesariensis</strong></span> 
     </span>
    </p>
   </div>
   <div class='ocr_carea' id='block_1_9' title="bbox 220 1032 970 1068">
    <p class='ocr_par' dir='ltr' id='par_1_9' title="bbox 220 1032 970 1068">
     <span class='ocr_line' id='line_1_9' title="bbox 220 1032 970 1068; baseline -0.004 -7"><span class='ocrx_word' id='word_1_38' title='bbox 220 1038 398 1061; x_wconf 75' lang='lat' dir='ltr'><strong>consecratur.</strong></span> <span class='ocrx_word' id='word_1_39' title='bbox 414 1032 472 1065; x_wconf 84' lang='lat' dir='ltr'><strong>Quo</strong></span> <span class='ocrx_word' id='word_1_40' title='bbox 489 1038 602 1067; x_wconf 83' lang='lat' dir='ltr'><strong>tempore</strong></span> <span class='ocrx_word' id='word_1_41' title='bbox 613 1040 763 1068; x_wconf 73' lang='lat' dir='ltr'><strong>supremum</strong></span> <span class='ocrx_word' id='word_1_42' title='bbox 777 1032 847 1059; x_wconf 84' lang='lat' dir='ltr'><strong>diem</strong></span> <span class='ocrx_word' id='word_1_43' title='bbox 866 1032 970 1059; x_wconf 78' lang='lat' dir='ltr'><strong>abierit.</strong></span> 
     </span>
    </p>
   </div>
   <div class='ocr_carea' id='block_1_10' title="bbox 218 1100 968 1137">
    <p class='ocr_par' dir='ltr' id='par_1_10' title="bbox 218 1100 968 1137">
     <span class='ocr_line' id='line_1_10' title="bbox 218 1100 968 1137; baseline -0.001 -7"><span class='ocrx_word' id='word_1_44' title='bbox 218 1102 336 1131; x_wconf 90' lang='lat' dir='ltr'><strong>Sanctus</strong></span> <span class='ocrx_word' id='word_1_45' title='bbox 361 1100 527 1137; x_wconf 83' lang='lat' dir='ltr'><strong>Gregorius,</strong></span> <span class='ocrx_word' id='word_1_46' title='bbox 559 1105 638 1128; x_wconf 89' lang='lat' dir='ltr'><strong>antea</strong></span> <span class='ocrx_word' id='word_1_47' title='bbox 664 1100 827 1129; x_wconf 84' lang='lat' dir='ltr'><strong>Theodorus</strong></span> <span class='ocrx_word' id='word_1_48' title='bbox 865 1101 968 1134; x_wconf 87' lang='lat' dir='ltr'><strong>dictus,</strong></span> 
     </span>
    </p>
   </div>
   <div class='ocr_carea' id='block_1_11' title="bbox 183 1147 970 1184">
    <p class='ocr_par' dir='ltr' id='par_1_11' title="bbox 183 1147 970 1184">
     <span class='ocr_line' id='line_1_11' title="bbox 183 1147 970 1184; baseline -0.003 -8"><span class='ocrx_word' id='word_1_49' title='bbox 183 1149 350 1184; x_wconf 79' lang='lat' dir='ltr'><strong>pramomine</strong></span> <span class='ocrx_word' id='word_1_50' title='bbox 370 1147 495 1184; x_wconf 84' lang='lat' dir='ltr'><strong>Magnus,</strong></span> <span class='ocrx_word' id='word_1_51' title='bbox 509 1149 615 1184; x_wconf 90' lang='lat' dir='ltr'><strong>primus</strong></span> <span class='ocrx_word' id='word_1_52' title='bbox 635 1147 818 1175; x_wconf 69' lang='lat' dir='ltr'><strong>Neoctesareaa</strong></span> <span class='ocrx_word' id='word_1_53' title='bbox 842 1148 868 1175; x_wconf 89' lang='lat' dir='ltr'><strong>in</strong></span> <span class='ocrx_word' id='word_1_54' title='bbox 884 1147 970 1175; x_wconf 94' lang='lat' dir='ltr'><strong>Ponto</strong></span> 
     </span>
    </p>
   </div>
   <div class='ocr_carea' id='block_1_12' title="bbox 182 1193 970 1230">
    <p class='ocr_par' dir='ltr' id='par_1_12' title="bbox 182 1193 970 1230">
     <span class='ocr_line' id='line_1_12' title="bbox 182 1193 970 1230; baseline -0.003 -8"><span class='ocrx_word' id='word_1_55' title='bbox 182 1195 327 1230; x_wconf 88' lang='lat' dir='ltr'><strong>episcopus</strong></span> <span class='ocrx_word' id='word_1_56' title='bbox 355 1194 423 1228; x_wconf 85' lang='lat' dir='ltr'><strong>fuit,</strong></span> <span class='ocrx_word' id='word_1_57' title='bbox 451 1203 460 1220; x_wconf 77' lang='grc' dir='ltr'>ι</span> <span class='ocrx_word' id='word_1_58' title='bbox 481 1195 516 1222; x_wconf 93' lang='lat' dir='ltr'><strong>ob</strong></span> <span class='ocrx_word' id='word_1_59' title='bbox 539 1195 616 1230; x_wconf 86' lang='lat' dir='ltr'><strong>signa</strong></span> <span class='ocrx_word' id='word_1_60' title='bbox 643 1199 725 1229; x_wconf 90' lang='lat' dir='ltr'><strong>atque</strong></span> <span class='ocrx_word' id='word_1_61' title='bbox 754 1193 886 1221; x_wconf 88' lang='lat' dir='ltr'><strong>miracula</strong></span> <span class='ocrx_word' id='word_1_62' title='bbox 908 1202 970 1229; x_wconf 71' lang='lat' dir='ltr'><strong>qua:</strong></span> 
     </span>
    </p>
   </div>
   <div class='ocr_carea' id='block_1_13' title="bbox 181 1239 970 1275">
    <p class='ocr_par' dir='ltr' id='par_1_13' title="bbox 181 1239 970 1275">
     <span class='ocr_line' id='line_1_13' title="bbox 181 1239 970 1275; baseline -0.001 -8"><span class='ocrx_word' id='word_1_63' title='bbox 181 1248 244 1267; x_wconf 89' lang='lat' dir='ltr'><strong>cum</strong></span> <span class='ocrx_word' id='word_1_64' title='bbox 263 1239 349 1267; x_wconf 86' lang='lat' dir='ltr'><strong>multa</strong></span> <span class='ocrx_word' id='word_1_65' title='bbox 364 1239 547 1267; x_wconf 85' lang='lat' dir='ltr'><strong>Ecclesiarum</strong></span> <span class='ocrx_word' id='word_1_66' title='bbox 565 1240 650 1275; x_wconf 78' lang='lat' dir='ltr'><strong>gloria</strong></span> <span class='ocrx_word' id='word_1_67' title='bbox 667 1240 842 1274; x_wconf 90' lang='lat' dir='ltr'><strong>perpetravit,</strong></span> <span class='ocrx_word' id='word_1_68' title='bbox 859 1249 868 1265; x_wconf 74' lang='grc' dir='ltr'>ι</span> <span class='ocrx_word' id='word_1_69' title='bbox 886 1244 916 1266; x_wconf 91' lang='lat' dir='ltr'><strong>ut</strong></span> <span class='ocrx_word' id='word_1_70' title='bbox 931 1239 970 1266; x_wconf 88' lang='lat' dir='ltr'><strong>ait</strong></span> 
     </span>
    </p>
   </div>
   <div class='ocr_carea' id='block_1_14' title="bbox 181 1284 970 1321">
    <p class='ocr_par' dir='ltr' id='par_1_14' title="bbox 181 1284 970 1321">
     <span class='ocr_line' id='line_1_14' title="bbox 181 1284 970 1321; baseline 0.001 -10"><span class='ocrx_word' id='word_1_71' title='bbox 181 1284 362 1321; x_wconf 79' lang='lat' dir='ltr'><strong>Hieronymus</strong></span> <span class='ocrx_word' id='word_1_72' title='bbox 386 1285 441 1320; x_wconf 78' lang='lat' dir='ltr'><strong>(i),</strong></span> <span class='ocrx_word' id='word_1_73' title='bbox 467 1284 680 1320; x_wconf 77' lang='lat' dir='ltr'><strong>T/taumaturgus</strong></span> <span class='ocrx_word' id='word_1_74' title='bbox 705 1285 866 1319; x_wconf 83' lang='lat' dir='ltr'><strong>appellatus.</strong></span> <span class='ocrx_word' id='word_1_75' title='bbox 891 1284 970 1313; x_wconf 83' lang='lat' dir='ltr'><strong>Hunc</strong></span> 
     </span>
    </p>
   </div>
   <div class='ocr_carea' id='block_1_15' title="bbox 180 1329 967 1365">
    <p class='ocr_par' dir='ltr' id='par_1_15' title="bbox 180 1329 967 1365">
     <span class='ocr_line' id='line_1_15' title="bbox 180 1329 967 1365; baseline 0 -8"><span class='ocrx_word' id='word_1_76' title='bbox 180 1330 295 1365; x_wconf 86' lang='lat' dir='ltr'><strong>ejusque</strong></span> <span class='ocrx_word' id='word_1_77' title='bbox 323 1329 433 1357; x_wconf 77' lang='lat' dir='ltr'><strong>fratrem</strong></span> <span class='ocrx_word' id='word_1_78' title='bbox 452 1329 670 1362; x_wconf 77' lang='lat' dir='ltr'><strong>Athenodorum,</strong></span> <span class='ocrx_word' id='word_1_79' title='bbox 694 1329 811 1357; x_wconf 86' lang='lat' dir='ltr'><strong>Eusebio</strong></span> <span class='ocrx_word' id='word_1_80' title='bbox 833 1335 902 1358; x_wconf 87' lang='lat' dir='ltr'><strong>teste</strong></span> <span class='ocrx_word' id='word_1_81' title='bbox 917 1330 967 1365; x_wconf 71' lang='lat'><strong>(2),</strong></span> 
     </span>
    </p>
   </div>
   <div class='ocr_carea' id='block_1_16' title="bbox 179 1376 968 1415">
    <p class='ocr_par' dir='ltr' id='par_1_16' title="bbox 179 1376 968 1415">
     <span class='ocr_line' id='line_1_16' title="bbox 179 1376 968 1415; baseline -0.001 -11"><span class='ocrx_word' id='word_1_82' title='bbox 179 1376 282 1404; x_wconf 59' lang='lat' dir='ltr'><strong>Grmcis</strong></span> <span class='ocrx_word' id='word_1_83' title='bbox 294 1376 480 1415; x_wconf 79' lang='lat' dir='ltr'><strong>Romanisque</strong></span> <span class='ocrx_word' id='word_1_84' title='bbox 505 1376 658 1412; x_wconf 86' lang='lat' dir='ltr'><strong>disciplinis</strong></span> <span class='ocrx_word' id='word_1_85' title='bbox 683 1377 817 1410; x_wconf 89' lang='lat' dir='ltr'><strong>excultos,</strong></span> <span class='ocrx_word' id='word_1_86' title='bbox 837 1376 968 1411; x_wconf 81' lang='lat' dir='ltr'><strong>Origenes</strong></span> 
     </span>
    </p>
   </div>
   <div class='ocr_carea' id='block_1_17' title="bbox 178 1421 966 1458">
    <p class='ocr_par' dir='ltr' id='par_1_17' title="bbox 178 1421 966 1458">
     <span class='ocr_line' id='line_1_17' title="bbox 178 1421 966 1458; baseline -0.001 -8"><span class='ocrx_word' id='word_1_87' title='bbox 178 1423 310 1451; x_wconf 59' lang='lat' dir='ltr'><strong>Caesareae</strong></span> <span class='ocrx_word' id='word_1_88' title='bbox 329 1423 355 1450; x_wconf 92' lang='lat' dir='ltr'><strong>in</strong></span> <span class='ocrx_word' id='word_1_89' title='bbox 371 1422 514 1450; x_wconf 64' lang='lat' dir='ltr'><strong>Palazstina</strong></span> <span class='ocrx_word' id='word_1_90' title='bbox 538 1423 634 1458; x_wconf 86' lang='lat' dir='ltr'><strong>primis</strong></span> <span class='ocrx_word' id='word_1_91' title='bbox 649 1423 711 1450; x_wconf 91' lang='lat' dir='ltr'><strong>fidei</strong></span> <span class='ocrx_word' id='word_1_92' title='bbox 730 1422 893 1450; x_wconf 76' lang='lat' dir='ltr'><strong>rudimentis</strong></span> <span class='ocrx_word' id='word_1_93' title='bbox 913 1421 966 1449; x_wconf 91' lang='lat' dir='ltr'><strong>im-</strong></span> 
     </span>
    </p>
   </div>
   <div class='ocr_carea' id='block_1_18' title="bbox 178 1468 964 1503">
    <p class='ocr_par' dir='ltr' id='par_1_18' title="bbox 178 1468 964 1503">
     <span class='ocr_line' id='line_1_18' title="bbox 178 1468 964 1503; baseline -0.003 -6"><span class='ocrx_word' id='word_1_94' title='bbox 178 1469 276 1503; x_wconf 84' lang='lat' dir='ltr'><strong>buens,</strong></span> <span class='ocrx_word' id='word_1_95' title='bbox 291 1470 324 1497; x_wconf 86' lang='lat' dir='ltr'><strong>ad</strong></span> <span class='ocrx_word' id='word_1_96' title='bbox 340 1477 433 1497; x_wconf 87' lang='lat' dir='ltr'><strong>rerum</strong></span> <span class='ocrx_word' id='word_1_97' title='bbox 446 1469 601 1497; x_wconf 87' lang='lat' dir='ltr'><strong>divinarum</strong></span> <span class='ocrx_word' id='word_1_98' title='bbox 616 1469 818 1497; x_wconf 89' lang='lat' dir='ltr'><strong>meditationem</strong></span> <span class='ocrx_word' id='word_1_99' title='bbox 835 1468 964 1496; x_wconf 81' lang='lat' dir='ltr'><strong>traduxit.</strong></span> 
     </span>
    </p>
   </div>
   <div class='ocr_carea' id='block_1_19' title="bbox 178 1515 967 1552">
    <p class='ocr_par' dir='ltr' id='par_1_19' title="bbox 178 1515 967 1552">
     <span class='ocr_line' id='line_1_19' title="bbox 178 1515 967 1552; baseline -0.001 -9"><span class='ocrx_word' id='word_1_100' title='bbox 178 1515 279 1551; x_wconf 79' lang='lat' dir='ltr'><strong>Elapso</strong></span> <span class='ocrx_word' id='word_1_101' title='bbox 297 1516 487 1552; x_wconf 90' lang='lat' dir='ltr'><strong>quinquennio</strong></span> <span class='ocrx_word' id='word_1_102' title='bbox 508 1516 534 1543; x_wconf 89' lang='lat' dir='ltr'><strong>in</strong></span> <span class='ocrx_word' id='word_1_103' title='bbox 549 1516 665 1551; x_wconf 90' lang='lat' dir='ltr'><strong>patriam</strong></span> <span class='ocrx_word' id='word_1_104' title='bbox 681 1523 808 1543; x_wconf 86' lang='lat' dir='ltr'><strong>reversus</strong></span> <span class='ocrx_word' id='word_1_105' title='bbox 819 1515 967 1551; x_wconf 80' lang='lat' dir='ltr'><strong>Gregorius</strong></span> 
     </span>
    </p>
   </div>
   <div class='ocr_carea' id='block_1_20' title="bbox 177 1561 966 1596">
    <p class='ocr_par' dir='ltr' id='par_1_20' title="bbox 177 1561 966 1596">
     <span class='ocr_line' id='line_1_20' title="bbox 177 1561 966 1596; baseline -0.003 -7"><span class='ocrx_word' id='word_1_106' title='bbox 177 1562 250 1589; x_wconf 85' lang='lat' dir='ltr'><strong>circa</strong></span> <span class='ocrx_word' id='word_1_107' title='bbox 267 1570 369 1590; x_wconf 87' lang='lat' dir='ltr'><strong>annum</strong></span> <span class='ocrx_word' id='word_1_108' title='bbox 384 1561 487 1589; x_wconf 83' lang='lat' dir='ltr'><strong>Christi</strong></span> <span class='ocrx_word' id='word_1_109' title='bbox 501 1561 564 1594; x_wconf 74' lang='lat'><strong>259,</strong></span> <span class='ocrx_word' id='word_1_110' title='bbox 583 1561 656 1589; x_wconf 85' lang='lat' dir='ltr'><strong>haud</strong></span> <span class='ocrx_word' id='word_1_111' title='bbox 675 1561 762 1588; x_wconf 90' lang='lat' dir='ltr'><strong>multo</strong></span> <span class='ocrx_word' id='word_1_112' title='bbox 779 1566 851 1596; x_wconf 80' lang='lat' dir='ltr'><strong>post,</strong></span> <span class='ocrx_word' id='word_1_113' title='bbox 865 1561 966 1588; x_wconf 91' lang='lat' dir='ltr'><strong>invitus</strong></span> 
     </span>
    </p>
   </div>
   <div class='ocr_carea' id='block_1_21' title="bbox 177 1607 965 1642">
    <p class='ocr_par' dir='ltr' id='par_1_21' title="bbox 177 1607 965 1642">
     <span class='ocr_line' id='line_1_21' title="bbox 177 1607 965 1642; baseline 0 -8"><span class='ocrx_word' id='word_1_114' title='bbox 177 1608 250 1640; x_wconf 87' lang='lat' dir='ltr'><strong>licet,</strong></span> <span class='ocrx_word' id='word_1_115' title='bbox 279 1615 294 1634; x_wconf 91' lang='lat' dir='ltr'><strong>a</strong></span> <span class='ocrx_word' id='word_1_116' title='bbox 316 1607 454 1635; x_wconf 71' lang='lat' dir='ltr'><strong>Plnpdimo</strong></span> <span class='ocrx_word' id='word_1_117' title='bbox 480 1608 604 1635; x_wconf 78' lang='lat' dir='ltr'><strong>Amaseae</strong></span> <span class='ocrx_word' id='word_1_118' title='bbox 639 1608 754 1642; x_wconf 71' lang='lat' dir='ltr'><strong>prazsule</strong></span> <span class='ocrx_word' id='word_1_119' title='bbox 788 1611 965 1635; x_wconf 85' lang='lat' dir='ltr'><strong>consecratur</strong></span> 
     </span>
    </p>
   </div>
   <div class='ocr_carea' id='block_1_22' title="bbox 1022 1006 1807 1044">
    <p class='ocr_par' dir='ltr' id='par_1_22' title="bbox 1022 1006 1807 1044">
     <span class='ocr_line' id='line_1_22' title="bbox 1022 1006 1807 1044; baseline 0.003 -10"><span class='ocrx_word' id='word_1_120' title='bbox 1022 1007 1110 1042; x_wconf 88' lang='lat' dir='ltr'><strong>ipsius</strong></span> <span class='ocrx_word' id='word_1_121' title='bbox 1118 1006 1179 1034; x_wconf 84' lang='lat' dir='ltr'><strong>Vita</strong></span> <span class='ocrx_word' id='word_1_122' title='bbox 1193 1014 1242 1042; x_wconf 88' lang='lat' dir='ltr'><strong>per</strong></span> <span class='ocrx_word' id='word_1_123' title='bbox 1257 1007 1288 1035; x_wconf 91' lang='lat' dir='ltr'><strong>S.</strong></span> <span class='ocrx_word' id='word_1_124' title='bbox 1303 1007 1464 1043; x_wconf 80' lang='lat' dir='ltr'><strong>Gregorium</strong></span> <span class='ocrx_word' id='word_1_125' title='bbox 1479 1007 1559 1044; x_wconf 82' lang='lat' dir='ltr'><strong>Nyss.</strong></span> <span class='ocrx_word' id='word_1_126' title='bbox 1569 1009 1689 1044; x_wconf 86' lang='lat' dir='ltr'><strong>scripta.</strong></span> <span class='ocrx_word' id='word_1_127' title='bbox 1705 1009 1763 1042; x_wconf 90' lang='lat' dir='ltr'><strong>Quo</strong></span> <span class='ocrx_word' id='word_1_128' title='bbox 1773 1019 1807 1036; x_wconf 82' lang='lat' dir='ltr'><strong>au-</strong></span> 
     </span>
    </p>
   </div>
   <div class='ocr_carea' id='block_1_23' title="bbox 1021 1054 1807 1091">
    <p class='ocr_par' dir='ltr' id='par_1_23' title="bbox 1021 1054 1807 1091">
     <span class='ocr_line' id='line_1_23' title="bbox 1021 1054 1807 1091; baseline 0.001 -11"><span class='ocrx_word' id='word_1_129' title='bbox 1021 1057 1076 1080; x_wconf 88' lang='lat' dir='ltr'><strong>tem</strong></span> <span class='ocrx_word' id='word_1_130' title='bbox 1101 1060 1174 1080; x_wconf 89' lang='lat' dir='ltr'><strong>anno</strong></span> <span class='ocrx_word' id='word_1_131' title='bbox 1194 1060 1353 1088; x_wconf 88' lang='lat' dir='ltr'><strong>supremum</strong></span> <span class='ocrx_word' id='word_1_132' title='bbox 1367 1054 1438 1081; x_wconf 89' lang='lat' dir='ltr'><strong>diem</strong></span> <span class='ocrx_word' id='word_1_133' title='bbox 1459 1054 1560 1082; x_wconf 89' lang='lat' dir='ltr'><strong>obierit</strong></span> <span class='ocrx_word' id='word_1_134' title='bbox 1578 1059 1698 1083; x_wconf 88' lang='lat' dir='ltr'><strong>sanctus</strong></span> <span class='ocrx_word' id='word_1_135' title='bbox 1710 1056 1807 1091; x_wconf 66' lang='lat' dir='ltr'><strong>prcsul,</strong></span> 
     </span>
    </p>
   </div>
   <div class='ocr_carea' id='block_1_24' title="bbox 1021 1098 1808 1136">
    <p class='ocr_par' dir='ltr' id='par_1_24' title="bbox 1021 1098 1808 1136">
     <span class='ocr_line' id='line_1_24' title="bbox 1021 1098 1808 1136; baseline 0.003 -10"><span class='ocrx_word' id='word_1_136' title='bbox 1021 1107 1076 1126; x_wconf 87' lang='lat' dir='ltr'><strong>non</strong></span> <span class='ocrx_word' id='word_1_137' title='bbox 1091 1099 1187 1134; x_wconf 83' lang='lat' dir='ltr'><strong>liquet.</strong></span> <span class='ocrx_word' id='word_1_138' title='bbox 1202 1098 1270 1127; x_wconf 88' lang='lat' dir='ltr'><strong>Illud</strong></span> <span class='ocrx_word' id='word_1_139' title='bbox 1282 1103 1387 1127; x_wconf 88' lang='lat' dir='ltr'><strong>tantum</strong></span> <span class='ocrx_word' id='word_1_140' title='bbox 1395 1107 1429 1127; x_wconf 84' lang='lat' dir='ltr'><strong>ex</strong></span> <span class='ocrx_word' id='word_1_141' title='bbox 1444 1100 1561 1129; x_wconf 80' lang='lat' dir='ltr'><strong>Eusebio</strong></span> <span class='ocrx_word' id='word_1_142' title='bbox 1574 1106 1752 1136; x_wconf 86' lang='lat' dir='ltr'><strong>perspectum</strong></span> <span class='ocrx_word' id='word_1_143' title='bbox 1769 1102 1808 1129; x_wconf 74' lang='lat' dir='ltr'><strong>ha-</strong></span> 
     </span>
    </p>
   </div>
   <div class='ocr_carea' id='block_1_25' title="bbox 1021 1145 1808 1181">
    <p class='ocr_par' dir='ltr' id='par_1_25' title="bbox 1021 1145 1808 1181">
     <span class='ocr_line' id='line_1_25' title="bbox 1021 1145 1808 1181; baseline 0.001 -9"><span class='ocrx_word' id='word_1_144' title='bbox 1021 1145 1117 1173; x_wconf 86' lang='lat' dir='ltr'><strong>bemus</strong></span> <span class='ocrx_word' id='word_1_145' title='bbox 1134 1145 1184 1181; x_wconf 85' lang='lat'><strong>(8),</strong></span> <span class='ocrx_word' id='word_1_146' title='bbox 1213 1148 1304 1181; x_wconf 88' lang='lat' dir='ltr'><strong>ipsum</strong></span> <span class='ocrx_word' id='word_1_147' title='bbox 1332 1145 1403 1173; x_wconf 86' lang='lat' dir='ltr'><strong>inter</strong></span> <span class='ocrx_word' id='word_1_148' title='bbox 1426 1154 1473 1174; x_wconf 88' lang='lat' dir='ltr'><strong>eos</strong></span> <span class='ocrx_word' id='word_1_149' title='bbox 1487 1146 1585 1175; x_wconf 82' lang='lat' dir='ltr'><strong>Patres</strong></span> <span class='ocrx_word' id='word_1_150' title='bbox 1610 1149 1731 1175; x_wconf 71' lang='lat' dir='ltr'><strong>maxime</strong></span> <span class='ocrx_word' id='word_1_151' title='bbox 1751 1149 1808 1175; x_wconf 72' lang='lat' dir='ltr'><strong>emi-</strong></span> 
     </span>
    </p>
   </div>
   <div class='ocr_carea' id='block_1_26' title="bbox 1020 1191 1808 1227">
    <p class='ocr_par' dir='ltr' id='par_1_26' title="bbox 1020 1191 1808 1227">
     <span class='ocr_line' id='line_1_26' title="bbox 1020 1191 1808 1227; baseline 0.003 -9"><span class='ocrx_word' id='word_1_152' title='bbox 1020 1192 1120 1223; x_wconf 81' lang='lat' dir='ltr'><strong>nuisse,</strong></span> <span class='ocrx_word' id='word_1_153' title='bbox 1135 1192 1182 1227; x_wconf 89' lang='lat' dir='ltr'><strong>qui</strong></span> <span class='ocrx_word' id='word_1_154' title='bbox 1201 1192 1236 1220; x_wconf 90' lang='lat' dir='ltr'><strong>ob</strong></span> <span class='ocrx_word' id='word_1_155' title='bbox 1250 1191 1327 1219; x_wconf 88' lang='lat' dir='ltr'><strong>Pauli</strong></span> <span class='ocrx_word' id='word_1_156' title='bbox 1341 1191 1512 1220; x_wconf 87' lang='lat' dir='ltr'><strong>Samosateni</strong></span> <span class='ocrx_word' id='word_1_157' title='bbox 1525 1193 1656 1220; x_wconf 72' lang='lat' dir='ltr'><strong>haeresim</strong></span> <span class='ocrx_word' id='word_1_158' title='bbox 1680 1201 1754 1221; x_wconf 87' lang='lat' dir='ltr'><strong>anno</strong></span> <span class='ocrx_word' id='word_1_159' title='bbox 1764 1194 1808 1220; x_wconf 66' lang='grc'><strong>264</strong></span> 
     </span>
    </p>
   </div>
   <div class='ocr_carea' id='block_1_27' title="bbox 1020 1237 1809 1273">
    <p class='ocr_par' dir='ltr' id='par_1_27' title="bbox 1020 1237 1809 1273">
     <span class='ocr_line' id='line_1_27' title="bbox 1020 1237 1809 1273; baseline 0.004 -9"><span class='ocrx_word' id='word_1_160' title='bbox 1020 1238 1171 1266; x_wconf 70' lang='lat' dir='ltr'><strong>Antiochia:</strong></span> <span class='ocrx_word' id='word_1_161' title='bbox 1185 1238 1301 1273; x_wconf 90' lang='lat' dir='ltr'><strong>primum</strong></span> <span class='ocrx_word' id='word_1_162' title='bbox 1317 1243 1511 1266; x_wconf 86' lang='lat' dir='ltr'><strong>convenerunt.</strong></span> <span class='ocrx_word' id='word_1_163' title='bbox 1529 1237 1608 1271; x_wconf 87' lang='lat' dir='ltr'><strong>Quod</strong></span> <span class='ocrx_word' id='word_1_164' title='bbox 1629 1239 1654 1267; x_wconf 88' lang='lat' dir='ltr'><strong>si</strong></span> <span class='ocrx_word' id='word_1_165' title='bbox 1679 1239 1748 1267; x_wconf 87' lang='lat' dir='ltr'><strong>fides</strong></span> <span class='ocrx_word' id='word_1_166' title='bbox 1770 1240 1809 1266; x_wconf 77' lang='lat' dir='ltr'><strong>ha-</strong></span> 
     </span>
    </p>
   </div>
   <div class='ocr_carea' id='block_1_28' title="bbox 1020 1283 1807 1320">
    <p class='ocr_par' dir='ltr' id='par_1_28' title="bbox 1020 1283 1807 1320">
     <span class='ocr_line' id='line_1_28' title="bbox 1020 1283 1807 1320; baseline 0.001 -10"><span class='ocrx_word' id='word_1_167' title='bbox 1020 1283 1116 1311; x_wconf 88' lang='lat' dir='ltr'><strong>beatur</strong></span> <span class='ocrx_word' id='word_1_168' title='bbox 1140 1285 1246 1312; x_wconf 81' lang='lat' dir='ltr'><strong>auctori</strong></span> <span class='ocrx_word' id='word_1_169' title='bbox 1264 1283 1359 1312; x_wconf 81' lang='lat' dir='ltr'><strong>Libelli</strong></span> <span class='ocrx_word' id='word_1_170' title='bbox 1385 1284 1505 1320; x_wconf 82' lang='lat' dir='ltr'><strong>synodici</strong></span> <span class='ocrx_word' id='word_1_171' title='bbox 1528 1285 1703 1320; x_wconf 85' lang='lat' dir='ltr'><strong>temporibus</strong></span> <span class='ocrx_word' id='word_1_172' title='bbox 1723 1284 1807 1312; x_wconf 79' lang='lat' dir='ltr'><strong>Pholii</strong></span> 
     </span>
    </p>
   </div>
   <div class='ocr_carea' id='block_1_29' title="bbox 1019 1329 1808 1366">
    <p class='ocr_par' dir='ltr' id='par_1_29' title="bbox 1019 1329 1808 1366">
     <span class='ocr_line' id='line_1_29' title="bbox 1019 1329 1808 1366; baseline 0.003 -10"><span class='ocrx_word' id='word_1_173' title='bbox 1019 1329 1116 1358; x_wconf 87' lang='lat' dir='ltr'><strong>litteris</strong></span> <span class='ocrx_word' id='word_1_174' title='bbox 1135 1330 1298 1366; x_wconf 86' lang='lat' dir='ltr'><strong>consignati,</strong></span> <span class='ocrx_word' id='word_1_175' title='bbox 1314 1330 1462 1366; x_wconf 82' lang='lat' dir='ltr'><strong>Gregorius</strong></span> <span class='ocrx_word' id='word_1_176' title='bbox 1481 1330 1717 1359; x_wconf 73' lang='lat' dir='ltr'><strong>Neoczesariensis</strong></span> <span class='ocrx_word' id='word_1_177' title='bbox 1745 1332 1808 1358; x_wconf 77' lang='lat' dir='ltr'><strong>inter</strong></span> 
     </span>
    </p>
   </div>
   <div class='ocr_carea' id='block_1_30' title="bbox 1019 1376 1807 1413">
    <p class='ocr_par' dir='ltr' id='par_1_30' title="bbox 1019 1376 1807 1413">
     <span class='ocr_line' id='line_1_30' title="bbox 1019 1376 1807 1413; baseline 0.003 -11"><span class='ocrx_word' id='word_1_178' title='bbox 1019 1376 1146 1404; x_wconf 90' lang='lat' dir='ltr'><strong>homines</strong></span> <span class='ocrx_word' id='word_1_179' title='bbox 1166 1377 1256 1405; x_wconf 88' lang='lat' dir='ltr'><strong>adhuc</strong></span> <span class='ocrx_word' id='word_1_180' title='bbox 1274 1377 1369 1412; x_wconf 79' lang='lat' dir='ltr'><strong>agebat</strong></span> <span class='ocrx_word' id='word_1_181' title='bbox 1387 1385 1459 1405; x_wconf 88' lang='lat' dir='ltr'><strong>anno</strong></span> <span class='ocrx_word' id='word_1_182' title='bbox 1473 1377 1537 1410; x_wconf 73' lang='lat'><strong>270,</strong></span> <span class='ocrx_word' id='word_1_183' title='bbox 1553 1377 1656 1413; x_wconf 86' lang='lat' dir='ltr'><strong>quippe</strong></span> <span class='ocrx_word' id='word_1_184' title='bbox 1670 1378 1719 1413; x_wconf 85' lang='lat' dir='ltr'><strong>qui</strong></span> <span class='ocrx_word' id='word_1_185' title='bbox 1737 1378 1807 1405; x_wconf 80' lang='lat' dir='ltr'><strong>alteri</strong></span> 
     </span>
    </p>
   </div>
   <div class='ocr_carea' id='block_1_31' title="bbox 1020 1423 1808 1460">
    <p class='ocr_par' dir='ltr' id='par_1_31' title="bbox 1020 1423 1808 1460">
     <span class='ocr_line' id='line_1_31' title="bbox 1020 1423 1808 1460; baseline 0 -10"><span class='ocrx_word' id='word_1_186' title='bbox 1020 1423 1139 1450; x_wconf 89' lang='lat' dir='ltr'><strong>concilio</strong></span> <span class='ocrx_word' id='word_1_187' title='bbox 1151 1423 1322 1456; x_wconf 83' lang='lat' dir='ltr'><strong>Aptiocheno</strong></span> <span class='ocrx_word' id='word_1_188' title='bbox 1346 1423 1504 1451; x_wconf 80' lang='lat' dir='ltr'><strong>interfuisse</strong></span> <span class='ocrx_word' id='word_1_189' title='bbox 1526 1424 1647 1458; x_wconf 90' lang='lat' dir='ltr'><strong>dicatur,</strong></span> <span class='ocrx_word' id='word_1_190' title='bbox 1673 1432 1732 1460; x_wconf 90' lang='lat' dir='ltr'><strong>quo</strong></span> <span class='ocrx_word' id='word_1_191' title='bbox 1753 1429 1808 1451; x_wconf 86' lang='lat' dir='ltr'><strong>tan-</strong></span> 
     </span>
    </p>
   </div>
   <div class='ocr_carea' id='block_1_32' title="bbox 1018 1468 1809 1505">
    <p class='ocr_par' dir='ltr' id='par_1_32' title="bbox 1018 1468 1809 1505">
     <span class='ocr_line' id='line_1_32' title="bbox 1018 1468 1809 1505; baseline 0.001 -10"><span class='ocrx_word' id='word_1_192' title='bbox 1018 1468 1079 1495; x_wconf 91' lang='lat' dir='ltr'><strong>dem</strong></span> <span class='ocrx_word' id='word_1_193' title='bbox 1099 1468 1296 1497; x_wconf 87' lang='lat' dir='ltr'><strong>Samosatenus</strong></span> <span class='ocrx_word' id='word_1_194' title='bbox 1329 1469 1470 1504; x_wconf 86' lang='lat' dir='ltr'><strong>depositus</strong></span> <span class='ocrx_word' id='word_1_195' title='bbox 1494 1469 1699 1505; x_wconf 83' lang='lat' dir='ltr'><strong>damnatusque</strong></span> <span class='ocrx_word' id='word_1_196' title='bbox 1729 1469 1809 1497; x_wconf 78' lang='lat' dir='ltr'><strong>fuisse</strong></span> 
     </span>
    </p>
   </div>
   <div class='ocr_carea' id='block_1_33' title="bbox 1018 1513 1808 1551">
    <p class='ocr_par' dir='ltr' id='par_1_33' title="bbox 1018 1513 1808 1551">
     <span class='ocr_line' id='line_1_33' title="bbox 1018 1513 1808 1551; baseline 0 -10"><span class='ocrx_word' id='word_1_197' title='bbox 1018 1514 1188 1549; x_wconf 89' lang='lat' dir='ltr'><strong>perhibetur.</strong></span> <span class='ocrx_word' id='word_1_198' title='bbox 1210 1515 1256 1542; x_wconf 88' lang='lat' dir='ltr'><strong>Sic</strong></span> <span class='ocrx_word' id='word_1_199' title='bbox 1270 1515 1344 1542; x_wconf 88' lang='lat' dir='ltr'><strong>enim</strong></span> <span class='ocrx_word' id='word_1_200' title='bbox 1363 1513 1489 1549; x_wconf 82' lang='lat' dir='ltr'><strong>Synodici</strong></span> <span class='ocrx_word' id='word_1_201' title='bbox 1504 1519 1599 1542; x_wconf 88' lang='lat' dir='ltr'><strong>auctor</strong></span> <span class='ocrx_word' id='word_1_202' title='bbox 1619 1515 1680 1551; x_wconf 80' lang='lat'><strong>(9):</strong></span> <span class='ocrx_word' id='word_1_203' title='bbox 1701 1515 1808 1545; x_wconf 68' lang='grc' dir='ltr'><strong>Σύνοόος</strong></span> 
     </span>
    </p>
   </div>
   <div class='ocr_carea' id='block_1_34' title="bbox 1017 1559 1808 1597">
    <p class='ocr_par' dir='ltr' id='par_1_34' title="bbox 1017 1559 1808 1597">
     <span class='ocr_line' id='line_1_34' title="bbox 1017 1559 1808 1597; baseline 0.003 -11"><span class='ocrx_word' id='word_1_204' title='bbox 1017 1560 1077 1587; x_wconf 80' lang='grc' dir='ltr'><strong>θεία</strong></span> <span class='ocrx_word' id='word_1_205' title='bbox 1093 1559 1139 1587; x_wconf 77' lang='grc' dir='ltr'><strong>καὶ</strong></span> <span class='ocrx_word' id='word_1_206' title='bbox 1157 1561 1218 1597; x_wconf 79' lang='grc' dir='ltr'><strong>ιερὰ</strong></span> <span class='ocrx_word' id='word_1_207' title='bbox 1231 1560 1341 1596; x_wconf 81' lang='grc' dir='ltr'><strong>τοπικὴ,</strong></span> <span class='ocrx_word' id='word_1_208' title='bbox 1358 1561 1387 1588; x_wconf 81' lang='grc' dir='ltr'>ἐν</span> <span class='ocrx_word' id='word_1_209' title='bbox 1402 1560 1554 1596; x_wconf 73' lang='grc' dir='ltr'><strong>Ἀντιοχείᾳ</strong></span> <span class='ocrx_word' id='word_1_210' title='bbox 1569 1560 1808 1596; x_wconf 68' lang='grc' dir='ltr'><strong>συναθροισθεῖσα·</strong></span> 
     </span>
    </p>
   </div>
   <div class='ocr_carea' id='block_1_35' title="bbox 1016 1604 1808 1643">
    <p class='ocr_par' dir='ltr' id='par_1_35' title="bbox 1016 1604 1808 1643">
     <span class='ocr_line' id='line_1_35' title="bbox 1016 1604 1808 1643; baseline 0.003 -10"><span class='ocrx_word' id='word_1_211' title='bbox 1016 1604 1051 1643; x_wconf 86' lang='grc' dir='ltr'>ἧς</span> <span class='ocrx_word' id='word_1_212' title='bbox 1071 1606 1185 1643; x_wconf 80' lang='grc' dir='ltr'>ἔξαρχος</span> <span class='ocrx_word' id='word_1_213' title='bbox 1208 1605 1242 1643; x_wconf 81' lang='grc' dir='ltr'>ἦν</span> <span class='ocrx_word' id='word_1_214' title='bbox 1265 1607 1388 1640; x_wconf 75' lang='grc' dir='ltr'><strong>Ἕλενος,</strong></span> <span class='ocrx_word' id='word_1_215' title='bbox 1411 1608 1425 1633; x_wconf 84' lang='grc' dir='ltr'>ὁ</span> <span class='ocrx_word' id='word_1_216' title='bbox 1442 1607 1549 1643; x_wconf 81' lang='grc' dir='ltr'><strong>Ταρσοῦ</strong></span> <span class='ocrx_word' id='word_1_217' title='bbox 1574 1608 1808 1640; x_wconf 74' lang='grc' dir='ltr'><strong>ὲπίσκοπος·...ὁ</strong></span> 
     </span>
    </p>
   </div>
   <div class='ocr_carea' id='block_1_36' title="bbox 178 1644 1070 1690">
    <p class='ocr_par' dir='ltr' id='par_1_36' title="bbox 178 1644 1070 1689">
     <span class='ocr_line' id='line_1_36' title="bbox 178 1644 1070 1689; baseline -0.001 -8"><span class='ocrx_word' id='word_1_218' title='bbox 178 1654 336 1689; x_wconf 86' lang='lat' dir='ltr'><strong>episcopus;</strong></span> <span class='ocrx_word' id='word_1_219' title='bbox 360 1661 416 1681; x_wconf 89' lang='lat' dir='ltr'><strong>non</strong></span> <span class='ocrx_word' id='word_1_220' title='bbox 436 1653 555 1689; x_wconf 87' lang='lat' dir='ltr'><strong>quidem,</strong></span> <span class='ocrx_word' id='word_1_221' title='bbox 577 1659 606 1681; x_wconf 89' lang='lat' dir='ltr'><strong>ut</strong></span> <span class='ocrx_word' id='word_1_222' title='bbox 624 1653 749 1681; x_wconf 85' lang='lat' dir='ltr'><strong>nonnulli</strong></span> <span class='ocrx_word' id='word_1_223' title='bbox 769 1653 872 1686; x_wconf 78' lang='lat' dir='ltr'><strong>dixere,</strong></span> <span class='ocrx_word' id='word_1_224' title='bbox 893 1653 964 1680; x_wconf 93' lang='lat' dir='ltr'><strong>nuda</strong></span> <span class='ocrx_word' id='word_1_225' title='bbox 981 1644 1001 1672; x_wconf 75' lang='grc' dir='ltr'><strong><em>Β</em></strong></span> <span class='ocrx_word' id='word_1_226' title='bbox 1015 1653 1070 1680; x_wconf 84' lang='grc' dir='ltr'><strong>Θαυ</strong></span> 
     </span>
    </p>
   </div>
   <div class='ocr_carea' id='block_1_37' title="bbox 1044 1644 1807 1690">
    <p class='ocr_par' dir='ltr' id='par_1_37' title="bbox 1044 1653 1807 1690">
     <span class='ocr_line' id='line_1_37' title="bbox 1044 1653 1807 1690; baseline -0.001 -10"><span class='ocrx_word' id='word_1_227' title='bbox 1044 1653 1228 1690; x_wconf 74' lang='grc' dir='ltr'><strong>κυματουργὺς</strong></span> <span class='ocrx_word' id='word_1_228' title='bbox 1240 1653 1400 1690; x_wconf 84' lang='grc' dir='ltr'><strong>Γρηγόριος,</strong></span> <span class='ocrx_word' id='word_1_229' title='bbox 1408 1654 1576 1690; x_wconf 79' lang='grc' dir='ltr'><strong>Καισαρείας</strong></span> <span class='ocrx_word' id='word_1_230' title='bbox 1586 1654 1706 1687; x_wconf 75' lang='grc' dir='ltr'><strong>Πόντου,</strong></span> <span class='ocrx_word' id='word_1_231' title='bbox 1718 1664 1747 1682; x_wconf 81' lang='grc' dir='ltr'><strong>χ.</strong></span> <span class='ocrx_word' id='word_1_232' title='bbox 1755 1664 1777 1680; x_wconf 84' lang='grc' dir='ltr'><strong>τ.</strong></span> <span class='ocrx_word' id='word_1_233' title='bbox 1787 1655 1807 1679; x_wconf 78' lang='grc' dir='ltr'><strong>λ.</strong></span> 
     </span>
    </p>
   </div>
   <div class='ocr_carea' id='block_1_38' title="bbox 177 1698 963 1736">
    <p class='ocr_par' dir='ltr' id='par_1_38' title="bbox 177 1698 963 1736">
     <span class='ocr_line' id='line_1_38' title="bbox 177 1698 963 1736; baseline -0.003 -8"><span class='ocrx_word' id='word_1_234' title='bbox 177 1701 205 1728; x_wconf 92' lang='lat' dir='ltr'><strong>in</strong></span> <span class='ocrx_word' id='word_1_235' title='bbox 231 1701 370 1728; x_wconf 86' lang='lat' dir='ltr'><strong>absentem</strong></span> <span class='ocrx_word' id='word_1_236' title='bbox 397 1700 493 1736; x_wconf 89' lang='lat' dir='ltr'><strong>procul</strong></span> <span class='ocrx_word' id='word_1_237' title='bbox 515 1699 599 1727; x_wconf 86' lang='lat' dir='ltr'><strong>divini</strong></span> <span class='ocrx_word' id='word_1_238' title='bbox 624 1698 751 1727; x_wconf 85' lang='lat' dir='ltr'><strong>Numinis</strong></span> <span class='ocrx_word' id='word_1_239' title='bbox 775 1699 963 1732; x_wconf 86' lang='lat' dir='ltr'><strong>invocatione,</strong></span> 
     </span>
    </p>
   </div>
   <div class='ocr_carea' id='block_1_39' title="bbox 175 1745 963 1780">
    <p class='ocr_par' dir='ltr' id='par_1_39' title="bbox 175 1745 963 1780">
     <span class='ocr_line' id='line_1_39' title="bbox 175 1745 963 1780; baseline -0.003 -6"><span class='ocrx_word' id='word_1_240' title='bbox 175 1747 223 1774; x_wconf 81' lang='lat' dir='ltr'><strong>sed</strong></span> <span class='ocrx_word' id='word_1_241' title='bbox 244 1746 357 1774; x_wconf 87' lang='lat' dir='ltr'><strong>solemni</strong></span> <span class='ocrx_word' id='word_1_242' title='bbox 386 1753 515 1773; x_wconf 89' lang='lat' dir='ltr'><strong>manuum</strong></span> <span class='ocrx_word' id='word_1_243' title='bbox 542 1745 735 1780; x_wconf 88' lang='lat' dir='ltr'><strong>impositione,</strong></span> <span class='ocrx_word' id='word_1_244' title='bbox 759 1745 869 1773; x_wconf 83' lang='grc' dir='ltr'>πάντων</span> <span class='ocrx_word' id='word_1_245' title='bbox 894 1745 963 1780; x_wconf 75' lang='grc' dir='ltr'><strong>μετὰ</strong></span> 
     </span>
    </p>
   </div>
   <div class='ocr_carea' id='block_1_40' title="bbox 174 1792 963 1830">
    <p class='ocr_par' dir='ltr' id='par_1_40' title="bbox 174 1792 963 1830">
     <span class='ocr_line' id='line_1_40' title="bbox 174 1792 963 1830; baseline -0.001 -9"><span class='ocrx_word' id='word_1_246' title='bbox 174 1793 261 1822; x_wconf 81' lang='grc' dir='ltr'>ταῦτα</span> <span class='ocrx_word' id='word_1_247' title='bbox 275 1793 328 1820; x_wconf 79' lang='grc' dir='ltr'><strong>τῶν</strong></span> <span class='ocrx_word' id='word_1_248' title='bbox 342 1793 466 1830; x_wconf 79' lang='grc' dir='ltr'><strong>νομίμων</strong></span> <span class='ocrx_word' id='word_1_249' title='bbox 479 1793 522 1820; x_wconf 77' lang='grc' dir='ltr'><strong>ἐπ’</strong></span> <span class='ocrx_word' id='word_1_250' title='bbox 536 1792 612 1828; x_wconf 83' lang='grc' dir='ltr'><strong>αὐτῷ</strong></span> <span class='ocrx_word' id='word_1_251' title='bbox 628 1792 817 1826; x_wconf 79' lang='grc' dir='ltr'><strong>τελεσθέντων,</strong></span> <span class='ocrx_word' id='word_1_252' title='bbox 848 1802 858 1818; x_wconf 73' lang='grc' dir='ltr'><strong><em>ι</em></strong></span> <span class='ocrx_word' id='word_1_253' title='bbox 875 1794 963 1821; x_wconf 90' lang='lat' dir='ltr'><strong>omni-</strong></span> 
     </span>
    </p>
   </div>
   <div class='ocr_carea' id='block_1_41' title="bbox 175 1838 963 1875">
    <p class='ocr_par' dir='ltr' id='par_1_41' title="bbox 175 1838 963 1875">
     <span class='ocr_line' id='line_1_41' title="bbox 175 1838 963 1875; baseline 0 -8"><span class='ocrx_word' id='word_1_254' title='bbox 175 1840 226 1867; x_wconf 83' lang='lat' dir='ltr'><strong>bus</strong></span> <span class='ocrx_word' id='word_1_255' title='bbox 252 1844 345 1875; x_wconf 86' lang='lat' dir='ltr'><strong>postea</strong></span> <span class='ocrx_word' id='word_1_256' title='bbox 371 1840 398 1866; x_wconf 94' lang='lat' dir='ltr'><strong>in</strong></span> <span class='ocrx_word' id='word_1_257' title='bbox 419 1847 452 1867; x_wconf 91' lang='lat' dir='ltr'><strong>eo</strong></span> <span class='ocrx_word' id='word_1_258' title='bbox 474 1839 592 1874; x_wconf 83' lang='lat' dir='ltr'><strong>peractis</strong></span> <span class='ocrx_word' id='word_1_259' title='bbox 622 1846 683 1874; x_wconf 60' lang='lat' dir='ltr'><strong>qua!</strong></span> <span class='ocrx_word' id='word_1_260' title='bbox 707 1838 836 1867; x_wconf 64' lang='lat' dir='ltr'><strong>Ecclesia</strong></span> <span class='ocrx_word' id='word_1_261' title='bbox 866 1839 963 1867; x_wconf 90' lang='lat' dir='ltr'><strong>ritibus</strong></span> 
     </span>
    </p>
   </div>
   <div class='ocr_carea' id='block_1_42' title="bbox 174 1884 962 1922">
    <p class='ocr_par' dir='ltr' id='par_1_42' title="bbox 174 1884 962 1922">
     <span class='ocr_line' id='line_1_42' title="bbox 174 1884 962 1922; baseline -0.001 -8"><span class='ocrx_word' id='word_1_262' title='bbox 174 1887 408 1922; x_wconf 74' lang='lat' dir='ltr'><strong>przescribuntur,</strong></span> <span class='ocrx_word' id='word_1_263' title='bbox 425 1895 434 1911; x_wconf 76' lang='grc' dir='ltr'><strong><em>ι</em></strong></span> <span class='ocrx_word' id='word_1_264' title='bbox 463 1885 502 1912; x_wconf 90' lang='lat' dir='ltr'><strong>ait</strong></span> <span class='ocrx_word' id='word_1_265' title='bbox 528 1885 630 1913; x_wconf 88' lang='lat' dir='ltr'><strong>diserte</strong></span> <span class='ocrx_word' id='word_1_266' title='bbox 655 1885 683 1912; x_wconf 93' lang='lat' dir='ltr'><strong>in</strong></span> <span class='ocrx_word' id='word_1_267' title='bbox 706 1886 767 1919; x_wconf 86' lang='lat' dir='ltr'><strong>ejus</strong></span> <span class='ocrx_word' id='word_1_268' title='bbox 781 1884 842 1913; x_wconf 78' lang='lat' dir='ltr'><strong>Vita</strong></span> <span class='ocrx_word' id='word_1_269' title='bbox 863 1884 962 1921; x_wconf 86' lang='lat' dir='ltr'><strong>Nysse—</strong></span> 
     </span>
    </p>
   </div>
   <div class='ocr_carea' id='block_1_43' title="bbox 175 1929 962 1968">
    <p class='ocr_par' dir='ltr' id='par_1_43' title="bbox 175 1929 962 1968">
     <span class='ocr_line' id='line_1_43' title="bbox 175 1929 962 1968; baseline -0.001 -9"><span class='ocrx_word' id='word_1_270' title='bbox 175 1941 228 1959; x_wconf 88' lang='lat' dir='ltr'><strong>nus</strong></span> <span class='ocrx_word' id='word_1_271' title='bbox 241 1933 290 1968; x_wconf 84' lang='grc'><strong>(5),</strong></span> <span class='ocrx_word' id='word_1_272' title='bbox 308 1936 338 1958; x_wconf 90' lang='lat' dir='ltr'><strong>ut</strong></span> <span class='ocrx_word' id='word_1_273' title='bbox 357 1932 409 1959; x_wconf 86' lang='lat' dir='ltr'><strong>rite</strong></span> <span class='ocrx_word' id='word_1_274' title='bbox 430 1930 545 1958; x_wconf 78' lang='lat' dir='ltr'><strong>advertit</strong></span> <span class='ocrx_word' id='word_1_275' title='bbox 562 1930 596 1958; x_wconf 85' lang='lat' dir='ltr'><strong>cl.</strong></span> <span class='ocrx_word' id='word_1_276' title='bbox 618 1929 782 1966; x_wconf 90' lang='lat' dir='ltr'><strong>Lequienius</strong></span> <span class='ocrx_word' id='word_1_277' title='bbox 794 1930 843 1967; x_wconf 74' lang='lat'><strong>(4).</strong></span> <span class='ocrx_word' id='word_1_278' title='bbox 868 1930 962 1959; x_wconf 86' lang='lat' dir='ltr'><strong>Eccle-</strong></span> 
     </span>
    </p>
   </div>
   <div class='ocr_carea' id='block_1_44' title="bbox 174 1977 962 2013">
    <p class='ocr_par' dir='ltr' id='par_1_44' title="bbox 174 1977 962 2013">
     <span class='ocr_line' id='line_1_44' title="bbox 174 1977 962 2013; baseline -0.001 -8"><span class='ocrx_word' id='word_1_279' title='bbox 174 1979 242 2005; x_wconf 91' lang='lat' dir='ltr'><strong>siam</strong></span> <span class='ocrx_word' id='word_1_280' title='bbox 272 1978 363 2013; x_wconf 86' lang='lat' dir='ltr'><strong>itaque</strong></span> <span class='ocrx_word' id='word_1_281' title='bbox 391 1978 443 2005; x_wconf 89' lang='lat' dir='ltr'><strong>sibi</strong></span> <span class='ocrx_word' id='word_1_282' title='bbox 470 1977 647 2005; x_wconf 84' lang='lat' dir='ltr'><strong>commissam</strong></span> <span class='ocrx_word' id='word_1_283' title='bbox 679 1977 774 2005; x_wconf 90' lang='lat' dir='ltr'><strong>sedulo</strong></span> <span class='ocrx_word' id='word_1_284' title='bbox 805 1977 895 2005; x_wconf 88' lang='lat' dir='ltr'><strong>studio</strong></span> <span class='ocrx_word' id='word_1_285' title='bbox 929 1985 962 2005; x_wconf 88' lang='lat' dir='ltr'><strong>ac</strong></span> 
     </span>
    </p>
   </div>
   <div class='ocr_carea' id='block_1_45' title="bbox 173 2023 958 2058">
    <p class='ocr_par' dir='ltr' id='par_1_45' title="bbox 173 2023 958 2058">
     <span class='ocr_line' id='line_1_45' title="bbox 173 2023 958 2058; baseline -0.003 -5"><span class='ocrx_word' id='word_1_286' title='bbox 173 2033 281 2053; x_wconf 83' lang='lat' dir='ltr'><strong>summa</strong></span> <span class='ocrx_word' id='word_1_287' title='bbox 294 2025 476 2053; x_wconf 86' lang='lat' dir='ltr'><strong>sollicitudine</strong></span> <span class='ocrx_word' id='word_1_288' title='bbox 487 2024 615 2058; x_wconf 85' lang='lat' dir='ltr'><strong>pastorali</strong></span> <span class='ocrx_word' id='word_1_289' title='bbox 627 2023 781 2052; x_wconf 88' lang='lat' dir='ltr'><strong>diutissime</strong></span> <span class='ocrx_word' id='word_1_290' title='bbox 789 2024 958 2058; x_wconf 83' lang='lat' dir='ltr'><strong>gubernavit,</strong></span> 
     </span>
    </p>
   </div>
   <div class='ocr_carea' id='block_1_46' title="bbox 173 2067 960 2104">
    <p class='ocr_par' dir='ltr' id='par_1_46' title="bbox 173 2067 960 2104">
     <span class='ocr_line' id='line_1_46' title="bbox 173 2067 960 2104; baseline 0 -8"><span class='ocrx_word' id='word_1_291' title='bbox 173 2074 204 2096; x_wconf 91' lang='lat' dir='ltr'><strong>ut</strong></span> <span class='ocrx_word' id='word_1_292' title='bbox 217 2073 333 2097; x_wconf 86' lang='lat' dir='ltr'><strong>testatur</strong></span> <span class='ocrx_word' id='word_1_293' title='bbox 352 2072 463 2097; x_wconf 86' lang='lat' dir='ltr'><strong>sanctus</strong></span> <span class='ocrx_word' id='word_1_294' title='bbox 476 2067 596 2095; x_wconf 87' lang='lat' dir='ltr'><strong>Basilius</strong></span> <span class='ocrx_word' id='word_1_295' title='bbox 612 2068 662 2103; x_wconf 80' lang='lat'><strong>(5),</strong></span> <span class='ocrx_word' id='word_1_296' title='bbox 680 2067 797 2096; x_wconf 87' lang='lat' dir='ltr'><strong>Eusebio</strong></span> <span class='ocrx_word' id='word_1_297' title='bbox 817 2073 960 2104; x_wconf 86' lang='lat' dir='ltr'><strong>propterea</strong></span> 
     </span>
    </p>
   </div>
   <div class='ocr_carea' id='block_1_47' title="bbox 172 2115 960 2152">
    <p class='ocr_par' dir='ltr' id='par_1_47' title="bbox 172 2115 960 2152">
     <span class='ocr_line' id='line_1_47' title="bbox 172 2115 960 2152; baseline -0.003 -8"><span class='ocrx_word' id='word_1_298' title='bbox 172 2116 261 2144; x_wconf 88' lang='lat' dir='ltr'><strong>dictus</strong></span> <span class='ocrx_word' id='word_1_299' title='bbox 285 2116 324 2152; x_wconf 84' lang='lat'><strong>(6)</strong></span> <span class='ocrx_word' id='word_1_300' title='bbox 349 2125 357 2141; x_wconf 77' lang='grc' dir='ltr'>ι</span> <span class='ocrx_word' id='word_1_301' title='bbox 375 2116 566 2150; x_wconf 82' lang='lat' dir='ltr'><strong>episcoporum</strong></span> <span class='ocrx_word' id='word_1_302' title='bbox 596 2119 691 2142; x_wconf 85' lang='lat' dir='ltr'><strong>nostra</strong></span> <span class='ocrx_word' id='word_1_303' title='bbox 716 2119 795 2142; x_wconf 70' lang='lat' dir='ltr'><strong>tetate</strong></span> <span class='ocrx_word' id='word_1_304' title='bbox 817 2115 960 2142; x_wconf 86' lang='lat' dir='ltr'><strong>celeberri-</strong></span> 
     </span>
    </p>
   </div>
   <div class='ocr_carea' id='block_1_48' title="bbox 172 2160 959 2197">
    <p class='ocr_par' dir='ltr' id='par_1_48' title="bbox 172 2160 959 2197">
     <span class='ocr_line' id='line_1_48' title="bbox 172 2160 959 2197; baseline -0.004 -6"><span class='ocrx_word' id='word_1_305' title='bbox 172 2172 234 2191; x_wconf 89' lang='lat' dir='ltr'><strong>mus</strong></span> <span class='ocrx_word' id='word_1_306' title='bbox 245 2183 252 2195; x_wconf 85' lang='lat'><strong>,</strong></span> <span class='ocrx_word' id='word_1_307' title='bbox 273 2173 282 2189; x_wconf 83' lang='grc'><strong>›</strong></span> <span class='ocrx_word' id='word_1_308' title='bbox 302 2164 316 2190; x_wconf 82' lang='grc' dir='ltr'>ὁ</span> <span class='ocrx_word' id='word_1_309' title='bbox 331 2163 391 2189; x_wconf 72' lang='grc' dir='ltr'>καθ’</span> <span class='ocrx_word' id='word_1_310' title='bbox 405 2162 481 2197; x_wconf 80' lang='grc' dir='ltr'><strong>ἡμᾶς</strong></span> <span class='ocrx_word' id='word_1_311' title='bbox 493 2160 651 2188; x_wconf 72' lang='grc' dir='ltr'><strong>ἐπισκόπων</strong></span> <span class='ocrx_word' id='word_1_312' title='bbox 666 2161 817 2197; x_wconf 76' lang='grc' dir='ltr'><strong>διαϐόητος.</strong></span> <span class='ocrx_word' id='word_1_313' title='bbox 834 2161 885 2194; x_wconf 88' lang='lat' dir='ltr'><strong>Qui</strong></span> <span class='ocrx_word' id='word_1_314' title='bbox 897 2165 959 2188; x_wconf 85' lang='lat' dir='ltr'><strong>tan—</strong></span> 
     </span>
    </p>
   </div>
   <div class='ocr_carea' id='block_1_49' title="bbox 171 2207 957 2241">
    <p class='ocr_par' dir='ltr' id='par_1_49' title="bbox 171 2207 957 2241">
     <span class='ocr_line' id='line_1_49' title="bbox 171 2207 957 2241; baseline -0.004 -3"><span class='ocrx_word' id='word_1_315' title='bbox 171 2213 232 2238; x_wconf 88' lang='lat' dir='ltr'><strong>dem</strong></span> <span class='ocrx_word' id='word_1_316' title='bbox 250 2211 283 2237; x_wconf 90' lang='lat' dir='ltr'><strong>ad</strong></span> <span class='ocrx_word' id='word_1_317' title='bbox 299 2215 419 2237; x_wconf 75' lang='lat' dir='ltr'><strong>extrema</strong></span> <span class='ocrx_word' id='word_1_318' title='bbox 435 2209 590 2241; x_wconf 87' lang='lat' dir='ltr'><strong>deveniens,</strong></span> <span class='ocrx_word' id='word_1_319' title='bbox 605 2215 667 2236; x_wconf 90' lang='lat' dir='ltr'><strong>cum</strong></span> <span class='ocrx_word' id='word_1_320' title='bbox 684 2207 780 2235; x_wconf 84' lang='lat' dir='ltr'><strong>fuisset</strong></span> <span class='ocrx_word' id='word_1_321' title='bbox 793 2208 957 2241; x_wconf 84' lang='lat' dir='ltr'><strong>sciscitatus,</strong></span> 
     </span>
    </p>
   </div>
   <div class='ocr_carea' id='block_1_50' title="bbox 170 2254 956 2293">
    <p class='ocr_par' dir='ltr' id='par_1_50' title="bbox 170 2254 956 2293">
     <span class='ocr_line' id='line_1_50' title="bbox 170 2254 956 2293; baseline -0.004 -8"><span class='ocrx_word' id='word_1_322' title='bbox 170 2261 238 2293; x_wconf 89' lang='lat' dir='ltr'><strong>quot</strong></span> <span class='ocrx_word' id='word_1_323' title='bbox 248 2257 338 2284; x_wconf 84' lang='lat' dir='ltr'><strong>adhuc</strong></span> <span class='ocrx_word' id='word_1_324' title='bbox 353 2256 380 2283; x_wconf 89' lang='lat' dir='ltr'><strong>in</strong></span> <span class='ocrx_word' id='word_1_325' title='bbox 397 2255 464 2283; x_wconf 88' lang='lat' dir='ltr'><strong>urbe</strong></span> <span class='ocrx_word' id='word_1_326' title='bbox 480 2255 615 2283; x_wconf 90' lang='lat' dir='ltr'><strong>idolorum</strong></span> <span class='ocrx_word' id='word_1_327' title='bbox 629 2254 749 2282; x_wconf 87' lang='lat' dir='ltr'><strong>cultores</strong></span> <span class='ocrx_word' id='word_1_328' title='bbox 767 2259 956 2289; x_wconf 80' lang='lat' dir='ltr'><strong>superessent;</strong></span> 
     </span>
    </p>
   </div>
   <div class='ocr_carea' id='block_1_51' title="bbox 1019 1699 1808 1736">
    <p class='ocr_par' dir='ltr' id='par_1_51' title="bbox 1019 1699 1808 1736">
     <span class='ocr_line' id='line_1_51' title="bbox 1019 1699 1808 1736; baseline 0.001 -10"><span class='ocrx_word' id='word_1_329' title='bbox 1019 1708 1027 1725; x_wconf 85' lang='lat' dir='ltr'><strong>I</strong></span> <span class='ocrx_word' id='word_1_330' title='bbox 1044 1699 1171 1735; x_wconf 86' lang='lat' dir='ltr'><strong>Synodus</strong></span> <span class='ocrx_word' id='word_1_331' title='bbox 1190 1699 1280 1727; x_wconf 89' lang='lat' dir='ltr'><strong>divina</strong></span> <span class='ocrx_word' id='word_1_332' title='bbox 1300 1705 1328 1728; x_wconf 91' lang='lat' dir='ltr'><strong>et</strong></span> <span class='ocrx_word' id='word_1_333' title='bbox 1351 1708 1428 1728; x_wconf 88' lang='lat' dir='ltr'><strong>sacra</strong></span> <span class='ocrx_word' id='word_1_334' title='bbox 1446 1701 1635 1736; x_wconf 81' lang='lat' dir='ltr'><strong>provincialis,</strong></span> <span class='ocrx_word' id='word_1_335' title='bbox 1657 1701 1808 1729; x_wconf 53' lang='lat' dir='ltr'><strong>Antiochia</strong></span> 
     </span>
    </p>
   </div>
   <div class='ocr_carea' id='block_1_52' title="bbox 1014 1745 1808 1782">
    <p class='ocr_par' dir='ltr' id='par_1_52' title="bbox 1014 1745 1808 1782">
     <span class='ocr_line' id='line_1_52' title="bbox 1014 1745 1808 1782; baseline 0.003 -10"><span class='ocrx_word' id='word_1_336' title='bbox 1014 1745 1127 1773; x_wconf 86' lang='lat' dir='ltr'><strong>collecta</strong></span> <span class='ocrx_word' id='word_1_337' title='bbox 1145 1754 1152 1773; x_wconf 88' lang='lat'><strong>:</strong></span> <span class='ocrx_word' id='word_1_338' title='bbox 1170 1745 1248 1780; x_wconf 89' lang='lat' dir='ltr'><strong>cujus</strong></span> <span class='ocrx_word' id='word_1_339' title='bbox 1269 1753 1369 1780; x_wconf 83' lang='lat' dir='ltr'><strong>praeses</strong></span> <span class='ocrx_word' id='word_1_340' title='bbox 1390 1750 1450 1774; x_wconf 88' lang='lat' dir='ltr'><strong>erat</strong></span> <span class='ocrx_word' id='word_1_341' title='bbox 1464 1745 1583 1774; x_wconf 82' lang='lat' dir='ltr'><strong>Helenus</strong></span> <span class='ocrx_word' id='word_1_342' title='bbox 1598 1746 1683 1774; x_wconf 84' lang='lat' dir='ltr'><strong>Tarsi</strong></span> <span class='ocrx_word' id='word_1_343' title='bbox 1705 1747 1808 1782; x_wconf 63' lang='lat' dir='ltr'><strong>episco</strong></span> 
     </span>
    </p>
   </div>
   <div class='ocr_carea' id='block_1_53' title="bbox 1014 1792 1809 1828">
    <p class='ocr_par' dir='ltr' id='par_1_53' title="bbox 1014 1792 1809 1828">
     <span class='ocr_line' id='line_1_53' title="bbox 1014 1792 1809 1828; baseline 0.003 -10"><span class='ocrx_word' id='word_1_344' title='bbox 1014 1792 1336 1826; x_wconf 83' lang='lat' dir='ltr'><strong>pus;....miraculorum</strong></span> <span class='ocrx_word' id='word_1_345' title='bbox 1364 1792 1476 1820; x_wconf 72' lang='lat' dir='ltr'><strong>effector</strong></span> <span class='ocrx_word' id='word_1_346' title='bbox 1499 1792 1649 1828; x_wconf 82' lang='lat' dir='ltr'><strong>Gregorius</strong></span> <span class='ocrx_word' id='word_1_347' title='bbox 1678 1794 1809 1822; x_wconf 66' lang='lat' dir='ltr'><strong>Caesarea:</strong></span> 
     </span>
    </p>
   </div>
   <div class='ocr_carea' id='block_1_54' title="bbox 1014 1837 1807 1874">
    <p class='ocr_par' dir='ltr' id='par_1_54' title="bbox 1014 1837 1807 1874">
     <span class='ocr_line' id='line_1_54' title="bbox 1014 1837 1807 1874; baseline 0.009 -10"><span class='ocrx_word' id='word_1_348' title='bbox 1014 1837 1114 1872; x_wconf 86' lang='lat' dir='ltr'><strong>Ponti,</strong></span> <span class='ocrx_word' id='word_1_349' title='bbox 1129 1843 1183 1866; x_wconf 90' lang='lat' dir='ltr'><strong>etc.</strong></span> <span class='ocrx_word' id='word_1_350' title='bbox 1205 1848 1214 1864; x_wconf 75' lang='grc' dir='ltr'>ι</span> <span class='ocrx_word' id='word_1_351' title='bbox 1247 1837 1335 1873; x_wconf 85' lang='lat' dir='ltr'><strong>Hujus</strong></span> <span class='ocrx_word' id='word_1_352' title='bbox 1362 1843 1451 1866; x_wconf 86' lang='lat' dir='ltr'><strong>tamen</strong></span> <span class='ocrx_word' id='word_1_353' title='bbox 1478 1840 1623 1874; x_wconf 88' lang='lat' dir='ltr'><strong>scriptoris</strong></span> <span class='ocrx_word' id='word_1_354' title='bbox 1646 1841 1807 1871; x_wconf 70' lang='lat' dir='ltr'><strong>sententiae.</strong></span> 
     </span>
    </p>
   </div>
   <div class='ocr_carea' id='block_1_55' title="bbox 1014 1885 1807 1924">
    <p class='ocr_par' dir='ltr' id='par_1_55' title="bbox 1014 1885 1807 1924">
     <span class='ocr_line' id='line_1_55' title="bbox 1014 1885 1807 1924; baseline 0.006 -12"><span class='ocrx_word' id='word_1_355' title='bbox 1014 1885 1076 1914; x_wconf 85' lang='lat' dir='ltr'><strong>licet</strong></span> <span class='ocrx_word' id='word_1_356' title='bbox 1096 1893 1128 1913; x_wconf 80' lang='lat' dir='ltr'><strong>ea</strong></span> <span class='ocrx_word' id='word_1_357' title='bbox 1143 1886 1210 1913; x_wconf 80' lang='lat' dir='ltr'><strong>viris</strong></span> <span class='ocrx_word' id='word_1_358' title='bbox 1226 1886 1341 1913; x_wconf 88' lang='lat' dir='ltr'><strong>eruditis</strong></span> <span class='ocrx_word' id='word_1_359' title='bbox 1357 1886 1486 1920; x_wconf 79' lang='lat' dir='ltr'><strong>probetur</strong></span> <span class='ocrx_word' id='word_1_360' title='bbox 1502 1886 1570 1922; x_wconf 88' lang='lat' dir='ltr'><strong>(l0),</strong></span> <span class='ocrx_word' id='word_1_361' title='bbox 1588 1887 1666 1915; x_wconf 87' lang='lat' dir='ltr'><strong>haud</strong></span> <span class='ocrx_word' id='word_1_362' title='bbox 1682 1890 1807 1924; x_wconf 81' lang='lat' dir='ltr'><strong>equidem</strong></span> 
     </span>
    </p>
   </div>
   <div class='ocr_carea' id='block_1_56' title="bbox 1013 1932 1806 1970">
    <p class='ocr_par' dir='ltr' id='par_1_56' title="bbox 1013 1932 1806 1970">
     <span class='ocr_line' id='line_1_56' title="bbox 1013 1932 1806 1970; baseline 0.003 -10"><span class='ocrx_word' id='word_1_363' title='bbox 1013 1933 1101 1961; x_wconf 89' lang='lat' dir='ltr'><strong>libens</strong></span> <span class='ocrx_word' id='word_1_364' title='bbox 1119 1933 1292 1960; x_wconf 86' lang='lat' dir='ltr'><strong>accesserim.</strong></span> <span class='ocrx_word' id='word_1_365' title='bbox 1317 1932 1383 1960; x_wconf 78' lang='lat' dir='ltr'><strong>Nam</strong></span> <span class='ocrx_word' id='word_1_366' title='bbox 1409 1933 1435 1960; x_wconf 94' lang='lat' dir='ltr'><strong>in</strong></span> <span class='ocrx_word' id='word_1_367' title='bbox 1455 1932 1578 1968; x_wconf 69' lang='lat' dir='ltr'><strong>epistola:</strong></span> <span class='ocrx_word' id='word_1_368' title='bbox 1600 1934 1748 1970; x_wconf 70' lang='lat' dir='ltr'><strong>synodica:</strong></span> <span class='ocrx_word' id='word_1_369' title='bbox 1769 1936 1806 1962; x_wconf 87' lang='lat' dir='ltr'><strong>in-</strong></span> 
     </span>
    </p>
   </div>
   <div class='ocr_carea' id='block_1_57' title="bbox 1012 1979 1806 2017">
    <p class='ocr_par' dir='ltr' id='par_1_57' title="bbox 1012 1979 1806 2017">
     <span class='ocr_line' id='line_1_57' title="bbox 1012 1979 1806 2017; baseline 0.003 -10"><span class='ocrx_word' id='word_1_370' title='bbox 1012 1980 1169 2015; x_wconf 85' lang='lat' dir='ltr'><strong>scriptione,</strong></span> <span class='ocrx_word' id='word_1_371' title='bbox 1189 1987 1271 2014; x_wconf 88' lang='lat' dir='ltr'><strong>quam</strong></span> <span class='ocrx_word' id='word_1_372' title='bbox 1286 1979 1379 2007; x_wconf 88' lang='lat' dir='ltr'><strong>Patres</strong></span> <span class='ocrx_word' id='word_1_373' title='bbox 1397 1979 1479 2014; x_wconf 88' lang='lat' dir='ltr'><strong>hujus</strong></span> <span class='ocrx_word' id='word_1_374' title='bbox 1503 1980 1616 2008; x_wconf 88' lang='lat' dir='ltr'><strong>concilii</strong></span> <span class='ocrx_word' id='word_1_375' title='bbox 1637 1982 1806 2017; x_wconf 79' lang='lat' dir='ltr'><strong>scripserunt</strong></span> 
     </span>
    </p>
   </div>
   <div class='ocr_carea' id='block_1_58' title="bbox 1012 2025 1807 2061">
    <p class='ocr_par' dir='ltr' id='par_1_58' title="bbox 1012 2025 1807 2061">
     <span class='ocr_line' id='line_1_58' title="bbox 1012 2025 1807 2061; baseline 0.003 -7"><span class='ocrx_word' id='word_1_376' title='bbox 1012 2027 1046 2054; x_wconf 87' lang='lat' dir='ltr'><strong>ad</strong></span> <span class='ocrx_word' id='word_1_377' title='bbox 1059 2026 1219 2061; x_wconf 87' lang='lat' dir='ltr'><strong>Dionysium</strong></span> <span class='ocrx_word' id='word_1_378' title='bbox 1236 2025 1365 2053; x_wconf 65' lang='lat' dir='ltr'><strong>Romanae</strong></span> <span class='ocrx_word' id='word_1_379' title='bbox 1382 2025 1458 2053; x_wconf 88' lang='lat' dir='ltr'><strong>urbis</strong></span> <span class='ocrx_word' id='word_1_380' title='bbox 1475 2026 1636 2061; x_wconf 88' lang='lat' dir='ltr'><strong>episcopum</strong></span> <span class='ocrx_word' id='word_1_381' title='bbox 1659 2032 1689 2055; x_wconf 88' lang='lat' dir='ltr'><strong>et</strong></span> <span class='ocrx_word' id='word_1_382' title='bbox 1707 2029 1744 2056; x_wconf 82' lang='lat' dir='ltr'><strong>ad</strong></span> <span class='ocrx_word' id='word_1_383' title='bbox 1756 2028 1807 2055; x_wconf 70' lang='lat' dir='ltr'><strong>Ma-</strong></span> 
     </span>
    </p>
   </div>
   <div class='ocr_carea' id='block_1_59' title="bbox 1011 2072 1807 2110">
    <p class='ocr_par' dir='ltr' id='par_1_59' title="bbox 1011 2072 1807 2110">
     <span class='ocr_line' id='line_1_59' title="bbox 1011 2072 1807 2110; baseline 0.001 -10"><span class='ocrx_word' id='word_1_384' title='bbox 1011 2073 1114 2100; x_wconf 84' lang='lat' dir='ltr'><strong>ximum</strong></span> <span class='ocrx_word' id='word_1_385' title='bbox 1130 2072 1346 2100; x_wconf 83' lang='lat' dir='ltr'><strong>Alexandrinum</strong></span> <span class='ocrx_word' id='word_1_386' title='bbox 1368 2072 1445 2108; x_wconf 76' lang='lat' dir='ltr'><strong>(li),</strong></span> <span class='ocrx_word' id='word_1_387' title='bbox 1473 2076 1535 2099; x_wconf 84' lang='lat' dir='ltr'><strong>cum</strong></span> <span class='ocrx_word' id='word_1_388' title='bbox 1562 2074 1730 2108; x_wconf 86' lang='lat' dir='ltr'><strong>complures</strong></span> <span class='ocrx_word' id='word_1_389' title='bbox 1755 2075 1807 2110; x_wconf 76' lang='lat' dir='ltr'><strong>epi-</strong></span> 
     </span>
    </p>
   </div>
   <div class='ocr_carea' id='block_1_60' title="bbox 1011 2117 1805 2153">
    <p class='ocr_par' dir='ltr' id='par_1_60' title="bbox 1011 2117 1805 2153">
     <span class='ocr_line' id='line_1_60' title="bbox 1011 2117 1805 2153; baseline 0.003 -7"><span class='ocrx_word' id='word_1_390' title='bbox 1011 2118 1087 2153; x_wconf 88' lang='lat' dir='ltr'><strong>scopi</strong></span> <span class='ocrx_word' id='word_1_391' title='bbox 1110 2122 1172 2153; x_wconf 87' lang='lat' dir='ltr'><strong>post</strong></span> <span class='ocrx_word' id='word_1_392' title='bbox 1190 2117 1320 2145; x_wconf 86' lang='lat' dir='ltr'><strong>Helenum</strong></span> <span class='ocrx_word' id='word_1_393' title='bbox 1336 2117 1500 2145; x_wconf 82' lang='lat' dir='ltr'><strong>Tarsensem</strong></span> <span class='ocrx_word' id='word_1_394' title='bbox 1519 2118 1715 2153; x_wconf 76' lang='lat' dir='ltr'><strong>nominentur,</strong></span> <span class='ocrx_word' id='word_1_395' title='bbox 1743 2128 1805 2148; x_wconf 82' lang='lat' dir='ltr'><strong>nus-</strong></span> 
     </span>
    </p>
   </div>
   <div class='ocr_carea' id='block_1_61' title="bbox 1009 2162 1807 2198">
    <p class='ocr_par' dir='ltr' id='par_1_61' title="bbox 1009 2162 1807 2198">
     <span class='ocr_line' id='line_1_61' title="bbox 1009 2162 1807 2198; baseline 0.003 -7"><span class='ocrx_word' id='word_1_396' title='bbox 1009 2164 1083 2198; x_wconf 86' lang='lat' dir='ltr'><strong>piam</strong></span> <span class='ocrx_word' id='word_1_397' title='bbox 1101 2167 1240 2198; x_wconf 89' lang='lat' dir='ltr'><strong>comparet</strong></span> <span class='ocrx_word' id='word_1_398' title='bbox 1248 2166 1340 2190; x_wconf 89' lang='lat' dir='ltr'><strong>noster</strong></span> <span class='ocrx_word' id='word_1_399' title='bbox 1348 2162 1714 2197; x_wconf 78' lang='lat' dir='ltr'><strong>Gregoriusmominandus</strong></span> <span class='ocrx_word' id='word_1_400' title='bbox 1727 2166 1807 2193; x_wconf 84' lang='lat' dir='ltr'><strong>enim-</strong></span> 
     </span>
    </p>
   </div>
   <div class='ocr_carea' id='block_1_62' title="bbox 1011 2207 1806 2243">
    <p class='ocr_par' dir='ltr' id='par_1_62' title="bbox 1011 2207 1806 2243">
     <span class='ocr_line' id='line_1_62' title="bbox 1011 2207 1806 2243; baseline 0.004 -7"><span class='ocrx_word' id='word_1_401' title='bbox 1011 2216 1075 2237; x_wconf 84' lang='lat' dir='ltr'><strong>vero</strong></span> <span class='ocrx_word' id='word_1_402' title='bbox 1088 2209 1111 2236; x_wconf 88' lang='lat' dir='ltr'><strong>si</strong></span> <span class='ocrx_word' id='word_1_403' title='bbox 1124 2209 1233 2236; x_wconf 90' lang='lat' dir='ltr'><strong>demum</strong></span> <span class='ocrx_word' id='word_1_404' title='bbox 1250 2207 1398 2240; x_wconf 83' lang='lat' dir='ltr'><strong>adfuisset;</strong></span> <span class='ocrx_word' id='word_1_405' title='bbox 1416 2208 1464 2243; x_wconf 90' lang='lat' dir='ltr'><strong>qui</strong></span> <span class='ocrx_word' id='word_1_406' title='bbox 1478 2209 1609 2236; x_wconf 89' lang='lat' dir='ltr'><strong>nimirum</strong></span> <span class='ocrx_word' id='word_1_407' title='bbox 1626 2210 1704 2238; x_wconf 85' lang='lat' dir='ltr'><strong>inter</strong></span> <span class='ocrx_word' id='word_1_408' title='bbox 1714 2211 1806 2239; x_wconf 80' lang='lat' dir='ltr'><strong>Patres</strong></span> 
     </span>
    </p>
   </div>
   <div class='ocr_carea' id='block_1_63' title="bbox 1010 2254 1806 2285">
    <p class='ocr_par' dir='ltr' id='par_1_63' title="bbox 1010 2254 1806 2285">
     <span class='ocr_line' id='line_1_63' title="bbox 1010 2254 1806 2285; baseline 0.004 -3"><span class='ocrx_word' id='word_1_409' title='bbox 1010 2255 1156 2283; x_wconf 84' lang='lat' dir='ltr'><strong>anterioris</strong></span> <span class='ocrx_word' id='word_1_410' title='bbox 1172 2254 1280 2282; x_wconf 88' lang='lat' dir='ltr'><strong>concilii</strong></span> <span class='ocrx_word' id='word_1_411' title='bbox 1292 2254 1455 2282; x_wconf 83' lang='lat' dir='ltr'><strong>Antiocheni</strong></span> <span class='ocrx_word' id='word_1_412' title='bbox 1471 2256 1588 2282; x_wconf 74' lang='lat' dir='ltr'><strong>maxime</strong></span> <span class='ocrx_word' id='word_1_413' title='bbox 1598 2257 1735 2285; x_wconf 73' lang='lat' dir='ltr'><strong>enituisse</strong></span> <span class='ocrx_word' id='word_1_414' title='bbox 1748 2266 1806 2285; x_wconf 81' lang='lat' dir='ltr'><strong>nar-</strong></span> 
     </span>
    </p>
   </div>
   <div class='ocr_carea' id='block_1_64' title="bbox 171 2301 1805 2344">
    <p class='ocr_par' dir='ltr' id='par_1_64' title="bbox 171 2301 1805 2344">
     <span class='ocr_line' id='line_1_64' title="bbox 171 2301 1805 2344; baseline -0.002 -9"><span class='ocrx_word' id='word_1_415' title='bbox 171 2304 218 2331; x_wconf 82' lang='lat' dir='ltr'><strong>ubi</strong></span> <span class='ocrx_word' id='word_1_416' title='bbox 241 2302 368 2338; x_wconf 74' lang='lat' dir='ltr'><strong>cognovit</strong></span> <span class='ocrx_word' id='word_1_417' title='bbox 385 2309 440 2329; x_wconf 86' lang='lat' dir='ltr'><strong>non</strong></span> <span class='ocrx_word' id='word_1_418' title='bbox 457 2301 549 2336; x_wconf 82' lang='lat' dir='ltr'><strong>plures</strong></span> <span class='ocrx_word' id='word_1_419' title='bbox 568 2308 629 2329; x_wconf 85' lang='lat' dir='ltr'><strong>esse</strong></span> <span class='ocrx_word' id='word_1_420' title='bbox 649 2308 732 2335; x_wconf 79' lang='lat' dir='ltr'><strong>quam</strong></span> <span class='ocrx_word' id='word_1_421' title='bbox 752 2301 956 2335; x_wconf 74' lang='lat' dir='ltr'><strong>septemdecim.</strong></span> <span class='ocrx_word' id='word_1_422' title='bbox 971 2315 992 2344; x_wconf 76' lang='grc' dir='ltr'><strong>ο</strong></span> <span class='ocrx_word' id='word_1_423' title='bbox 1009 2310 1095 2333; x_wconf 85' lang='lat' dir='ltr'><strong>retur.</strong></span> <span class='ocrx_word' id='word_1_424' title='bbox 1119 2304 1199 2338; x_wconf 81' lang='lat' dir='ltr'><strong>Quod</strong></span> <span class='ocrx_word' id='word_1_425' title='bbox 1216 2309 1307 2332; x_wconf 84' lang='lat' dir='ltr'><strong>autem</strong></span> <span class='ocrx_word' id='word_1_426' title='bbox 1331 2311 1476 2333; x_wconf 82' lang='lat' dir='ltr'><strong>censemus</strong></span> <span class='ocrx_word' id='word_1_427' title='bbox 1501 2305 1535 2331; x_wconf 90' lang='lat' dir='ltr'><strong>de</strong></span> <span class='ocrx_word' id='word_1_428' title='bbox 1559 2304 1659 2333; x_wconf 83' lang='lat' dir='ltr'><strong>Libelli</strong></span> <span class='ocrx_word' id='word_1_429' title='bbox 1685 2306 1805 2342; x_wconf 68' lang='lat' dir='ltr'><strong>synodia&#39;</strong></span> 
     </span>
    </p>
   </div>
   <div class='ocr_carea' id='block_1_65' title="bbox 171 2347 957 2385">
    <p class='ocr_par' dir='ltr' id='par_1_65' title="bbox 171 2347 957 2385">
     <span class='ocr_line' id='line_1_65' title="bbox 171 2347 957 2385; baseline -0.003 -9"><span class='ocrx_word' id='word_1_430' title='bbox 171 2350 227 2378; x_wconf 89' lang='lat' dir='ltr'><strong>Deo</strong></span> <span class='ocrx_word' id='word_1_431' title='bbox 239 2350 341 2385; x_wconf 82' lang='lat' dir='ltr'><strong>gratias</strong></span> <span class='ocrx_word' id='word_1_432' title='bbox 357 2356 456 2384; x_wconf 80' lang='lat' dir='ltr'><strong>agens:</strong></span> <span class='ocrx_word' id='word_1_433' title='bbox 470 2357 480 2374; x_wconf 77' lang='grc' dir='ltr'><strong><em>ι</em></strong></span> <span class='ocrx_word' id='word_1_434' title='bbox 498 2347 620 2375; x_wconf 89' lang='lat' dir='ltr'><strong>Totidem</strong></span> <span class='ocrx_word' id='word_1_435' title='bbox 633 2348 754 2383; x_wconf 88' lang='lat' dir='ltr'><strong>quidem,</strong></span> <span class='ocrx_word' id='word_1_436' title='bbox 766 2347 864 2382; x_wconf 89' lang='lat' dir='ltr'><strong>inquit,</strong></span> <span class='ocrx_word' id='word_1_437' title='bbox 877 2347 957 2374; x_wconf 86' lang='lat' dir='ltr'><strong>Chri-</strong></span> 
     </span>
    </p>
   </div>
   <div class='ocr_carea' id='block_1_66' title="bbox 169 2394 954 2431">
    <p class='ocr_par' dir='ltr' id='par_1_66' title="bbox 169 2394 954 2431">
     <span class='ocr_line' id='line_1_66' title="bbox 169 2394 954 2431; baseline -0.003 -7"><span class='ocrx_word' id='word_1_438' title='bbox 169 2397 206 2424; x_wconf 80' lang='lat' dir='ltr'><strong>sti</strong></span> <span class='ocrx_word' id='word_1_439' title='bbox 225 2396 305 2424; x_wconf 87' lang='lat' dir='ltr'><strong>fidem</strong></span> <span class='ocrx_word' id='word_1_440' title='bbox 325 2395 531 2431; x_wconf 84' lang='lat' dir='ltr'><strong>proﬁtebantur,</strong></span> <span class='ocrx_word' id='word_1_441' title='bbox 555 2402 610 2430; x_wconf 92' lang='lat' dir='ltr'><strong>quo</strong></span> <span class='ocrx_word' id='word_1_442' title='bbox 630 2399 753 2430; x_wconf 88' lang='lat' dir='ltr'><strong>tempore</strong></span> <span class='ocrx_word' id='word_1_443' title='bbox 775 2395 846 2423; x_wconf 87' lang='lat' dir='ltr'><strong>hanc</strong></span> <span class='ocrx_word' id='word_1_444' title='bbox 858 2394 954 2422; x_wconf 86' lang='lat' dir='ltr'><strong>Eccle-</strong></span> 
     </span>
    </p>
   </div>
   <div class='ocr_carea' id='block_1_67' title="bbox 169 2440 955 2477">
    <p class='ocr_par' dir='ltr' id='par_1_67' title="bbox 169 2440 955 2477">
     <span class='ocr_line' id='line_1_67' title="bbox 169 2440 955 2477; baseline -0.001 -8"><span class='ocrx_word' id='word_1_445' title='bbox 169 2443 239 2470; x_wconf 87' lang='lat' dir='ltr'><strong>siam</strong></span> <span class='ocrx_word' id='word_1_446' title='bbox 267 2441 414 2477; x_wconf 84' lang='lat' dir='ltr'><strong>regendam</strong></span> <span class='ocrx_word' id='word_1_447' title='bbox 444 2441 551 2476; x_wconf 89' lang='lat' dir='ltr'><strong>suscepi</strong></span> <span class='ocrx_word' id='word_1_448' title='bbox 577 2441 627 2476; x_wconf 84' lang='lat'><strong>(7).</strong></span> <span class='ocrx_word' id='word_1_449' title='bbox 650 2451 659 2467; x_wconf 77' lang='grc' dir='ltr'>ι</span> <span class='ocrx_word' id='word_1_450' title='bbox 675 2440 789 2476; x_wconf 83' lang='lat' dir='ltr'><strong>Reliqua</strong></span> <span class='ocrx_word' id='word_1_451' title='bbox 804 2441 862 2475; x_wconf 84' lang='lat' dir='ltr'><strong>ejus</strong></span> <span class='ocrx_word' id='word_1_452' title='bbox 879 2445 955 2476; x_wconf 79' lang='lat' dir='ltr'><strong>gesta</strong></span> 
     </span>
    </p>
   </div>
   <div class='ocr_carea' id='block_1_68' title="bbox 169 2487 954 2524">
    <p class='ocr_par' dir='ltr' id='par_1_68' title="bbox 169 2487 954 2524">
     <span class='ocr_line' id='line_1_68' title="bbox 169 2487 954 2524; baseline -0.001 -8"><span class='ocrx_word' id='word_1_453' title='bbox 169 2488 351 2524; x_wconf 58' lang='lat' dir='ltr'><strong>praterimus,</strong></span> <span class='ocrx_word' id='word_1_454' title='bbox 370 2487 440 2515; x_wconf 87' lang='lat' dir='ltr'><strong>infra</strong></span> <span class='ocrx_word' id='word_1_455' title='bbox 455 2488 599 2523; x_wconf 90' lang='lat' dir='ltr'><strong>repetenda</strong></span> <span class='ocrx_word' id='word_1_456' title='bbox 613 2495 676 2515; x_wconf 89' lang='lat' dir='ltr'><strong>cum</strong></span> <span class='ocrx_word' id='word_1_457' title='bbox 688 2496 720 2515; x_wconf 84' lang='lat' dir='ltr'><strong>ex</strong></span> <span class='ocrx_word' id='word_1_458' title='bbox 734 2492 858 2516; x_wconf 84' lang='lat' dir='ltr'><strong>veterum</strong></span> <span class='ocrx_word' id='word_1_459' title='bbox 877 2489 954 2516; x_wconf 86' lang='lat' dir='ltr'><strong>testi-</strong></span> 
     </span>
    </p>
   </div>
   <div class='ocr_carea' id='block_1_69' title="bbox 219 2567 634 2603">
    <p class='ocr_par' dir='ltr' id='par_1_69' title="bbox 219 2567 634 2603">
     <span class='ocr_line' id='line_1_69' title="bbox 219 2567 634 2603; baseline -0.002 -8"><span class='ocrx_word' id='word_1_460' title='bbox 219 2568 244 2603; x_wconf 91' lang='lat' dir='ltr'><strong>l)</strong></span> <span class='ocrx_word' id='word_1_461' title='bbox 263 2567 302 2603; x_wconf 63' lang='grc' dir='ltr'>ρο</span> <span class='ocrx_word' id='word_1_462' title='bbox 318 2567 369 2595; x_wconf 85' lang='lat' dir='ltr'><strong>uir.</strong></span> <span class='ocrx_word' id='word_1_463' title='bbox 384 2567 496 2601; x_wconf 77' lang='lat' dir='ltr'><strong>illustr.,</strong></span> <span class='ocrx_word' id='word_1_464' title='bbox 512 2575 573 2603; x_wconf 86' lang='lat' dir='ltr'><strong>cap.</strong></span> <span class='ocrx_word' id='word_1_465' title='bbox 589 2568 634 2595; x_wconf 82' lang='lat'><strong>65.</strong></span> 
     </span>
    </p>
   </div>
   <div class='ocr_carea' id='block_1_70' title="bbox 215 2602 686 2638">
    <p class='ocr_par' dir='ltr' id='par_1_70' title="bbox 215 2602 686 2638">
     <span class='ocr_line' id='line_1_70' title="bbox 215 2602 686 2638; baseline 0 -8"><span class='ocrx_word' id='word_1_466' title='bbox 215 2602 243 2638; x_wconf 72' lang='lat'><strong>2)</strong></span> <span class='ocrx_word' id='word_1_467' title='bbox 265 2602 336 2638; x_wconf 66' lang='lat' dir='ltr'><strong>Hist.</strong></span> <span class='ocrx_word' id='word_1_468' title='bbox 351 2603 429 2638; x_wconf 54' lang='grc' dir='ltr'>βοείη</span> <span class='ocrx_word' id='word_1_469' title='bbox 447 2604 494 2630; x_wconf 88' lang='lat' dir='ltr'><strong>lib.</strong></span> <span class='ocrx_word' id='word_1_470' title='bbox 510 2602 555 2635; x_wconf 57' lang='lat' dir='ltr'><strong>vi;</strong></span> <span class='ocrx_word' id='word_1_471' title='bbox 565 2611 625 2638; x_wconf 89' lang='lat' dir='ltr'><strong>cap.</strong></span> <span class='ocrx_word' id='word_1_472' title='bbox 643 2603 686 2630; x_wconf 74' lang='lat'><strong>50.</strong></span> 
     </span>
    </p>
   </div>
   <div class='ocr_carea' id='block_1_71' title="bbox 218 2637 715 2674">
    <p class='ocr_par' dir='ltr' id='par_1_71' title="bbox 218 2637 715 2674">
     <span class='ocr_line' id='line_1_71' title="bbox 218 2637 715 2674; baseline 0 -9"><span class='ocrx_word' id='word_1_473' title='bbox 218 2637 244 2673; x_wconf 74' lang='grc' dir='ltr'><strong>ὅ)</strong></span> <span class='ocrx_word' id='word_1_474' title='bbox 270 2637 322 2674; x_wconf 73' lang='lat' dir='ltr'><strong>Yit.</strong></span> <span class='ocrx_word' id='word_1_475' title='bbox 344 2637 458 2674; x_wconf 86' lang='lat' dir='ltr'><strong>S.Greg.</strong></span> <span class='ocrx_word' id='word_1_476' title='bbox 473 2637 673 2673; x_wconf 32' lang='lat' dir='ltr'><strong>leaum.,’cap.</strong></span> <span class='ocrx_word' id='word_1_477' title='bbox 688 2638 715 2666; x_wconf 89' lang='lat'><strong>8.</strong></span> 
     </span>
    </p>
   </div>
   <div class='ocr_carea' id='block_1_72' title="bbox 204 2641 711 2709">
    <p class='ocr_par' dir='ltr' id='par_1_72' title="bbox 204 2641 711 2709">
     <span class='ocr_line' id='line_1_72' title="bbox 218 2641 711 2674; baseline 0 -9"><span class='ocrx_word' id='word_1_478' title='bbox 218 2641 244 2673; x_wconf 74' lang='grc' dir='ltr'><strong>ὅ)</strong></span> <span class='ocrx_word' id='word_1_479' title='bbox 272 2641 322 2666; x_wconf 87' lang='lat' dir='ltr'><strong>Vit.</strong></span> <span class='ocrx_word' id='word_1_480' title='bbox 344 2641 458 2674; x_wconf 76' lang='lat' dir='ltr'><strong>S.Greg.</strong></span> <span class='ocrx_word' id='word_1_481' title='bbox 473 2641 597 2670; x_wconf 77' lang='grc' dir='ltr'><strong>ΤΙιαιιηι.⁷</strong></span> <span class='ocrx_word' id='word_1_482' title='bbox 613 2646 673 2673; x_wconf 88' lang='lat' dir='ltr'><strong>cap.</strong></span> <span class='ocrx_word' id='word_1_483' title='bbox 688 2641 711 2666; x_wconf 72' lang='lat'><strong>8.</strong></span> 
     </span>
     <span class='ocr_line' id='line_1_73' title="bbox 204 2641 711 2709; baseline -0.002 -9"><span class='ocrx_word' id='word_1_484' title='bbox 204 2641 242 2708; x_wconf 47' lang='grc' dir='ltr'><strong>ξι)</strong></span> <span class='ocrx_word' id='word_1_485' title='bbox 262 2673 313 2709; x_wconf 72' lang='grc' dir='ltr'><strong>ρι’.</strong></span> <span class='ocrx_word' id='word_1_486' title='bbox 328 2674 438 2707; x_wconf 60' lang='grc' dir='ltr'><strong>σὴν-ἰείη</strong></span> <span class='ocrx_word' id='word_1_487' title='bbox 454 2679 521 2702; x_wconf 89' lang='lat' dir='ltr'><strong>tom.</strong></span> <span class='ocrx_word' id='word_1_488' title='bbox 537 2673 558 2707; x_wconf 85' lang='grc' dir='ltr'><strong>Ι,</strong></span> <span class='ocrx_word' id='word_1_489' title='bbox 580 2681 642 2709; x_wconf 84' lang='lat' dir='ltr'><strong>pag.</strong></span> <span class='ocrx_word' id='word_1_490' title='bbox 654 2674 711 2701; x_wconf 78' lang='grc'><strong>501,</strong></span> 
     </span>
    </p>
   </div>
   <div class='ocr_carea' id='block_1_73' title="bbox 203 2708 405 2744">
    <p class='ocr_par' dir='ltr' id='par_1_73' title="bbox 203 2708 405 2744">
     <span class='ocr_line' id='line_1_74' title="bbox 203 2708 405 2744; baseline 0 -8"><span class='ocrx_word' id='word_1_491' title='bbox 203 2709 241 2744; x_wconf 81' lang='lat'><strong>(5)</strong></span> <span class='ocrx_word' id='word_1_492' title='bbox 260 2708 345 2744; x_wconf 91' lang='lat' dir='ltr'><strong>Epist.</strong></span> <span class='ocrx_word' id='word_1_493' title='bbox 360 2709 405 2736; x_wconf 76' lang='lat' dir='ltr'><strong>et.</strong></span> 
     </span>
    </p>
   </div>
   <div class='ocr_carea' id='block_1_74' title="bbox 203 2718 678 2780">
    <p class='ocr_par' dir='ltr' id='par_1_74' title="bbox 203 2718 678 2780">
     <span class='ocr_line' id='line_1_75' title="bbox 203 2718 461 2770; baseline 0 -34"><span class='ocrx_word' id='word_1_494' title='bbox 203 2718 241 2744; x_wconf 59' lang='grc' dir='ltr'><strong>(τι)</strong></span> <span class='ocrx_word' id='word_1_495' title='bbox 260 2718 345 2770; x_wconf 45' lang='lat' dir='ltr'><strong>Etim.</strong></span> <span class='ocrx_word' id='word_1_496' title='bbox 360 2718 405 2736; x_wconf 60' lang='lat' dir='ltr'><strong>oe.</strong></span> <span class='ocrx_word' id='word_1_497' title='bbox 456 2744 461 2749; x_wconf 82' lang='lat'>_</span> 
     </span>
     <span class='ocr_line' id='line_1_76' title="bbox 203 2743 678 2780; baseline 0.002 -10"><span class='ocrx_word' id='word_1_498' title='bbox 203 2744 242 2780; x_wconf 67' lang='lat' dir='ltr'><strong>(ti)</strong></span> <span class='ocrx_word' id='word_1_499' title='bbox 262 2751 336 2780; x_wconf 29' lang='lat' dir='ltr'><strong>ﬂm.</strong></span> <span class='ocrx_word' id='word_1_500' title='bbox 353 2744 428 2780; x_wconf 63' lang='lat' dir='ltr'><strong>ecc{.,</strong></span> <span class='ocrx_word' id='word_1_501' title='bbox 445 2743 492 2780; x_wconf 54' lang='lat' dir='ltr'><strong>lib:</strong></span> <span class='ocrx_word' id='word_1_502' title='bbox 507 2751 546 2780; x_wconf 52' lang='lat' dir='ltr'><strong>gl,</strong></span> <span class='ocrx_word' id='word_1_503' title='bbox 563 2751 622 2780; x_wconf 57' lang='lat' dir='ltr'><strong>cap.</strong></span> <span class='ocrx_word' id='word_1_504' title='bbox 634 2743 678 2772; x_wconf 75' lang='lat'><strong>50.</strong></span> 
     </span>
    </p>
   </div>
   <div class='ocr_carea' id='block_1_75' title="bbox 203 2778 861 2816">
    <p class='ocr_par' dir='ltr' id='par_1_75' title="bbox 203 2778 861 2816">
     <span class='ocr_line' id='line_1_77' title="bbox 203 2778 861 2816; baseline 0.003 -10"><span class='ocrx_word' id='word_1_505' title='bbox 203 2778 241 2815; x_wconf 85' lang='lat'><strong>(7)</strong></span> <span class='ocrx_word' id='word_1_506' title='bbox 262 2778 376 2816; x_wconf 81' lang='lat' dir='ltr'><strong>Nyssen.</strong></span> <span class='ocrx_word' id='word_1_507' title='bbox 398 2779 450 2807; x_wconf 76' lang='lat' dir='ltr'><strong>Vit.</strong></span> <span class='ocrx_word' id='word_1_508' title='bbox 470 2778 585 2815; x_wconf 83' lang='lat' dir='ltr'><strong>S.Greg.</strong></span> <span class='ocrx_word' id='word_1_509' title='bbox 601 2779 724 2814; x_wconf 83' lang='lat' dir='ltr'><strong>Thaum.,</strong></span> <span class='ocrx_word' id='word_1_510' title='bbox 740 2787 798 2815; x_wconf 86' lang='lat' dir='ltr'><strong>cap.</strong></span> <span class='ocrx_word' id='word_1_511' title='bbox 816 2779 861 2808; x_wconf 64' lang='grc' dir='ltr'><strong>ες.</strong></span> 
     </span>
    </p>
   </div>
   <div class='ocr_carea' id='block_1_76' title="bbox 1011 2351 1806 2386">
    <p class='ocr_par' dir='ltr' id='par_1_76' title="bbox 1011 2351 1806 2386">
     <span class='ocr_line' id='line_1_78' title="bbox 1011 2351 1806 2386; baseline 0 -6"><span class='ocrx_word' id='word_1_512' title='bbox 1011 2357 1133 2384; x_wconf 87' lang='lat' dir='ltr'><strong>auctore,</strong></span> <span class='ocrx_word' id='word_1_513' title='bbox 1144 2351 1216 2378; x_wconf 87' lang='lat' dir='ltr'><strong>idem</strong></span> <span class='ocrx_word' id='word_1_514' title='bbox 1233 2351 1440 2386; x_wconf 80' lang='lat' dir='ltr'><strong>intelligendum</strong></span> <span class='ocrx_word' id='word_1_515' title='bbox 1457 2351 1652 2380; x_wconf 77' lang='lat' dir='ltr'><strong>existimamus</strong></span> <span class='ocrx_word' id='word_1_516' title='bbox 1672 2353 1709 2380; x_wconf 86' lang='lat' dir='ltr'><strong>de</strong></span> <span class='ocrx_word' id='word_1_517' title='bbox 1721 2352 1806 2381; x_wconf 82' lang='lat' dir='ltr'><strong>Theo-</strong></span> 
     </span>
    </p>
   </div>
   <div class='ocr_carea' id='block_1_77' title="bbox 1008 2396 1804 2432">
    <p class='ocr_par' dir='ltr' id='par_1_77' title="bbox 1008 2396 1804 2432">
     <span class='ocr_line' id='line_1_79' title="bbox 1008 2396 1804 2432; baseline -0.001 -6"><span class='ocrx_word' id='word_1_518' title='bbox 1008 2398 1077 2426; x_wconf 92' lang='lat' dir='ltr'><strong>doro</strong></span> <span class='ocrx_word' id='word_1_519' title='bbox 1092 2397 1268 2430; x_wconf 86' lang='lat' dir='ltr'><strong>Balsamone,</strong></span> <span class='ocrx_word' id='word_1_520' title='bbox 1284 2397 1330 2432; x_wconf 90' lang='lat' dir='ltr'><strong>qui</strong></span> <span class='ocrx_word' id='word_1_521' title='bbox 1345 2396 1460 2424; x_wconf 88' lang='lat' dir='ltr'><strong>Paulum</strong></span> <span class='ocrx_word' id='word_1_522' title='bbox 1475 2397 1696 2426; x_wconf 84' lang='lat' dir='ltr'><strong>Samosatenum</strong></span> <span class='ocrx_word' id='word_1_523' title='bbox 1714 2407 1730 2427; x_wconf 81' lang='lat' dir='ltr'><strong>a</strong></span> <span class='ocrx_word' id='word_1_524' title='bbox 1742 2399 1804 2427; x_wconf 77' lang='lat' dir='ltr'><strong>Grc-</strong></span> 
     </span>
    </p>
   </div>
   <div class='ocr_carea' id='block_1_78' title="bbox 1008 2443 1806 2479">
    <p class='ocr_par' dir='ltr' id='par_1_78' title="bbox 1008 2443 1806 2479">
     <span class='ocr_line' id='line_1_80' title="bbox 1008 2443 1806 2479; baseline 0.003 -8"><span class='ocrx_word' id='word_1_525' title='bbox 1008 2444 1086 2479; x_wconf 81' lang='lat' dir='ltr'><strong>gorio</strong></span> <span class='ocrx_word' id='word_1_526' title='bbox 1101 2443 1307 2478; x_wconf 83' lang='lat' dir='ltr'><strong>Thaumaturgo</strong></span> <span class='ocrx_word' id='word_1_527' title='bbox 1329 2443 1446 2478; x_wconf 90' lang='lat' dir='ltr'><strong>aliisque</strong></span> <span class='ocrx_word' id='word_1_528' title='bbox 1469 2443 1554 2471; x_wconf 89' lang='lat' dir='ltr'><strong>fuisse</strong></span> <span class='ocrx_word' id='word_1_529' title='bbox 1575 2443 1742 2479; x_wconf 86' lang='lat' dir='ltr'><strong>depositum</strong></span> <span class='ocrx_word' id='word_1_530' title='bbox 1758 2449 1806 2472; x_wconf 75' lang='lat' dir='ltr'><strong>tra-</strong></span> 
     </span>
    </p>
   </div>
   <div class='ocr_carea' id='block_1_79' title="bbox 1008 2489 1805 2526">
    <p class='ocr_par' dir='ltr' id='par_1_79' title="bbox 1008 2489 1805 2526">
     <span class='ocr_line' id='line_1_81' title="bbox 1008 2489 1805 2526; baseline 0.003 -9"><span class='ocrx_word' id='word_1_531' title='bbox 1008 2490 1048 2518; x_wconf 90' lang='lat' dir='ltr'><strong>dit</strong></span> <span class='ocrx_word' id='word_1_532' title='bbox 1076 2489 1153 2526; x_wconf 80' lang='lat' dir='ltr'><strong>(l‘2),</strong></span> <span class='ocrx_word' id='word_1_533' title='bbox 1185 2489 1325 2517; x_wconf 86' lang='lat' dir='ltr'><strong>laudatum</strong></span> <span class='ocrx_word' id='word_1_534' title='bbox 1355 2489 1459 2517; x_wconf 90' lang='lat' dir='ltr'><strong>scilicet</strong></span> <span class='ocrx_word' id='word_1_535' title='bbox 1486 2497 1658 2526; x_wconf 79' lang='lat' dir='ltr'><strong>anonymum</strong></span> <span class='ocrx_word' id='word_1_536' title='bbox 1690 2491 1805 2519; x_wconf 59' lang='lat' dir='ltr'><strong>fortasw</strong></span> 
     </span>
    </p>
   </div>
   <div class='ocr_carea' id='block_1_80' title="bbox 1046 2566 1545 2604">
    <p class='ocr_par' dir='ltr' id='par_1_80' title="bbox 1046 2566 1545 2604">
     <span class='ocr_line' id='line_1_82' title="bbox 1046 2566 1545 2604; baseline -0.004 -8"><span class='ocrx_word' id='word_1_537' title='bbox 1046 2569 1084 2604; x_wconf 87' lang='lat'><strong>(8)</strong></span> <span class='ocrx_word' id='word_1_538' title='bbox 1107 2569 1181 2596; x_wconf 79' lang='lat' dir='ltr'><strong>Hist.</strong></span> <span class='ocrx_word' id='word_1_539' title='bbox 1198 2567 1274 2601; x_wconf 55' lang='grc' dir='ltr'><em>εδει,</em></span> <span class='ocrx_word' id='word_1_540' title='bbox 1294 2566 1342 2594; x_wconf 90' lang='lat' dir='ltr'><strong>lib.</strong></span> <span class='ocrx_word' id='word_1_541' title='bbox 1358 2575 1416 2604; x_wconf 52' lang='grc' dir='ltr'><strong>νηζ</strong></span> <span class='ocrx_word' id='word_1_542' title='bbox 1425 2575 1485 2602; x_wconf 90' lang='lat' dir='ltr'><strong>cap.</strong></span> <span class='ocrx_word' id='word_1_543' title='bbox 1500 2567 1545 2604; x_wconf 62' lang='lat'><strong>28.</strong></span> 
     </span>
    </p>
   </div>
   <div class='ocr_carea' id='block_1_81' title="bbox 1044 2602 1803 2640">
    <p class='ocr_par' dir='ltr' id='par_1_81' title="bbox 1044 2602 1803 2640">
     <span class='ocr_line' id='line_1_83' title="bbox 1044 2602 1803 2640; baseline -0.004 -8"><span class='ocrx_word' id='word_1_544' title='bbox 1044 2602 1083 2640; x_wconf 83' lang='lat'><strong>(9)</strong></span> <span class='ocrx_word' id='word_1_545' title='bbox 1105 2604 1205 2640; x_wconf 84' lang='lat' dir='ltr'><strong>Synod.</strong></span> <span class='ocrx_word' id='word_1_546' title='bbox 1223 2608 1286 2640; x_wconf 38' lang='lat' dir='ltr'><strong>uel.)</strong></span> <span class='ocrx_word' id='word_1_547' title='bbox 1306 2610 1366 2638; x_wconf 84' lang='lat' dir='ltr'><strong>cap.</strong></span> <span class='ocrx_word' id='word_1_548' title='bbox 1382 2602 1427 2636; x_wconf 76' lang='grc'><strong>27,</strong></span> <span class='ocrx_word' id='word_1_549' title='bbox 1447 2603 1518 2638; x_wconf 82' lang='lat' dir='ltr'><strong>apud</strong></span> <span class='ocrx_word' id='word_1_550' title='bbox 1533 2602 1646 2632; x_wconf 81' lang='lat' dir='ltr'><strong>Fabric.</strong></span> <span class='ocrx_word' id='word_1_551' title='bbox 1663 2604 1742 2632; x_wconf 83' lang='lat' dir='ltr'><strong>Bibl.</strong></span> <span class='ocrx_word' id='word_1_552' title='bbox 1758 2603 1803 2630; x_wconf 84' lang='lat' dir='ltr'><strong>Cr.</strong></span> 
     </span>
    </p>
   </div>
   <div class='ocr_carea' id='block_1_82' title="bbox 1007 2638 1802 2737">
    <p class='ocr_par' dir='ltr' id='par_1_82' title="bbox 1007 2638 1802 2737">
     <span class='ocr_line' id='line_1_84' title="bbox 1007 2638 1291 2678; baseline -0.011 -11"><span class='ocrx_word' id='word_1_553' title='bbox 1007 2638 1079 2667; x_wconf 62' lang='lat' dir='ltr'><strong>tom.</strong></span> <span class='ocrx_word' id='word_1_554' title='bbox 1092 2638 1138 2672; x_wconf 30' lang='lat' dir='ltr'><strong>XIV,</strong></span> <span class='ocrx_word' id='word_1_555' title='bbox 1154 2648 1216 2674; x_wconf 85' lang='lat' dir='ltr'><strong>pag.</strong></span> <span class='ocrx_word' id='word_1_556' title='bbox 1229 2638 1291 2678; x_wconf 57' lang='lat' dir='ltr'><strong>191i.</strong></span> 
     </span>
     <span class='ocr_line' id='line_1_85' title="bbox 1007 2671 1802 2737; baseline 0 -35"><span class='ocrx_word' id='word_1_557' title='bbox 1007 2675 1243 2737; x_wconf 46' lang='lat' dir='ltr'><strong>nagi0%6l“tlilsjs&#39;loris..,</strong></span> <span class='ocrx_word' id='word_1_558' title='bbox 1255 2673 1363 2701; x_wconf 82' lang='lat' dir='ltr'><strong>dissert.</strong></span> <span class='ocrx_word' id='word_1_559' title='bbox 1372 2671 1409 2700; x_wconf 90' lang='lat' dir='ltr'><strong>De</strong></span> <span class='ocrx_word' id='word_1_560' title='bbox 1425 2672 1525 2703; x_wconf 75' lang='lat' dir='ltr'><strong>cultJ.</strong></span> <span class='ocrx_word' id='word_1_561' title='bbox 1535 2675 1590 2703; x_wconf 84' lang='lat' dir='ltr'><strong>C.a</strong></span> <span class='ocrx_word' id='word_1_562' title='bbox 1607 2675 1686 2713; x_wconf 76' lang='lat' dir='ltr'><strong>Mag.</strong></span> <span class='ocrx_word' id='word_1_563' title='bbox 1698 2677 1802 2709; x_wconf 66' lang='lat' dir='ltr'><strong>adhib.,</strong></span> 
     </span>
    </p>
   </div>
   <div class='ocr_carea' id='block_1_83' title="bbox 1004 2709 1685 2785">
    <p class='ocr_par' dir='ltr' id='par_1_83' title="bbox 1004 2709 1685 2785">
     <span class='ocr_line' id='line_1_86' title="bbox 1004 2709 1669 2746; baseline 0 -9"><span class='ocrx_word' id='word_1_564' title='bbox 1004 2709 1066 2746; x_wconf 60' lang='lat' dir='ltr'><strong>pag.</strong></span> <span class='ocrx_word' id='word_1_565' title='bbox 1082 2709 1127 2742; x_wconf 62' lang='lat'><strong>26,</strong></span> <span class='ocrx_word' id='word_1_566' title='bbox 1141 2714 1197 2736; x_wconf 90' lang='lat' dir='ltr'><strong>not.</strong></span> <span class='ocrx_word' id='word_1_567' title='bbox 1212 2709 1239 2736; x_wconf 87' lang='lat'><strong>8.</strong></span> <span class='ocrx_word' id='word_1_568' title='bbox 1657 2709 1669 2713; x_wconf 56' lang='grc'>⁷</span> 
     </span>
     <span class='ocr_line' id='line_1_87' title="bbox 1040 2742 1685 2785; baseline 0 0"><span class='ocrx_word' id='word_1_569' title='bbox 1040 2746 1095 2785; x_wconf 68' lang='grc'>(11)</span> <span class='ocrx_word' id='word_1_570' title='bbox 1116 2745 1228 2785; x_wconf 48' lang='lat' dir='ltr'><strong>Euseb.</strong></span> <span class='ocrx_word' id='word_1_571' title='bbox 1245 2743 1317 2785; x_wconf 59' lang='lat'><strong>&quot;1&quot;!-</strong></span> <span class='ocrx_word' id='word_1_572' title='bbox 1333 2742 1409 2785; x_wconf 67' lang='grc' dir='ltr'><strong>εξσεέη</strong></span> <span class='ocrx_word' id='word_1_573' title='bbox 1425 2743 1471 2771; x_wconf 73' lang='lat' dir='ltr'><strong>“b-</strong></span> <span class='ocrx_word' id='word_1_574' title='bbox 1489 2754 1537 2785; x_wconf 55' lang='lat' dir='ltr'><strong>ul.</strong></span> <span class='ocrx_word' id='word_1_575' title='bbox 1558 2754 1621 2781; x_wconf 50' lang='lat' dir='ltr'><strong>car.</strong></span> <span class='ocrx_word' id='word_1_576' title='bbox 1635 2746 1685 2785; x_wconf 68' lang='lat'><strong>5.9:</strong></span> 
     </span>
    </p>
   </div>
   <div class='ocr_carea' id='block_1_84' title="bbox 1040 2778 1714 2816">
    <p class='ocr_par' dir='ltr' id='par_1_84' title="bbox 1040 2778 1714 2816">
     <span class='ocr_line' id='line_1_88' title="bbox 1040 2778 1714 2816; baseline -0.004 -8"><span class='ocrx_word' id='word_1_577' title='bbox 1040 2778 1096 2816; x_wconf 70' lang='lat'><strong>(12)</strong></span> <span class='ocrx_word' id='word_1_578' title='bbox 1117 2780 1248 2813; x_wconf 83' lang='lat' dir='ltr'><strong>Balsam.,</strong></span> <span class='ocrx_word' id='word_1_579' title='bbox 1265 2778 1358 2807; x_wconf 85' lang='lat' dir='ltr'><strong>Schol.</strong></span> <span class='ocrx_word' id='word_1_580' title='bbox 1375 2778 1402 2805; x_wconf 90' lang='lat' dir='ltr'><strong>iu</strong></span> <span class='ocrx_word' id='word_1_581' title='bbox 1417 2786 1477 2807; x_wconf 88' lang='lat' dir='ltr'><strong>can.</strong></span> <span class='ocrx_word' id='word_1_582' title='bbox 1492 2780 1524 2808; x_wconf 74' lang='lat'><strong>2!</strong></span> <span class='ocrx_word' id='word_1_583' title='bbox 1552 2778 1635 2810; x_wconf 77' lang='lat' dir='ltr'><strong>conc.</strong></span> <span class='ocrx_word' id='word_1_584' title='bbox 1646 2780 1714 2807; x_wconf 88' lang='lat' dir='ltr'><strong>Nic.</strong></span> 
     </span>
    </p>
   </div>
  </div>
