1857 3047
34 91 92 120 965

34 196 128 223 nostri
154 196 255 231 scripta
287 198 404 226 breviter
433 200 597 227 recensenda
626 207 656 227 se
682 203 823 227 convertat

32 241 140 268 oratio.

33 285 258 323 ll.4_S.Gregorii
289 288 427 323 Expositio
462 290 522 317 ﬁdei
555 291 681 318 diuinitus
707 292 820 319 dictata.

75 321 199 350 Veterani
224 321 379 351 testimoniis
406 325 560 352 authentico
582 335 637 354 esse
655 327 818 361 perhibetur.

70 381 145 407 Inter
167 380 276 415 pietatis
300 388 332 408 ac
356 381 486 410 doctrinae
511 387 697 417 monumenta,
711 383 822 411 Neocre-

28 427 152 454 sariensi
167 426 294 455 Ecclesiae
309 431 438 463 tanquam
458 430 608 464 pretiosum
626 431 819 465 patrimonium

27 478 43 498 a
52 471 188 505 Gregorio
201 473 306 505 relicta,
319 474 381 508 jure
394 482 448 509 prae
464 475 592 502 omnibus
606 475 759 502 celebratur
773 475 819 502 illa

27 516 174 551 Expositio
203 518 282 552 ﬁdei,
311 527 394 554 quam
417 520 460 547 vir
486 520 664 557 admirandus
689 520 819 549 divinitus

25 563 161 590 dictatam
194 565 318 599 protinus
349 565 446 594 litteris
475 566 619 593 mandasse
651 566 817 601 perhibetur.

26 608 180 643 Gregorius
192 609 342 645 Nyssenus,
354 611 401 646 qui
425 619 481 638 rem
506 612 533 639 in
553 612 613 647 ejus
627 612 688 640 Vita
704 612 819 641 ﬁdeliter

26 659 138 687 narrat,
163 655 264 690 quique
287 656 391 690 primus
409 657 532 684 omnium
559 658 629 686 idem
654 658 717 686 ﬁdei
739 659 818 695 Sym-

25 701 124 728 bolum
138 701 281 736 descripsit
294 702 360 738 (1'5).
375 702 409 730 ad
422 702 510 737 ipsum
527 703 723 740 Thaumaturgi
739 706 819 733 αὑτό-

24 755 135 782 γραφον
151 751 278 782 provocat
294 748 336 775 his
353 748 444 776 verbis
460 749 515 785 (M)
530 757 536 775 :
556 750 589 776 Et’
603 758 643 782 τις
659 750 727 785 τῷδε
743 751 818 786 φίλος

23 793 92 828 περὶ
124 793 218 820 τούτου
247 793 406 829 πεισθῆναι,
439 794 561 821 ἀκουέτω
578 795 626 831 τῆς
644 796 815 832 Ἐκκλησίας,

461 95 490 122 S.
511 95 708 124 GREGORIUS
726 94 1026 124 TllAUMA’l’URGUS.
1043 111 1078 116 —
1094 95 1242 125 NOTITIA.

33 154 201 178 assectatus.
231 149 330 178 Verum
364 151 406 179 his
435 153 541 187 missis,
572 154 606 180 ad
637 153 723 181 sancti
737 152 826 180 Patris
839 171 862 200 Α

1612 104 1663 132 966

877 154 1007 187 positione
1028 153 1159 186 recitatis,
1179 154 1270 188 priore
1292 154 1352 182 loco
1374 155 1456 184 citato
1479 157 1537 186 haec
1554 159 1661 188 subdit:

876 200 925 232 ’Ὧς
947 208 989 231 τις
1004 199 1059 226 τῶν
1076 200 1167 236 μικρῷ
1191 200 1309 236 πρόσθεν
1334 201 1472 238 θεοφόρων
1501 204 1662 242 ἐφιλοσόφη-

874 253 938 272 trav:
955 254 964 271 ι
982 244 1017 272 Ut
1028 245 1164 280 quispiam
1176 245 1269 273 divino
1285 247 1396 275 numine
1411 249 1517 277 aﬁlatus
1532 251 1605 278 haud
1623 253 1661 280 ita

871 290 976 325 pridem
1011 290 1220 325 philosophatus
1243 295 1295 319 est.
1312 300 1322 317 ι
1358 291 1416 325 Qua
1443 301 1508 322 sane
1532 295 1662 330 loquendi

871 335 977 362 ratione
993 336 1148 371 theologum
1165 337 1318 371 respexisse
1333 338 1366 365 ad
1381 337 1579 376 Thaumaturgi
1598 350 1662 377 apo-

871 381 1013 417 calypsim,
1038 389 1086 410 seu
1109 383 1142 409 ad
1159 382 1223 417 ﬁdei
1240 383 1394 418 Symbolum
1410 385 1518 414 ctelitus
1541 387 1593 422 ipsi
1617 396 1660 415 re-

870 427 1000 461 velatum,
1014 428 1093 462 cujus
1109 429 1191 456 verba
1206 430 1286 464 paulo
1303 434 1365 457 ante
1380 436 1538 466 usurparat,
1554 434 1661 461 monuit

871 473 935 500 olim
952 473 1025 502 Elias
1045 474 1192 508 Cretensis,
1211 481 1241 503 ut
1266 482 1327 511 post
1347 477 1456 505 Billium
1479 479 1512 506 ad
1529 487 1591 507 eum
1617 481 1658 507 lo-

871 526 933 545 cum
950 519 1157 548 adnotabatnus.
1171 521 1211 548 Ad
1224 521 1281 549 hac
1294 522 1409 551 Ruﬁnus
1419 525 1541 552 eamdem
1557 525 1659 561 Grego-

870 563 975 591 rianam
989 565 1190 601 Ezpositionem
1207 575 1240 595 ex
1257 567 1392 604 Nysseno,
1410 574 1439 596 ut
1454 570 1563 605 quidem
1580 576 1656 606 puto,

869 611 1041 647 desumptam
1066 621 1123 640 suae
1144 615 1263 642 versioni
1286 615 1446 644 Eusebiana:
1463 617 1592 646 Historia:
1611 620 1655 646 in-

869 657 956 685 texuit
977 657 1043 694 (l8).
1075 659 1164 693 ipsam
1199 665 1328 694 przeterea
1363 666 1491 697 tauquam
1520 664 1656 692 sincerum

870 701 1064 739 'I'haumaturgi
1089 704 1172 732 fetum
1198 711 1368 740 agnoverunt
1394 706 1488 735 Patres
1511 709 1538 735 in
1563 711 1657 744 quinta

869 749 1038 776 acumenica
1056 750 1160 784 synodo
1173 751 1339 785 congregati.
1353 751 1456 779 Omitto
1467 751 1587 780 Nicetam
1598 754 1656 788 (l9)

869 795 991 830 aliosque
1022 796 1168 830 scriptores
1192 796 1301 825 Graecos
1335 798 1406 834 apud
1431 798 1559 827 Allatium
1585 799 1654 836 (20),

23 839 54 864 ὲν
100 839 189 865 ταῦτα
211 839 356 875 ὲκήρϋττε,
377 840 442 876 παρ’
455 837 495 872 οἷς
515 841 584 868 αὑτά
602 841 636 868 τὰ
653 843 807 878 χαράγματι

890 841 915 868 ui
933 841 1056 868 eamdem
1073 841 1229 869 laudarunt.

22 885 75 919 τῆς
92 885 233 921 μακαρίας
253 885 360 920 ἐκείνης
379 886 470 922 χειρὸς
486 887 571 913 εἰσέτι
591 887 636 914 καὶ
654 887 701 915 νῦν
718 888 816 915 διασώ-

22 930 115 962 ζεται.
141 931 171 958 ld
192 935 259 959 est:
286 941 295 957 ι
312 931 391 965 Quod
414 932 438 959 si
461 932 523 967 quis
547 933 581 960 de
605 933 657 961 hac
682 942 712 961 re
735 934 814 962 ﬁdem

23 977 75 1004 sibi
92 976 155 1004 ﬁeri
174 977 259 1012 cupit,
280 977 377 1006 audiat
393 977 545 1006 Eeclesiam
566 979 593 1007 in
609 987 663 1014 qua
678 980 729 1008 ista
744 988 814 1016 prte-

22 1023 154 1056 dicabat;
189 1024 260 1059 apud
292 1032 375 1059 quam
401 1032 433 1052 ea
460 1024 520 1060 ipsa
551 1026 632 1053 verba
658 1026 736 1054 beata
768 1027 815 1055 illa

23 1077 110 1097 manu
133 1074 262 1103 exarata,
286 1079 360 1099 nunc
379 1071 461 1098 etiam
484 1072 572 1101 adhuc
597 1078 782 1101 asservantur.
801 1082 812 1100 ι

22 1116 165 1151 Additque
180 1115 427 1144 Neoczsaricnsem
447 1116 597 1146 Ecclesiam
621 1118 655 1146 ad
675 1126 752 1146 suam
768 1127 814 1147 us-

21 1167 200 1197 que-aetatem
221 1163 247 1191 in
265 1171 297 1191 ea
312 1164 375 1191 ﬁdei
395 1164 571 1192 confessione
597 1165 760 1199 institutam,
777 1166 812 1193 ab

20 1208 98 1235 omni
134 1208 261 1236 haeretica
293 1210 427 1244 pravitate
457 1210 586 1238 intactam
618 1211 811 1246 permansisse.

20 1252 49 1280 ld
74 1254 170 1289 ipsum
198 1258 312 1282 testatur
334 1255 451 1283 Basilius
477 1255 590 1290 Magnus
605 1255 720 1292 Nysseni
751 1264 812 1292 ger-

21 1306 127 1326 manus
162 1298 264 1334 frater,
291 1299 523 1328 Neocatsarienses
550 1301 706 1335 allocutus;
732 1301 812 1335 cujus

20 1346 107 1372 verba
127 1350 248 1373 veterum
270 1346 434 1374 testimoniis
457 1347 490 1374 de
511 1346 715 1382 Thaumaturgo
743 1346 812 1374 infe-

20 1392 79 1419 rius
94 1391 192 1419 relatis
214 1391 347 1425 addenda,
366 1392 500 1427 ejusmodi
517 1397 582 1420 sunt
597 1393 653 1427 (l5)
667 1402 674 1419 :
691 1393 812 1425 Πίστεως

20 1438 47 1464 δὲ
72 1438 126 1473 τῆς
146 1438 296 1473 ἡμετέρας,
312 1437 354 1470 τίς
379 1438 411 1464 ἂν
437 1438 484 1465 καὶ
498 1439 603 1472 γένοιτο
628 1439 810 1475 ὲναργεστέρα

18 1484 171 1517 ἀπόδειξις,
188 1484 205 1519 ἢ
221 1485 261 1511 ὅτι
276 1485 423 1520 τραφέντες
436 1486 518 1520 ἡμεῖς
536 1485 587 1511 ὑπὸ
599 1485 676 1522 τίτθῃ
689 1485 809 1521 μακαρίᾳ

16 1531 139 1565 γυναικὶ,
157 1530 223 1567 παρ’
240 1531 316 1566 ὑμῶν
329 1531 499 1567 ὡρμημένῃ;
515 1531 659 1568 Μακρίναν
674 1532 744 1566 λέγω
759 1532 807 1568 τὴν

17 1575 192 1612 περιϐόητον,
215 1576 279 1611 παρ’
296 1573 329 1611 ἦς
350 1576 526 1612 ἐδιδάχθημεν
545 1577 579 1604 τὰ
598 1576 644 1604 τοῦ
666 1586 807 1613 μακαριω-

17 1622 96 1648 τάτου
111 1622 264 1658 Γρηγορίου
282 1623 401 1657 ῥήματα,
416 1623 466 1650 ὅσα
482 1623 550 1659 πρὸς
567 1623 650 1659 αὐτὴν
663 1624 808 1661 ἀκολουθίᾳ

18 1668 128 1703 μνήμης
155 1667 321 1694 διασωθέντα
347 1668 413 1703 αὐτή
443 1677 472 1696 τε
496 1668 648 1702 ἐφύλασσε,
674 1669 721 1696 καὶ
735 1670 808 1705 ἡμᾶς

15 1712 54 1739 ἑτι
79 1712 197 1748 νηπίους
224 1713 303 1744 ὄντας
326 1712 440 1740 ἔπλαττε
466 1713 512 1740 καὶ
539 1714 659 1750 ἐμόρφου
683 1715 739 1746 τοῖς
758 1715 807 1750 τῆς

15 1759 159 1790 εὐσεϐείας
175 1758 317 1794 δόγμασιν.
335 1758 391 1787 Hoc
407 1764 468 1786 est:
486 1769 495 1785 ι
510 1758 615 1787 Nostrae
632 1764 722 1787 autem
745 1761 806 1788 ﬁdei

15 1811 74 1838 qum
97 1804 189 1839 possit
215 1804 366 1832 evidentior
392 1812 454 1832 esse
475 1805 609 1840 probatio,
635 1813 717 1841 quam
733 1806 806 1842 quod

14 1851 123 1878 educati
157 1859 253 1887 sumus
276 1851 327 1879 sub
353 1852 412 1879 avia
431 1852 510 1879 beata
536 1852 658 1884 muliere,
675 1860 708 1880 ex
728 1853 806 1881 vobis

14 1900 95 1925 orta?
124 1898 276 1926 Macrinam
297 1899 358 1926 dico
384 1899 588 1927 celeberrimam
611 1899 697 1932 illam,
721 1908 805 1935 aqua

14 1943 101 1970 edocti
125 1951 226 1971 sumus
249 1943 399 1971 beatissimi
416 1943 538 1979 Gregorii
560 1944 659 1976 verba;
677 1953 806 1980 quaecun-

13 1997 64 2023 que
73 1989 206 2024 usquead
216 1990 301 2024 ipsam
313 1990 451 2017 mcmorite
467 1990 672 2018 continuatione
689 1992 803 2026 perlata,

14 2043 73 2062 cum
107 2036 172 2071 ipsa
197 2036 387 2069 conservabat,
414 2041 470 2064 tum
500 2044 550 2064 nos
573 2037 663 2064 adhuc
688 2037 805 2066 infantes

13 2082 121 2115 pietatis
150 2082 327 2117 dogmatibus
355 2083 471 2117 ﬁngebat
496 2087 523 2110 et
546 2084 744 2112 informabat.)
772 2085 805 2113 Et

13 2128 72 2154 alibi
96 2127 160 2163 (16)
178 2135 186 2154 :
206 2128 253 2154 Ἔν
276 2128 363 2154 τοίνυν
387 2128 439 2154 τῶν
459 2129 626 2165 Γρηγορίου,
646 2129 693 2156 καὶ
720 2130 735 2156 ὁ
757 2130 803 2157 νῦν

902 885 969 918 Quae
985 893 1047 913 cum
1070 886 1106 913 ita
1122 886 1186 920 sint,
1205 887 1262 922 jam
1288 888 1379 917 nullus
1396 889 1430 917 de
1446 889 1528 925 hujus
1539 890 1656 926 Exposi-

867 931 948 959 tionis
970 931 1099 968 αὐθεντίᾳ
1120 933 1261 961 dubitandi
1285 934 1362 962 locus
1383 934 1556 970 relinquitur.
1575 935 1654 969 Quod

865 977 889 1005 si
911 978 975 1013 quis
993 977 1104 1006 Eusebii
1127 979 1266 1007 silentium
1296 987 1329 1007 ac
1347 978 1505 1016 Hieronymi
1529 981 1653 1016 objiciat,

865 1022 938 1051 haud
958 1024 1083 1059 equidem
1099 1024 1233 1053 afﬁrmare
1254 1025 1343 1053 ausim
1360 1026 1393 1053 de
1409 1026 1571 1056 Ctesaricnsi
1592 1028 1652 1063 epi-

865 1075 959 1103 scopo,
985 1069 1074 1104 ipsum
1100 1075 1241 1105 propterea
1266 1069 1385 1105 Symboli
1414 1071 1651 1108 ﬁdeiGregoriani

864 1113 961 1140 nullibi
982 1114 1147 1141 mentionem
1172 1114 1307 1149 injecisse,
1324 1116 1396 1151 quod
1414 1116 1481 1144 illud
1497 1121 1570 1145 esset
1584 1118 1652 1146 satis

864 1162 992 1186 accurata
1008 1160 1042 1187 de
1057 1160 1228 1188 sanctissima
1241 1160 1371 1189 Trinitate
1387 1163 1522 1199 ὀμοουσίῳ
1542 1164 1651 1198 exposi-

864 1205 902 1232 tio
919 1213 926 1231 :
943 1205 1005 1233 licet
1029 1206 1182 1234 observarit
1207 1207 1270 1234 olim
1287 1207 1403 1236 Photius
1415 1209 1484 1244 (2i),
1502 1209 1649 1238 Eusebium

863 1250 891 1278 in
906 1258 955 1278 sua
969 1251 1089 1279 Historia
1103 1253 1309 1287 praetermittere
1330 1256 1505 1283 consuevisse
1520 1264 1649 1292 quaecun-

863 1303 916 1331 que
936 1296 1103 1332 impietatem
1125 1298 1253 1325 Arianam
1274 1299 1433 1334 impugnare
1455 1305 1502 1328 aut
1528 1306 1649 1330 evertere

862 1342 1028 1370 viderentur.
1055 1343 1095 1371 Ad
1112 1343 1306 1380 Hieronymum
1331 1349 1421 1372 autent
1443 1346 1514 1380 quod
1541 1348 1648 1381 attinet,

862 1395 941 1415 nemo
967 1389 1054 1416 nescit
1080 1394 1205 1417 sanctum
1232 1389 1370 1417 doctorem
1398 1391 1424 1418 in
1450 1400 1501 1420 suo
1526 1393 1561 1420 De
1585 1395 1652 1431 viris

862 1434 1010 1462 illustribus
1040 1435 1109 1462 libro
1138 1436 1285 1470 ipsummet
1306 1435 1452 1464 Eusebium
1487 1438 1647 1474 plerumque

862 1481 1003 1509 assectari.
1025 1481 1156 1516 Quisquis
1181 1486 1312 1516 praeterea
1338 1483 1396 1510 sive
1414 1482 1561 1512 Eusebium
1588 1485 1646 1512 sive

860 1527 1053 1563 Hieronymum
1086 1528 1196 1555 silentes
1224 1527 1355 1560 inducat.
1384 1537 1438 1564 quo
1465 1529 1645 1565 Expositionis

859 1573 1031 1609 Gregorianae
1044 1574 1122 1601 ﬁdem
1137 1574 1232 1606 elevet,
1244 1581 1338 1601 eorum
1352 1575 1506 1603 meminerit
1514 1584 1574 1611 qua:
1586 1581 1645 1605 tum

858 1621 891 1648 de
907 1620 1026 1655 Syriacis
1042 1619 1191 1647 Clementis
1211 1619 1325 1647 Romani
1350 1621 1467 1655 epistolis
1494 1622 1562 1658 (22),
1585 1627 1644 1651 tum

857 1667 891 1694 de
902 1666 1009 1694 Claudii
1025 1666 1190 1701 Apollinaris
1208 1666 1277 1692 libro
1294 1665 1331 1693 De
1341 1666 1472 1694 Pasc/tate
1486 1668 1550 1695 alibi
1571 1669 1642 1696 dixi-

857 1720 920 1740 mus
933 1713 1000 1748 (23).
1017 1712 1052 1740 At
1065 1712 1099 1740 de
1115 1712 1227 1747 reliquis
1248 1712 1334 1740 sancti
1352 1712 1440 1741 Patris
1461 1714 1570 1750 scriptis
1585 1723 1642 1743 ser-

857 1765 965 1785 monem
983 1766 1192 1794 prosequamur.

856 1815 900 1843 ΙΙΙ.
921 1816 1100 1852 Metaphrasis
1117 1817 1145 1844 in
1158 1817 1338 1845 Ecclesiasten
1361 1817 1390 1845 S.
1404 1817 1530 1852 Gregorio
1547 1820 1642 1846 asseri-

892 1856 945 1881 tur.
965 1852 1002 1879 De
1020 1852 1068 1878 ltoc
1088 1859 1163 1886 opere
1184 1853 1246 1888 quid
1264 1852 1377 1885 Billius,
1398 1852 1464 1888 quid
1477 1853 1641 1889 Bengelt'us?

891 1897 1090 1932 Expositionem
1105 1898 1167 1932 ﬁdei
1193 1899 1294 1933 excipit
1307 1898 1483 1933 Metapltrasis
1507 1900 1534 1926 in
1547 1899 1641 1927 Eccle-

856 1944 965 1976 siasten,
992 1952 1074 1979 quam
1102 1949 1195 1972 noster
1210 1944 1359 1980 Gregorius
1382 1946 1641 1980 magniﬁcentissime

855 1991 972 2026 scripsit,
990 1990 1081 2026 judice
1098 1989 1197 2018 Ruﬁno
1211 1991 1288 2026 (21;);
1313 1990 1412 2018 brevem
1432 1991 1504 2018 illam
1522 1992 1639 2026 quidem,

855 2036 900 2063 sed
921 2036 996 2063 valde
1013 2036 1115 2068 utilem,
1138 2036 1175 2063 ait
1195 2036 1377 2072 Hieronymus
1394 2036 1450 2072 (25)
1464 2046 1471 2063 :
1488 2037 1535 2071 qui
1549 2042 1575 2064 et
1589 2046 1639 2065 suo

855 2080 1049 2108 Commentario
1068 2082 1095 2108 in
1117 2081 1293 2109 Ecclesiasten
1328 2082 1456 2109 nonnulla
1487 2090 1519 2108 ex
1545 2084 1638 2110 eadem

854 2127 1019 2162 Melan/trusi
1047 2128 1182 2163 descripta
1208 2128 1342 2161 intexens,
1369 2128 1427 2155 haec
1454 2128 1533 2154 habet
1562 2129 1636 2163 (26):

13 2174 222 2210 ἁντιλεγόμενος
242 2175 339 2210 τρόπος
359 2174 408 2210 τῆς
427 2174 579 2209 δοξολογίας
601 2175 685 2208 ἐστὶν,
703 2177 735 2202 ἐκ
754 2177 802 2212 τῆς

890 2173 919 2201 'ir
934 2178 1061 2207 sanctus,
1079 2174 1226 2209 Gregorius
1242 2173 1321 2201 Ponti
1338 2173 1492 2208 episcopus,
1513 2174 1638 2210 Origenis

13 2220 113 2247 ἐκείνου
142 2220 320 2256 παραδόσεως
345 2222 378 2256 τῇ
406 2220 554 2256 Ἐκκλησία
583 2221 800 2258 πεφυλαγμένος.

15 2265 118 2293 ιυηιιιη
145 2266 238 2300 itaque
252 2274 284 2293 ex
298 2265 421 2301 Gregorii
445 2267 575 2294 institutis
590 2272 641 2300 est,
659 2267 741 2295 etiam
757 2268 802 2295 ille

13 2311 65 2346 ipse
79 2312 291 2348 gloriﬁcationis
314 2313 421 2345 modus,
435 2313 479 2340 cui
498 2321 570 2340 nunc
592 2314 798 2346 contradicitur,

13 2366 40 2385 ex
55 2359 131 2386 illius
153 2358 300 2385 traditione
325 2358 351 2385 in
368 2357 489 2386 Ecclesia
507 2358 672 2386 custoditus.
694 2368 703 2385 ι
730 2359 800 2395 Nys-

13 2411 72 2432 teno
94 2411 123 2433 et
143 2404 245 2432 Basilio
261 2404 425 2439 suﬁ‘ragatur
436 2404 584 2439 Gregorius
600 2404 798 2439 Nazianzenus,

13 2451 51 2483 qui
75 2449 165 2478 semel
186 2450 336 2485 iterumque
347 2449 404 2485 (17)
425 2450 565 2478 nonnullis
583 2458 617 2478 ex
632 2451 725 2479 eadem
742 2451 798 2478 Ea:-

43 2531 100 2565 (15)
117 2528 252 2565 Nyssen.,
267 2528 321 2557 Vit.
334 2529 459 2562 Thaum.,
475 2538 535 2565 cap.
551 2530 568 2557 8
582 2535 609 2558 et
621 2530 646 2558 9.

42 2566 98 2600 (Η)
119 2566 161 2592 Id.
180 2565 258 2598 ibid.,
273 2572 332 2600 cap.
348 2566 391 2592 10.

43 2601 108 2636 (15)
121 2599 221 2632 Basil.,
233 2599 317 2636 epist.
333 2600 397 2634 204,
419 2607 495 2628 num.
512 2599 539 2633 6,
556 2607 620 2627 nov.
642 2600 795 2636 edit.-0pp.

13 2639 72 2662 lotn.
89 2635 134 2667 Ill,
155 2642 215 2670 pag.
233 2635 295 2662 506.

41 2671 96 2704 (16)
117 2670 170 2703 ld.,
184 2670 230 2698 lib.
250 2670 289 2697 De
306 2669 483 2705 Spir.sancl.,
501 2677 562 2706 cap.
585 2670 632 2705 29,
653 2679 729 2699 num.
751 2672 793 2705 74,

25 2714 66 2732 a2.
82 2706 129 2732 65.

13 2713 196 2776 paiij'i'brat.
211 2740 255 2776 57,
275 2748 336 2775 pag.
353 2740 422 2774 609;
439 2746 466 2768 et
479 2741 524 2774 to,
541 2749 602 2776 pag.
618 2741 680 2769 668.

41 2775 96 2809 (18)
120 2775 223 2807 Ruﬁn,
240 2775 312 2802 llist.
326 2776 389 2803 eccl.
405 2776 451 2803 lib.
467 2785 515 2809 vn,
531 2775 589 2810 cap.
606 2777 650 2805 25.

41 2812 97 2846 (lit)
120 2810 197 2840 Thes.
215 2811 284 2838 urth.
298 2811 358 2844 ﬁrl.,
377 2811 423 2839 lib.
441 2820 459 2844 t,
475 2819 534 2846 cap.
551 2812 596 2839 52.

853 2220 970 2252 auditor,
991 2220 1017 2246 in
1040 2219 1205 2255 Metaphrasi
1223 2219 1412 2252 Ecclesiaste,
1438 2219 1475 2246 ita
1497 2219 1571 2247 hunc
1595 2221 1638 2247 lo-

851 2273 913 2293 cum
936 2265 1076 2299 intellexit,
1091 2270 1143 2293 etc.
1163 2275 1172 2291 ι
1193 2274 1202 2290 t
1219 2266 1331 2292 Omnem
1352 2264 1443 2299 itaque
1459 2264 1638 2293 dubitationis

851 2319 957 2345 ansam,
974 2317 1004 2339 ut
1028 2319 1090 2339 cum
1107 2311 1186 2338 Billio
1204 2311 1300 2346 loquar
1313 2310 1382 2346 (27),
1411 2312 1490 2338 nobis
1514 2312 1638 2339 eximunt

850 2356 1030 2392 Hieronymus
1055 2363 1081 2384 et
1095 2356 1220 2389 Ruﬁnus,
1241 2357 1287 2391 qui
1310 2357 1383 2384 hunc
1405 2356 1489 2384 fetum
1506 2365 1570 2384 vero
1586 2365 1636 2385 suo

850 2403 957 2438 parenti
980 2403 1192 2442 Neocaesariensi
1221 2402 1353 2438 Gregorio
1380 2407 1520 2431 asserunt.
1557 2403 1636 2437 Quod

849 2454 939 2478 autem
954 2449 1127 2477 Nazianzeno
1149 2449 1283 2476 tributum
1307 2448 1389 2477 fuerit
1412 2449 1546 2485 ejusmodi
1567 2456 1635 2483 opus

885 2528 941 2565 (20)
962 2529 1046 2556 Grac.
1059 2529 1140 2561 arth.,
1169 2533 1234 2554 tom.
1252 2527 1285 2561 ll,
1309 2535 1388 2564 pagg.
1410 2528 1474 2563 484,
1492 2528 1554 2562 755,
1570 2529 1633 2561 952,

848 2565 899 2593 986
916 2571 943 2593 et
952 2565 1030 2592 l056.

893 2601 940 2633 2i)
959 2599 1044 2629 Bibl.,
1064 2597 1125 2626 cod.
1138 2606 1242 2625 cxxvn.

892 2632 938 2670 22)
957 2634 1108 2670 Prolegom.
1122 2634 1154 2670 ad
1167 2632 1321 2670 BilglLPP"
1337 2633 1391 2660 vol.
1407 2634 1429 2666 i,
1443 2641 1506 2669 pag.
1523 2634 1558 2661 22
1574 2641 1631 2670 seq.

895 2668 939 2704 23)
959 2669 1104 2703 lbid.,pag.
1122 2669 1184 2700 121,
1203 2668 1256 2704 55.

893 2703 940 2737 21)
961 2704 1033 2730 llist.
1051 2703 1128 2735 eccl.,
1147 2704 1192 2731 lib.
1205 2703 1255 2736 vn,
1275 2710 1335 2737 cap.
1350 2703 1396 2730 25.

959 2739 997 2777 _De
1009 2740 1068 2777 _t_!ir._
1083 2739 1196 2772 illttstr.,
1212 2747 1271 2773 cap.
1289 2738 1332 2765 (55.

882 2774 938 2810 (26)
959 2774 986 2801 In
1005 2774 1105 2801 Ere/es.
1123 2782 1182 2809 cap.
1198 2782 1232 2801 tv.

882 2807 939 2846 (27)
959 2810 986 2837 In
999 2810 1091 2838 Monit.
1111 2810 1142 2837 ad
1158 2807 1228 2837 orat.
1246 2817 1307 2844 quae
1321 2809 1418 2837 dicitur
1431 2807 1571 2838 Nalianzu
1583 2809 1628 2836 55.
