  <div class='ocr_page' id='page_1' title='image "/cluster/home/n/w/nwhite01/storage/ocr_20150623/10/njp.32101077772406/527.png"; bbox 0 0 1857 3047; ppageno 0'>
   <div class='ocr_carea' id='block_1_1' title="bbox 217 87 268 116">
    <p class='ocr_par' dir='ltr' id='par_1_1' title="bbox 217 87 268 116">
     <span class='ocr_line' id='line_1_1' title="bbox 217 87 268 116; baseline -0.039 0"><span class='ocrx_word' id='word_1_1' title='bbox 217 87 268 116; x_wconf 70' lang='lat'><strong>967</strong></span> 
     </span>
    </p>
   </div>
   <div class='ocr_carea' id='block_1_2' title="bbox 741 82 1312 112">
    <p class='ocr_par' dir='ltr' id='par_1_2' title="bbox 741 82 1312 112">
     <span class='ocr_line' id='line_1_2' title="bbox 741 82 1312 112; baseline 0 0"><span class='ocrx_word' id='word_1_2' title='bbox 741 83 771 112; x_wconf 79' lang='grc' dir='ltr'><strong>Β.</strong></span> <span class='ocrx_word' id='word_1_3' title='bbox 791 82 993 112; x_wconf 80' lang='lat' dir='ltr'><strong>GBEGORIUS</strong></span> <span class='ocrx_word' id='word_1_4' title='bbox 1011 82 1312 112; x_wconf 76' lang='lat' dir='ltr'><strong>TllAUMATURGUS.</strong></span> 
     </span>
    </p>
   </div>
   <div class='ocr_carea' id='block_1_3' title="bbox 1784 83 1830 113">
    <p class='ocr_par' dir='ltr' id='par_1_3' title="bbox 1784 83 1830 113">
     <span class='ocr_line' id='line_1_3' title="bbox 1784 83 1830 113; baseline 0 0"><span class='ocrx_word' id='word_1_5' title='bbox 1784 83 1830 113; x_wconf 76' lang='lat'><strong>963</strong></span> 
     </span>
    </p>
   </div>
   <div class='ocr_carea' id='block_1_4' title="bbox 217 139 1829 181">
    <p class='ocr_par' dir='ltr' id='par_1_4' title="bbox 217 139 1829 181">
     <span class='ocr_line' id='line_1_4' title="bbox 217 139 1829 181; baseline -0.004 -7"><span class='ocrx_word' id='word_1_6' title='bbox 217 147 245 174; x_wconf 88' lang='lat' dir='ltr'><strong>in</strong></span> <span class='ocrx_word' id='word_1_7' title='bbox 267 145 406 181; x_wconf 83' lang='lat' dir='ltr'><strong>plerisque</strong></span> <span class='ocrx_word' id='word_1_8' title='bbox 433 150 501 171; x_wconf 88' lang='lat' dir='ltr'><strong>mss.</strong></span> <span class='ocrx_word' id='word_1_9' title='bbox 521 142 660 170; x_wconf 85' lang='lat' dir='ltr'><strong>codicibus</strong></span> <span class='ocrx_word' id='word_1_10' title='bbox 672 141 788 174; x_wconf 71' lang='lat' dir='ltr'><strong>Graecis,</strong></span> <span class='ocrx_word' id='word_1_11' title='bbox 813 141 840 169; x_wconf 91' lang='lat' dir='ltr'><strong>in</strong></span> <span class='ocrx_word' id='word_1_12' title='bbox 858 141 905 169; x_wconf 92' lang='lat' dir='ltr'><strong>illo</strong></span> <span class='ocrx_word' id='word_1_13' title='bbox 921 141 1002 170; x_wconf 87' lang='lat' dir='ltr'><strong>etiam</strong></span> <span class='ocrx_word' id='word_1_14' title='bbox 1019 143 1042 173; x_wconf 78' lang='grc' dir='ltr'><strong>Α</strong></span> <span class='ocrx_word' id='word_1_15' title='bbox 1056 141 1084 169; x_wconf 83' lang='lat' dir='ltr'><strong>in</strong></span> <span class='ocrx_word' id='word_1_16' title='bbox 1099 141 1214 170; x_wconf 90' lang='lat' dir='ltr'><strong>concilio</strong></span> <span class='ocrx_word' id='word_1_17' title='bbox 1227 141 1388 175; x_wconf 86' lang='lat' dir='ltr'><strong>Qniniscxto</strong></span> <span class='ocrx_word' id='word_1_18' title='bbox 1398 140 1456 168; x_wconf 65' lang='lat' dir='ltr'><strong>haec</strong></span> <span class='ocrx_word' id='word_1_19' title='bbox 1468 139 1575 168; x_wconf 88' lang='lat' dir='ltr'><strong>sanctio</strong></span> <span class='ocrx_word' id='word_1_20' title='bbox 1586 139 1660 168; x_wconf 88' lang='lat' dir='ltr'><strong>edita</strong></span> <span class='ocrx_word' id='word_1_21' title='bbox 1674 140 1744 176; x_wconf 63' lang='lat'><strong>($5):</strong></span> <span class='ocrx_word' id='word_1_22' title='bbox 1760 150 1769 166; x_wconf 77' lang='grc' dir='ltr'>α</span> <span class='ocrx_word' id='word_1_23' title='bbox 1783 140 1829 168; x_wconf 88' lang='lat' dir='ltr'><strong>0b-</strong></span> 
     </span>
    </p>
   </div>
   <div class='ocr_carea' id='block_1_5' title="bbox 217 185 1002 226">
    <p class='ocr_par' dir='ltr' id='par_1_5' title="bbox 217 185 1002 226">
     <span class='ocr_line' id='line_1_5' title="bbox 217 185 1002 226; baseline -0.008 -8"><span class='ocrx_word' id='word_1_24' title='bbox 217 191 303 226; x_wconf 78' lang='lat' dir='ltr'><strong>Regio</strong></span> <span class='ocrx_word' id='word_1_25' title='bbox 325 189 512 217; x_wconf 83' lang='lat' dir='ltr'><strong>vetustissimo</strong></span> <span class='ocrx_word' id='word_1_26' title='bbox 539 195 620 222; x_wconf 83' lang='lat' dir='ltr'><strong>quem</strong></span> <span class='ocrx_word' id='word_1_27' title='bbox 653 190 782 214; x_wconf 80' lang='lat' dir='ltr'><strong>accurate</strong></span> <span class='ocrx_word' id='word_1_28' title='bbox 808 185 941 213; x_wconf 86' lang='lat' dir='ltr'><strong>describit</strong></span> <span class='ocrx_word' id='word_1_29' title='bbox 966 185 1002 213; x_wconf 86' lang='lat' dir='ltr'><strong>cl.</strong></span> 
     </span>
    </p>
   </div>
   <div class='ocr_carea' id='block_1_6' title="bbox 216 231 1003 270">
    <p class='ocr_par' dir='ltr' id='par_1_6' title="bbox 216 231 1003 270">
     <span class='ocr_line' id='line_1_6' title="bbox 216 231 1003 270; baseline -0.009 -5"><span class='ocrx_word' id='word_1_30' title='bbox 216 235 437 265; x_wconf 86' lang='lat' dir='ltr'><strong>Montfauconius</strong></span> <span class='ocrx_word' id='word_1_31' title='bbox 458 233 524 270; x_wconf 71' lang='lat'><strong>(28),</strong></span> <span class='ocrx_word' id='word_1_32' title='bbox 547 237 629 268; x_wconf 92' lang='lat' dir='ltr'><strong>atque</strong></span> <span class='ocrx_word' id='word_1_33' title='bbox 652 231 720 259; x_wconf 88' lang='lat' dir='ltr'><strong>adeo</strong></span> <span class='ocrx_word' id='word_1_34' title='bbox 745 232 773 259; x_wconf 94' lang='lat' dir='ltr'><strong>in</strong></span> <span class='ocrx_word' id='word_1_35' title='bbox 798 231 877 259; x_wconf 88' lang='lat' dir='ltr'><strong>editis</strong></span> <span class='ocrx_word' id='word_1_36' title='bbox 898 236 1003 259; x_wconf 89' lang='lat' dir='ltr'><strong>tantum</strong></span> 
     </span>
    </p>
   </div>
   <div class='ocr_carea' id='block_1_7' title="bbox 218 277 1004 315">
    <p class='ocr_par' dir='ltr' id='par_1_7' title="bbox 218 277 1004 315">
     <span class='ocr_line' id='line_1_7' title="bbox 218 277 1004 315; baseline -0.008 -4"><span class='ocrx_word' id='word_1_37' title='bbox 218 291 272 310; x_wconf 91' lang='lat' dir='ltr'><strong>non</strong></span> <span class='ocrx_word' id='word_1_38' title='bbox 285 281 412 310; x_wconf 89' lang='lat' dir='ltr'><strong>omnibus</strong></span> <span class='ocrx_word' id='word_1_39' title='bbox 425 284 591 315; x_wconf 89' lang='lat' dir='ltr'><strong>postremum</strong></span> <span class='ocrx_word' id='word_1_40' title='bbox 605 279 695 306; x_wconf 89' lang='lat' dir='ltr'><strong>locum</strong></span> <span class='ocrx_word' id='word_1_41' title='bbox 710 278 781 306; x_wconf 93' lang='lat' dir='ltr'><strong>inter</strong></span> <span class='ocrx_word' id='word_1_42' title='bbox 792 277 853 313; x_wconf 87' lang='lat' dir='ltr'><strong>ejus</strong></span> <span class='ocrx_word' id='word_1_43' title='bbox 867 279 1004 306; x_wconf 87' lang='lat' dir='ltr'><strong>orationes</strong></span> 
     </span>
    </p>
   </div>
   <div class='ocr_carea' id='block_1_8' title="bbox 217 324 1004 360">
    <p class='ocr_par' dir='ltr' id='par_1_8' title="bbox 217 324 1004 360">
     <span class='ocr_line' id='line_1_8' title="bbox 217 324 1004 360; baseline -0.006 -4"><span class='ocrx_word' id='word_1_44' title='bbox 217 329 358 360; x_wconf 82' lang='lat' dir='ltr'><strong>obtineat;</strong></span> <span class='ocrx_word' id='word_1_45' title='bbox 387 333 533 354; x_wconf 78' lang='lat' dir='ltr'><strong>commune</strong></span> <span class='ocrx_word' id='word_1_46' title='bbox 566 332 666 352; x_wconf 82' lang='lat' dir='ltr'><strong>nomen</strong></span> <span class='ocrx_word' id='word_1_47' title='bbox 703 324 838 352; x_wconf 73' lang='lat' dir='ltr'><strong>duntaxat</strong></span> <span class='ocrx_word' id='word_1_48' title='bbox 864 324 892 352; x_wconf 91' lang='lat' dir='ltr'><strong>in</strong></span> <span class='ocrx_word' id='word_1_49' title='bbox 920 331 1004 352; x_wconf 84' lang='lat' dir='ltr'><strong>causa</strong></span> 
     </span>
    </p>
   </div>
   <div class='ocr_carea' id='block_1_9' title="bbox 215 370 1005 407">
    <p class='ocr_par' dir='ltr' id='par_1_9' title="bbox 215 370 1005 407">
     <span class='ocr_line' id='line_1_9' title="bbox 215 370 1005 407; baseline -0.006 -5"><span class='ocrx_word' id='word_1_50' title='bbox 215 375 276 402; x_wconf 87' lang='lat' dir='ltr'><strong>fuit.</strong></span> <span class='ocrx_word' id='word_1_51' title='bbox 294 373 432 407; x_wconf 86' lang='lat' dir='ltr'><strong>Quantum</strong></span> <span class='ocrx_word' id='word_1_52' title='bbox 454 372 525 399; x_wconf 89' lang='lat' dir='ltr'><strong>enim</strong></span> <span class='ocrx_word' id='word_1_53' title='bbox 550 379 583 399; x_wconf 80' lang='lat' dir='ltr'><strong>ex</strong></span> <span class='ocrx_word' id='word_1_54' title='bbox 607 371 678 407; x_wconf 89' lang='lat' dir='ltr'><strong>stylo</strong></span> <span class='ocrx_word' id='word_1_55' title='bbox 703 373 888 406; x_wconf 69' lang='lat' dir='ltr'><strong>conjecturam</strong></span> <span class='ocrx_word' id='word_1_56' title='bbox 914 370 1005 397; x_wconf 90' lang='lat' dir='ltr'><strong>facere</strong></span> 
     </span>
    </p>
   </div>
   <div class='ocr_carea' id='block_1_10' title="bbox 215 415 1004 454">
    <p class='ocr_par' dir='ltr' id='par_1_10' title="bbox 215 415 1004 454">
     <span class='ocr_line' id='line_1_10' title="bbox 215 415 1004 454; baseline -0.005 -7"><span class='ocrx_word' id='word_1_57' title='bbox 215 420 292 452; x_wconf 85' lang='lat' dir='ltr'><strong>licet,</strong></span> <span class='ocrx_word' id='word_1_58' title='bbox 315 418 422 446; x_wconf 87' lang='lat' dir='ltr'><strong>tametsi</strong></span> <span class='ocrx_word' id='word_1_59' title='bbox 445 417 536 453; x_wconf 86' lang='lat' dir='ltr'><strong>negari</strong></span> <span class='ocrx_word' id='word_1_60' title='bbox 560 424 619 454; x_wconf 34' lang='lat' dir='ltr'><strong>non.</strong></span> <span class='ocrx_word' id='word_1_61' title='bbox 634 416 731 452; x_wconf 85' lang='lat' dir='ltr'><strong>possit,</strong></span> <span class='ocrx_word' id='word_1_62' title='bbox 743 416 810 452; x_wconf 89' lang='lat' dir='ltr'><strong>quin</strong></span> <span class='ocrx_word' id='word_1_63' title='bbox 831 417 867 444; x_wconf 93' lang='lat' dir='ltr'><strong>sit</strong></span> <span class='ocrx_word' id='word_1_64' title='bbox 885 415 1004 443; x_wconf 88' lang='lat' dir='ltr'><strong>hominis</strong></span> 
     </span>
    </p>
   </div>
   <div class='ocr_carea' id='block_1_11' title="bbox 215 462 1004 500">
    <p class='ocr_par' dir='ltr' id='par_1_11' title="bbox 215 462 1004 500">
     <span class='ocr_line' id='line_1_11' title="bbox 215 462 1004 500; baseline -0.004 -9"><span class='ocrx_word' id='word_1_65' title='bbox 215 465 337 500; x_wconf 88' lang='lat' dir='ltr'><strong>apprime</strong></span> <span class='ocrx_word' id='word_1_66' title='bbox 354 464 454 491; x_wconf 90' lang='lat' dir='ltr'><strong>eruditi</strong></span> <span class='ocrx_word' id='word_1_67' title='bbox 469 468 496 491; x_wconf 88' lang='lat' dir='ltr'><strong>et</strong></span> <span class='ocrx_word' id='word_1_68' title='bbox 509 462 630 498; x_wconf 90' lang='lat' dir='ltr'><strong>copiosi;</strong></span> <span class='ocrx_word' id='word_1_69' title='bbox 655 466 746 489; x_wconf 87' lang='lat' dir='ltr'><strong>tamen</strong></span> <span class='ocrx_word' id='word_1_70' title='bbox 766 469 821 489; x_wconf 91' lang='lat' dir='ltr'><strong>non</strong></span> <span class='ocrx_word' id='word_1_71' title='bbox 845 468 1004 496; x_wconf 89' lang='lat' dir='ltr'><strong>usquequa-</strong></span> 
     </span>
    </p>
   </div>
   <div class='ocr_carea' id='block_1_12' title="bbox 214 506 1003 545">
    <p class='ocr_par' dir='ltr' id='par_1_12' title="bbox 214 506 1003 545">
     <span class='ocr_line' id='line_1_12' title="bbox 214 506 1003 545; baseline -0.005 -7"><span class='ocrx_word' id='word_1_72' title='bbox 214 518 268 545; x_wconf 90' lang='lat' dir='ltr'><strong>que</strong></span> <span class='ocrx_word' id='word_1_73' title='bbox 284 510 365 538; x_wconf 90' lang='lat' dir='ltr'><strong>refert</strong></span> <span class='ocrx_word' id='word_1_74' title='bbox 380 510 549 537; x_wconf 88' lang='lat' dir='ltr'><strong>elaboratum</strong></span> <span class='ocrx_word' id='word_1_75' title='bbox 571 509 636 536; x_wconf 88' lang='lat' dir='ltr'><strong>illud</strong></span> <span class='ocrx_word' id='word_1_76' title='bbox 655 513 681 536; x_wconf 91' lang='lat' dir='ltr'><strong>et</strong></span> <span class='ocrx_word' id='word_1_77' title='bbox 695 506 881 543; x_wconf 82' lang='grc' dir='ltr'><strong>ἀπεξεσμένον</strong></span> <span class='ocrx_word' id='word_1_78' title='bbox 896 507 1003 535; x_wconf 82' lang='lat' dir='ltr'><strong>dicendi</strong></span> 
     </span>
    </p>
   </div>
   <div class='ocr_carea' id='block_1_13' title="bbox 214 552 1002 590">
    <p class='ocr_par' dir='ltr' id='par_1_13' title="bbox 214 552 1002 590">
     <span class='ocr_line' id='line_1_13' title="bbox 214 552 1002 590; baseline -0.005 -7"><span class='ocrx_word' id='word_1_79' title='bbox 214 563 316 590; x_wconf 86' lang='lat' dir='ltr'><strong>genus,</strong></span> <span class='ocrx_word' id='word_1_80' title='bbox 339 556 412 590; x_wconf 89' lang='lat' dir='ltr'><strong>quod</strong></span> <span class='ocrx_word' id='word_1_81' title='bbox 435 555 538 590; x_wconf 79' lang='lat' dir='ltr'><strong>passim</strong></span> <span class='ocrx_word' id='word_1_82' title='bbox 563 554 590 581; x_wconf 93' lang='lat' dir='ltr'><strong>in</strong></span> <span class='ocrx_word' id='word_1_83' title='bbox 607 553 772 581; x_wconf 86' lang='lat' dir='ltr'><strong>Nazianzeni</strong></span> <span class='ocrx_word' id='word_1_84' title='bbox 792 552 900 588; x_wconf 73' lang='lat' dir='ltr'><strong>scriptis</strong></span> <span class='ocrx_word' id='word_1_85' title='bbox 921 552 1002 580; x_wconf 91' lang='lat' dir='ltr'><strong>lucet.</strong></span> 
     </span>
    </p>
   </div>
   <div class='ocr_carea' id='block_1_14' title="bbox 213 598 1002 635">
    <p class='ocr_par' dir='ltr' id='par_1_14' title="bbox 213 598 1002 635">
     <span class='ocr_line' id='line_1_14' title="bbox 213 598 1002 635; baseline -0.005 -7"><span class='ocrx_word' id='word_1_86' title='bbox 213 601 406 628; x_wconf 28' lang='lat' dir='ltr'><strong>Connexion‘es</strong></span> <span class='ocrx_word' id='word_1_87' title='bbox 447 600 643 628; x_wconf 77' lang='lat' dir='ltr'><strong>sententiarum</strong></span> <span class='ocrx_word' id='word_1_88' title='bbox 687 599 828 635; x_wconf 82' lang='lat' dir='ltr'><strong>aliquanto</strong></span> <span class='ocrx_word' id='word_1_89' title='bbox 866 598 1002 631; x_wconf 87' lang='lat' dir='ltr'><strong>duriores,</strong></span> 
     </span>
    </p>
   </div>
   <div class='ocr_carea' id='block_1_15' title="bbox 212 644 1004 682">
    <p class='ocr_par' dir='ltr' id='par_1_15' title="bbox 212 644 1004 682">
     <span class='ocr_line' id='line_1_15' title="bbox 212 644 1004 682; baseline -0.005 -8"><span class='ocrx_word' id='word_1_90' title='bbox 212 648 401 682; x_wconf 68' lang='lat' dir='ltr'><strong>transitusque</strong></span> <span class='ocrx_word' id='word_1_91' title='bbox 425 647 610 682; x_wconf 88' lang='lat' dir='ltr'><strong>abruptiorcs.</strong></span> <span class='ocrx_word' id='word_1_92' title='bbox 635 646 713 679; x_wconf 86' lang='lat' dir='ltr'><strong>Quod</strong></span> <span class='ocrx_word' id='word_1_93' title='bbox 735 645 759 673; x_wconf 89' lang='lat' dir='ltr'><strong>si</strong></span> <span class='ocrx_word' id='word_1_94' title='bbox 773 644 898 680; x_wconf 63' lang='lat' dir='ltr'><strong>quaedam</strong></span> <span class='ocrx_word' id='word_1_95' title='bbox 921 644 1004 671; x_wconf 85' lang='lat' dir='ltr'><strong>verba</strong></span> 
     </span>
    </p>
   </div>
   <div class='ocr_carea' id='block_1_16' title="bbox 213 690 1005 728">
    <p class='ocr_par' dir='ltr' id='par_1_16' title="bbox 213 690 1005 728">
     <span class='ocr_line' id='line_1_16' title="bbox 213 690 1005 728; baseline -0.004 -9"><span class='ocrx_word' id='word_1_96' title='bbox 213 693 379 728; x_wconf 83' lang='lat' dir='ltr'><strong>quandoque</strong></span> <span class='ocrx_word' id='word_1_97' title='bbox 395 693 540 720; x_wconf 79' lang='lat' dir='ltr'><strong>intertexta</strong></span> <span class='ocrx_word' id='word_1_98' title='bbox 561 692 687 725; x_wconf 75' lang='lat' dir='ltr'><strong>fuissent,</strong></span> <span class='ocrx_word' id='word_1_99' title='bbox 704 692 791 718; x_wconf 84' lang='lat' dir='ltr'><strong>multo</strong></span> <span class='ocrx_word' id='word_1_100' title='bbox 810 690 918 718; x_wconf 89' lang='lat' dir='ltr'><strong>mollior</strong></span> <span class='ocrx_word' id='word_1_101' title='bbox 931 692 1005 717; x_wconf 81' lang='lat' dir='ltr'><strong>esset</strong></span> 
     </span>
    </p>
   </div>
   <div class='ocr_carea' id='block_1_17' title="bbox 216 735 1004 772">
    <p class='ocr_par' dir='ltr' id='par_1_17' title="bbox 216 735 1004 772">
     <span class='ocr_line' id='line_1_17' title="bbox 216 735 1004 772; baseline -0.005 -6"><span class='ocrx_word' id='word_1_102' title='bbox 216 742 270 766; x_wconf 87' lang='lat' dir='ltr'><strong>tota</strong></span> <span class='ocrx_word' id='word_1_103' title='bbox 293 743 434 767; x_wconf 80' lang='lat' dir='ltr'><strong>contextus</strong></span> <span class='ocrx_word' id='word_1_104' title='bbox 459 738 559 770; x_wconf 85' lang='lat' dir='ltr'><strong>facies,</strong></span> <span class='ocrx_word' id='word_1_105' title='bbox 585 738 732 772; x_wconf 90' lang='lat' dir='ltr'><strong>minusque</strong></span> <span class='ocrx_word' id='word_1_106' title='bbox 763 736 847 764; x_wconf 89' lang='lat' dir='ltr'><strong>invite</strong></span> <span class='ocrx_word' id='word_1_107' title='bbox 876 735 947 763; x_wconf 82' lang='lat' dir='ltr'><strong>inter</strong></span> <span class='ocrx_word' id='word_1_108' title='bbox 974 741 1004 762; x_wconf 83' lang='lat' dir='ltr'><strong>se</strong></span> 
     </span>
    </p>
   </div>
   <div class='ocr_carea' id='block_1_18' title="bbox 214 781 1001 813">
    <p class='ocr_par' dir='ltr' id='par_1_18' title="bbox 214 781 1001 813">
     <span class='ocr_line' id='line_1_18' title="bbox 214 781 1001 813; baseline -0.006 0"><span class='ocrx_word' id='word_1_109' title='bbox 214 785 319 813; x_wconf 88' lang='lat' dir='ltr'><strong>coirent</strong></span> <span class='ocrx_word' id='word_1_110' title='bbox 334 786 486 813; x_wconf 63' lang='lat' dir='ltr'><strong>sententiae.</strong></span> <span class='ocrx_word' id='word_1_111' title='bbox 499 784 600 812; x_wconf 76' lang='lat' dir='ltr'><strong>Verum</strong></span> <span class='ocrx_word' id='word_1_112' title='bbox 614 784 716 811; x_wconf 87' lang='lat' dir='ltr'><strong>idcirco</strong></span> <span class='ocrx_word' id='word_1_113' title='bbox 731 783 846 811; x_wconf 80' lang='lat' dir='ltr'><strong>fortasse</strong></span> <span class='ocrx_word' id='word_1_114' title='bbox 859 790 913 810; x_wconf 88' lang='lat' dir='ltr'><strong>non</strong></span> <span class='ocrx_word' id='word_1_115' title='bbox 927 781 1001 813; x_wconf 89' lang='lat' dir='ltr'><strong>facit,</strong></span> 
     </span>
    </p>
   </div>
   <div class='ocr_carea' id='block_1_19' title="bbox 213 820 1038 866">
    <p class='ocr_par' dir='ltr' id='par_1_19' title="bbox 213 820 1038 866">
     <span class='ocr_line' id='line_1_19' title="bbox 213 820 1038 866; baseline -0.004 -8"><span class='ocrx_word' id='word_1_116' title='bbox 213 832 278 866; x_wconf 85' lang='lat' dir='ltr'><strong>quia</strong></span> <span class='ocrx_word' id='word_1_117' title='bbox 305 831 416 858; x_wconf 88' lang='lat' dir='ltr'><strong>minime</strong></span> <span class='ocrx_word' id='word_1_118' title='bbox 437 831 524 858; x_wconf 88' lang='lat' dir='ltr'><strong>libero</strong></span> <span class='ocrx_word' id='word_1_119' title='bbox 547 838 646 866; x_wconf 86' lang='lat' dir='ltr'><strong>campo</strong></span> <span class='ocrx_word' id='word_1_120' title='bbox 668 830 790 858; x_wconf 81' lang='lat' dir='ltr'><strong>decurrit</strong></span> <span class='ocrx_word' id='word_1_121' title='bbox 820 829 933 856; x_wconf 90' lang='lat' dir='ltr'><strong>oratio:</strong></span> <span class='ocrx_word' id='word_1_122' title='bbox 953 827 1000 856; x_wconf 93' lang='lat' dir='ltr'><strong>sed</strong></span> <span class='ocrx_word' id='word_1_123' title='bbox 1018 820 1038 847; x_wconf 79' lang='grc' dir='ltr'><strong>Β</strong></span> 
     </span>
    </p>
   </div>
   <div class='ocr_carea' id='block_1_20' title="bbox 213 876 1000 913">
    <p class='ocr_par' dir='ltr' id='par_1_20' title="bbox 213 876 1000 913">
     <span class='ocr_line' id='line_1_20' title="bbox 213 876 1000 913; baseline -0.005 -7"><span class='ocrx_word' id='word_1_124' title='bbox 213 879 401 906; x_wconf 82' lang='lat' dir='ltr'><strong>translatiOnis</strong></span> <span class='ocrx_word' id='word_1_125' title='bbox 427 878 507 913; x_wconf 90' lang='lat' dir='ltr'><strong>quasi</strong></span> <span class='ocrx_word' id='word_1_126' title='bbox 532 877 661 905; x_wconf 85' lang='lat' dir='ltr'><strong>cancellis</strong></span> <span class='ocrx_word' id='word_1_127' title='bbox 685 876 849 912; x_wconf 89' lang='lat' dir='ltr'><strong>quibusdam</strong></span> <span class='ocrx_word' id='word_1_128' title='bbox 880 876 1000 903; x_wconf 85' lang='lat' dir='ltr'><strong>circum-</strong></span> 
     </span>
    </p>
   </div>
   <div class='ocr_carea' id='block_1_21' title="bbox 213 920 1000 960">
    <p class='ocr_par' dir='ltr' id='par_1_21' title="bbox 213 920 1000 960">
     <span class='ocr_line' id='line_1_21' title="bbox 213 920 1000 960; baseline -0.008 -8"><span class='ocrx_word' id='word_1_129' title='bbox 213 925 313 960; x_wconf 86' lang='lat' dir='ltr'><strong>scripta</strong></span> <span class='ocrx_word' id='word_1_130' title='bbox 328 929 379 952; x_wconf 90' lang='lat' dir='ltr'><strong>est.</strong></span> <span class='ocrx_word' id='word_1_131' title='bbox 396 935 405 950; x_wconf 77' lang='grc' dir='ltr'><strong><em>ι</em></strong></span> <span class='ocrx_word' id='word_1_132' title='bbox 433 923 495 951; x_wconf 71' lang='lat' dir='ltr'><strong>Haec</strong></span> <span class='ocrx_word' id='word_1_133' title='bbox 511 923 597 950; x_wconf 81' lang='lat' dir='ltr'><strong>ferme</strong></span> <span class='ocrx_word' id='word_1_134' title='bbox 611 923 653 950; x_wconf 91' lang='lat' dir='ltr'><strong>vir</strong></span> <span class='ocrx_word' id='word_1_135' title='bbox 668 922 712 950; x_wconf 87' lang='lat' dir='ltr'><strong>ille</strong></span> <span class='ocrx_word' id='word_1_136' title='bbox 729 922 837 949; x_wconf 89' lang='lat' dir='ltr'><strong>doctus.</strong></span> <span class='ocrx_word' id='word_1_137' title='bbox 863 920 1000 948; x_wconf 70' lang='lat' dir='ltr'><strong>Caeterum</strong></span> 
     </span>
    </p>
   </div>
   <div class='ocr_carea' id='block_1_22' title="bbox 213 965 1000 1003">
    <p class='ocr_par' dir='ltr' id='par_1_22' title="bbox 213 965 1000 1003">
     <span class='ocr_line' id='line_1_22' title="bbox 213 965 1000 1003; baseline -0.008 -5"><span class='ocrx_word' id='word_1_138' title='bbox 213 971 246 998; x_wconf 87' lang='lat' dir='ltr'><strong>ad</strong></span> <span class='ocrx_word' id='word_1_139' title='bbox 259 971 436 998; x_wconf 88' lang='lat' dir='ltr'><strong>asserendam</strong></span> <span class='ocrx_word' id='word_1_140' title='bbox 453 969 560 997; x_wconf 90' lang='lat' dir='ltr'><strong>auctori</strong></span> <span class='ocrx_word' id='word_1_141' title='bbox 577 977 627 997; x_wconf 91' lang='lat' dir='ltr'><strong>suo</strong></span> <span class='ocrx_word' id='word_1_142' title='bbox 643 969 713 996; x_wconf 91' lang='lat' dir='ltr'><strong>hanc</strong></span> <span class='ocrx_word' id='word_1_143' title='bbox 724 967 918 1003; x_wconf 79' lang='lat' dir='ltr'><strong>Melaphrau’n,</strong></span> <span class='ocrx_word' id='word_1_144' title='bbox 934 965 1000 993; x_wconf 91' lang='lat' dir='ltr'><strong>illud</strong></span> 
     </span>
    </p>
   </div>
   <div class='ocr_carea' id='block_1_23' title="bbox 213 1013 999 1051">
    <p class='ocr_par' dir='ltr' id='par_1_23' title="bbox 213 1013 999 1051">
     <span class='ocr_line' id='line_1_23' title="bbox 213 1013 999 1051; baseline -0.006 -7"><span class='ocrx_word' id='word_1_145' title='bbox 213 1024 323 1051; x_wconf 89' lang='lat' dir='ltr'><strong>quoque</strong></span> <span class='ocrx_word' id='word_1_146' title='bbox 350 1016 468 1048; x_wconf 87' lang='lat' dir='ltr'><strong>accedit,</strong></span> <span class='ocrx_word' id='word_1_147' title='bbox 493 1015 566 1050; x_wconf 91' lang='lat' dir='ltr'><strong>quod</strong></span> <span class='ocrx_word' id='word_1_148' title='bbox 591 1015 619 1042; x_wconf 91' lang='lat' dir='ltr'><strong>in</strong></span> <span class='ocrx_word' id='word_1_149' title='bbox 642 1023 674 1042; x_wconf 90' lang='lat' dir='ltr'><strong>ea</strong></span> <span class='ocrx_word' id='word_1_150' title='bbox 699 1015 850 1050; x_wconf 87' lang='lat' dir='ltr'><strong>peculiares</strong></span> <span class='ocrx_word' id='word_1_151' title='bbox 874 1013 999 1048; x_wconf 64' lang='lat' dir='ltr'><strong>quaedam</strong></span> 
     </span>
    </p>
   </div>
   <div class='ocr_carea' id='block_1_24' title="bbox 212 1059 999 1096">
    <p class='ocr_par' dir='ltr' id='par_1_24' title="bbox 212 1059 999 1096">
     <span class='ocr_line' id='line_1_24' title="bbox 212 1059 999 1096; baseline -0.005 -6"><span class='ocrx_word' id='word_1_152' title='bbox 212 1063 365 1091; x_wconf 89' lang='lat' dir='ltr'><strong>locutiones</strong></span> <span class='ocrx_word' id='word_1_153' title='bbox 393 1066 559 1094; x_wconf 89' lang='lat' dir='ltr'><strong>occurrunt,</strong></span> <span class='ocrx_word' id='word_1_154' title='bbox 587 1061 688 1096; x_wconf 90' lang='lat' dir='ltr'><strong>quibus</strong></span> <span class='ocrx_word' id='word_1_155' title='bbox 714 1061 742 1088; x_wconf 91' lang='lat' dir='ltr'><strong>in</strong></span> <span class='ocrx_word' id='word_1_156' title='bbox 768 1061 934 1095; x_wconf 75' lang='lat' dir='ltr'><strong>Panegyrico</strong></span> <span class='ocrx_word' id='word_1_157' title='bbox 964 1059 999 1086; x_wconf 78' lang='lat' dir='ltr'><strong>ad</strong></span> 
     </span>
    </p>
   </div>
   <div class='ocr_carea' id='block_1_25' title="bbox 216 1106 999 1145">
    <p class='ocr_par' dir='ltr' id='par_1_25' title="bbox 216 1106 999 1145">
     <span class='ocr_line' id='line_1_25' title="bbox 216 1106 999 1145; baseline -0.005 -9"><span class='ocrx_word' id='word_1_158' title='bbox 216 1108 355 1145; x_wconf 81' lang='lat' dir='ltr'><strong>Origenem</strong></span> <span class='ocrx_word' id='word_1_159' title='bbox 368 1109 453 1136; x_wconf 90' lang='lat' dir='ltr'><strong>utitur</strong></span> <span class='ocrx_word' id='word_1_160' title='bbox 464 1108 696 1144; x_wconf 79' lang='lat' dir='ltr'><strong>Thaumaturgus,</strong></span> <span class='ocrx_word' id='word_1_161' title='bbox 711 1112 739 1134; x_wconf 90' lang='lat' dir='ltr'><strong>ut</strong></span> <span class='ocrx_word' id='word_1_162' title='bbox 751 1107 778 1134; x_wconf 94' lang='lat' dir='ltr'><strong>in</strong></span> <span class='ocrx_word' id='word_1_163' title='bbox 790 1106 921 1141; x_wconf 81' lang='lat' dir='ltr'><strong>subjectis</strong></span> <span class='ocrx_word' id='word_1_164' title='bbox 935 1113 999 1132; x_wconf 87' lang='lat' dir='ltr'><strong>eru-</strong></span> 
     </span>
    </p>
   </div>
   <div class='ocr_carea' id='block_1_26' title="bbox 213 1151 998 1191">
    <p class='ocr_par' dir='ltr' id='par_1_26' title="bbox 213 1151 998 1191">
     <span class='ocr_line' id='line_1_26' title="bbox 213 1151 998 1191; baseline -0.006 -8"><span class='ocrx_word' id='word_1_165' title='bbox 213 1156 262 1184; x_wconf 91' lang='lat' dir='ltr'><strong>diti</strong></span> <span class='ocrx_word' id='word_1_166' title='bbox 277 1156 395 1191; x_wconf 85' lang='lat' dir='ltr'><strong>Bengelii</strong></span> <span class='ocrx_word' id='word_1_167' title='bbox 411 1155 633 1182; x_wconf 83' lang='lat' dir='ltr'><strong>adnotationibus</strong></span> <span class='ocrx_word' id='word_1_168' title='bbox 645 1154 737 1181; x_wconf 89' lang='lat' dir='ltr'><strong>videre</strong></span> <span class='ocrx_word' id='word_1_169' title='bbox 754 1157 810 1187; x_wconf 88' lang='lat' dir='ltr'><strong>est;</strong></span> <span class='ocrx_word' id='word_1_170' title='bbox 828 1152 874 1188; x_wconf 90' lang='lat' dir='ltr'><strong>qui</strong></span> <span class='ocrx_word' id='word_1_171' title='bbox 890 1158 916 1180; x_wconf 79' lang='lat' dir='ltr'><strong>et</strong></span> <span class='ocrx_word' id='word_1_172' title='bbox 933 1151 998 1179; x_wconf 91' lang='lat' dir='ltr'><strong>illud</strong></span> 
     </span>
    </p>
   </div>
   <div class='ocr_carea' id='block_1_27' title="bbox 213 1198 997 1237">
    <p class='ocr_par' dir='ltr' id='par_1_27' title="bbox 213 1198 997 1237">
     <span class='ocr_line' id='line_1_27' title="bbox 213 1198 997 1237; baseline -0.006 -8"><span class='ocrx_word' id='word_1_173' title='bbox 213 1201 267 1229; x_wconf 89' lang='lat' dir='ltr'><strong>huc</strong></span> <span class='ocrx_word' id='word_1_174' title='bbox 283 1202 422 1237; x_wconf 83' lang='lat' dir='ltr'><strong>pertinens</strong></span> <span class='ocrx_word' id='word_1_175' title='bbox 449 1200 524 1228; x_wconf 89' lang='lat' dir='ltr'><strong>addit</strong></span> <span class='ocrx_word' id='word_1_176' title='bbox 549 1200 606 1235; x_wconf 79' lang='lat'>(‘29)</span> <span class='ocrx_word' id='word_1_177' title='bbox 625 1208 632 1225; x_wconf 89' lang='lat'>:</span> <span class='ocrx_word' id='word_1_178' title='bbox 650 1209 660 1225; x_wconf 77' lang='grc' dir='ltr'>ί</span> <span class='ocrx_word' id='word_1_179' title='bbox 677 1198 806 1226; x_wconf 87' lang='lat' dir='ltr'><strong>Modestia</strong></span> <span class='ocrx_word' id='word_1_180' title='bbox 818 1219 826 1232; x_wconf 89' lang='lat'><strong>,</strong></span> <span class='ocrx_word' id='word_1_181' title='bbox 859 1198 997 1233; x_wconf 73' lang='lat' dir='ltr'><strong>inquiens,</strong></span> 
     </span>
    </p>
   </div>
   <div class='ocr_carea' id='block_1_28' title="bbox 212 1243 998 1283">
    <p class='ocr_par' dir='ltr' id='par_1_28' title="bbox 212 1243 998 1283">
     <span class='ocr_line' id='line_1_28' title="bbox 212 1243 998 1283; baseline -0.006 -8"><span class='ocrx_word' id='word_1_182' title='bbox 212 1256 274 1283; x_wconf 62' lang='lat' dir='ltr'><strong>quae</strong></span> <span class='ocrx_word' id='word_1_183' title='bbox 287 1247 395 1282; x_wconf 90' lang='lat' dir='ltr'><strong>quidem</strong></span> <span class='ocrx_word' id='word_1_184' title='bbox 417 1247 500 1274; x_wconf 89' lang='lat' dir='ltr'><strong>totius</strong></span> <span class='ocrx_word' id='word_1_185' title='bbox 510 1245 632 1281; x_wconf 80' lang='lat' dir='ltr'><strong>Gregorii</strong></span> <span class='ocrx_word' id='word_1_186' title='bbox 653 1245 837 1272; x_wconf 77' lang='lat' dir='ltr'><strong>characterem</strong></span> <span class='ocrx_word' id='word_1_187' title='bbox 852 1243 998 1279; x_wconf 89' lang='lat' dir='ltr'><strong>quemdam</strong></span> 
     </span>
    </p>
   </div>
   <div class='ocr_carea' id='block_1_29' title="bbox 211 1290 998 1329">
    <p class='ocr_par' dir='ltr' id='par_1_29' title="bbox 211 1290 998 1329">
     <span class='ocr_line' id='line_1_29' title="bbox 211 1290 998 1329; baseline -0.005 -9"><span class='ocrx_word' id='word_1_188' title='bbox 211 1293 378 1329; x_wconf 78' lang='lat' dir='ltr'><strong>singularem</strong></span> <span class='ocrx_word' id='word_1_189' title='bbox 403 1292 514 1323; x_wconf 84' lang='lat' dir='ltr'><strong>facit,...</strong></span> <span class='ocrx_word' id='word_1_190' title='bbox 539 1291 569 1318; x_wconf 91' lang='lat' dir='ltr'><strong>in</strong></span> <span class='ocrx_word' id='word_1_191' title='bbox 592 1299 677 1319; x_wconf 89' lang='lat' dir='ltr'><strong>causa</strong></span> <span class='ocrx_word' id='word_1_192' title='bbox 693 1291 754 1324; x_wconf 89' lang='lat' dir='ltr'><strong>fuit,</strong></span> <span class='ocrx_word' id='word_1_193' title='bbox 781 1290 888 1325; x_wconf 88' lang='lat' dir='ltr'><strong>opinor,</strong></span> <span class='ocrx_word' id='word_1_194' title='bbox 913 1294 943 1317; x_wconf 91' lang='lat' dir='ltr'><strong>ut</strong></span> <span class='ocrx_word' id='word_1_195' title='bbox 964 1296 998 1316; x_wconf 80' lang='lat' dir='ltr'><strong>ex</strong></span> 
     </span>
    </p>
   </div>
   <div class='ocr_carea' id='block_1_30' title="bbox 211 1334 998 1373">
    <p class='ocr_par' dir='ltr' id='par_1_30' title="bbox 211 1334 998 1373">
     <span class='ocr_line' id='line_1_30' title="bbox 211 1334 998 1373; baseline -0.008 -6"><span class='ocrx_word' id='word_1_196' title='bbox 211 1340 340 1366; x_wconf 80' lang='lat' dir='ltr'><strong>Omnibus</strong></span> <span class='ocrx_word' id='word_1_197' title='bbox 359 1338 508 1373; x_wconf 84' lang='lat' dir='ltr'><strong>Scripturae</strong></span> <span class='ocrx_word' id='word_1_198' title='bbox 526 1344 610 1364; x_wconf 73' lang='lat' dir='ltr'><strong>saera:</strong></span> <span class='ocrx_word' id='word_1_199' title='bbox 629 1336 706 1364; x_wconf 87' lang='lat' dir='ltr'><strong>libris</strong></span> <span class='ocrx_word' id='word_1_200' title='bbox 719 1336 894 1363; x_wconf 76' lang='lat' dir='ltr'><strong>Ecclesiasten</strong></span> <span class='ocrx_word' id='word_1_201' title='bbox 911 1334 998 1369; x_wconf 84' lang='lat' dir='ltr'><strong>potis-</strong></span> 
     </span>
    </p>
   </div>
   <div class='ocr_carea' id='block_1_31' title="bbox 211 1382 999 1420">
    <p class='ocr_par' dir='ltr' id='par_1_31' title="bbox 211 1382 999 1420">
     <span class='ocr_line' id='line_1_31' title="bbox 211 1382 999 1420; baseline -0.009 -6"><span class='ocrx_word' id='word_1_202' title='bbox 211 1388 328 1420; x_wconf 86' lang='lat' dir='ltr'><strong>simum,</strong></span> <span class='ocrx_word' id='word_1_203' title='bbox 347 1386 475 1413; x_wconf 76' lang='lat' dir='ltr'><strong>vanitatis</strong></span> <span class='ocrx_word' id='word_1_204' title='bbox 491 1385 747 1416; x_wconf 81' lang='lat' dir='ltr'><strong>demonstratorem,</strong></span> <span class='ocrx_word' id='word_1_205' title='bbox 766 1382 931 1417; x_wconf 77' lang='lat' dir='ltr'><strong>Metaphrast&#39;</strong></span> <span class='ocrx_word' id='word_1_206' title='bbox 951 1388 999 1408; x_wconf 86' lang='lat' dir='ltr'><strong>or-</strong></span> 
     </span>
    </p>
   </div>
   <div class='ocr_carea' id='block_1_32' title="bbox 210 1428 997 1465">
    <p class='ocr_par' dir='ltr' id='par_1_32' title="bbox 210 1428 997 1465">
     <span class='ocr_line' id='line_1_32' title="bbox 210 1428 997 1465; baseline -0.009 -4"><span class='ocrx_word' id='word_1_207' title='bbox 210 1433 332 1461; x_wconf 87' lang='lat' dir='ltr'><strong>nandum</strong></span> <span class='ocrx_word' id='word_1_208' title='bbox 357 1436 489 1465; x_wconf 89' lang='lat' dir='ltr'><strong>sumeret,</strong></span> <span class='ocrx_word' id='word_1_209' title='bbox 511 1436 537 1458; x_wconf 89' lang='lat' dir='ltr'><strong>et</strong></span> <span class='ocrx_word' id='word_1_210' title='bbox 556 1431 582 1458; x_wconf 94' lang='lat' dir='ltr'><strong>in</strong></span> <span class='ocrx_word' id='word_1_211' title='bbox 603 1430 649 1457; x_wconf 91' lang='lat' dir='ltr'><strong>illo</strong></span> <span class='ocrx_word' id='word_1_212' title='bbox 665 1437 747 1465; x_wconf 89' lang='lat' dir='ltr'><strong>opere</strong></span> <span class='ocrx_word' id='word_1_213' title='bbox 766 1433 821 1456; x_wconf 90' lang='lat' dir='ltr'><strong>tam</strong></span> <span class='ocrx_word' id='word_1_214' title='bbox 840 1428 924 1455; x_wconf 91' lang='lat' dir='ltr'><strong>multa</strong></span> <span class='ocrx_word' id='word_1_215' title='bbox 943 1431 997 1454; x_wconf 88' lang='lat' dir='ltr'><strong>tam</strong></span> 
     </span>
    </p>
   </div>
   <div class='ocr_carea' id='block_1_33' title="bbox 209 1467 997 1514">
    <p class='ocr_par' dir='ltr' id='par_1_33' title="bbox 209 1467 997 1514">
     <span class='ocr_line' id='line_1_33' title="bbox 209 1467 997 1514; baseline -0.009 -7"><span class='ocrx_word' id='word_1_216' title='bbox 209 1483 363 1514; x_wconf 83' lang='lat' dir='ltr'><strong>opportune</strong></span> <span class='ocrx_word' id='word_1_217' title='bbox 392 1479 533 1506; x_wconf 87' lang='lat' dir='ltr'><strong>scriberet.</strong></span> <span class='ocrx_word' id='word_1_218' title='bbox 550 1487 559 1503; x_wconf 81' lang='grc'><strong><em>›</em></strong></span> <span class='ocrx_word' id='word_1_219' title='bbox 586 1476 673 1503; x_wconf 87' lang='lat' dir='ltr'><strong>Porro</strong></span> <span class='ocrx_word' id='word_1_220' title='bbox 698 1467 845 1503; x_wconf 81' lang='lat' dir='ltr'><strong>editionem</strong></span> <span class='ocrx_word' id='word_1_221' title='bbox 874 1477 997 1501; x_wconf 88' lang='lat' dir='ltr'><strong>nostram</strong></span> 
     </span>
    </p>
   </div>
   <div class='ocr_carea' id='block_1_34' title="bbox 209 1522 1001 1561">
    <p class='ocr_par' dir='ltr' id='par_1_34' title="bbox 209 1522 1001 1561">
     <span class='ocr_line' id='line_1_34' title="bbox 209 1522 1001 1561; baseline -0.006 -8"><span class='ocrx_word' id='word_1_222' title='bbox 209 1526 352 1561; x_wconf 76' lang='lat' dir='ltr'><strong>exegimus</strong></span> <span class='ocrx_word' id='word_1_223' title='bbox 372 1526 405 1552; x_wconf 90' lang='lat' dir='ltr'><strong>ad</strong></span> <span class='ocrx_word' id='word_1_224' title='bbox 423 1524 605 1551; x_wconf 84' lang='lat' dir='ltr'><strong>Parisiensem</strong></span> <span class='ocrx_word' id='word_1_225' title='bbox 624 1530 689 1550; x_wconf 89' lang='lat' dir='ltr'><strong>ann.</strong></span> <span class='ocrx_word' id='word_1_226' title='bbox 703 1522 783 1555; x_wconf 74' lang='grc'><strong>1621,</strong></span> <span class='ocrx_word' id='word_1_227' title='bbox 805 1522 903 1549; x_wconf 89' lang='lat' dir='ltr'><strong>additis</strong></span> <span class='ocrx_word' id='word_1_228' title='bbox 930 1529 1001 1548; x_wconf 89' lang='lat' dir='ltr'><strong>non-</strong></span> 
     </span>
    </p>
   </div>
   <div class='ocr_carea' id='block_1_35' title="bbox 210 1566 1000 1601">
    <p class='ocr_par' dir='ltr' id='par_1_35' title="bbox 210 1566 1000 1601">
     <span class='ocr_line' id='line_1_35' title="bbox 210 1566 1000 1601; baseline -0.008 -2"><span class='ocrx_word' id='word_1_229' title='bbox 210 1572 293 1600; x_wconf 83' lang='lat' dir='ltr'><strong>nullis</strong></span> <span class='ocrx_word' id='word_1_230' title='bbox 321 1572 441 1598; x_wconf 88' lang='lat' dir='ltr'><strong>virorum</strong></span> <span class='ocrx_word' id='word_1_231' title='bbox 467 1569 636 1597; x_wconf 89' lang='lat' dir='ltr'><strong>eruditorum</strong></span> <span class='ocrx_word' id='word_1_232' title='bbox 666 1569 750 1601; x_wconf 85' lang='lat' dir='ltr'><strong>notis,</strong></span> <span class='ocrx_word' id='word_1_233' title='bbox 782 1566 885 1600; x_wconf 83' lang='lat' dir='ltr'><strong>Vossii,</strong></span> <span class='ocrx_word' id='word_1_234' title='bbox 915 1566 1000 1600; x_wconf 87' lang='lat' dir='ltr'><strong>Billii,</strong></span> 
     </span>
    </p>
   </div>
   <div class='ocr_carea' id='block_1_36' title="bbox 211 1615 494 1652">
    <p class='ocr_par' dir='ltr' id='par_1_36' title="bbox 211 1615 494 1652">
     <span class='ocr_line' id='line_1_36' title="bbox 211 1615 494 1652; baseline -0.007 -8"><span class='ocrx_word' id='word_1_235' title='bbox 211 1617 302 1646; x_wconf 64' lang='lat' dir='ltr'><strong>Ducmi</strong></span> <span class='ocrx_word' id='word_1_236' title='bbox 321 1622 349 1645; x_wconf 88' lang='lat' dir='ltr'><strong>et</strong></span> <span class='ocrx_word' id='word_1_237' title='bbox 365 1615 494 1652; x_wconf 84' lang='lat' dir='ltr'><strong>Bengelii.</strong></span> 
     </span>
    </p>
   </div>
   <div class='ocr_carea' id='block_1_37' title="bbox 211 1668 1000 1707">
    <p class='ocr_par' dir='ltr' id='par_1_37' title="bbox 211 1668 1000 1707">
     <span class='ocr_line' id='line_1_37' title="bbox 211 1668 1000 1707; baseline -0.008 -6"><span class='ocrx_word' id='word_1_238' title='bbox 211 1673 257 1701; x_wconf 87' lang='lat' dir='ltr'><strong>IV.</strong></span> <span class='ocrx_word' id='word_1_239' title='bbox 279 1673 308 1701; x_wconf 88' lang='lat' dir='ltr'><strong>S.</strong></span> <span class='ocrx_word' id='word_1_240' title='bbox 319 1672 438 1707; x_wconf 82' lang='lat' dir='ltr'><strong>Gregorii</strong></span> <span class='ocrx_word' id='word_1_241' title='bbox 451 1670 571 1707; x_wconf 86' lang='lat' dir='ltr'><strong>Epistola</strong></span> <span class='ocrx_word' id='word_1_242' title='bbox 584 1668 716 1707; x_wconf 68' lang='lat' dir='ltr'><strong>canonica</strong></span> <span class='ocrx_word' id='word_1_243' title='bbox 728 1676 780 1703; x_wconf 80' lang='lat' dir='ltr'><strong>qua</strong></span> <span class='ocrx_word' id='word_1_244' title='bbox 792 1672 1000 1707; x_wconf 35' lang='lat' dir='ltr'><strong>(etate-exarata.</strong></span> 
     </span>
    </p>
   </div>
   <div class='ocr_carea' id='block_1_38' title="bbox 248 1703 1002 1741">
    <p class='ocr_par' dir='ltr' id='par_1_38' title="bbox 248 1703 1002 1741">
     <span class='ocr_line' id='line_1_38' title="bbox 248 1703 1002 1741; baseline -0.005 -6"><span class='ocrx_word' id='word_1_245' title='bbox 248 1709 319 1741; x_wconf 76' lang='lat' dir='ltr'><strong>Quid</strong></span> <span class='ocrx_word' id='word_1_246' title='bbox 341 1703 381 1734; x_wconf 65' lang='grc' dir='ltr'><strong>ἀί</strong></span> <span class='ocrx_word' id='word_1_247' title='bbox 391 1707 439 1734; x_wconf 81' lang='lat' dir='ltr'><strong>illa</strong></span> <span class='ocrx_word' id='word_1_248' title='bbox 462 1703 605 1732; x_wconf 62' lang='lat' dir='ltr'><strong>concilium</strong></span> <span class='ocrx_word' id='word_1_249' title='bbox 628 1703 837 1736; x_wconf 69' lang='lat' dir='ltr'><strong>Quinisestum?</strong></span> <span class='ocrx_word' id='word_1_250' title='bbox 861 1704 902 1730; x_wconf 77' lang='lat' dir='ltr'><strong>An</strong></span> <span class='ocrx_word' id='word_1_251' title='bbox 922 1704 1002 1731; x_wconf 79' lang='lat' dir='ltr'><strong>unde-</strong></span> 
     </span>
    </p>
   </div>
   <div class='ocr_carea' id='block_1_39' title="bbox 246 1740 666 1777">
    <p class='ocr_par' dir='ltr' id='par_1_39' title="bbox 246 1740 666 1777">
     <span class='ocr_line' id='line_1_39' title="bbox 246 1740 666 1777; baseline -0.014 -6"><span class='ocrx_word' id='word_1_252' title='bbox 246 1740 333 1771; x_wconf 71' lang='lat' dir='ltr'><strong>cimus</strong></span> <span class='ocrx_word' id='word_1_253' title='bbox 351 1743 408 1777; x_wconf 73' lang='lat' dir='ltr'><strong>ejus</strong></span> <span class='ocrx_word' id='word_1_254' title='bbox 424 1749 509 1768; x_wconf 82' lang='lat' dir='ltr'><strong>canon</strong></span> <span class='ocrx_word' id='word_1_255' title='bbox 526 1740 666 1767; x_wconf 74' lang='lat' dir='ltr'><strong>sincerus?</strong></span> 
     </span>
    </p>
   </div>
   <div class='ocr_carea' id='block_1_40' title="bbox 248 1798 1001 1839">
    <p class='ocr_par' dir='ltr' id='par_1_40' title="bbox 248 1798 1001 1839">
     <span class='ocr_line' id='line_1_40' title="bbox 248 1798 1001 1839; baseline -0.008 -8"><span class='ocrx_word' id='word_1_256' title='bbox 248 1804 289 1831; x_wconf 78' lang='lat' dir='ltr'><strong>Ex</strong></span> <span class='ocrx_word' id='word_1_257' title='bbox 305 1802 429 1839; x_wconf 75' lang='lat' dir='ltr'><strong>epistolis</strong></span> <span class='ocrx_word' id='word_1_258' title='bbox 443 1801 531 1829; x_wconf 86' lang='lat' dir='ltr'><strong>sancti</strong></span> <span class='ocrx_word' id='word_1_259' title='bbox 542 1800 633 1827; x_wconf 86' lang='lat' dir='ltr'><strong>Patris</strong></span> <span class='ocrx_word' id='word_1_260' title='bbox 660 1799 758 1832; x_wconf 87' lang='lat' dir='ltr'><strong>nostri,</strong></span> <span class='ocrx_word' id='word_1_261' title='bbox 772 1807 830 1834; x_wconf 76' lang='lat' dir='ltr'><strong>qua:</strong></span> <span class='ocrx_word' id='word_1_262' title='bbox 842 1798 918 1834; x_wconf 82' lang='lat' dir='ltr'><strong>vulgo</strong></span> <span class='ocrx_word' id='word_1_263' title='bbox 931 1798 1001 1834; x_wconf 79' lang='lat' dir='ltr'><strong>fere-</strong></span> 
     </span>
    </p>
   </div>
   <div class='ocr_carea' id='block_1_41' title="bbox 213 1848 1000 1886">
    <p class='ocr_par' dir='ltr' id='par_1_41' title="bbox 213 1848 1000 1886">
     <span class='ocr_line' id='line_1_41' title="bbox 213 1848 1000 1886; baseline -0.005 -7"><span class='ocrx_word' id='word_1_264' title='bbox 213 1852 310 1879; x_wconf 76' lang='lat' dir='ltr'><strong>bantur</strong></span> <span class='ocrx_word' id='word_1_265' title='bbox 322 1859 377 1886; x_wconf 90' lang='lat' dir='ltr'><strong>quo</strong></span> <span class='ocrx_word' id='word_1_266' title='bbox 391 1855 512 1885; x_wconf 88' lang='lat' dir='ltr'><strong>tempore</strong></span> <span class='ocrx_word' id='word_1_267' title='bbox 527 1849 663 1877; x_wconf 87' lang='lat' dir='ltr'><strong>scribebat</strong></span> <span class='ocrx_word' id='word_1_268' title='bbox 673 1848 769 1876; x_wconf 85' lang='lat' dir='ltr'><strong>doctor</strong></span> <span class='ocrx_word' id='word_1_269' title='bbox 780 1848 915 1876; x_wconf 80' lang='lat' dir='ltr'><strong>maximus</strong></span> <span class='ocrx_word' id='word_1_270' title='bbox 932 1848 1000 1883; x_wconf 85' lang='grc'>(50),</span> 
     </span>
    </p>
   </div>
   <div class='ocr_carea' id='block_1_42' title="bbox 211 1894 1002 1932">
    <p class='ocr_par' dir='ltr' id='par_1_42' title="bbox 211 1894 1002 1932">
     <span class='ocr_line' id='line_1_42' title="bbox 211 1894 1002 1932; baseline -0.005 -7"><span class='ocrx_word' id='word_1_271' title='bbox 211 1906 268 1926; x_wconf 83' lang='lat' dir='ltr'><strong>una</strong></span> <span class='ocrx_word' id='word_1_272' title='bbox 282 1901 402 1932; x_wconf 88' lang='lat' dir='ltr'><strong>superat,</strong></span> <span class='ocrx_word' id='word_1_273' title='bbox 412 1897 482 1924; x_wconf 88' lang='lat' dir='ltr'><strong>inter</strong></span> <span class='ocrx_word' id='word_1_274' title='bbox 490 1895 637 1923; x_wconf 87' lang='lat' dir='ltr'><strong>canonicas</strong></span> <span class='ocrx_word' id='word_1_275' title='bbox 647 1894 759 1924; x_wconf 83' lang='lat' dir='ltr'><strong>Patrum</strong></span> <span class='ocrx_word' id='word_1_276' title='bbox 774 1894 910 1930; x_wconf 89' lang='lat' dir='ltr'><strong>Epistolas</strong></span> <span class='ocrx_word' id='word_1_277' title='bbox 920 1898 1002 1929; x_wconf 89' lang='lat' dir='ltr'><strong>atque</strong></span> 
     </span>
    </p>
   </div>
   <div class='ocr_carea' id='block_1_43' title="bbox 212 1940 1001 1977">
    <p class='ocr_par' dir='ltr' id='par_1_43' title="bbox 212 1940 1001 1977">
     <span class='ocr_line' id='line_1_43' title="bbox 212 1940 1001 1977; baseline -0.006 -5"><span class='ocrx_word' id='word_1_278' title='bbox 212 1945 242 1972; x_wconf 88' lang='lat' dir='ltr'><strong>in</strong></span> <span class='ocrx_word' id='word_1_279' title='bbox 255 1943 439 1972; x_wconf 75' lang='lat' dir='ltr'><strong>(lonciliorum</strong></span> <span class='ocrx_word' id='word_1_280' title='bbox 450 1942 616 1970; x_wconf 88' lang='lat' dir='ltr'><strong>editionibus</strong></span> <span class='ocrx_word' id='word_1_281' title='bbox 627 1941 728 1977; x_wconf 89' lang='lat' dir='ltr'><strong>pluries</strong></span> <span class='ocrx_word' id='word_1_282' title='bbox 743 1948 854 1968; x_wconf 68' lang='lat' dir='ltr'><strong>excusa.</strong></span> <span class='ocrx_word' id='word_1_283' title='bbox 867 1940 1001 1976; x_wconf 87' lang='lat' dir='ltr'><strong>Episcopo</strong></span> 
     </span>
    </p>
   </div>
   <div class='ocr_carea' id='block_1_44' title="bbox 211 1987 999 2022">
    <p class='ocr_par' dir='ltr' id='par_1_44' title="bbox 211 1987 999 2022">
     <span class='ocr_line' id='line_1_44' title="bbox 211 1987 999 2022; baseline -0.006 -3"><span class='ocrx_word' id='word_1_284' title='bbox 211 1991 322 2019; x_wconf 84' lang='lat' dir='ltr'><strong>cuidam</strong></span> <span class='ocrx_word' id='word_1_285' title='bbox 337 1989 428 2022; x_wconf 89' lang='lat' dir='ltr'><strong>Ponti,</strong></span> <span class='ocrx_word' id='word_1_286' title='bbox 446 1993 476 2016; x_wconf 93' lang='lat' dir='ltr'><strong>ut</strong></span> <span class='ocrx_word' id='word_1_287' title='bbox 487 1989 604 2021; x_wconf 71' lang='lat' dir='ltr'><strong>videtur,</strong></span> <span class='ocrx_word' id='word_1_288' title='bbox 628 1988 714 2016; x_wconf 80' lang='lat' dir='ltr'><strong>fuisse</strong></span> <span class='ocrx_word' id='word_1_289' title='bbox 732 1988 805 2015; x_wconf 85' lang='lat' dir='ltr'><strong>illam</strong></span> <span class='ocrx_word' id='word_1_290' title='bbox 828 1987 999 2022; x_wconf 86' lang='lat' dir='ltr'><strong>inscriptam,</strong></span> 
     </span>
    </p>
   </div>
   <div class='ocr_carea' id='block_1_45' title="bbox 212 2034 1001 2072">
    <p class='ocr_par' dir='ltr' id='par_1_45' title="bbox 212 2034 1001 2072">
     <span class='ocr_line' id='line_1_45' title="bbox 212 2034 1001 2072; baseline -0.005 -8"><span class='ocrx_word' id='word_1_291' title='bbox 212 2045 246 2064; x_wconf 79' lang='lat' dir='ltr'><strong>ex</strong></span> <span class='ocrx_word' id='word_1_292' title='bbox 261 2037 321 2072; x_wconf 65' lang='lat' dir='ltr'><strong>ip&gt;o</strong></span> <span class='ocrx_word' id='word_1_293' title='bbox 335 2035 447 2064; x_wconf 84' lang='lat' dir='ltr'><strong>exordio</strong></span> <span class='ocrx_word' id='word_1_294' title='bbox 458 2039 567 2062; x_wconf 80' lang='lat' dir='ltr'><strong>constat</strong></span> <span class='ocrx_word' id='word_1_295' title='bbox 580 2043 589 2067; x_wconf 89' lang='lat'><strong>;</strong></span> <span class='ocrx_word' id='word_1_296' title='bbox 616 2042 671 2069; x_wconf 93' lang='lat' dir='ltr'><strong>quo</strong></span> <span class='ocrx_word' id='word_1_297' title='bbox 683 2034 830 2069; x_wconf 78' lang='lat' dir='ltr'><strong>Gregorius</strong></span> <span class='ocrx_word' id='word_1_298' title='bbox 843 2041 906 2061; x_wconf 89' lang='lat' dir='ltr'><strong>eum</strong></span> <span class='ocrx_word' id='word_1_299' title='bbox 926 2041 1001 2061; x_wconf 88' lang='lat' dir='ltr'><strong>com-</strong></span> 
     </span>
    </p>
   </div>
   <div class='ocr_carea' id='block_1_46' title="bbox 211 2079 1000 2118">
    <p class='ocr_par' dir='ltr' id='par_1_46' title="bbox 211 2079 1000 2118">
     <span class='ocr_line' id='line_1_46' title="bbox 211 2079 1000 2118; baseline -0.005 -8"><span class='ocrx_word' id='word_1_300' title='bbox 211 2083 326 2118; x_wconf 83' lang='lat' dir='ltr'><strong>pellans,</strong></span> <span class='ocrx_word' id='word_1_301' title='bbox 359 2081 505 2117; x_wconf 84' lang='grc' dir='ltr'><strong>ἱερώτατον</strong></span> <span class='ocrx_word' id='word_1_302' title='bbox 527 2081 642 2107; x_wconf 79' lang='grc' dir='ltr'>πάππαν</span> <span class='ocrx_word' id='word_1_303' title='bbox 669 2079 815 2107; x_wconf 87' lang='lat' dir='ltr'><strong>nominat:</strong></span> <span class='ocrx_word' id='word_1_304' title='bbox 842 2083 909 2107; x_wconf 86' lang='lat' dir='ltr'><strong>tunc</strong></span> <span class='ocrx_word' id='word_1_305' title='bbox 927 2079 1000 2107; x_wconf 90' lang='lat' dir='ltr'><strong>enim</strong></span> 
     </span>
    </p>
   </div>
   <div class='ocr_carea' id='block_1_47' title="bbox 212 2125 1001 2164">
    <p class='ocr_par' dir='ltr' id='par_1_47' title="bbox 212 2125 1001 2164">
     <span class='ocr_line' id='line_1_47' title="bbox 212 2125 1001 2164; baseline -0.008 -5"><span class='ocrx_word' id='word_1_306' title='bbox 212 2131 319 2159; x_wconf 88' lang='lat' dir='ltr'><strong>dierum</strong></span> <span class='ocrx_word' id='word_1_307' title='bbox 345 2137 420 2164; x_wconf 69' lang='lat' dir='ltr'><strong>popae</strong></span> <span class='ocrx_word' id='word_1_308' title='bbox 445 2128 525 2162; x_wconf 83' lang='lat' dir='ltr'><strong>vulgo</strong></span> <span class='ocrx_word' id='word_1_309' title='bbox 544 2126 690 2154; x_wconf 86' lang='lat' dir='ltr'><strong>audiebant</strong></span> <span class='ocrx_word' id='word_1_310' title='bbox 722 2126 852 2160; x_wconf 89' lang='lat' dir='ltr'><strong>episcopi.</strong></span> <span class='ocrx_word' id='word_1_311' title='bbox 876 2125 914 2152; x_wconf 88' lang='lat' dir='ltr'><strong>Ea</strong></span> <span class='ocrx_word' id='word_1_312' title='bbox 935 2133 1001 2153; x_wconf 80' lang='lat' dir='ltr'><strong>vero</strong></span> 
     </span>
    </p>
   </div>
   <div class='ocr_carea' id='block_1_48' title="bbox 1054 187 1829 224">
    <p class='ocr_par' dir='ltr' id='par_1_48' title="bbox 1054 187 1829 224">
     <span class='ocr_line' id='line_1_48' title="bbox 1054 187 1829 224; baseline -0.003 -8"><span class='ocrx_word' id='word_1_313' title='bbox 1054 189 1197 223; x_wconf 75' lang='lat' dir='ltr'><strong>signamus</strong></span> <span class='ocrx_word' id='word_1_314' title='bbox 1213 189 1332 224; x_wconf 90' lang='lat' dir='ltr'><strong>reliquos</strong></span> <span class='ocrx_word' id='word_1_315' title='bbox 1348 196 1444 217; x_wconf 89' lang='lat' dir='ltr'><strong>omnes</strong></span> <span class='ocrx_word' id='word_1_316' title='bbox 1455 195 1587 220; x_wconf 80' lang='lat' dir='ltr'><strong>canones,</strong></span> <span class='ocrx_word' id='word_1_317' title='bbox 1603 187 1650 222; x_wconf 90' lang='lat' dir='ltr'><strong>qui</strong></span> <span class='ocrx_word' id='word_1_318' title='bbox 1669 194 1684 214; x_wconf 89' lang='lat' dir='ltr'><strong>a</strong></span> <span class='ocrx_word' id='word_1_319' title='bbox 1699 188 1796 215; x_wconf 82' lang='lat' dir='ltr'><strong>sanctis</strong></span> <span class='ocrx_word' id='word_1_320' title='bbox 1808 193 1829 214; x_wconf 79' lang='lat' dir='ltr'><strong>et</strong></span> 
     </span>
    </p>
   </div>
   <div class='ocr_carea' id='block_1_49' title="bbox 1054 233 1828 269">
    <p class='ocr_par' dir='ltr' id='par_1_49' title="bbox 1054 233 1828 269">
     <span class='ocr_line' id='line_1_49' title="bbox 1054 233 1828 269; baseline -0.001 -7"><span class='ocrx_word' id='word_1_321' title='bbox 1054 235 1141 262; x_wconf 86' lang='lat' dir='ltr'><strong>beatis</strong></span> <span class='ocrx_word' id='word_1_322' title='bbox 1168 235 1269 262; x_wconf 91' lang='lat' dir='ltr'><strong>nostris</strong></span> <span class='ocrx_word' id='word_1_323' title='bbox 1283 234 1410 262; x_wconf 89' lang='lat' dir='ltr'><strong>Patribus</strong></span> <span class='ocrx_word' id='word_1_324' title='bbox 1433 234 1550 269; x_wconf 82' lang='lat' dir='ltr'><strong>expositi</strong></span> <span class='ocrx_word' id='word_1_325' title='bbox 1565 238 1651 267; x_wconf 88' lang='lat' dir='ltr'><strong>sunt;</strong></span> <span class='ocrx_word' id='word_1_326' title='bbox 1673 233 1699 261; x_wconf 93' lang='lat' dir='ltr'><strong>id</strong></span> <span class='ocrx_word' id='word_1_327' title='bbox 1712 238 1753 261; x_wconf 86' lang='lat' dir='ltr'><strong>est</strong></span> <span class='ocrx_word' id='word_1_328' title='bbox 1772 233 1828 261; x_wconf 74' lang='lat' dir='ltr'><strong>Gre-</strong></span> 
     </span>
    </p>
   </div>
   <div class='ocr_carea' id='block_1_50' title="bbox 1055 279 1766 317">
    <p class='ocr_par' dir='ltr' id='par_1_50' title="bbox 1055 279 1766 317">
     <span class='ocr_line' id='line_1_50' title="bbox 1055 279 1766 317; baseline -0.001 -9"><span class='ocrx_word' id='word_1_329' title='bbox 1055 281 1122 317; x_wconf 82' lang='lat' dir='ltr'><strong>gorii</strong></span> <span class='ocrx_word' id='word_1_330' title='bbox 1135 280 1315 308; x_wconf 62' lang='lat' dir='ltr'><strong>Neocaesarea</strong></span> <span class='ocrx_word' id='word_1_331' title='bbox 1332 280 1452 316; x_wconf 90' lang='lat' dir='ltr'><strong>episcopi</strong></span> <span class='ocrx_word' id='word_1_332' title='bbox 1468 279 1679 315; x_wconf 81' lang='lat' dir='ltr'><strong>Thaumaturgi,</strong></span> <span class='ocrx_word' id='word_1_333' title='bbox 1691 285 1743 308; x_wconf 90' lang='lat' dir='ltr'><strong>etc.</strong></span> <span class='ocrx_word' id='word_1_334' title='bbox 1757 288 1766 306; x_wconf 72' lang='grc' dir='ltr'><strong><em>ι</em></strong></span> 
     </span>
    </p>
   </div>
   <div class='ocr_carea' id='block_1_51' title="bbox 1089 324 1827 362">
    <p class='ocr_par' dir='ltr' id='par_1_51' title="bbox 1089 324 1827 362">
     <span class='ocr_line' id='line_1_51' title="bbox 1089 324 1827 362; baseline -0.004 -8"><span class='ocrx_word' id='word_1_335' title='bbox 1089 325 1122 354; x_wconf 89' lang='lat' dir='ltr'><strong>Et</strong></span> <span class='ocrx_word' id='word_1_336' title='bbox 1140 327 1220 362; x_wconf 88' lang='lat' dir='ltr'><strong>primi</strong></span> <span class='ocrx_word' id='word_1_337' title='bbox 1235 326 1344 362; x_wconf 88' lang='lat' dir='ltr'><strong>quidem</strong></span> <span class='ocrx_word' id='word_1_338' title='bbox 1359 325 1452 353; x_wconf 88' lang='lat' dir='ltr'><strong>decem</strong></span> <span class='ocrx_word' id='word_1_339' title='bbox 1467 332 1586 353; x_wconf 85' lang='lat' dir='ltr'><strong>canones</strong></span> <span class='ocrx_word' id='word_1_340' title='bbox 1612 325 1734 352; x_wconf 86' lang='lat' dir='ltr'><strong>omnium</strong></span> <span class='ocrx_word' id='word_1_341' title='bbox 1746 324 1827 352; x_wconf 77' lang='lat' dir='ltr'><strong>erudi-</strong></span> 
     </span>
    </p>
   </div>
   <div class='ocr_carea' id='block_1_52' title="bbox 1054 372 1828 409">
    <p class='ocr_par' dir='ltr' id='par_1_52' title="bbox 1054 372 1828 409">
     <span class='ocr_line' id='line_1_52' title="bbox 1054 372 1828 409; baseline -0.003 -9"><span class='ocrx_word' id='word_1_342' title='bbox 1054 376 1144 401; x_wconf 91' lang='lat' dir='ltr'><strong>torum</strong></span> <span class='ocrx_word' id='word_1_343' title='bbox 1166 373 1278 401; x_wconf 85' lang='lat' dir='ltr'><strong>calculis</strong></span> <span class='ocrx_word' id='word_1_344' title='bbox 1298 372 1421 409; x_wconf 77' lang='lat' dir='ltr'><strong>Gregorii</strong></span> <span class='ocrx_word' id='word_1_345' title='bbox 1448 372 1678 400; x_wconf 60' lang='lat' dir='ltr'><strong>Neocaesariensis</strong></span> <span class='ocrx_word' id='word_1_346' title='bbox 1703 379 1762 399; x_wconf 84' lang='lat' dir='ltr'><strong>esse</strong></span> <span class='ocrx_word' id='word_1_347' title='bbox 1787 380 1828 398; x_wconf 84' lang='lat' dir='ltr'><strong>no-</strong></span> 
     </span>
    </p>
   </div>
   <div class='ocr_carea' id='block_1_53' title="bbox 1055 417 1827 452">
    <p class='ocr_par' dir='ltr' id='par_1_53' title="bbox 1055 417 1827 452">
     <span class='ocr_line' id='line_1_53' title="bbox 1055 417 1827 452; baseline -0.005 -5"><span class='ocrx_word' id='word_1_348' title='bbox 1055 423 1186 447; x_wconf 86' lang='lat' dir='ltr'><strong>scuntur:</strong></span> <span class='ocrx_word' id='word_1_349' title='bbox 1204 423 1232 446; x_wconf 86' lang='lat' dir='ltr'><strong>at</strong></span> <span class='ocrx_word' id='word_1_350' title='bbox 1247 419 1423 446; x_wconf 89' lang='lat' dir='ltr'><strong>undecimum</strong></span> <span class='ocrx_word' id='word_1_351' title='bbox 1437 423 1465 446; x_wconf 86' lang='lat' dir='ltr'><strong>et</strong></span> <span class='ocrx_word' id='word_1_352' title='bbox 1481 418 1608 446; x_wconf 89' lang='lat' dir='ltr'><strong>ultimum</strong></span> <span class='ocrx_word' id='word_1_353' title='bbox 1627 422 1755 452; x_wconf 85' lang='lat' dir='ltr'><strong>tanquam</strong></span> <span class='ocrx_word' id='word_1_354' title='bbox 1769 417 1827 444; x_wconf 53' lang='lat' dir='ltr'><strong>sub.</strong></span> 
     </span>
    </p>
   </div>
   <div class='ocr_carea' id='block_1_54' title="bbox 1054 463 1828 501">
    <p class='ocr_par' dir='ltr' id='par_1_54' title="bbox 1054 463 1828 501">
     <span class='ocr_line' id='line_1_54' title="bbox 1054 463 1828 501; baseline -0.003 -9"><span class='ocrx_word' id='word_1_355' title='bbox 1054 465 1172 493; x_wconf 87' lang='lat' dir='ltr'><strong>ditilium</strong></span> <span class='ocrx_word' id='word_1_356' title='bbox 1184 465 1306 501; x_wconf 87' lang='lat' dir='ltr'><strong>plerique</strong></span> <span class='ocrx_word' id='word_1_357' title='bbox 1316 465 1453 500; x_wconf 87' lang='lat' dir='ltr'><strong>rejiciunt,</strong></span> <span class='ocrx_word' id='word_1_358' title='bbox 1465 468 1604 500; x_wconf 58' lang='lat' dir='ltr'><strong>praeeunte</strong></span> <span class='ocrx_word' id='word_1_359' title='bbox 1612 464 1672 492; x_wconf 81' lang='lat' dir='ltr'><strong>viro</strong></span> <span class='ocrx_word' id='word_1_360' title='bbox 1683 463 1828 491; x_wconf 80' lang='lat' dir='ltr'><strong>doctissimo</strong></span> 
     </span>
    </p>
   </div>
   <div class='ocr_carea' id='block_1_55' title="bbox 1054 510 1827 548">
    <p class='ocr_par' dir='ltr' id='par_1_55' title="bbox 1054 510 1827 548">
     <span class='ocr_line' id='line_1_55' title="bbox 1054 510 1827 548; baseline -0.003 -9"><span class='ocrx_word' id='word_1_361' title='bbox 1054 511 1161 540; x_wconf 78' lang='lat' dir='ltr'><strong>Joanne</strong></span> <span class='ocrx_word' id='word_1_362' title='bbox 1174 512 1290 545; x_wconf 88' lang='lat' dir='ltr'><strong>Morino,</strong></span> <span class='ocrx_word' id='word_1_363' title='bbox 1306 512 1353 548; x_wconf 92' lang='lat' dir='ltr'><strong>qui</strong></span> <span class='ocrx_word' id='word_1_364' title='bbox 1373 512 1535 540; x_wconf 84' lang='lat' dir='ltr'><strong>sententiam</strong></span> <span class='ocrx_word' id='word_1_365' title='bbox 1565 519 1644 538; x_wconf 86' lang='lat' dir='ltr'><strong>suam</strong></span> <span class='ocrx_word' id='word_1_366' title='bbox 1673 510 1778 545; x_wconf 80' lang='lat' dir='ltr'><strong>exponit</strong></span> <span class='ocrx_word' id='word_1_367' title='bbox 1793 510 1827 537; x_wconf 81' lang='lat' dir='ltr'><strong>his</strong></span> 
     </span>
    </p>
   </div>
   <div class='ocr_carea' id='block_1_56' title="bbox 1053 556 1828 593">
    <p class='ocr_par' dir='ltr' id='par_1_56' title="bbox 1053 556 1828 593">
     <span class='ocr_line' id='line_1_56' title="bbox 1053 556 1828 593; baseline -0.004 -8"><span class='ocrx_word' id='word_1_368' title='bbox 1053 558 1145 586; x_wconf 88' lang='lat' dir='ltr'><strong>verbis</strong></span> <span class='ocrx_word' id='word_1_369' title='bbox 1164 558 1220 593; x_wconf 69' lang='lat' dir='ltr'><strong>(3L)</strong></span> <span class='ocrx_word' id='word_1_370' title='bbox 1237 567 1244 585; x_wconf 92' lang='lat'>:</span> <span class='ocrx_word' id='word_1_371' title='bbox 1271 567 1281 584; x_wconf 84' lang='grc'><strong><em>‹</em></strong></span> <span class='ocrx_word' id='word_1_372' title='bbox 1298 557 1468 586; x_wconf 83' lang='lat' dir='ltr'><strong>Postremum</strong></span> <span class='ocrx_word' id='word_1_373' title='bbox 1484 557 1560 585; x_wconf 90' lang='lat' dir='ltr'><strong>illum</strong></span> <span class='ocrx_word' id='word_1_374' title='bbox 1581 564 1726 589; x_wconf 88' lang='lat' dir='ltr'><strong>canonem,</strong></span> <span class='ocrx_word' id='word_1_375' title='bbox 1740 556 1828 590; x_wconf 82' lang='lat' dir='ltr'><strong>inquit,</strong></span> 
     </span>
    </p>
   </div>
   <div class='ocr_carea' id='block_1_57' title="bbox 1054 602 1829 639">
    <p class='ocr_par' dir='ltr' id='par_1_57' title="bbox 1054 602 1829 639">
     <span class='ocr_line' id='line_1_57' title="bbox 1054 602 1829 639; baseline -0.004 -8"><span class='ocrx_word' id='word_1_376' title='bbox 1054 603 1187 639; x_wconf 76' lang='lat' dir='ltr'><strong>Gregorio</strong></span> <span class='ocrx_word' id='word_1_377' title='bbox 1202 603 1408 639; x_wconf 85' lang='lat' dir='ltr'><strong>Thaumaturgo</strong></span> <span class='ocrx_word' id='word_1_378' title='bbox 1418 603 1593 637; x_wconf 83' lang='lat' dir='ltr'><strong>attributum,</strong></span> <span class='ocrx_word' id='word_1_379' title='bbox 1606 610 1660 629; x_wconf 91' lang='lat' dir='ltr'><strong>non</strong></span> <span class='ocrx_word' id='word_1_380' title='bbox 1672 609 1732 629; x_wconf 83' lang='lat' dir='ltr'><strong>esse</strong></span> <span class='ocrx_word' id='word_1_381' title='bbox 1744 602 1829 637; x_wconf 84' lang='lat' dir='ltr'><strong>ipsius,</strong></span> 
     </span>
    </p>
   </div>
   <div class='ocr_carea' id='block_1_58' title="bbox 1054 649 1829 685">
    <p class='ocr_par' dir='ltr' id='par_1_58' title="bbox 1054 649 1829 685">
     <span class='ocr_line' id='line_1_58' title="bbox 1054 649 1829 685; baseline -0.003 -7"><span class='ocrx_word' id='word_1_382' title='bbox 1054 655 1084 678; x_wconf 88' lang='lat' dir='ltr'><strong>ut</strong></span> <span class='ocrx_word' id='word_1_383' title='bbox 1095 651 1174 685; x_wconf 80' lang='lat' dir='ltr'><strong>vulgo</strong></span> <span class='ocrx_word' id='word_1_384' title='bbox 1186 650 1306 678; x_wconf 90' lang='lat' dir='ltr'><strong>creditur</strong></span> <span class='ocrx_word' id='word_1_385' title='bbox 1319 655 1347 678; x_wconf 88' lang='lat' dir='ltr'><strong>et</strong></span> <span class='ocrx_word' id='word_1_386' title='bbox 1361 650 1489 685; x_wconf 87' lang='lat' dir='ltr'><strong>opinatur</strong></span> <span class='ocrx_word' id='word_1_387' title='bbox 1500 649 1660 683; x_wconf 85' lang='lat' dir='ltr'><strong>Balsamon,</strong></span> <span class='ocrx_word' id='word_1_388' title='bbox 1685 649 1730 676; x_wconf 83' lang='lat' dir='ltr'><strong>sed</strong></span> <span class='ocrx_word' id='word_1_389' title='bbox 1744 657 1774 676; x_wconf 78' lang='lat' dir='ltr'><strong>ex</strong></span> <span class='ocrx_word' id='word_1_390' title='bbox 1789 656 1829 676; x_wconf 70' lang='grc' dir='ltr'><strong>ω-</strong></span> 
     </span>
    </p>
   </div>
   <div class='ocr_carea' id='block_1_59' title="bbox 1054 696 1831 732">
    <p class='ocr_par' dir='ltr' id='par_1_59' title="bbox 1054 696 1831 732">
     <span class='ocr_line' id='line_1_59' title="bbox 1054 696 1831 732; baseline -0.003 -8"><span class='ocrx_word' id='word_1_391' title='bbox 1054 697 1172 725; x_wconf 90' lang='lat' dir='ltr'><strong>nonibus</strong></span> <span class='ocrx_word' id='word_1_392' title='bbox 1190 697 1415 732; x_wconf 65' lang='lat' dir='ltr'><strong>praecedentibus,</strong></span> <span class='ocrx_word' id='word_1_393' title='bbox 1440 701 1467 724; x_wconf 88' lang='lat' dir='ltr'><strong>et</strong></span> <span class='ocrx_word' id='word_1_394' title='bbox 1490 696 1666 731; x_wconf 80' lang='lat' dir='ltr'><strong>potissimum</strong></span> <span class='ocrx_word' id='word_1_395' title='bbox 1689 703 1723 723; x_wconf 77' lang='lat' dir='ltr'><strong>ex</strong></span> <span class='ocrx_word' id='word_1_396' title='bbox 1745 699 1831 722; x_wconf 85' lang='lat' dir='ltr'><strong>sancto</strong></span> 
     </span>
    </p>
   </div>
   <div class='ocr_carea' id='block_1_60' title="bbox 1054 741 1830 778">
    <p class='ocr_par' dir='ltr' id='par_1_60' title="bbox 1054 741 1830 778">
     <span class='ocr_line' id='line_1_60' title="bbox 1054 741 1830 778; baseline -0.003 -9"><span class='ocrx_word' id='word_1_397' title='bbox 1054 742 1156 770; x_wconf 83' lang='lat' dir='ltr'><strong>Basilio</strong></span> <span class='ocrx_word' id='word_1_398' title='bbox 1173 743 1317 771; x_wconf 87' lang='lat' dir='ltr'><strong>collectum</strong></span> <span class='ocrx_word' id='word_1_399' title='bbox 1335 747 1363 770; x_wconf 90' lang='lat' dir='ltr'><strong>et</strong></span> <span class='ocrx_word' id='word_1_400' title='bbox 1374 742 1498 778; x_wconf 82' lang='lat' dir='ltr'><strong>Gregorii</strong></span> <span class='ocrx_word' id='word_1_401' title='bbox 1510 741 1665 769; x_wconf 83' lang='lat' dir='ltr'><strong>canonibus</strong></span> <span class='ocrx_word' id='word_1_402' title='bbox 1684 748 1830 772; x_wconf 75' lang='lat' dir='ltr'><strong>annexum,</strong></span> 
     </span>
    </p>
   </div>
   <div class='ocr_carea' id='block_1_61' title="bbox 1055 788 1832 824">
    <p class='ocr_par' dir='ltr' id='par_1_61' title="bbox 1055 788 1832 824">
     <span class='ocr_line' id='line_1_61' title="bbox 1055 788 1832 824; baseline -0.005 -7"><span class='ocrx_word' id='word_1_403' title='bbox 1055 789 1231 817; x_wconf 88' lang='lat' dir='ltr'><strong>manifestum</strong></span> <span class='ocrx_word' id='word_1_404' title='bbox 1246 795 1288 817; x_wconf 88' lang='lat' dir='ltr'><strong>est</strong></span> <span class='ocrx_word' id='word_1_405' title='bbox 1304 789 1422 824; x_wconf 90' lang='lat' dir='ltr'><strong>primum</strong></span> <span class='ocrx_word' id='word_1_406' title='bbox 1446 796 1478 816; x_wconf 83' lang='lat' dir='ltr'><strong>ex</strong></span> <span class='ocrx_word' id='word_1_407' title='bbox 1500 788 1636 816; x_wconf 88' lang='lat' dir='ltr'><strong>sermonis</strong></span> <span class='ocrx_word' id='word_1_408' title='bbox 1651 792 1760 816; x_wconf 88' lang='lat' dir='ltr'><strong>tenore:</strong></span> <span class='ocrx_word' id='word_1_409' title='bbox 1783 794 1832 813; x_wconf 89' lang='lat' dir='ltr'><strong>non</strong></span> 
     </span>
    </p>
   </div>
   <div class='ocr_carea' id='block_1_62' title="bbox 1053 833 1832 868">
    <p class='ocr_par' dir='ltr' id='par_1_62' title="bbox 1053 833 1832 868">
     <span class='ocr_line' id='line_1_62' title="bbox 1053 833 1832 868; baseline -0.006 -4"><span class='ocrx_word' id='word_1_410' title='bbox 1053 840 1095 864; x_wconf 91' lang='lat' dir='ltr'><strong>est</strong></span> <span class='ocrx_word' id='word_1_411' title='bbox 1106 836 1179 863; x_wconf 88' lang='lat' dir='ltr'><strong>enim</strong></span> <span class='ocrx_word' id='word_1_412' title='bbox 1199 843 1299 868; x_wconf 89' lang='lat' dir='ltr'><strong>canon,</strong></span> <span class='ocrx_word' id='word_1_413' title='bbox 1330 835 1378 863; x_wconf 89' lang='lat' dir='ltr'><strong>sed</strong></span> <span class='ocrx_word' id='word_1_414' title='bbox 1404 835 1628 868; x_wconf 83' lang='lat' dir='ltr'><strong>commentarius,</strong></span> <span class='ocrx_word' id='word_1_415' title='bbox 1645 834 1727 861; x_wconf 88' lang='lat' dir='ltr'><strong>verba</strong></span> <span class='ocrx_word' id='word_1_416' title='bbox 1742 833 1832 868; x_wconf 86' lang='lat' dir='ltr'><strong>quibus</strong></span> 
     </span>
    </p>
   </div>
   <div class='ocr_carea' id='block_1_63' title="bbox 1051 880 1833 917">
    <p class='ocr_par' dir='ltr' id='par_1_63' title="bbox 1051 880 1833 917">
     <span class='ocr_line' id='line_1_63' title="bbox 1051 880 1833 917; baseline -0.003 -8"><span class='ocrx_word' id='word_1_417' title='bbox 1051 882 1200 917; x_wconf 78' lang='lat' dir='ltr'><strong>Gregorius</strong></span> <span class='ocrx_word' id='word_1_418' title='bbox 1215 890 1282 910; x_wconf 88' lang='lat' dir='ltr'><strong>usus</strong></span> <span class='ocrx_word' id='word_1_419' title='bbox 1299 886 1358 909; x_wconf 89' lang='lat' dir='ltr'><strong>erat</strong></span> <span class='ocrx_word' id='word_1_420' title='bbox 1383 882 1534 917; x_wconf 76' lang='lat' dir='ltr'><strong>explicans.</strong></span> <span class='ocrx_word' id='word_1_421' title='bbox 1557 880 1606 909; x_wconf 80' lang='lat' dir='ltr'><strong>llis</strong></span> <span class='ocrx_word' id='word_1_422' title='bbox 1624 881 1696 908; x_wconf 87' lang='lat' dir='ltr'><strong>enim</strong></span> <span class='ocrx_word' id='word_1_423' title='bbox 1716 881 1833 908; x_wconf 85' lang='lat' dir='ltr'><strong>stationi-</strong></span> 
     </span>
    </p>
   </div>
   <div class='ocr_carea' id='block_1_64' title="bbox 1051 927 1832 962">
    <p class='ocr_par' dir='ltr' id='par_1_64' title="bbox 1051 927 1832 962">
     <span class='ocr_line' id='line_1_64' title="bbox 1051 927 1832 962; baseline -0.003 -7"><span class='ocrx_word' id='word_1_424' title='bbox 1051 928 1103 956; x_wconf 90' lang='lat' dir='ltr'><strong>bus</strong></span> <span class='ocrx_word' id='word_1_425' title='bbox 1117 932 1143 955; x_wconf 88' lang='lat' dir='ltr'><strong>et</strong></span> <span class='ocrx_word' id='word_1_426' title='bbox 1159 936 1253 955; x_wconf 88' lang='lat' dir='ltr'><strong>earum</strong></span> <span class='ocrx_word' id='word_1_427' title='bbox 1269 928 1428 955; x_wconf 89' lang='lat' dir='ltr'><strong>nominibus</strong></span> <span class='ocrx_word' id='word_1_428' title='bbox 1442 935 1510 956; x_wconf 87' lang='lat' dir='ltr'><strong>usus</strong></span> <span class='ocrx_word' id='word_1_429' title='bbox 1525 931 1584 955; x_wconf 90' lang='lat' dir='ltr'><strong>erat</strong></span> <span class='ocrx_word' id='word_1_430' title='bbox 1599 931 1631 954; x_wconf 92' lang='lat' dir='ltr'><strong>ut</strong></span> <span class='ocrx_word' id='word_1_431' title='bbox 1643 927 1761 962; x_wconf 79' lang='lat' dir='ltr'><strong>vulgatis</strong></span> <span class='ocrx_word' id='word_1_432' title='bbox 1770 932 1795 953; x_wconf 85' lang='lat' dir='ltr'><strong>et</strong></span> <span class='ocrx_word' id='word_1_433' title='bbox 1804 927 1832 953; x_wconf 83' lang='lat' dir='ltr'><strong>ab</strong></span> 
     </span>
    </p>
   </div>
   <div class='ocr_carea' id='block_1_65' title="bbox 1051 970 1832 1009">
    <p class='ocr_par' dir='ltr' id='par_1_65' title="bbox 1051 970 1832 1009">
     <span class='ocr_line' id='line_1_65' title="bbox 1051 970 1832 1009; baseline -0.004 -9"><span class='ocrx_word' id='word_1_434' title='bbox 1051 974 1180 1001; x_wconf 90' lang='lat' dir='ltr'><strong>omnibus</strong></span> <span class='ocrx_word' id='word_1_435' title='bbox 1192 973 1319 1009; x_wconf 81' lang='lat' dir='ltr'><strong>cognitis,</strong></span> <span class='ocrx_word' id='word_1_436' title='bbox 1337 977 1367 1000; x_wconf 89' lang='lat' dir='ltr'><strong>ut</strong></span> <span class='ocrx_word' id='word_1_437' title='bbox 1379 977 1406 1000; x_wconf 86' lang='lat' dir='ltr'><strong>et</strong></span> <span class='ocrx_word' id='word_1_438' title='bbox 1421 977 1532 1001; x_wconf 88' lang='lat' dir='ltr'><strong>sanctus</strong></span> <span class='ocrx_word' id='word_1_439' title='bbox 1547 971 1679 1004; x_wconf 84' lang='lat' dir='ltr'><strong>Basilius,</strong></span> <span class='ocrx_word' id='word_1_440' title='bbox 1693 970 1832 998; x_wconf 84' lang='lat' dir='ltr'><strong>concilium</strong></span> 
     </span>
    </p>
   </div>
   <div class='ocr_carea' id='block_1_66' title="bbox 1049 1017 1833 1055">
    <p class='ocr_par' dir='ltr' id='par_1_66' title="bbox 1049 1017 1833 1055">
     <span class='ocr_line' id='line_1_66' title="bbox 1049 1017 1833 1055; baseline -0.004 -9"><span class='ocrx_word' id='word_1_441' title='bbox 1049 1017 1204 1053; x_wconf 74' lang='lat' dir='ltr'><strong>Nicaznum,</strong></span> <span class='ocrx_word' id='word_1_442' title='bbox 1215 1020 1400 1055; x_wconf 84' lang='lat' dir='ltr'><strong>Ancyranum,</strong></span> <span class='ocrx_word' id='word_1_443' title='bbox 1409 1024 1472 1050; x_wconf 85' lang='lat' dir='ltr'><strong>etc.,</strong></span> <span class='ocrx_word' id='word_1_444' title='bbox 1482 1026 1533 1046; x_wconf 87' lang='lat' dir='ltr'><strong>nec</strong></span> <span class='ocrx_word' id='word_1_445' title='bbox 1545 1018 1572 1045; x_wconf 91' lang='lat' dir='ltr'><strong>in</strong></span> <span class='ocrx_word' id='word_1_446' title='bbox 1585 1018 1709 1053; x_wconf 90' lang='lat' dir='ltr'><strong>ipsorum</strong></span> <span class='ocrx_word' id='word_1_447' title='bbox 1724 1022 1833 1044; x_wconf 84' lang='lat' dir='ltr'><strong>mentem</strong></span> 
     </span>
    </p>
   </div>
   <div class='ocr_carea' id='block_1_67' title="bbox 1052 1063 1833 1099">
    <p class='ocr_par' dir='ltr' id='par_1_67' title="bbox 1052 1063 1833 1099">
     <span class='ocr_line' id='line_1_67' title="bbox 1052 1063 1833 1099; baseline -0.003 -8"><span class='ocrx_word' id='word_1_448' title='bbox 1052 1064 1137 1098; x_wconf 87' lang='lat' dir='ltr'><strong>venit,</strong></span> <span class='ocrx_word' id='word_1_449' title='bbox 1151 1069 1244 1099; x_wconf 88' lang='lat' dir='ltr'><strong>utpote</strong></span> <span class='ocrx_word' id='word_1_450' title='bbox 1257 1072 1315 1092; x_wconf 89' lang='lat' dir='ltr'><strong>rem</strong></span> <span class='ocrx_word' id='word_1_451' title='bbox 1331 1065 1458 1092; x_wconf 88' lang='lat' dir='ltr'><strong>omnibus</strong></span> <span class='ocrx_word' id='word_1_452' title='bbox 1473 1064 1624 1099; x_wconf 79' lang='lat' dir='ltr'><strong>cognitam,</strong></span> <span class='ocrx_word' id='word_1_453' title='bbox 1640 1071 1689 1090; x_wconf 88' lang='lat' dir='ltr'><strong>eas</strong></span> <span class='ocrx_word' id='word_1_454' title='bbox 1709 1063 1833 1097; x_wconf 82' lang='lat' dir='ltr'><strong>interpre-</strong></span> 
     </span>
    </p>
   </div>
   <div class='ocr_carea' id='block_1_68' title="bbox 1050 1109 1833 1146">
    <p class='ocr_par' dir='ltr' id='par_1_68' title="bbox 1050 1109 1833 1146">
     <span class='ocr_line' id='line_1_68' title="bbox 1050 1109 1833 1146; baseline -0.004 -9"><span class='ocrx_word' id='word_1_455' title='bbox 1050 1111 1113 1139; x_wconf 87' lang='lat' dir='ltr'><strong>tari.</strong></span> <span class='ocrx_word' id='word_1_456' title='bbox 1140 1110 1242 1139; x_wconf 88' lang='lat' dir='ltr'><strong>Deinde</strong></span> <span class='ocrx_word' id='word_1_457' title='bbox 1257 1111 1315 1146; x_wconf 88' lang='lat' dir='ltr'><strong>ipse</strong></span> <span class='ocrx_word' id='word_1_458' title='bbox 1340 1118 1369 1138; x_wconf 89' lang='lat' dir='ltr'><strong>se</strong></span> <span class='ocrx_word' id='word_1_459' title='bbox 1385 1110 1485 1146; x_wconf 87' lang='lat' dir='ltr'><strong>prodit,</strong></span> <span class='ocrx_word' id='word_1_460' title='bbox 1502 1118 1563 1138; x_wconf 93' lang='lat' dir='ltr'><strong>cum</strong></span> <span class='ocrx_word' id='word_1_461' title='bbox 1587 1110 1702 1137; x_wconf 83' lang='lat' dir='ltr'><strong>scribit:</strong></span> <span class='ocrx_word' id='word_1_462' title='bbox 1721 1109 1833 1142; x_wconf 65' lang='lat' dir='ltr'><strong>Auditis,</strong></span> 
     </span>
    </p>
   </div>
   <div class='ocr_carea' id='block_1_69' title="bbox 1050 1157 1834 1192">
    <p class='ocr_par' dir='ltr' id='par_1_69' title="bbox 1050 1157 1834 1192">
     <span class='ocr_line' id='line_1_69' title="bbox 1050 1157 1834 1192; baseline -0.003 -8"><span class='ocrx_word' id='word_1_463' title='bbox 1050 1157 1152 1192; x_wconf 77' lang='lat' dir='ltr'><strong>inquit,</strong></span> <span class='ocrx_word' id='word_1_464' title='bbox 1167 1162 1240 1191; x_wconf 87' lang='lat' dir='ltr'><strong>etc.;</strong></span> <span class='ocrx_word' id='word_1_465' title='bbox 1261 1165 1323 1185; x_wconf 89' lang='lat' dir='ltr'><strong>cum</strong></span> <span class='ocrx_word' id='word_1_466' title='bbox 1350 1158 1424 1185; x_wconf 90' lang='lat' dir='ltr'><strong>enim</strong></span> <span class='ocrx_word' id='word_1_467' title='bbox 1445 1158 1503 1185; x_wconf 67' lang='lat' dir='ltr'><strong>haec</strong></span> <span class='ocrx_word' id='word_1_468' title='bbox 1519 1162 1617 1185; x_wconf 89' lang='lat' dir='ltr'><strong>auctor</strong></span> <span class='ocrx_word' id='word_1_469' title='bbox 1629 1157 1778 1188; x_wconf 85' lang='lat' dir='ltr'><strong>scribebat.</strong></span> <span class='ocrx_word' id='word_1_470' title='bbox 1793 1157 1834 1183; x_wconf 75' lang='lat' dir='ltr'><strong>ha-</strong></span> 
     </span>
    </p>
   </div>
   <div class='ocr_carea' id='block_1_70' title="bbox 1049 1202 1835 1235">
    <p class='ocr_par' dir='ltr' id='par_1_70' title="bbox 1049 1202 1835 1235">
     <span class='ocr_line' id='line_1_70' title="bbox 1049 1202 1835 1235; baseline -0.001 -5"><span class='ocrx_word' id='word_1_471' title='bbox 1049 1202 1130 1230; x_wconf 87' lang='lat' dir='ltr'><strong>bebat</strong></span> <span class='ocrx_word' id='word_1_472' title='bbox 1145 1204 1173 1230; x_wconf 90' lang='lat' dir='ltr'><strong>in</strong></span> <span class='ocrx_word' id='word_1_473' title='bbox 1190 1208 1280 1231; x_wconf 90' lang='lat' dir='ltr'><strong>mente</strong></span> <span class='ocrx_word' id='word_1_474' title='bbox 1308 1204 1395 1231; x_wconf 83' lang='lat' dir='ltr'><strong>sancti</strong></span> <span class='ocrx_word' id='word_1_475' title='bbox 1410 1203 1502 1231; x_wconf 87' lang='lat' dir='ltr'><strong>Basilii</strong></span> <span class='ocrx_word' id='word_1_476' title='bbox 1529 1211 1677 1235; x_wconf 88' lang='lat' dir='ltr'><strong>canonem,</strong></span> <span class='ocrx_word' id='word_1_477' title='bbox 1708 1203 1780 1230; x_wconf 87' lang='lat' dir='ltr'><strong>unde</strong></span> <span class='ocrx_word' id='word_1_478' title='bbox 1797 1202 1835 1229; x_wconf 73' lang='lat' dir='ltr'><strong>illa</strong></span> 
     </span>
    </p>
   </div>
   <div class='ocr_carea' id='block_1_71' title="bbox 1049 1249 1834 1285">
    <p class='ocr_par' dir='ltr' id='par_1_71' title="bbox 1049 1249 1834 1285">
     <span class='ocr_line' id='line_1_71' title="bbox 1049 1249 1834 1285; baseline -0.004 -8"><span class='ocrx_word' id='word_1_479' title='bbox 1049 1249 1238 1284; x_wconf 87' lang='lat' dir='ltr'><strong>interpretatio</strong></span> <span class='ocrx_word' id='word_1_480' title='bbox 1246 1250 1388 1285; x_wconf 81' lang='lat' dir='ltr'><strong>desumpta</strong></span> <span class='ocrx_word' id='word_1_481' title='bbox 1401 1255 1452 1278; x_wconf 88' lang='lat' dir='ltr'><strong>est.</strong></span> <span class='ocrx_word' id='word_1_482' title='bbox 1461 1250 1509 1278; x_wconf 90' lang='lat' dir='ltr'><strong>Est</strong></span> <span class='ocrx_word' id='word_1_483' title='bbox 1520 1250 1547 1277; x_wconf 90' lang='lat' dir='ltr'><strong>in</strong></span> <span class='ocrx_word' id='word_1_484' title='bbox 1561 1250 1731 1278; x_wconf 81' lang='lat' dir='ltr'><strong>bibliotheca</strong></span> <span class='ocrx_word' id='word_1_485' title='bbox 1747 1250 1834 1277; x_wconf 78' lang='lat' dir='ltr'><strong>illusu.</strong></span> 
     </span>
    </p>
   </div>
   <div class='ocr_carea' id='block_1_72' title="bbox 1049 1294 1835 1331">
    <p class='ocr_par' dir='ltr' id='par_1_72' title="bbox 1049 1294 1835 1331">
     <span class='ocr_line' id='line_1_72' title="bbox 1049 1294 1835 1331; baseline 0.003 -9"><span class='ocrx_word' id='word_1_486' title='bbox 1049 1294 1172 1323; x_wconf 68' lang='lat' dir='ltr'><strong>Francia:</strong></span> <span class='ocrx_word' id='word_1_487' title='bbox 1184 1296 1341 1323; x_wconf 88' lang='lat' dir='ltr'><strong>cancellarii</strong></span> <span class='ocrx_word' id='word_1_488' title='bbox 1358 1296 1549 1331; x_wconf 87' lang='lat' dir='ltr'><strong>antiquissima</strong></span> <span class='ocrx_word' id='word_1_489' title='bbox 1578 1303 1718 1324; x_wconf 88' lang='lat' dir='ltr'><strong>canonum</strong></span> <span class='ocrx_word' id='word_1_490' title='bbox 1733 1296 1835 1324; x_wconf 64' lang='lat' dir='ltr'><strong>Graeco-</strong></span> 
     </span>
    </p>
   </div>
   <div class='ocr_carea' id='block_1_73' title="bbox 1050 1340 1836 1377">
    <p class='ocr_par' dir='ltr' id='par_1_73' title="bbox 1050 1340 1836 1377">
     <span class='ocr_line' id='line_1_73' title="bbox 1050 1340 1836 1377; baseline 0.003 -9"><span class='ocrx_word' id='word_1_491' title='bbox 1050 1349 1111 1368; x_wconf 91' lang='lat' dir='ltr'><strong>rum</strong></span> <span class='ocrx_word' id='word_1_492' title='bbox 1124 1341 1251 1368; x_wconf 83' lang='lat' dir='ltr'><strong>collectio</strong></span> <span class='ocrx_word' id='word_1_493' title='bbox 1264 1348 1279 1368; x_wconf 86' lang='lat' dir='ltr'><strong>a</strong></span> <span class='ocrx_word' id='word_1_494' title='bbox 1294 1340 1426 1377; x_wconf 74' lang='lat' dir='ltr'><strong>Gregorio</strong></span> <span class='ocrx_word' id='word_1_495' title='bbox 1440 1341 1594 1376; x_wconf 86' lang='lat' dir='ltr'><strong>patriarcha</strong></span> <span class='ocrx_word' id='word_1_496' title='bbox 1609 1341 1663 1368; x_wconf 69' lang='grc' dir='ltr'><strong>(ΣΡ.</strong></span> <span class='ocrx_word' id='word_1_497' title='bbox 1677 1346 1744 1370; x_wconf 86' lang='lat' dir='ltr'><strong>ante</strong></span> <span class='ocrx_word' id='word_1_498' title='bbox 1756 1343 1836 1370; x_wconf 87' lang='lat' dir='ltr'><strong>octin-</strong></span> 
     </span>
    </p>
   </div>
   <div class='ocr_carea' id='block_1_74' title="bbox 1050 1386 1836 1422">
    <p class='ocr_par' dir='ltr' id='par_1_74' title="bbox 1050 1386 1836 1422">
     <span class='ocr_line' id='line_1_74' title="bbox 1050 1386 1836 1422; baseline 0 -9"><span class='ocrx_word' id='word_1_499' title='bbox 1050 1391 1146 1422; x_wconf 82' lang='lat' dir='ltr'><strong>gentos</strong></span> <span class='ocrx_word' id='word_1_500' title='bbox 1165 1393 1253 1413; x_wconf 90' lang='lat' dir='ltr'><strong>annos</strong></span> <span class='ocrx_word' id='word_1_501' title='bbox 1269 1386 1421 1420; x_wconf 89' lang='lat' dir='ltr'><strong>elaborata,</strong></span> <span class='ocrx_word' id='word_1_502' title='bbox 1437 1394 1499 1421; x_wconf 67' lang='lat' dir='ltr'><strong>qua:</strong></span> <span class='ocrx_word' id='word_1_503' title='bbox 1511 1391 1625 1414; x_wconf 67' lang='lat' dir='ltr'><strong>caeteros</strong></span> <span class='ocrx_word' id='word_1_504' title='bbox 1643 1386 1836 1422; x_wconf 71' lang='lat' dir='ltr'><strong>Thaumaturgi</strong></span> 
     </span>
    </p>
   </div>
   <div class='ocr_carea' id='block_1_75' title="bbox 1050 1431 1837 1467">
    <p class='ocr_par' dir='ltr' id='par_1_75' title="bbox 1050 1431 1837 1467">
     <span class='ocr_line' id='line_1_75' title="bbox 1050 1431 1837 1467; baseline -0.001 -8"><span class='ocrx_word' id='word_1_505' title='bbox 1050 1439 1170 1460; x_wconf 90' lang='lat' dir='ltr'><strong>canones</strong></span> <span class='ocrx_word' id='word_1_506' title='bbox 1186 1436 1282 1467; x_wconf 62' lang='lat' dir='ltr'><strong>preter</strong></span> <span class='ocrx_word' id='word_1_507' title='bbox 1310 1432 1392 1460; x_wconf 89' lang='lat' dir='ltr'><strong>istum</strong></span> <span class='ocrx_word' id='word_1_508' title='bbox 1415 1431 1621 1466; x_wconf 73' lang='lat' dir='ltr'><strong>complectitur</strong></span> <span class='ocrx_word' id='word_1_509' title='bbox 1650 1439 1837 1467; x_wconf 82' lang='lat' dir='ltr'><strong>argumentum</strong></span> 
     </span>
    </p>
   </div>
   <div class='ocr_carea' id='block_1_76' title="bbox 1014 1478 1839 1519">
    <p class='ocr_par' dir='ltr' id='par_1_76' title="bbox 1014 1478 1839 1519">
     <span class='ocr_line' id='line_1_76' title="bbox 1014 1478 1839 1519; baseline 0 -13"><span class='ocrx_word' id='word_1_510' title='bbox 1014 1489 1037 1519; x_wconf 72' lang='grc' dir='ltr'>α</span> <span class='ocrx_word' id='word_1_511' title='bbox 1052 1478 1174 1512; x_wconf 89' lang='lat' dir='ltr'><strong>evidens,</strong></span> <span class='ocrx_word' id='word_1_512' title='bbox 1186 1478 1413 1506; x_wconf 83' lang='lat' dir='ltr'><strong>commentarium</strong></span> <span class='ocrx_word' id='word_1_513' title='bbox 1430 1478 1506 1505; x_wconf 91' lang='lat' dir='ltr'><strong>illum</strong></span> <span class='ocrx_word' id='word_1_514' title='bbox 1530 1483 1592 1513; x_wconf 89' lang='lat' dir='ltr'><strong>post</strong></span> <span class='ocrx_word' id='word_1_515' title='bbox 1608 1483 1720 1513; x_wconf 85' lang='lat' dir='ltr'><strong>tempus</strong></span> <span class='ocrx_word' id='word_1_516' title='bbox 1735 1479 1839 1506; x_wconf 85' lang='lat' dir='ltr'><strong>adnota-</strong></span> 
     </span>
    </p>
   </div>
   <div class='ocr_carea' id='block_1_77' title="bbox 1053 1523 1839 1559">
    <p class='ocr_par' dir='ltr' id='par_1_77' title="bbox 1053 1523 1839 1559">
     <span class='ocr_line' id='line_1_77' title="bbox 1053 1523 1839 1559; baseline 0.003 -9"><span class='ocrx_word' id='word_1_517' title='bbox 1053 1527 1110 1550; x_wconf 88' lang='lat' dir='ltr'><strong>tum</strong></span> <span class='ocrx_word' id='word_1_518' title='bbox 1119 1523 1316 1559; x_wconf 86' lang='lat' dir='ltr'><strong>Thaumaturgi</strong></span> <span class='ocrx_word' id='word_1_519' title='bbox 1331 1524 1458 1559; x_wconf 75' lang='lat' dir='ltr'><strong>Epistola:</strong></span> <span class='ocrx_word' id='word_1_520' title='bbox 1472 1523 1558 1552; x_wconf 81' lang='lat' dir='ltr'><strong>fuisse</strong></span> <span class='ocrx_word' id='word_1_521' title='bbox 1569 1529 1708 1552; x_wconf 89' lang='lat' dir='ltr'><strong>assutum.</strong></span> <span class='ocrx_word' id='word_1_522' title='bbox 1726 1535 1737 1551; x_wconf 77' lang='grc' dir='ltr'>ι</span> <span class='ocrx_word' id='word_1_523' title='bbox 1754 1525 1839 1553; x_wconf 77' lang='lat' dir='ltr'><strong>Hacte-</strong></span> 
     </span>
    </p>
   </div>
   <div class='ocr_carea' id='block_1_78' title="bbox 1053 1568 1205 1597">
    <p class='ocr_par' dir='ltr' id='par_1_78' title="bbox 1053 1568 1205 1597">
     <span class='ocr_line' id='line_1_78' title="bbox 1053 1568 1205 1597; baseline 0 -1"><span class='ocrx_word' id='word_1_524' title='bbox 1053 1576 1106 1597; x_wconf 86' lang='lat' dir='ltr'><strong>nus</strong></span> <span class='ocrx_word' id='word_1_525' title='bbox 1122 1568 1153 1596; x_wconf 90' lang='lat' dir='ltr'><strong>V.</strong></span> <span class='ocrx_word' id='word_1_526' title='bbox 1173 1568 1205 1597; x_wconf 73' lang='grc' dir='ltr'><strong>(Σ.</strong></span> 
     </span>
    </p>
   </div>
   <div class='ocr_carea' id='block_1_79' title="bbox 1086 1619 1839 1655">
    <p class='ocr_par' dir='ltr' id='par_1_79' title="bbox 1086 1619 1839 1655">
     <span class='ocr_line' id='line_1_79' title="bbox 1086 1619 1839 1655; baseline -0.003 -6"><span class='ocrx_word' id='word_1_527' title='bbox 1086 1621 1188 1649; x_wconf 85' lang='lat' dir='ltr'><strong>Contra</strong></span> <span class='ocrx_word' id='word_1_528' title='bbox 1206 1628 1271 1648; x_wconf 85' lang='lat' dir='ltr'><strong>vero</strong></span> <span class='ocrx_word' id='word_1_529' title='bbox 1286 1619 1390 1648; x_wconf 85' lang='lat' dir='ltr'><strong>Natalis</strong></span> <span class='ocrx_word' id='word_1_530' title='bbox 1403 1620 1556 1648; x_wconf 81' lang='lat' dir='ltr'><strong>Alexander</strong></span> <span class='ocrx_word' id='word_1_531' title='bbox 1581 1620 1706 1655; x_wconf 89' lang='lat' dir='ltr'><strong>ejusdem</strong></span> <span class='ocrx_word' id='word_1_532' title='bbox 1733 1621 1839 1648; x_wconf 82' lang='lat' dir='ltr'><strong>canonis</strong></span> 
     </span>
    </p>
   </div>
   <div class='ocr_carea' id='block_1_80' title="bbox 1053 1666 1839 1702">
    <p class='ocr_par' dir='ltr' id='par_1_80' title="bbox 1053 1666 1839 1702">
     <span class='ocr_line' id='line_1_80' title="bbox 1053 1666 1839 1702; baseline -0.001 -8"><span class='ocrx_word' id='word_1_533' title='bbox 1053 1667 1190 1695; x_wconf 90' lang='lat' dir='ltr'><strong>undecimi</strong></span> <span class='ocrx_word' id='word_1_534' title='bbox 1206 1667 1390 1694; x_wconf 86' lang='lat' dir='ltr'><strong>sinceritatem</strong></span> <span class='ocrx_word' id='word_1_535' title='bbox 1406 1667 1507 1694; x_wconf 86' lang='lat' dir='ltr'><strong>acriter</strong></span> <span class='ocrx_word' id='word_1_536' title='bbox 1522 1671 1680 1701; x_wconf 80' lang='lat' dir='ltr'><strong>propugnat</strong></span> <span class='ocrx_word' id='word_1_537' title='bbox 1694 1666 1768 1702; x_wconf 82' lang='grc'>(55),</span> <span class='ocrx_word' id='word_1_538' title='bbox 1790 1667 1839 1702; x_wconf 86' lang='lat' dir='ltr'><strong>pri-</strong></span> 
     </span>
    </p>
   </div>
   <div class='ocr_carea' id='block_1_81' title="bbox 1054 1712 1840 1747">
    <p class='ocr_par' dir='ltr' id='par_1_81' title="bbox 1054 1712 1840 1747">
     <span class='ocr_line' id='line_1_81' title="bbox 1054 1712 1840 1747; baseline -0.003 -7"><span class='ocrx_word' id='word_1_539' title='bbox 1054 1721 1127 1740; x_wconf 88' lang='lat' dir='ltr'><strong>mum</strong></span> <span class='ocrx_word' id='word_1_540' title='bbox 1143 1720 1177 1740; x_wconf 84' lang='lat' dir='ltr'><strong>ex</strong></span> <span class='ocrx_word' id='word_1_541' title='bbox 1191 1713 1243 1740; x_wconf 84' lang='lat' dir='ltr'><strong>ﬁde</strong></span> <span class='ocrx_word' id='word_1_542' title='bbox 1265 1712 1520 1747; x_wconf 84' lang='lat' dir='ltr'><strong>antiquissimorum</strong></span> <span class='ocrx_word' id='word_1_543' title='bbox 1544 1719 1613 1739; x_wconf 88' lang='lat' dir='ltr'><strong>mss.</strong></span> <span class='ocrx_word' id='word_1_544' title='bbox 1640 1719 1705 1747; x_wconf 70' lang='lat' dir='ltr'><strong>quae</strong></span> <span class='ocrx_word' id='word_1_545' title='bbox 1724 1719 1840 1747; x_wconf 72' lang='lat' dir='ltr'><strong>penesse</strong></span> 
     </span>
    </p>
   </div>
   <div class='ocr_carea' id='block_1_82' title="bbox 1053 1757 1839 1793">
    <p class='ocr_par' dir='ltr' id='par_1_82' title="bbox 1053 1757 1839 1793">
     <span class='ocr_line' id='line_1_82' title="bbox 1053 1757 1839 1793; baseline -0.003 -7"><span class='ocrx_word' id='word_1_546' title='bbox 1053 1759 1150 1786; x_wconf 87' lang='lat' dir='ltr'><strong>habuit</strong></span> <span class='ocrx_word' id='word_1_547' title='bbox 1164 1758 1309 1786; x_wconf 83' lang='lat' dir='ltr'><strong>Balsamon</strong></span> <span class='ocrx_word' id='word_1_548' title='bbox 1327 1758 1483 1793; x_wconf 86' lang='lat' dir='ltr'><strong>patriarcha</strong></span> <span class='ocrx_word' id='word_1_549' title='bbox 1503 1757 1705 1792; x_wconf 82' lang='lat' dir='ltr'><strong>Antiochenus,</strong></span> <span class='ocrx_word' id='word_1_550' title='bbox 1721 1759 1773 1793; x_wconf 85' lang='lat' dir='ltr'><strong>qui</strong></span> <span class='ocrx_word' id='word_1_551' title='bbox 1790 1766 1839 1785; x_wconf 78' lang='lat' dir='ltr'><strong>eam</strong></span> 
     </span>
    </p>
   </div>
   <div class='ocr_carea' id='block_1_83' title="bbox 1053 1804 1839 1841">
    <p class='ocr_par' dir='ltr' id='par_1_83' title="bbox 1053 1804 1839 1841">
     <span class='ocr_line' id='line_1_83' title="bbox 1053 1804 1839 1841; baseline -0.001 -9"><span class='ocrx_word' id='word_1_552' title='bbox 1053 1805 1176 1841; x_wconf 85' lang='lat' dir='ltr'><strong>Gregorii</strong></span> <span class='ocrx_word' id='word_1_553' title='bbox 1189 1805 1331 1840; x_wconf 87' lang='lat' dir='ltr'><strong>epistolam</strong></span> <span class='ocrx_word' id='word_1_554' title='bbox 1356 1804 1560 1832; x_wconf 87' lang='lat' dir='ltr'><strong>commentariis</strong></span> <span class='ocrx_word' id='word_1_555' title='bbox 1584 1805 1644 1832; x_wconf 86' lang='lat' dir='ltr'><strong>suis</strong></span> <span class='ocrx_word' id='word_1_556' title='bbox 1671 1805 1839 1832; x_wconf 71' lang='lat' dir='ltr'><strong>Illustravil:</strong></span> 
     </span>
    </p>
   </div>
   <div class='ocr_carea' id='block_1_84' title="bbox 1053 1849 1841 1886">
    <p class='ocr_par' dir='ltr' id='par_1_84' title="bbox 1053 1849 1841 1886">
     <span class='ocr_line' id='line_1_84' title="bbox 1053 1849 1841 1886; baseline -0.004 -8"><span class='ocrx_word' id='word_1_557' title='bbox 1053 1851 1151 1879; x_wconf 89' lang='lat' dir='ltr'><strong>deinde</strong></span> <span class='ocrx_word' id='word_1_558' title='bbox 1165 1858 1199 1878; x_wconf 79' lang='lat' dir='ltr'><strong>ex</strong></span> <span class='ocrx_word' id='word_1_559' title='bbox 1214 1851 1301 1886; x_wconf 84' lang='lat' dir='ltr'><strong>ipsius</strong></span> <span class='ocrx_word' id='word_1_560' title='bbox 1321 1851 1442 1886; x_wconf 66' lang='lat' dir='ltr'><strong>epistola:</strong></span> <span class='ocrx_word' id='word_1_561' title='bbox 1464 1850 1618 1878; x_wconf 85' lang='lat' dir='ltr'><strong>canonibus</strong></span> <span class='ocrx_word' id='word_1_562' title='bbox 1635 1849 1662 1882; x_wconf 89' lang='lat'><strong>7,</strong></span> <span class='ocrx_word' id='word_1_563' title='bbox 1677 1850 1695 1877; x_wconf 91' lang='lat'><strong>8</strong></span> <span class='ocrx_word' id='word_1_564' title='bbox 1712 1857 1744 1878; x_wconf 85' lang='lat' dir='ltr'><strong>et</strong></span> <span class='ocrx_word' id='word_1_565' title='bbox 1760 1851 1788 1881; x_wconf 82' lang='lat'><strong>9.</strong></span> <span class='ocrx_word' id='word_1_566' title='bbox 1804 1850 1841 1884; x_wconf 78' lang='lat' dir='ltr'><strong>qui</strong></span> 
     </span>
    </p>
   </div>
   <div class='ocr_carea' id='block_1_85' title="bbox 1052 1897 1841 1932">
    <p class='ocr_par' dir='ltr' id='par_1_85' title="bbox 1052 1897 1841 1932">
     <span class='ocr_line' id='line_1_85' title="bbox 1052 1897 1841 1932; baseline -0.004 -6"><span class='ocrx_word' id='word_1_567' title='bbox 1052 1898 1161 1926; x_wconf 86' lang='lat' dir='ltr'><strong>eosdem</strong></span> <span class='ocrx_word' id='word_1_568' title='bbox 1187 1898 1354 1932; x_wconf 62' lang='lat' dir='ltr'><strong>poenitentiae</strong></span> <span class='ocrx_word' id='word_1_569' title='bbox 1383 1897 1484 1932; x_wconf 83' lang='lat' dir='ltr'><strong>gradus</strong></span> <span class='ocrx_word' id='word_1_570' title='bbox 1498 1901 1673 1929; x_wconf 86' lang='lat' dir='ltr'><strong>enumerant,</strong></span> <span class='ocrx_word' id='word_1_571' title='bbox 1699 1905 1777 1932; x_wconf 86' lang='lat' dir='ltr'><strong>quos</strong></span> <span class='ocrx_word' id='word_1_572' title='bbox 1793 1904 1841 1923; x_wconf 81' lang='lat' dir='ltr'><strong>me-</strong></span> 
     </span>
    </p>
   </div>
   <div class='ocr_carea' id='block_1_86' title="bbox 1052 1942 1841 1978">
    <p class='ocr_par' dir='ltr' id='par_1_86' title="bbox 1052 1942 1841 1978">
     <span class='ocr_line' id='line_1_86' title="bbox 1052 1942 1841 1978; baseline -0.004 -7"><span class='ocrx_word' id='word_1_573' title='bbox 1052 1948 1142 1971; x_wconf 89' lang='lat' dir='ltr'><strong>morat</strong></span> <span class='ocrx_word' id='word_1_574' title='bbox 1155 1951 1243 1971; x_wconf 88' lang='lat' dir='ltr'><strong>canon</strong></span> <span class='ocrx_word' id='word_1_575' title='bbox 1262 1943 1292 1970; x_wconf 78' lang='lat' dir='ltr'><strong>tl</strong></span> <span class='ocrx_word' id='word_1_576' title='bbox 1307 1943 1334 1970; x_wconf 92' lang='lat' dir='ltr'><strong>in</strong></span> <span class='ocrx_word' id='word_1_577' title='bbox 1356 1942 1469 1970; x_wconf 85' lang='lat' dir='ltr'><strong>dubium</strong></span> <span class='ocrx_word' id='word_1_578' title='bbox 1484 1947 1608 1971; x_wconf 82' lang='lat' dir='ltr'><strong>vocatus.</strong></span> <span class='ocrx_word' id='word_1_579' title='bbox 1623 1943 1696 1971; x_wconf 85' lang='lat' dir='ltr'><strong>Aliis</strong></span> <span class='ocrx_word' id='word_1_580' title='bbox 1716 1948 1841 1978; x_wconf 57' lang='lat' dir='ltr'><strong>prmum</strong></span> 
     </span>
    </p>
   </div>
   <div class='ocr_carea' id='block_1_87' title="bbox 1052 1989 1842 2024">
    <p class='ocr_par' dir='ltr' id='par_1_87' title="bbox 1052 1989 1842 2024">
     <span class='ocr_line' id='line_1_87' title="bbox 1052 1989 1842 2024; baseline -0.001 -8"><span class='ocrx_word' id='word_1_581' title='bbox 1052 1989 1140 2016; x_wconf 91' lang='lat' dir='ltr'><strong>utitur</strong></span> <span class='ocrx_word' id='word_1_582' title='bbox 1154 1989 1323 2024; x_wconf 81' lang='lat' dir='ltr'><strong>argumentis</strong></span> <span class='ocrx_word' id='word_1_583' title='bbox 1347 1989 1373 2016; x_wconf 91' lang='lat' dir='ltr'><strong>in</strong></span> <span class='ocrx_word' id='word_1_584' title='bbox 1396 1989 1518 2016; x_wconf 86' lang='lat' dir='ltr'><strong>eamdem</strong></span> <span class='ocrx_word' id='word_1_585' title='bbox 1544 1989 1726 2021; x_wconf 88' lang='lat' dir='ltr'><strong>sententiam,</strong></span> <span class='ocrx_word' id='word_1_586' title='bbox 1755 1996 1842 2016; x_wconf 76' lang='lat' dir='ltr'><strong>occur-</strong></span> 
     </span>
    </p>
   </div>
   <div class='ocr_carea' id='block_1_88' title="bbox 1053 2035 1842 2071">
    <p class='ocr_par' dir='ltr' id='par_1_88' title="bbox 1053 2035 1842 2071">
     <span class='ocr_line' id='line_1_88' title="bbox 1053 2035 1842 2071; baseline -0.003 -9"><span class='ocrx_word' id='word_1_587' title='bbox 1053 2042 1118 2063; x_wconf 89' lang='lat' dir='ltr'><strong>rens</strong></span> <span class='ocrx_word' id='word_1_588' title='bbox 1130 2043 1183 2063; x_wconf 87' lang='lat' dir='ltr'><strong>una</strong></span> <span class='ocrx_word' id='word_1_589' title='bbox 1209 2035 1308 2064; x_wconf 86' lang='lat' dir='ltr'><strong>Morini</strong></span> <span class='ocrx_word' id='word_1_590' title='bbox 1332 2035 1552 2071; x_wconf 88' lang='lat' dir='ltr'><strong>objectionibus;</strong></span> <span class='ocrx_word' id='word_1_591' title='bbox 1568 2035 1602 2062; x_wconf 89' lang='lat' dir='ltr'><strong>ad</strong></span> <span class='ocrx_word' id='word_1_592' title='bbox 1618 2042 1704 2069; x_wconf 89' lang='lat' dir='ltr'><strong>quem</strong></span> <span class='ocrx_word' id='word_1_593' title='bbox 1737 2035 1842 2070; x_wconf 65' lang='lat' dir='ltr'><strong>proinde</strong></span> 
     </span>
    </p>
   </div>
   <div class='ocr_carea' id='block_1_89' title="bbox 1052 2079 1840 2114">
    <p class='ocr_par' dir='ltr' id='par_1_89' title="bbox 1052 2079 1840 2114">
     <span class='ocr_line' id='line_1_89' title="bbox 1052 2079 1840 2114; baseline -0.001 -6"><span class='ocrx_word' id='word_1_594' title='bbox 1052 2080 1168 2109; x_wconf 89' lang='lat' dir='ltr'><strong>lectores</strong></span> <span class='ocrx_word' id='word_1_595' title='bbox 1181 2081 1358 2109; x_wconf 86' lang='lat' dir='ltr'><strong>remittimus.</strong></span> <span class='ocrx_word' id='word_1_596' title='bbox 1369 2080 1503 2108; x_wconf 61' lang='lat' dir='ltr'><strong>Caeterum</strong></span> <span class='ocrx_word' id='word_1_597' title='bbox 1521 2081 1593 2108; x_wconf 87' lang='lat' dir='ltr'><strong>hanc</strong></span> <span class='ocrx_word' id='word_1_598' title='bbox 1614 2080 1769 2114; x_wconf 80' lang='lat' dir='ltr'><strong>epistolam</strong></span> <span class='ocrx_word' id='word_1_599' title='bbox 1778 2079 1840 2107; x_wconf 73' lang='lat' dir='ltr'><strong>exhi-</strong></span> 
     </span>
    </p>
   </div>
   <div class='ocr_carea' id='block_1_90' title="bbox 1053 2126 1841 2162">
    <p class='ocr_par' dir='ltr' id='par_1_90' title="bbox 1053 2126 1841 2162">
     <span class='ocr_line' id='line_1_90' title="bbox 1053 2126 1841 2162; baseline -0.001 -8"><span class='ocrx_word' id='word_1_600' title='bbox 1053 2127 1149 2155; x_wconf 86' lang='lat' dir='ltr'><strong>bemus</strong></span> <span class='ocrx_word' id='word_1_601' title='bbox 1162 2135 1195 2155; x_wconf 79' lang='lat' dir='ltr'><strong>ex</strong></span> <span class='ocrx_word' id='word_1_602' title='bbox 1213 2127 1345 2162; x_wconf 74' lang='lat' dir='ltr'><strong>Synodico</strong></span> <span class='ocrx_word' id='word_1_603' title='bbox 1362 2127 1499 2161; x_wconf 78' lang='lat' dir='ltr'><strong>Bevcregii</strong></span> <span class='ocrx_word' id='word_1_604' title='bbox 1521 2126 1588 2162; x_wconf 81' lang='grc'>(56),</span> <span class='ocrx_word' id='word_1_605' title='bbox 1605 2126 1720 2154; x_wconf 84' lang='lat' dir='ltr'><strong>collatis</strong></span> <span class='ocrx_word' id='word_1_606' title='bbox 1739 2127 1841 2160; x_wconf 80' lang='lat' dir='ltr'><strong>insuper</strong></span> 
     </span>
    </p>
   </div>
   <div class='ocr_carea' id='block_1_91' title="bbox 211 2168 1841 2211">
    <p class='ocr_par' dir='ltr' id='par_1_91' title="bbox 211 2168 1841 2211">
     <span class='ocr_line' id='line_1_91' title="bbox 211 2168 1841 2211; baseline -0.007 0"><span class='ocrx_word' id='word_1_607' title='bbox 211 2180 373 2211; x_wconf 70' lang='lat' dir='ltr'><strong>tempestate</strong></span> <span class='ocrx_word' id='word_1_608' title='bbox 384 2172 667 2202; x_wconf 61' lang='lat' dir='ltr'><strong>sanctusPaterillam</strong></span> <span class='ocrx_word' id='word_1_609' title='bbox 678 2171 821 2206; x_wconf 76' lang='lat' dir='ltr'><strong>scripsisse</strong></span> <span class='ocrx_word' id='word_1_610' title='bbox 832 2171 999 2205; x_wconf 78' lang='lat' dir='ltr'><strong>perhibetur.</strong></span> <span class='ocrx_word' id='word_1_611' title='bbox 1016 2168 1039 2196; x_wconf 91' lang='lat' dir='ltr'><strong>D</strong></span> <span class='ocrx_word' id='word_1_612' title='bbox 1052 2174 1217 2202; x_wconf 87' lang='lat' dir='ltr'><strong>cditionibus</strong></span> <span class='ocrx_word' id='word_1_613' title='bbox 1235 2173 1435 2201; x_wconf 88' lang='lat' dir='ltr'><strong>Parisiensibus</strong></span> <span class='ocrx_word' id='word_1_614' title='bbox 1452 2173 1623 2201; x_wconf 85' lang='lat' dir='ltr'><strong>Balsamonis</strong></span> <span class='ocrx_word' id='word_1_615' title='bbox 1646 2180 1696 2200; x_wconf 81' lang='lat' dir='ltr'><strong>an.</strong></span> <span class='ocrx_word' id='word_1_616' title='bbox 1727 2172 1808 2205; x_wconf 68' lang='lat' dir='ltr'><strong>tceo,</strong></span> <span class='ocrx_word' id='word_1_617' title='bbox 1823 2176 1841 2197; x_wconf 74' lang='grc' dir='ltr'>ει</span> 
     </span>
    </p>
   </div>
   <div class='ocr_carea' id='block_1_92' title="bbox 211 2215 1001 2256">
    <p class='ocr_par' dir='ltr' id='par_1_92' title="bbox 211 2215 1001 2256">
     <span class='ocr_line' id='line_1_92' title="bbox 211 2215 1001 2256; baseline -0.008 -8"><span class='ocrx_word' id='word_1_618' title='bbox 211 2229 266 2256; x_wconf 87' lang='lat' dir='ltr'><strong>qua</strong></span> <span class='ocrx_word' id='word_1_619' title='bbox 281 2219 378 2247; x_wconf 88' lang='lat' dir='ltr'><strong>Boradi</strong></span> <span class='ocrx_word' id='word_1_620' title='bbox 390 2223 416 2245; x_wconf 94' lang='lat' dir='ltr'><strong>et</strong></span> <span class='ocrx_word' id='word_1_621' title='bbox 428 2217 520 2245; x_wconf 87' lang='lat' dir='ltr'><strong>Gotthi</strong></span> <span class='ocrx_word' id='word_1_622' title='bbox 535 2223 650 2251; x_wconf 83' lang='lat' dir='ltr'><strong>quorum</strong></span> <span class='ocrx_word' id='word_1_623' title='bbox 665 2215 723 2250; x_wconf 89' lang='lat' dir='ltr'><strong>ipse</strong></span> <span class='ocrx_word' id='word_1_624' title='bbox 734 2215 857 2242; x_wconf 85' lang='lat' dir='ltr'><strong>meminit</strong></span> <span class='ocrx_word' id='word_1_625' title='bbox 871 2215 1001 2243; x_wconf 80' lang='lat' dir='ltr'><strong>canone5</strong></span> 
     </span>
    </p>
   </div>
   <div class='ocr_carea' id='block_1_93' title="bbox 211 2261 1001 2298">
    <p class='ocr_par' dir='ltr' id='par_1_93' title="bbox 211 2261 1001 2298">
     <span class='ocr_line' id='line_1_93' title="bbox 211 2261 1001 2298; baseline -0.01 -3"><span class='ocrx_word' id='word_1_626' title='bbox 211 2268 283 2295; x_wconf 79' lang='lat' dir='ltr'><strong>inter</strong></span> <span class='ocrx_word' id='word_1_627' title='bbox 297 2266 365 2293; x_wconf 89' lang='lat' dir='ltr'><strong>alias</strong></span> <span class='ocrx_word' id='word_1_628' title='bbox 381 2265 453 2292; x_wconf 68' lang='lat' dir='ltr'><strong>Asiae</strong></span> <span class='ocrx_word' id='word_1_629' title='bbox 466 2262 632 2298; x_wconf 82' lang='lat' dir='ltr'><strong>previncias,</strong></span> <span class='ocrx_word' id='word_1_630' title='bbox 653 2261 768 2289; x_wconf 89' lang='lat' dir='ltr'><strong>Pontum</strong></span> <span class='ocrx_word' id='word_1_631' title='bbox 787 2269 897 2296; x_wconf 90' lang='lat' dir='ltr'><strong>quoque</strong></span> <span class='ocrx_word' id='word_1_632' title='bbox 922 2261 1001 2288; x_wconf 74' lang='lat' dir='ltr'><strong>inva-</strong></span> 
     </span>
    </p>
   </div>
   <div class='ocr_carea' id='block_1_94' title="bbox 210 2307 999 2347">
    <p class='ocr_par' dir='ltr' id='par_1_94' title="bbox 210 2307 999 2347">
     <span class='ocr_line' id='line_1_94' title="bbox 210 2307 999 2347; baseline -0.009 -6"><span class='ocrx_word' id='word_1_633' title='bbox 210 2317 307 2342; x_wconf 82' lang='lat' dir='ltr'><strong>serant</strong></span> <span class='ocrx_word' id='word_1_634' title='bbox 319 2313 469 2347; x_wconf 86' lang='lat' dir='ltr'><strong>imperante</strong></span> <span class='ocrx_word' id='word_1_635' title='bbox 480 2308 636 2339; x_wconf 79' lang='lat' dir='ltr'><strong>Valeriano,</strong></span> <span class='ocrx_word' id='word_1_636' title='bbox 650 2313 681 2335; x_wconf 90' lang='lat' dir='ltr'><strong>ut</strong></span> <span class='ocrx_word' id='word_1_637' title='bbox 694 2308 775 2335; x_wconf 91' lang='lat' dir='ltr'><strong>tradit</strong></span> <span class='ocrx_word' id='word_1_638' title='bbox 784 2307 911 2335; x_wconf 87' lang='lat' dir='ltr'><strong>Zosimus</strong></span> <span class='ocrx_word' id='word_1_639' title='bbox 925 2307 999 2343; x_wconf 71' lang='lat'><strong>(5]);</strong></span> 
     </span>
    </p>
   </div>
   <div class='ocr_carea' id='block_1_95' title="bbox 210 2353 1001 2393">
    <p class='ocr_par' dir='ltr' id='par_1_95' title="bbox 210 2353 1001 2393">
     <span class='ocr_line' id='line_1_95' title="bbox 210 2353 1001 2393; baseline -0.01 -6"><span class='ocrx_word' id='word_1_640' title='bbox 210 2359 336 2393; x_wconf 87' lang='lat' dir='ltr'><strong>adeoque</strong></span> <span class='ocrx_word' id='word_1_641' title='bbox 349 2365 422 2384; x_wconf 89' lang='lat' dir='ltr'><strong>anno</strong></span> <span class='ocrx_word' id='word_1_642' title='bbox 439 2355 541 2383; x_wconf 85' lang='lat' dir='ltr'><strong>Christi</strong></span> <span class='ocrx_word' id='word_1_643' title='bbox 569 2355 621 2382; x_wconf 69' lang='grc'><strong>258</strong></span> <span class='ocrx_word' id='word_1_644' title='bbox 652 2353 753 2388; x_wconf 85' lang='lat' dir='ltr'><strong>scripta</strong></span> <span class='ocrx_word' id='word_1_645' title='bbox 783 2353 868 2381; x_wconf 83' lang='lat' dir='ltr'><strong>fuisse</strong></span> <span class='ocrx_word' id='word_1_646' title='bbox 893 2353 1001 2380; x_wconf 85' lang='lat' dir='ltr'><strong>videtur</strong></span> 
     </span>
    </p>
   </div>
   <div class='ocr_carea' id='block_1_96' title="bbox 209 2399 1001 2441">
    <p class='ocr_par' dir='ltr' id='par_1_96' title="bbox 209 2399 1001 2441">
     <span class='ocr_line' id='line_1_96' title="bbox 209 2399 1001 2441; baseline -0.009 -8"><span class='ocrx_word' id='word_1_647' title='bbox 209 2405 327 2441; x_wconf 81' lang='lat' dir='ltr'><strong>epistola</strong></span> <span class='ocrx_word' id='word_1_648' title='bbox 348 2404 415 2439; x_wconf 70' lang='lat'><strong>(5“2).</strong></span> <span class='ocrx_word' id='word_1_649' title='bbox 430 2402 498 2430; x_wconf 87' lang='lat' dir='ltr'><strong>Cum</strong></span> <span class='ocrx_word' id='word_1_650' title='bbox 513 2402 605 2437; x_wconf 87' lang='lat' dir='ltr'><strong>itaque</strong></span> <span class='ocrx_word' id='word_1_651' title='bbox 616 2401 834 2429; x_wconf 88' lang='lat' dir='ltr'><strong>Christianorum</strong></span> <span class='ocrx_word' id='word_1_652' title='bbox 846 2399 1001 2435; x_wconf 83' lang='lat' dir='ltr'><strong>complures</strong></span> 
     </span>
    </p>
   </div>
   <div class='ocr_carea' id='block_1_97' title="bbox 211 2447 1000 2487">
    <p class='ocr_par' dir='ltr' id='par_1_97' title="bbox 211 2447 1000 2487">
     <span class='ocr_line' id='line_1_97' title="bbox 211 2447 1000 2487; baseline -0.005 -9"><span class='ocrx_word' id='word_1_653' title='bbox 211 2452 259 2487; x_wconf 89' lang='lat' dir='ltr'><strong>qui</strong></span> <span class='ocrx_word' id='word_1_654' title='bbox 276 2459 309 2479; x_wconf 74' lang='lat' dir='ltr'><strong>ex</strong></span> <span class='ocrx_word' id='word_1_655' title='bbox 329 2451 381 2478; x_wconf 91' lang='lat' dir='ltr'><strong>hac</strong></span> <span class='ocrx_word' id='word_1_656' title='bbox 396 2450 575 2477; x_wconf 87' lang='lat' dir='ltr'><strong>barbarorum</strong></span> <span class='ocrx_word' id='word_1_657' title='bbox 599 2448 756 2476; x_wconf 89' lang='lat' dir='ltr'><strong>incursione</strong></span> <span class='ocrx_word' id='word_1_658' title='bbox 773 2448 800 2475; x_wconf 94' lang='lat' dir='ltr'><strong>in</strong></span> <span class='ocrx_word' id='word_1_659' title='bbox 815 2447 1000 2482; x_wconf 87' lang='lat' dir='ltr'><strong>captivitatem</strong></span> 
     </span>
    </p>
   </div>
   <div class='ocr_carea' id='block_1_98' title="bbox 165 2493 1000 2530">
    <p class='ocr_par' dir='ltr' id='par_1_98' title="bbox 165 2493 1000 2530">
     <span class='ocr_line' id='line_1_98' title="bbox 165 2493 1000 2530; baseline -0.007 -4"><span class='ocrx_word' id='word_1_660' title='bbox 165 2528 167 2530; x_wconf 58' lang='grc'><em>,</em></span> <span class='ocrx_word' id='word_1_661' title='bbox 211 2498 375 2530; x_wconf 86' lang='lat' dir='ltr'><strong>inciderant,</strong></span> <span class='ocrx_word' id='word_1_662' title='bbox 393 2497 478 2524; x_wconf 90' lang='lat' dir='ltr'><strong>multa</strong></span> <span class='ocrx_word' id='word_1_663' title='bbox 489 2499 516 2523; x_wconf 88' lang='lat' dir='ltr'><strong>et</strong></span> <span class='ocrx_word' id='word_1_664' title='bbox 531 2495 623 2530; x_wconf 78' lang='lat' dir='ltr'><strong>gravia</strong></span> <span class='ocrx_word' id='word_1_665' title='bbox 645 2498 820 2530; x_wconf 86' lang='lat' dir='ltr'><strong>peccassent;</strong></span> <span class='ocrx_word' id='word_1_666' title='bbox 841 2493 892 2521; x_wconf 86' lang='lat' dir='ltr'><strong>hos</strong></span> <span class='ocrx_word' id='word_1_667' title='bbox 914 2500 1000 2521; x_wconf 86' lang='lat' dir='ltr'><strong>cano-</strong></span> 
     </span>
    </p>
   </div>
   <div class='ocr_carea' id='block_1_99' title="bbox 213 2539 1000 2577">
    <p class='ocr_par' dir='ltr' id='par_1_99' title="bbox 213 2539 1000 2577">
     <span class='ocr_line' id='line_1_99' title="bbox 213 2539 1000 2577; baseline -0.006 -6"><span class='ocrx_word' id='word_1_668' title='bbox 213 2553 262 2572; x_wconf 91' lang='lat' dir='ltr'><strong>nes</strong></span> <span class='ocrx_word' id='word_1_669' title='bbox 278 2543 403 2571; x_wconf 81' lang='lat' dir='ltr'><strong>exaravit</strong></span> <span class='ocrx_word' id='word_1_670' title='bbox 430 2547 540 2570; x_wconf 86' lang='lat' dir='ltr'><strong>sanctus</strong></span> <span class='ocrx_word' id='word_1_671' title='bbox 562 2542 660 2577; x_wconf 64' lang='lat' dir='ltr'><strong>praesul</strong></span> <span class='ocrx_word' id='word_1_672' title='bbox 680 2539 918 2572; x_wconf 74' lang='lat' dir='ltr'><strong>Neocazsariensis,</strong></span> <span class='ocrx_word' id='word_1_673' title='bbox 944 2546 1000 2574; x_wconf 91' lang='lat' dir='ltr'><strong>quo</strong></span> 
     </span>
    </p>
   </div>
   <div class='ocr_carea' id='block_1_100' title="bbox 211 2585 999 2623">
    <p class='ocr_par' dir='ltr' id='par_1_100' title="bbox 211 2585 999 2623">
     <span class='ocr_line' id='line_1_100' title="bbox 211 2585 999 2623; baseline -0.006 -6"><span class='ocrx_word' id='word_1_674' title='bbox 211 2598 310 2618; x_wconf 87' lang='lat' dir='ltr'><strong>eorum</strong></span> <span class='ocrx_word' id='word_1_675' title='bbox 325 2589 405 2616; x_wconf 85' lang='lat' dir='ltr'><strong>saluti</strong></span> <span class='ocrx_word' id='word_1_676' title='bbox 419 2589 507 2616; x_wconf 87' lang='lat' dir='ltr'><strong>bonus</strong></span> <span class='ocrx_word' id='word_1_677' title='bbox 533 2592 626 2623; x_wconf 88' lang='lat' dir='ltr'><strong>pastor</strong></span> <span class='ocrx_word' id='word_1_678' title='bbox 636 2587 820 2622; x_wconf 85' lang='lat' dir='ltr'><strong>prospiceret:</strong></span> <span class='ocrx_word' id='word_1_679' title='bbox 835 2585 870 2613; x_wconf 88' lang='lat' dir='ltr'><strong>de</strong></span> <span class='ocrx_word' id='word_1_680' title='bbox 897 2585 999 2620; x_wconf 89' lang='lat' dir='ltr'><strong>quibus</strong></span> 
     </span>
    </p>
   </div>
   <div class='ocr_carea' id='block_1_101' title="bbox 243 2665 689 2705">
    <p class='ocr_par' dir='ltr' id='par_1_101' title="bbox 243 2665 689 2705">
     <span class='ocr_line' id='line_1_101' title="bbox 243 2665 689 2705; baseline -0.011 -8"><span class='ocrx_word' id='word_1_681' title='bbox 243 2669 305 2705; x_wconf 61' lang='grc'><strong>,(28)</strong></span> <span class='ocrx_word' id='word_1_682' title='bbox 325 2669 461 2705; x_wconf 52' lang='lat' dir='ltr'><strong>Palwogr,</strong></span> <span class='ocrx_word' id='word_1_683' title='bbox 473 2668 532 2705; x_wconf 64' lang='lat' dir='ltr'><strong>Gn,</strong></span> <span class='ocrx_word' id='word_1_684' title='bbox 551 2675 612 2705; x_wconf 84' lang='lat' dir='ltr'><strong>pa_g_.</strong></span> <span class='ocrx_word' id='word_1_685' title='bbox 625 2665 689 2693; x_wconf 73' lang='lat'><strong>250.</strong></span> 
     </span>
    </p>
   </div>
   <div class='ocr_carea' id='block_1_102' title="bbox 245 2698 998 2740">
    <p class='ocr_par' dir='ltr' id='par_1_102' title="bbox 245 2698 998 2740">
     <span class='ocr_line' id='line_1_102' title="bbox 245 2698 998 2740; baseline -0.008 -8"><span class='ocrx_word' id='word_1_686' title='bbox 245 2698 303 2740; x_wconf 47' lang='lat'><strong>(‘29),</strong></span> <span class='ocrx_word' id='word_1_687' title='bbox 317 2705 346 2731; x_wconf 87' lang='lat' dir='ltr'><strong>In</strong></span> <span class='ocrx_word' id='word_1_688' title='bbox 359 2698 464 2740; x_wconf 55' lang='lat' dir='ltr'><strong>not.&#39;ad</strong></span> <span class='ocrx_word' id='word_1_689' title='bbox 480 2698 560 2737; x_wconf 55' lang='lat' dir='ltr'><strong>Greg&#39;.</strong></span> <span class='ocrx_word' id='word_1_690' title='bbox 573 2698 691 2740; x_wconf 47' lang='lat' dir='ltr'><strong>T&#39;hanm.</strong></span> <span class='ocrx_word' id='word_1_691' title='bbox 703 2700 845 2736; x_wconf 80' lang='lat' dir='ltr'><strong>Panegyr.,</strong></span> <span class='ocrx_word' id='word_1_692' title='bbox 859 2707 921 2735; x_wconf 76' lang='lat' dir='ltr'><strong>pag.</strong></span> <span class='ocrx_word' id='word_1_693' title='bbox 934 2698 998 2726; x_wconf 74' lang='lat'><strong>9.38.</strong></span> 
     </span>
    </p>
   </div>
   <div class='ocr_carea' id='block_1_103' title="bbox 248 2737 664 2775">
    <p class='ocr_par' dir='ltr' id='par_1_103' title="bbox 248 2737 664 2775">
     <span class='ocr_line' id='line_1_103' title="bbox 248 2737 664 2775; baseline -0.012 -7"><span class='ocrx_word' id='word_1_694' title='bbox 248 2737 302 2775; x_wconf 70' lang='lat'><strong>{30)</strong></span> <span class='ocrx_word' id='word_1_695' title='bbox 316 2740 354 2766; x_wconf 85' lang='lat' dir='ltr'><strong>De</strong></span> <span class='ocrx_word' id='word_1_696' title='bbox 365 2741 413 2766; x_wconf 83' lang='lat' dir='ltr'><strong>vir.</strong></span> <span class='ocrx_word' id='word_1_697' title='bbox 426 2739 536 2770; x_wconf 77' lang='lat' dir='ltr'><strong>illustr.,</strong></span> <span class='ocrx_word' id='word_1_698' title='bbox 549 2745 609 2775; x_wconf 53' lang='lat' dir='ltr'><strong>cap:</strong></span> <span class='ocrx_word' id='word_1_699' title='bbox 619 2737 664 2775; x_wconf 63' lang='lat'><strong>65.</strong></span> 
     </span>
    </p>
   </div>
   <div class='ocr_carea' id='block_1_104' title="bbox 250 2769 997 2810">
    <p class='ocr_par' dir='ltr' id='par_1_104' title="bbox 250 2769 997 2810">
     <span class='ocr_line' id='line_1_104' title="bbox 250 2769 997 2810; baseline -0.008 -8"><span class='ocrx_word' id='word_1_700' title='bbox 250 2769 304 2810; x_wconf 73' lang='grc' dir='ltr'>(δι)</span> <span class='ocrx_word' id='word_1_701' title='bbox 321 2775 393 2802; x_wconf 74' lang='lat' dir='ltr'><strong>Hm.</strong></span> <span class='ocrx_word' id='word_1_702' title='bbox 408 2775 456 2802; x_wconf 90' lang='lat' dir='ltr'><strong>lib.</strong></span> <span class='ocrx_word' id='word_1_703' title='bbox 472 2783 490 2810; x_wconf 49' lang='grc' dir='ltr'>ιι</span> <span class='ocrx_word' id='word_1_704' title='bbox 506 2769 566 2809; x_wconf 77' lang='lat' dir='ltr'><strong>pag.</strong></span> <span class='ocrx_word' id='word_1_705' title='bbox 582 2769 631 2800; x_wconf 72' lang='lat'><strong>&#39;23</strong></span> <span class='ocrx_word' id='word_1_706' title='bbox 645 2780 702 2810; x_wconf 65' lang='lat' dir='ltr'><strong>seq.</strong></span> <span class='ocrx_word' id='word_1_707' title='bbox 726 2770 901 2810; x_wconf 55' lang='lat' dir='ltr'><strong>edit;_9xon.</strong></span> <span class='ocrx_word' id='word_1_708' title='bbox 917 2769 997 2797; x_wconf 77' lang='grc'><strong>1679.</strong></span> 
     </span>
    </p>
   </div>
   <div class='ocr_carea' id='block_1_105' title="bbox 249 2806 844 2847">
    <p class='ocr_par' dir='ltr' id='par_1_105' title="bbox 249 2806 844 2847">
     <span class='ocr_line' id='line_1_105' title="bbox 249 2806 844 2847; baseline -0.007 -9"><span class='ocrx_word' id='word_1_709' title='bbox 249 2806 305 2847; x_wconf 69' lang='grc'>(52)</span> <span class='ocrx_word' id='word_1_710' title='bbox 318 2810 436 2843; x_wconf 87' lang='lat' dir='ltr'><strong>Tillem.,</strong></span> <span class='ocrx_word' id='word_1_711' title='bbox 465 2806 554 2836; x_wconf 56' lang='lat' dir='ltr'><strong>Mé&#39;m.‘</strong></span> <span class='ocrx_word' id='word_1_712' title='bbox 565 2814 631 2836; x_wconf 86' lang='lat' dir='ltr'><strong>tom.</strong></span> <span class='ocrx_word' id='word_1_713' title='bbox 645 2806 692 2841; x_wconf 68' lang='lat' dir='ltr'><strong>IV,</strong></span> <span class='ocrx_word' id='word_1_714' title='bbox 705 2814 767 2843; x_wconf 87' lang='lat' dir='ltr'><strong>pag.</strong></span> <span class='ocrx_word' id='word_1_715' title='bbox 781 2806 844 2834; x_wconf 81' lang='grc'>559.</span> 
     </span>
    </p>
   </div>
   <div class='ocr_carea' id='block_1_106' title="bbox 1052 2219 1799 2256">
    <p class='ocr_par' dir='ltr' id='par_1_106' title="bbox 1052 2219 1799 2256">
     <span class='ocr_line' id='line_1_106' title="bbox 1052 2219 1799 2256; baseline -0.001 -9"><span class='ocrx_word' id='word_1_716' title='bbox 1052 2220 1166 2249; x_wconf 70' lang='lat' dir='ltr'><strong>Zonaras</strong></span> <span class='ocrx_word' id='word_1_717' title='bbox 1179 2221 1259 2252; x_wconf 74' lang='grc'>1621,</span> <span class='ocrx_word' id='word_1_718' title='bbox 1277 2221 1310 2248; x_wconf 89' lang='lat' dir='ltr'><strong>ad</strong></span> <span class='ocrx_word' id='word_1_719' title='bbox 1327 2221 1428 2248; x_wconf 84' lang='lat' dir='ltr'><strong>calcem</strong></span> <span class='ocrx_word' id='word_1_720' title='bbox 1443 2219 1562 2255; x_wconf 90' lang='lat' dir='ltr'><strong>Operum</strong></span> <span class='ocrx_word' id='word_1_721' title='bbox 1576 2219 1799 2256; x_wconf 75' lang='lat' dir='ltr'><strong>Thaumaturgi.</strong></span> 
     </span>
    </p>
   </div>
   <div class='ocr_carea' id='block_1_107' title="bbox 1054 2291 1843 2328">
    <p class='ocr_par' dir='ltr' id='par_1_107' title="bbox 1054 2291 1843 2328">
     <span class='ocr_line' id='line_1_107' title="bbox 1054 2291 1843 2328; baseline -0.005 -7"><span class='ocrx_word' id='word_1_722' title='bbox 1054 2293 1084 2321; x_wconf 83' lang='lat' dir='ltr'><strong>V.</strong></span> <span class='ocrx_word' id='word_1_723' title='bbox 1105 2293 1144 2321; x_wconf 89' lang='lat' dir='ltr'><strong>De</strong></span> <span class='ocrx_word' id='word_1_724' title='bbox 1166 2293 1194 2321; x_wconf 73' lang='grc' dir='ltr'>δ.</span> <span class='ocrx_word' id='word_1_725' title='bbox 1209 2292 1329 2328; x_wconf 79' lang='lat' dir='ltr'><strong>Gregorii</strong></span> <span class='ocrx_word' id='word_1_726' title='bbox 1351 2292 1481 2319; x_wconf 86' lang='lat' dir='ltr'><strong>Oratione</strong></span> <span class='ocrx_word' id='word_1_727' title='bbox 1504 2292 1531 2318; x_wconf 94' lang='lat' dir='ltr'><strong>in</strong></span> <span class='ocrx_word' id='word_1_728' title='bbox 1544 2291 1695 2328; x_wconf 78' lang='lat' dir='ltr'><strong>Origenem</strong></span> <span class='ocrx_word' id='word_1_729' title='bbox 1736 2297 1843 2327; x_wconf 62' lang='lat' dir='ltr'><strong>panegy-</strong></span> 
     </span>
    </p>
   </div>
   <div class='ocr_carea' id='block_1_108' title="bbox 1210 2327 1666 2362">
    <p class='ocr_par' dir='ltr' id='par_1_108' title="bbox 1210 2327 1666 2362">
     <span class='ocr_line' id='line_1_108' title="bbox 1210 2327 1666 2362; baseline -0.007 -6"><span class='ocrx_word' id='word_1_730' title='bbox 1210 2327 1279 2356; x_wconf 71' lang='lat' dir='ltr'><strong>rica.</strong></span> <span class='ocrx_word' id='word_1_731' title='bbox 1301 2328 1406 2361; x_wconf 84' lang='lat' dir='ltr'><strong>Quanto</strong></span> <span class='ocrx_word' id='word_1_732' title='bbox 1422 2328 1450 2354; x_wconf 84' lang='lat' dir='ltr'><strong>in</strong></span> <span class='ocrx_word' id='word_1_733' title='bbox 1462 2327 1545 2362; x_wconf 81' lang='lat' dir='ltr'><strong>pretio</strong></span> <span class='ocrx_word' id='word_1_734' title='bbox 1561 2327 1666 2354; x_wconf 84' lang='lat' dir='ltr'><strong>habita.</strong></span> 
     </span>
    </p>
   </div>
   <div class='ocr_carea' id='block_1_109' title="bbox 1086 2394 1842 2429">
    <p class='ocr_par' dir='ltr' id='par_1_109' title="bbox 1086 2394 1842 2429">
     <span class='ocr_line' id='line_1_109' title="bbox 1086 2394 1842 2429; baseline -0.008 -4"><span class='ocrx_word' id='word_1_735' title='bbox 1086 2397 1189 2425; x_wconf 89' lang='lat' dir='ltr'><strong>Ultimo</strong></span> <span class='ocrx_word' id='word_1_736' title='bbox 1203 2397 1264 2425; x_wconf 87' lang='lat' dir='ltr'><strong>loco</strong></span> <span class='ocrx_word' id='word_1_737' title='bbox 1277 2396 1397 2424; x_wconf 90' lang='lat' dir='ltr'><strong>stitimus</strong></span> <span class='ocrx_word' id='word_1_738' title='bbox 1412 2394 1567 2423; x_wconf 81' lang='lat' dir='ltr'><strong>Orationem</strong></span> <span class='ocrx_word' id='word_1_739' title='bbox 1586 2395 1615 2421; x_wconf 78' lang='lat' dir='ltr'><strong>in</strong></span> <span class='ocrx_word' id='word_1_740' title='bbox 1640 2394 1791 2429; x_wconf 74' lang='lat' dir='ltr'><strong>Origenem</strong></span> <span class='ocrx_word' id='word_1_741' title='bbox 1802 2400 1842 2427; x_wconf 76' lang='lat' dir='ltr'><strong>pa-</strong></span> 
     </span>
    </p>
   </div>
   <div class='ocr_carea' id='block_1_110' title="bbox 1051 2438 1842 2479">
    <p class='ocr_par' dir='ltr' id='par_1_110' title="bbox 1051 2438 1842 2479">
     <span class='ocr_line' id='line_1_110' title="bbox 1051 2438 1842 2479; baseline -0.009 -8"><span class='ocrx_word' id='word_1_742' title='bbox 1051 2444 1213 2478; x_wconf 72' lang='lat' dir='ltr'><strong>negyn‘eam,</strong></span> <span class='ocrx_word' id='word_1_743' title='bbox 1230 2451 1312 2479; x_wconf 90' lang='lat' dir='ltr'><strong>quam</strong></span> <span class='ocrx_word' id='word_1_744' title='bbox 1329 2443 1460 2470; x_wconf 69' lang='lat' dir='ltr'><strong>Caesarem</strong></span> <span class='ocrx_word' id='word_1_745' title='bbox 1473 2441 1627 2469; x_wconf 60' lang='lat' dir='ltr'><strong>Palaestina:</strong></span> <span class='ocrx_word' id='word_1_746' title='bbox 1638 2441 1717 2468; x_wconf 82' lang='lat' dir='ltr'><strong>circa</strong></span> <span class='ocrx_word' id='word_1_747' title='bbox 1747 2438 1842 2467; x_wconf 55' lang='lat' dir='ltr'><strong>Christi</strong></span> 
     </span>
    </p>
   </div>
   <div class='ocr_carea' id='block_1_111' title="bbox 1051 2487 1841 2523">
    <p class='ocr_par' dir='ltr' id='par_1_111' title="bbox 1051 2487 1841 2523">
     <span class='ocr_line' id='line_1_111' title="bbox 1051 2487 1841 2523; baseline -0.01 -7"><span class='ocrx_word' id='word_1_748' title='bbox 1051 2497 1153 2516; x_wconf 90' lang='lat' dir='ltr'><strong>annum</strong></span> <span class='ocrx_word' id='word_1_749' title='bbox 1179 2489 1233 2517; x_wconf 75' lang='grc'><strong>259</strong></span> <span class='ocrx_word' id='word_1_750' title='bbox 1252 2489 1353 2517; x_wconf 64' lang='lat' dir='ltr'><strong>scholae</strong></span> <span class='ocrx_word' id='word_1_751' title='bbox 1368 2487 1538 2523; x_wconf 64' lang='lat' dir='ltr'><strong>Origenianm</strong></span> <span class='ocrx_word' id='word_1_752' title='bbox 1564 2487 1774 2518; x_wconf 83' lang='lat' dir='ltr'><strong>valedicturus,</strong></span> <span class='ocrx_word' id='word_1_753' title='bbox 1798 2489 1841 2510; x_wconf 69' lang='lat' dir='ltr'><strong>«et</strong></span> 
     </span>
    </p>
   </div>
   <div class='ocr_carea' id='block_1_112' title="bbox 1050 2528 1841 2569">
    <p class='ocr_par' dir='ltr' id='par_1_112' title="bbox 1050 2528 1841 2569">
     <span class='ocr_line' id='line_1_112' title="bbox 1050 2528 1841 2569; baseline -0.008 -8"><span class='ocrx_word' id='word_1_754' title='bbox 1050 2539 1201 2562; x_wconf 86' lang='lat' dir='ltr'><strong>convocata</strong></span> <span class='ocrx_word' id='word_1_755' title='bbox 1209 2533 1304 2569; x_wconf 79' lang='lat' dir='ltr'><strong>grandi</strong></span> <span class='ocrx_word' id='word_1_756' title='bbox 1313 2533 1474 2568; x_wconf 85' lang='lat' dir='ltr'><strong>frequentia,</strong></span> <span class='ocrx_word' id='word_1_757' title='bbox 1482 2531 1572 2567; x_wconf 88' lang='lat' dir='ltr'><strong>inquit</strong></span> <span class='ocrx_word' id='word_1_758' title='bbox 1579 2530 1775 2566; x_wconf 78' lang='lat' dir='ltr'><strong>Hieronymus</strong></span> <span class='ocrx_word' id='word_1_759' title='bbox 1785 2528 1841 2562; x_wconf 61' lang='lat'><strong>67!.</strong></span> 
     </span>
    </p>
   </div>
   <div class='ocr_carea' id='block_1_113' title="bbox 1050 2577 1841 2616">
    <p class='ocr_par' dir='ltr' id='par_1_113' title="bbox 1050 2577 1841 2616">
     <span class='ocr_line' id='line_1_113' title="bbox 1050 2577 1841 2616; baseline -0.005 -10"><span class='ocrx_word' id='word_1_760' title='bbox 1050 2579 1111 2615; x_wconf 88' lang='lat' dir='ltr'><strong>ipso</strong></span> <span class='ocrx_word' id='word_1_761' title='bbox 1128 2587 1238 2616; x_wconf 90' lang='lat' dir='ltr'><strong>quoque</strong></span> <span class='ocrx_word' id='word_1_762' title='bbox 1264 2579 1381 2615; x_wconf 81' lang='lat' dir='ltr'><strong>Origene</strong></span> <span class='ocrx_word' id='word_1_763' title='bbox 1410 2582 1555 2614; x_wconf 64' lang='lat' dir='ltr'><strong>praesente,</strong></span> <span class='ocrx_word' id='word_1_764' title='bbox 1580 2577 1712 2605; x_wconf 82' lang='lat' dir='ltr'><strong>recitavit</strong></span> <span class='ocrx_word' id='word_1_765' title='bbox 1730 2586 1742 2603; x_wconf 70' lang='grc' dir='ltr'><strong><em>ι</em></strong></span> <span class='ocrx_word' id='word_1_766' title='bbox 1759 2579 1841 2603; x_wconf 71' lang='lat' dir='ltr'><strong>nosw</strong></span> 
     </span>
    </p>
   </div>
   <div class='ocr_carea' id='block_1_114' title="bbox 1097 2659 1236 2695">
    <p class='ocr_par' dir='ltr' id='par_1_114' title="bbox 1097 2659 1236 2695">
     <span class='ocr_line' id='line_1_114' title="bbox 1097 2659 1236 2695; baseline -0.014 -7"><span class='ocrx_word' id='word_1_767' title='bbox 1097 2659 1142 2695; x_wconf 88' lang='grc'><strong>55)</strong></span> <span class='ocrx_word' id='word_1_768' title='bbox 1152 2659 1236 2695; x_wconf 45' lang='lat' dir='ltr'><strong>Cone:</strong></span> 
     </span>
    </p>
   </div>
   <div class='ocr_carea' id='block_1_115' title="bbox 1097 2689 1620 2727">
    <p class='ocr_par' dir='ltr' id='par_1_115' title="bbox 1097 2689 1620 2727">
     <span class='ocr_line' id='line_1_115' title="bbox 1097 2689 1620 2727; baseline -0.011 -4"><span class='ocrx_word' id='word_1_769' title='bbox 1097 2689 1143 2726; x_wconf 70' lang='lat'><strong>54&#39;)</strong></span> <span class='ocrx_word' id='word_1_770' title='bbox 1158 2695 1197 2722; x_wconf 85' lang='lat' dir='ltr'><strong>De</strong></span> <span class='ocrx_word' id='word_1_771' title='bbox 1219 2689 1315 2722; x_wconf 59' lang='lat' dir='ltr'><strong>Peius.</strong></span> <span class='ocrx_word' id='word_1_772' title='bbox 1332 2693 1379 2720; x_wconf 91' lang='lat' dir='ltr'><strong>lib.</strong></span> <span class='ocrx_word' id='word_1_773' title='bbox 1391 2699 1428 2725; x_wconf 81' lang='lat' dir='ltr'><strong>Vl,</strong></span> <span class='ocrx_word' id='word_1_774' title='bbox 1441 2699 1501 2727; x_wconf 86' lang='lat' dir='ltr'><strong>cap.</strong></span> <span class='ocrx_word' id='word_1_775' title='bbox 1517 2689 1571 2726; x_wconf 71' lang='lat'><strong>1.5</strong></span> <span class='ocrx_word' id='word_1_776' title='bbox 1591 2691 1620 2719; x_wconf 89' lang='lat'><strong>9.</strong></span> 
     </span>
    </p>
   </div>
   <div class='ocr_carea' id='block_1_116' title="bbox 1087 2729 1451 2767">
    <p class='ocr_par' dir='ltr' id='par_1_116' title="bbox 1087 2729 1451 2767">
     <span class='ocr_line' id='line_1_116' title="bbox 1087 2729 1451 2767; baseline -0.014 -8"><span class='ocrx_word' id='word_1_777' title='bbox 1087 2729 1143 2767; x_wconf 81' lang='grc'>(55)</span> <span class='ocrx_word' id='word_1_778' title='bbox 1157 2730 1269 2767; x_wconf 72' lang='lat' dir='ltr'><strong>Dissert.</strong></span> <span class='ocrx_word' id='word_1_779' title='bbox 1283 2729 1317 2756; x_wconf 76' lang='grc'><strong>18</strong></span> <span class='ocrx_word' id='word_1_780' title='bbox 1330 2735 1393 2755; x_wconf 63' lang='lat' dir='ltr'><strong>sane.</strong></span> <span class='ocrx_word' id='word_1_781' title='bbox 1410 2735 1451 2754; x_wconf 85' lang='lat' dir='ltr'><strong>nl.</strong></span> 
     </span>
    </p>
   </div>
   <div class='ocr_carea' id='block_1_117' title="bbox 1087 2761 1694 2800">
    <p class='ocr_par' dir='ltr' id='par_1_117' title="bbox 1087 2761 1694 2800">
     <span class='ocr_line' id='line_1_117' title="bbox 1087 2761 1694 2800; baseline -0.012 -5"><span class='ocrx_word' id='word_1_782' title='bbox 1087 2761 1142 2799; x_wconf 65' lang='grc'>(56)</span> <span class='ocrx_word' id='word_1_783' title='bbox 1155 2766 1283 2793; x_wconf 85' lang='lat' dir='ltr'><strong>Pandect.</strong></span> <span class='ocrx_word' id='word_1_784' title='bbox 1301 2773 1375 2795; x_wconf 73' lang='lat' dir='ltr'><strong>eam,</strong></span> <span class='ocrx_word' id='word_1_785' title='bbox 1394 2768 1461 2790; x_wconf 91' lang='lat' dir='ltr'><strong>tom.</strong></span> <span class='ocrx_word' id='word_1_786' title='bbox 1476 2761 1511 2800; x_wconf 58' lang='lat' dir='ltr'><strong>ll,</strong></span> <span class='ocrx_word' id='word_1_787' title='bbox 1524 2769 1586 2800; x_wconf 81' lang='lat' dir='ltr'><strong>pag.</strong></span> <span class='ocrx_word' id='word_1_788' title='bbox 1598 2761 1694 2789; x_wconf 60' lang='lat'><strong>24-55.</strong></span> 
     </span>
    </p>
   </div>
   <div class='ocr_carea' id='block_1_118' title="bbox 1089 2797 1522 2840">
    <p class='ocr_par' dir='ltr' id='par_1_118' title="bbox 1089 2797 1522 2840">
     <span class='ocr_line' id='line_1_118' title="bbox 1089 2797 1522 2840; baseline -0.012 -10"><span class='ocrx_word' id='word_1_789' title='bbox 1089 2797 1144 2840; x_wconf 71' lang='lat'><strong>(57}</strong></span> <span class='ocrx_word' id='word_1_790' title='bbox 1157 2802 1195 2828; x_wconf 83' lang='lat' dir='ltr'><strong>De</strong></span> <span class='ocrx_word' id='word_1_791' title='bbox 1210 2802 1258 2829; x_wconf 75' lang='lat' dir='ltr'><strong>vir.</strong></span> <span class='ocrx_word' id='word_1_792' title='bbox 1275 2800 1387 2832; x_wconf 65' lang='lat' dir='ltr'><strong>illum,</strong></span> <span class='ocrx_word' id='word_1_793' title='bbox 1401 2806 1471 2837; x_wconf 42' lang='lat' dir='ltr'><strong>gap,</strong></span> <span class='ocrx_word' id='word_1_794' title='bbox 1478 2797 1522 2826; x_wconf 84' lang='lat'><strong>65.</strong></span> 
     </span>
    </p>
   </div>
   <div class='ocr_carea' id='block_1_119' title="bbox 1253 2656 1474 2692">
    <p class='ocr_par' dir='ltr' id='par_1_119' title="bbox 1253 2656 1474 2692">
     <span class='ocr_line' id='line_1_119' title="bbox 1253 2656 1474 2692; baseline -0.009 -6"><span class='ocrx_word' id='word_1_795' title='bbox 1253 2658 1360 2692; x_wconf 87' lang='lat' dir='ltr'><strong>Quinis.</strong></span> <span class='ocrx_word' id='word_1_796' title='bbox 1374 2664 1435 2685; x_wconf 85' lang='lat' dir='ltr'><strong>can.</strong></span> <span class='ocrx_word' id='word_1_797' title='bbox 1446 2656 1474 2684; x_wconf 74' lang='lat'><strong>2.</strong></span> 
     </span>
    </p>
   </div>
  </div>
