1857 3047
56 113 99 140 969

757 107 905 135 NOTlTIA.

1585 109 1636 136 970

55 170 181 205 Gregorius
196 176 203 195 τ
219 175 341 202 eamque,
371 172 439 195 teste
463 167 574 195 Socrate
600 168 654 203 (58)
666 187 674 199 ,
700 171 810 195 sanctus
825 170 846 198 Α
862 167 948 194 danda
966 167 1100 194 videmur.
1111 167 1226 203 Jamque
1241 169 1276 196 ab
1289 169 1402 204 Evagrio
1415 168 1575 198 scholastico
1591 170 1638 197 ad-

55 215 193 250 Pampbilus
206 217 304 248 martyr
333 213 367 240 iis
393 213 470 241 libris
491 214 659 248 adjunxcrat.
675 221 744 248 quos
756 220 805 247 pro

54 262 162 298 Origenis
182 259 334 287 defensione
347 260 511 294 perscripsit.
531 260 577 287 Est
592 267 656 287 vero
669 260 726 287 haec
744 266 807 286 ora—

55 302 135 340 tio,itt
152 307 212 334 viris
232 307 318 333 doctis
335 307 520 338 observatum,
545 307 643 334 eximia
670 306 748 341 plane
775 314 808 334 ac

55 354 201 389 perelegans,
213 351 283 378 omni
307 351 480 378 scientiarum
505 358 602 386 genere
625 351 694 378 satis
720 351 806 378 abun-

53 399 110 425 dans
121 402 194 431 atque
207 396 272 423 inter
283 399 404 423 veterum
422 403 502 430 opera
514 396 673 431 eloquentize
696 396 806 423 absolu~

54 444 142 471 tissima
152 443 208 477 jure
233 441 445 469 annumeranda.
462 442 496 468 At
520 442 552 468 de
568 441 641 469 illius
668 442 808 475 praesentia

55 491 84 517 el.
113 488 224 523 Bengelii
261 487 394 522 judicium
422 495 476 522 prae
503 487 608 515 caeteris
623 488 710 522 placet
732 487 806 523 (59):

57 535 138 562 «Cant
151 535 280 566 homines,
298 533 396 568 inquit,
412 534 556 568 eretcroqui
573 534 743 566 excellentes,
763 534 808 569 qui

52 590 123 609 unum
140 581 278 616 aliquando
293 581 412 607 libellum
431 580 548 607 naturali
563 579 701 610 refertum.
717 580 809 608 divino

53 635 152 654 vacuum
166 628 228 659 sale,
251 630 388 660 tantopere
402 626 577 658 admirentur.
594 630 624 653 ut
643 625 734 653 multis
757 625 809 652 Pa-

53 678 112 700 trum
126 673 301 700 voluminibus
322 677 496 708 anteponant.
512 672 568 700 llae
584 673 685 700 trutina
711 674 733 699 si
746 680 810 707 aga-

53 718 168 751 mus,uni
195 718 313 746 vicissim
341 719 475 753 periocha:
497 717 619 750 Patrum,
641 718 721 745 etiam
748 725 809 745 cum

52 764 113 790 aliud
127 768 212 798 agant,
229 771 299 798 szepe
321 764 382 799 plus
398 764 558 796 tribuamus,
585 771 665 798 quam
695 763 810 798 ingenti-

53 810 95 836 bus
106 810 222 844 quamvis
240 809 379 836 subtilium
404 809 574 844 ingeniorum
596 809 732 843 operibus.
755 808 810 836 Hoc

855 220 997 240 monemur
1007 213 1075 247 (42),
1083 213 1183 241 multos
1193 215 1356 249 Apollinaris
1364 215 1446 243 libros
1455 216 1604 243 Athanasio
1612 221 1639 243 ct

856 257 979 293 Gregorio
1009 258 1204 294 Thaumaturgo
1227 265 1254 287 et
1278 259 1350 287 Julio
1367 260 1552 295 (Acephalos)
1568 261 1638 289 falso

856 303 1032 338 ascripsisse:
1049 304 1164 336 Πολλοὺς
1180 304 1417 341 δὲἈπολλιναρίου
1432 305 1536 340 λόγους,
1562 307 1640 334 Ἀθα-

857 348 950 383 νασίῳ,
968 349 1016 376 καὶ
1030 349 1172 385 Γρηγορίῳ
1185 350 1222 385 τῷ
1235 350 1437 386 Θαυματουργῷ
1450 352 1496 378 καὶ
1527 352 1638 387 Ἰουλίῳ,

857 393 901 420 διὰ,
913 394 967 420 τῶν
986 395 1142 430 ἐπιγραφῶν
1158 396 1355 422 ἀνατεθείκασι.
1373 396 1460 431 Atque
1483 397 1639 431 hujusmodi

857 443 900 465 est
913 439 939 465 in
951 439 1046 474 primis
1070 439 1207 474 Expositio
1219 441 1285 475 [idei
1299 441 1439 475 prolixior,
1458 443 1587 477 inscripta
1606 443 1641 470 ἸΙ

858 485 933 512 κατὰ
943 485 1034 519 μέρος
1046 486 1156 519 πίστις,
1173 487 1225 514 hoc
1248 491 1299 518 est,
1314 486 1394 514 Fides
1406 489 1585 522 particulatim
1599 489 1642 516 di-

859 536 952 566 gesla.‘
977 532 1038 559 ideo
1066 533 1106 560 sic
1131 533 1212 567 dicta,
1238 538 1267 560 ut
1291 533 1483 568 interpretatur
1504 534 1639 562 Gerardus

860 577 973 605 Vossius
986 578 1053 613 (45),
1069 579 1111 605 vel
1125 579 1199 614 quod
1215 587 1246 606 ex
1261 583 1336 614 parte
1352 587 1412 614 qua:
1422 585 1485 607 sunt
1500 581 1572 614 ﬁdei,
1586 586 1641 608 tra—

859 624 905 650 dat
918 628 998 658 atque
1010 629 1140 658 exponat;
1165 625 1207 651 vel
1234 625 1305 660 quod
1321 633 1365 659 per
1379 631 1464 659 partes
1481 626 1506 653 in
1527 634 1557 654 ea
1575 627 1641 654 ﬁdes
1674 622 1677 626 ’

859 669 1016 703 explicetur.
1031 668 1105 696 Hanc
1117 674 1206 697 autem
1222 669 1418 703 Expositione»:
1433 672 1580 706 genuinum
1594 681 1641 707 pa—

862 719 964 742 rentem
991 723 1140 750 agnoscere
1168 716 1376 751 Apollinarium,
1403 718 1490 752 palam
1515 726 1642 753 compro-

861 761 961 788 barunt
973 762 1024 789 sub
1040 761 1129 789 Leone
1151 761 1162 787 l
1177 762 1340 796 imperatore
1362 762 1499 790 Palrestini
1515 765 1640 792 monachi

862 811 888 834 et
905 807 950 834 alii
978 807 1206 834 Chalcedonensis
1229 807 1338 835 concilii
1358 813 1583 843 propugnatores,
1598 810 1641 837 in-

53 840 183 882 certc'loco
199 854 344 889 Gregorius
359 840 492 889 exquisite
516 840 713 888 complectitur,
730 853 810 888 quid-
826 840 847 868 Β
862 853 920 886 quit
932 853 967 880 ei.
985 853 1148 888 Lequienius
1164 853 1230 888 (44),
1260 840 1366 888 prolato
1379 840 1507 882 nilnil-um
1529 840 1641 889 operurr.

51 902 106 936 quid
120 902 150 928 de
159 902 301 928 virtutibus
318 905 343 928 et
356 901 427 928 vitiis
452 900 504 928 dici
523 904 620 935 potest.
643 909 652 924 ι
675 899 810 931 Quantum

52 953 121 980 porro
132 946 212 980 prosit
233 950 361 981 praeterea
390 945 448 972 lucc
471 945 528 980 ipsa
552 945 643 972 oratio
658 945 691 972 ad
705 951 811 972 summa

54 993 105 1019 lidei
119 993 200 1026 capita
213 992 409 1024 confirmanda,
428 991 521 1018 Bullus
542 991 659 1026 primum
676 989 741 1025 (40),
766 990 811 1017 de-

52 1038 105 1065 inde
115 1038 235 1064 Maranus
249 1038 304 1072 (Μ)
318 1037 437 1064 lucenter
449 1037 676 1064 demonstrarunt.

80 1084 115 1110 Ad
128 1084 204 1119 hujus
222 1088 312 1111 autem
326 1082 456 1110 orationis
472 1077 604 1110 editiones
620 1081 690 1116 quod
704 1081 810 1112 attinet,

53 1133 189 1155 contextum
216 1128 360 1159 Graecum,
392 1126 481 1154 addita
509 1126 728 1160 interpretatione
755 1124 812 1151 Sir-

53 1173 141 1203 mondi,
164 1173 268 1208 primus
297 1171 430 1206 evulgavit
454 1171 590 1198 Gerardus
605 1169 717 1197 Vossius
738 1169 812 1196 Tun—

53 1219 143 1253 grensis
172 1222 343 1253 praeposrtus,
371 1216 516 1252 Moguntia:
537 1224 608 1243 anno
630 1215 708 1249 10M,
731 1221 812 1250 atque

52 1263 119 1290 istam
140 1263 283 1291 editionem
299 1263 431 1298 expressit
460 1261 618 1290 Parisiensis
642 1269 705 1288 ann.
733 1261 811 1288 l62l.

52 1308 138 1336 Verum
153 1310 220 1337 hanc
247 1310 332 1337 altera
358 1313 541 1344 praecesserat,
557 1316 616 1343 quae
631 1307 720 1335 studio
733 1307 813 1334 Dari-

52 1356 88 1382 dis
103 1355 243 1383 licesehelii
273 1364 333 1383 cum
365 1356 488 1383 versione
517 1353 687 1381 Rhodomani
715 1353 813 1388 prodiit

53 1402 165 1436 Augusta:
180 1401 381 1429 Vindelicorum
398 1408 469 1428 anno
491 1400 570 1432 1605,
587 1398 709 1434 Origenis
723 1404 814 1425 contra

51 1449 142 1476 Celsum
154 1450 228 1477 libris
242 1450 397 1484 subjuncta,
411 1456 472 1475 cum
484 1448 623 1475 nonnullis
635 1447 756 1478 editoris,
772 1446 814 1473 in-

52 1496 160 1529 terpretis
184 1501 266 1531 atque
287 1494 369 1523 lsaaei
399 1494 552 1522 Casauboni
579 1493 659 1520 notis.
696 1492 814 1527 llujusce

51 1546 127 1568 autem
143 1543 231 1570 saeculi
257 1550 328 1569 anno
350 1540 418 1567 172:2
443 1540 602 1574 Stutgardioa
618 1544 740 1574 quartam
754 1539 812 1566 edi-

52 1587 137 1614 tionem
156 1588 245 1616 emisit
267 1588 385 1615 Joannes
404 1587 527 1614 Albertus
542 1586 693 1621 Bengclius,
709 1585 813 1613 exteris

52 1634 124 1661 multo
141 1635 364 1665 emendatiorem,
379 1640 459 1668 quam
475 1636 502 1659 et
521 1632 633 1659 eruditis
647 1631 813 1659 observatio-

51 1680 119 1707 nibus
136 1684 236 1707 tcxtum
251 1679 423 1714 potissimum
452 1677 635 1712 spectantibus
660 1676 811 1704 illustravit.

50 1725 125 1759 Atque
150 1726 219 1752 hanc
244 1724 475 1760 Stutgardiensem
503 1723 646 1750 editionem
668 1722 812 1749 dolendum

50 1779 107 1798 sane
128 1771 291 1806 praeteriisse
313 1771 399 1798 virum
416 1770 536 1803 doctum,
550 1769 596 1804 qui
612 1769 731 1796 eamdem
745 1767 812 1795 Gre-

49 1815 108 1849 gorii
122 1817 203 1843 nostri
231 1815 382 1843 orationem
404 1819 501 1849 quarto
527 1813 657 1841 volumini
674 1812 814 1847 Origenia-

50 1869 134 1888 norum
151 1862 266 1889 intexuit
288 1861 424 1896 ediditque
448 1860 560 1888 Parisiis
579 1867 649 1887 anno
670 1859 748 1886 1759.
765 1858 813 1886 llis

49 1908 129 1941 itaque
138 1908 268 1935 subsidiis
292 1907 416 1934 instructi
432 1910 553 1933 nostram
566 1905 732 1940 paravimus,
746 1904 813 1931 Ben-

49 1954 135 1986 gelium
155 1956 314 1989 plerumque
328 1953 469 1985 assectati;
485 1959 599 1986 eamque
613 1959 659 1985 pro
676 1958 749 1977 more
766 1957 813 1976 no-

48 2003 97 2024 stro
129 1999 155 2025 in
175 2000 263 2034 capita
298 2006 344 2025 seu
369 1999 503 2025 sectiones
527 1997 737 2027 distribuimus,
758 2003 814 2030 quo

50 2044 165 2071 nimirqu
190 2045 251 2080 ejus
278 2045 357 2072 lectio
388 2043 493 2071 facilior
517 2043 660 2075 utiliorque
687 2042 813 2076 deinceps

49 2090 142 2117 rvadat.

48 2133 85 2160 Vl.
106 2136 166 2163 Ηωε
190 2141 294 2163 tantum
314 2143 393 2165 supra
412 2138 556 2161 memorata
572 2133 690 2167 Gregorii
706 2132 814 2159 Neam:-

76 2172 196 2198 sariensis
218 2172 320 2198 sincera
346 2167 494 2196 litterarum
510 2172 686 2195 monumenta.
703 2167 812 2200 Reliqua

77 2206 111 2232 uel
125 2207 205 2233 dubia
224 2206 263 2232 vel
275 2205 505 2240 pseudepigruphu.
527 2203 736 2240 Expositio_li_dei
750 2210 812 2237 pro-

78 2240 152 2267 lixior
172 2237 337 2275 Apollinarii
359 2237 414 2267 esse
436 2237 639 2275 demonstratur.
662 2237 735 2264 Idem
755 2245 814 2264 sen-

77 2276 189 2302 tiendum
197 2274 200 2275 ⁷
208 2277 241 2302 de
253 2274 501 2302 Anathemntismis.

77 2320 135 2349 Haec
159 2330 244 2356 porro
274 2321 424 2348 litterarum
455 2323 628 2346 monumenta
656 2319 689 2345 de
717 2318 815 2353 quibus

47 2365 168 2396 hactenus
181 2367 390 2399 edisseruimus,
404 2373 436 2393 ea
449 2370 513 2393 sunt
532 2365 673 2397 duntaxat,
686 2371 745 2399 qua:
758 2368 815 2390 tum

47 2418 157 2440 veterum
174 2414 348 2443 auctoritate,
373 2417 428 2439 tum
446 2410 624 2438 recentiorum
649 2409 815 2436 eruditorum

47 2464 172 2486 consensu
186 2463 312 2486 sanctum
326 2457 483 2492 Gregorium
507 2455 750 2483 Neocazsariensem
760 2454 817 2488 epi-

47 2509 150 2536 scopum
167 2507 308 2530 auctorem
322 2507 482 2537 agnoscunt.
500 2501 611 2536 Reliqua
628 2508 691 2527 vero
713 2508 773 2535 qua:
790 2500 816 2526 in

47 2547 120 2575 editis
133 2549 184 2576 sub
197 2549 259 2583 ejus
276 2548 385 2575 nomine
398 2547 637 2579 circumferuntur,
652 2546 705 2573 alio
720 2553 816 2585 aman-

77 2614 128 2648 (58)
143 2614 214 2641 Hist.
231 2614 294 2641 τεεί.
309 2614 356 2641 lib.
370 2622 406 2647 ιν,
421 2621 480 2647 cap.
495 2613 540 2640 27.

77 2646 130 2681 (59)
147 2648 176 2676 In
194 2655 254 2677 not.
270 2651 302 2676 ad
316 2654 384 2676 orat.
406 2648 432 2675 in
446 2646 554 2683 Origen.
573 2655 632 2682 cap.
642 2646 695 2683 ilQ.

47 2684 254 2753 isgiOgqugens.
267 2685 313 2718 ﬁd.
328 2684 402 2717 Nic.,
422 2689 487 2711 sect.
498 2682 532 2716 it,
546 2690 604 2718 cap.
621 2682 664 2714 12,
678 2682 691 2715 ᾗ
715 2682 738 2713 ι,
756 2688 815 2715 pag.

77 2753 128 2788 (ll)
141 2750 231 2781 Di'vin.
257 2755 289 2782 ο.
307 2754 343 2782 Ν.
357 2754 384 2781 J.
406 2755 448 2786 C.,
468 2754 514 2781 lib.
529 2761 565 2786 tv,
578 2760 638 2787 cap.
653 2751 698 2782 ‘20,
726 2758 752 2785 p.
767 2750 814 2777 521

47 2795 130 2858 suilli.)
146 2823 220 2852 Hist.
239 2824 302 2852 εστι.
315 2825 361 2852 lib.
376 2833 417 2858 tu,
434 2832 493 2860 cap.
507 2823 553 2852 21.

198 2873 332 2902 ΡΑτιιυι.
356 2871 414 2903 Gn.
431 2869 471 2900 Χ.

861 898 942 933 hujus
959 899 1148 926 haeresiarchas
1169 899 1256 926 indice
1269 920 1276 932 ,
1302 907 1381 934 quem
1406 900 1563 928 Timotheus
1581 902 1641 937 ejus

861 944 1010 979 discipulus
1026 945 1091 972 olim
1118 949 1301 973 contexuerat.
1328 945 1404 978 Quod
1427 946 1533 981 quidem
1549 953 1641 982 postea

862 989 962 1017 diserte
973 994 1087 1018 testatus
1103 994 1144 1018 est
1155 989 1284 1017 Leontiu’s
1295 989 1441 1026 Byzantius
1465 992 1492 1018 in
1514 992 1584 1019 libro
1595 993 1642 1020 ad-

861 1042 956 1062 versus
982 1034 1198 1069 Apollinaristas,
1218 1036 1261 1062 cui
1286 1036 1379 1063 titulus
1393 1036 1487 1064 Latine
1510 1038 1640 1071 redditus,

862 1079 896 1107 1η
912 1089 956 1107 eos
965 1081 1010 1116 qui
1022 1081 1158 1116 proferunt
1172 1081 1246 1108 nobis
1257 1083 1377 1116 quodam
1388 1083 1407 1108 Α
1412 1083 1558 1116 pollinarii,
1572 1083 1642 1118 falso

862 1126 989 1160 inscripta
1009 1127 1112 1153 nomine
1127 1131 1277 1154 sanctorum
1304 1126 1425 1154 Patrum.
1442 1126 1488 1155 Sic
1499 1127 1581 1162 igitur
1598 1128 1643 1155 ille

864 1172 956 1199 statim
973 1172 1007 1200 ab
1021 1173 1097 1200 initio
1109 1172 1184 1208 (45):
1203 1181 1212 1198 ι
1230 1172 1344 1206 Quidam
1370 1180 1402 1200 ex
1419 1173 1514 1201 hmresi
1540 1174 1643 1208 Apolli-

863 1218 932 1245 narii
957 1219 999 1246 vel
1021 1218 1147 1254 Eutychis
1165 1219 1208 1246 vel
1226 1219 1357 1252 Dioscori,
1379 1227 1440 1246 cum
1464 1219 1562 1246 vellent
1587 1220 1642 1247 ine-

864 1264 945 1292 resim
971 1272 1047 1292 suam
1068 1263 1245 1297 conﬁrmare,
1269 1265 1400 1300 quasdam
1427 1266 1562 1293 orationes
1586 1265 1642 1300 (λὸ-

862 1309 943 1345 γους)
958 1308 1128 1344 Apollinarii,
1144 1309 1268 1345 Gregorio
1287 1310 1483 1346 Thaumaturgo
1500 1317 1546 1338 aut
1562 1312 1644 1338 Allia-

863 1355 937 1382 nasio
952 1359 999 1382 aut
1011 1355 1084 1382 Julia
1098 1355 1303 1391 inscripserunt,
1322 1362 1350 1383 ut
1366 1357 1544 1391 simpliciores
1565 1357 1640 1384 falle-

866 1405 941 1428 rent:
956 1400 1028 1435 quod
1042 1400 1151 1435 quidem
1164 1401 1344 1436 perfecerunt.
1357 1421 1363 1428 .
1374 1422 1379 1428 .
1389 1422 1396 1429 .
1411 1401 1445 1428 Et
1458 1402 1528 1436 apud
1544 1402 1644 1430 multos

865 1456 897 1475 ex
915 1453 987 1476 recte
1011 1448 1181 1475 credentibus
1202 1449 1320 1482 reperire
1339 1448 1440 1483 poteris
1461 1449 1571 1480 librum,
1597 1449 1642 1476 cui

826 1512 846 1541 Ο
864 1495 968 1528 titulus,
977 1494 1012 1522 Ἠ
1020 1495 1094 1522 κατὰ
1100 1494 1188 1529 μέρος
1198 1495 1308 1528 πίστις,
1318 1495 1475 1530 inscriptum
1491 1494 1623 1529 Gregorio.
1631 1505 1641 1521 ι

865 1540 990 1576 ldcmque
1004 1541 1136 1576 judicium
1149 1540 1210 1567 tulit
1222 1540 1351 1575 Eulogius
1362 1541 1560 1568 Alexandrinus
1571 1542 1642 1576 apud

864 1587 989 1614 Plzotium
1008 1587 1075 1622 (46).
1093 1586 1126 1614 Et
1138 1587 1310 1621 postmodum
1325 1587 1422 1614 similia
1442 1587 1549 1621 scripsit
1561 1588 1642 1614 etiam

864 1633 1031 1668 Nicephorus
1047 1632 1102 1660 (ΞΡ.
1115 1632 1192 1660 initio
1207 1632 1404 1660 dissertationis
1419 1637 1513 1660 contra
1527 1632 1644 1668 Epipha-

865 1679 966 1706 nidem.

902 1733 912 1749 ‹
929 1723 1056 1756 Quinimo
1074 1722 1181 1756 (verbis
1194 1727 1256 1750 utor
1272 1722 1322 1750 viri
1339 1722 1411 1750 docti
1424 1722 1479 1758 (47)
1492 1723 1572 1750 modo
1583 1723 1645 1750 lau-

866 1769 935 1804 dati)
951 1768 1072 1803 ejusdem
1084 1768 1164 1803 plane
1179 1767 1292 1795 l'urfuris
1302 1772 1365 1795 sunt
1376 1767 1558 1794 illidnodecim
1572 1768 1646 1795 Ana—

866 1815 1025 1842 thematismi
1050 1823 1107 1841 cum
1125 1822 1215 1841 eorum
1240 1815 1464 1849 interpretatione,
1484 1822 1544 1849 quae
1558 1814 1646 1842 Thau-

866 1861 981 1896 maturgi
994 1868 1091 1888 nomen
1107 1861 1217 1895 perinde
1230 1860 1369 1895 prreﬁxum
1386 1860 1559 1888 habent.Etsi
1573 1861 1645 1888 enim

865 1914 918 1933 una
930 1912 1026 1934 natura
1043 1906 1070 1933 in
1086 1907 1126 1933 eis
1141 1906 1241 1933 diserte
1254 1914 1308 1933 non
1327 1907 1502 1941 exprimitur,
1519 1907 1644 1934 latentem

866 1957 954 1979 tamen
970 1951 1062 1978 dolum
1088 1951 1210 1978 indicant
1226 1953 1362 1979 consueta:
1378 1951 1576 1986 Apollinaristis
1604 1952 1645 1978 lo-

865 1998 998 2029 cutiones,
1015 1997 1114 2031 quibus
1131 1997 1200 2023 male
1226 2004 1308 2024 sanas
1329 1996 1438 2024 Diodori
1457 1997 1600 2025 Tarsensis
1613 1997 1646 2024 de

864 2042 965 2070 Christi
980 2049 1094 2077 persona
1110 2047 1137 2069 et
1151 2046 1248 2069 natura
1256 2050 1337 2070 voces
1347 2043 1547 2077 expugnabant.
1564 2050 1646 2074 seque

866 2089 932 2116 adeo
950 2088 1088 2116 catholicae
1112 2088 1173 2116 fidei
1196 2087 1364 2123 professores
1378 2088 1568 2115 obtendebant.
1591 2087 1644 2115 Sed

866 2140 892 2162 et
907 2135 934 2162 in
963 2135 1057 2170 primis
1072 2143 1104 2162 ex
1119 2135 1216 2162 iisdem
1232 2136 1356 2170 capitulis
1380 2134 1555 2165 addiscimus.
1576 2141 1644 2168 quo-

827 2186 850 2213 ι)
866 2190 926 2208 nam
938 2186 1015 2216 pacto
1027 2181 1174 2216 Scripturae
1185 2190 1268 2209 sacra:
1284 2182 1341 2209 loca
1357 2181 1442 2213 varia,
1457 2180 1556 2215 quibus
1569 2179 1647 2206 Ghri».

867 2233 936 2260 stus,
953 2233 984 2255 ut
995 2228 1144 2261 divinitate,
1160 2228 1195 2256 ita
1222 2233 1249 2255 et
1263 2227 1429 2254 humanitate
1457 2225 1593 2261 perfecurs
1607 2226 1645 2253 si-

867 2274 1020 2308 gniﬁcatur,
1035 2274 1068 2301 ad
1081 2282 1160 2301 suum
1173 2281 1282 2301 sensum
1299 2277 1464 2307 torquerent.
1481 2271 1535 2299 Nec
1553 2271 1644 2298 fucum

866 2318 958 2352 faciat,
973 2319 1018 2346 ubi
1035 2319 1152 2346 animam
1169 2318 1275 2346 Domini
1293 2318 1414 2353 ἀνόητον,
1436 2317 1530 2344 mentis
1552 2325 1644 2351 enter-

869 2370 929 2400 tem,
940 2372 1000 2393 esse
1013 2366 1119 2393 videtur
1133 2365 1256 2392 inliciari.
1271 2364 1331 2392 Non
1356 2364 1427 2392 enim
1443 2364 1561 2391 humana
1576 2363 1646 2390 natio

869 2418 955 2445 raque
968 2410 1086 2437 hominis
1103 2413 1192 2437 mente
1212 2409 1350 2444 przeditam
1381 2409 1511 2444 intelligit,
1536 2409 1581 2436 sed
1605 2408 1646 2435 di-

868 2455 931 2482 vino
947 2454 1040 2488 Verbi,
1063 2459 1092 2481 ut
1105 2455 1152 2488 ait,
1164 2455 1268 2490 spiritu,
1283 2462 1336 2489 quo
1352 2453 1451 2481 factum
1466 2454 1509 2485 sit,
1524 2459 1553 2480 ut
1563 2453 1644 2489 ἀνὸηο

867 2510 922 2533 τος,
931 2502 1024 2528 mentis
1039 2509 1139 2535 expers,
1150 2500 1331 2529 absolutedici
1340 2508 1393 2527 non
1405 2500 1536 2527 debuerit.
1546 2499 1647 2532 Quam-

868 2548 961 2574 obrem
976 2546 1110 2582 ejusmodi
1122 2546 1245 2574 lormulaa
1265 2547 1325 2573 fidei
1339 2550 1366 2573 et
1379 2545 1597 2573 anathematismi
1613 2544 1646 2571 ad

904 2612 960 2647 (45)
972 2612 1000 2638 1η
1017 2612 1128 2647 Argum.
1139 2610 1226 2647 hujus
1239 2610 1337 2647 Expos.

904 2645 961 2677 (tl/il
978 2645 1088 2674 Dissert.
1102 2646 1120 2672 2
1139 2645 1296 2681 ῡθιιιειεοεῇ
1309 2647 1336 2676 5,
1353 2653 1412 2681 pag.
1425 2653 1459 2681 μ.

905 2682 959 2716 (45)
975 2681 1070 2709 Leont.
1084 2681 1160 2717 Byz.,
1173 2685 1238 2708 tom.
1253 2678 1295 2707 lX'
1309 2678 1378 2707 Bibl.
1389 2678 1453 2706 ‘PP.
1470 2678 1567 2713 Lugd.,
1585 2686 1646 2713 pag.

869 2717 960 2786 milia)
975 2751 1055 2782 Bibl..
1066 2752 1126 2779 cod.
1141 2759 1237 2779 ccxxx.

906 2783 960 2822 (l7)
971 2787 1099 2822 chuicn.
1109 2787 1218 2814 dissert.
1228 2787 1245 2812 *Ξ
1255 2786 1390 2816 Damasc.,
1403 2783 1416 2820 ἓ
1431 2785 1458 2818 9,
1472 2789 1646 2819 pagaxxvu.

1450 2864 1484 2894 31
