1857 3047
207 91 256 121 ‘37!

699 92 727 120 S.
746 92 942 122 GREGORIUS
960 92 1258 123 THAUMATURGUS.
1783 95 1824 122 972

210 153 286 180 illum
303 153 418 188 lapidem
443 153 543 189 lydium
572 154 723 182 revocanda
754 159 829 186 sunt,
849 162 930 190 quem
956 163 990 183 ex
1004 158 1027 186 Α
1041 155 1122 183 dedat
1148 155 1233 183 sacris
1258 154 1355 182 litteris
1382 153 1546 182 excolendis.
1567 153 1678 190 Scripta
1697 157 1741 182 est
1759 154 1822 181 circa

209 199 340 234 Gregorio
353 197 522 225 Nazianzeno
538 199 594 233 (48)
621 204 729 234 propter
744 199 840 227 Vitalis
854 200 992 235 Apollina-

210 245 282 273 ristm
312 245 427 272 similem
453 244 652 272 confessionem
682 245 764 280 paulo
792 251 854 274 aute
876 247 993 281 protuli-

208 299 280 318 mus.
299 290 456 318 illactcnus
472 290 503 317 V.
528 291 560 318 C.
588 299 669 326 quem
695 292 809 320 consule
826 301 934 328 quoque
957 294 991 321 ad

208 336 344 363 Pam/tela
365 336 554 363 Damascenica
582 336 698 371 (49),ubi
715 345 748 365 ex
764 338 992 367 anathematismo

182 407 184 409 .
208 382 241 409 12
254 382 304 410 sub
317 383 426 410 nomine
454 382 650 419 Thaumaturgi
675 383 785 419 longum
799 384 930 412 referetur
944 394 991 413 ex—

205 433 337 463 Ccrptum.

206 473 262 501 VII.
290 473 412 501 Virorum
437 475 602 502 eruditorum
626 477 756 503 sententia
778 475 809 502 de
827 475 951 504 Homiliis
965 485 989 504 iv

223 515 246 536 ειι
264 509 296 536 de
312 511 415 537 Animae
425 511 608 546 disputatione
623 517 713 538 sancta
728 512 804 538 Patri
822 512 970 539 attributis.

239 555 305 588 Quae
314 563 378 583 vero
388 560 495 584 exstant
507 557 534 583 in
548 557 627 584 editis
638 556 769 592 Gregorio
781 556 988 586 Ncocmsariensi

204 601 328 636 ascripta:
343 601 480 628 orationes
493 602 549 629 sive
559 602 678 630 homili:e
690 610 727 635 1v,
736 603 830 638 ejusne
841 611 903 630 vere
923 603 989 636 sint,

206 654 300 679 necne,
314 646 384 673 baud
403 653 477 674 certo
494 648 668 682 pronuntiare
679 648 741 682 quis
755 648 851 675 valeat.
866 648 925 676 Jam
942 650 989 676 tri-

204 693 255 720 hus
272 692 441 725 auctoribus,
457 691 552 720 Joanni
582 692 786 728 Chrysostomo,
814 698 908 722 nostro
924 694 989 722 Gre-

203 738 280 771 gorio
299 743 327 765 et
349 737 467 766 Macario
485 738 713 774 Philadclphicnsi
739 740 868 767 tributam
899 741 988 768 homi-

203 785 266 811 liam
283 784 299 812 5
312 784 339 811 in
351 784 606 818 Annuntiationem,
633 785 660 812 in
676 793 742 813 mss.
759 786 899 814 codicibus
915 786 989 814 Grae-

204 831 245 858 cis
261 839 290 858 se
312 830 450 858 invenisse
474 835 589 858 testatur
612 831 646 858 cl.
675 831 894 860 Montiaueonius
919 832 986 868 (50).
1003 840 1023 867 Β

206 877 327 911 Eamque
345 876 397 904 sub
412 877 521 904 nomine
532 876 719 912 Chrysostomi
734 877 818 905 edidit
834 879 920 906 multo
936 887 985 906 au-

203 923 316 950 ctiorem
332 922 511 950 Combefisius
525 923 581 958 (5i)
591 945 599 957 ,
625 923 671 958 qui
688 924 822 951 eruditum
837 924 945 959 quidem
957 931 988 951 ac

203 968 278 1002 pium
292 967 380 995 doctae.
405 967 575 1002 antiquitatis
588 973 808 996 ‘monumentum
821 974 928 1002 censet;
943 969 986 996 in-

201 1018 291 1041 certus
309 1018 398 1041 tamen
427 1013 531 1041 haerens
555 1014 664 1041 cuinam
680 1014 752 1041 illam
775 1015 900 1050 scriptori
914 1015 986 1043 assi-

200 1064 272 1094 gnet,
288 1067 321 1087 eo
339 1059 446 1087 tandem
469 1060 587 1093 devenit,
603 1065 633 1087 ut
654 1068 742 1095 neque
758 1060 986 1089 Neocaesariensis

199 1113 289 1140 neque
301 1105 488 1141 Chrysostomi
509 1106 619 1142 γνήσιον
641 1106 738 1134 dixerit
753 1106 820 1139 (52).
839 1106 985 1134 Homiliam

202 1151 295 1179 vero?
321 1152 347 1179 iu
362 1152 620 1185 Aununtiationem,
645 1151 736 1180 Procli
759 1152 812 1180 CP.
831 1153 987 1188 suspicatur

205 1197 365 1225 Vincentius
375 1197 525 1226 Riccardus
538 1198 604 1233 (55),
612 1198 691 1233 cujus
706 1199 855 1226 sententias
867 1199 986 1226 imitetur

196 1249 224 1271 et
234 1251 328 1271 vocem
340 1245 478 1278 ϐεοτόκος
489 1244 604 1272 atl‘ectet.
618 1244 689 1272 idem
702 1244 745 1272 dic
754 1245 788 1272 de
797 1245 908 1280 reliquis
918 1245 986 1272 dua-

197 1290 249 1318 bus
263 1298 326 1318 cum
342 1290 410 1318 viris
436 1290 646 1323 eruditissimis;
663 1291 710 1326 qui
734 1295 760 1318 et
775 1290 802 1318 in
826 1291 984 1318 alterutram

195 1340 300 1371 partem
315 1336 464 1372 quidquam
479 1336 545 1364 certi
562 1337 740 1371 pronuntiare
755 1345 809 1364 non
828 1337 928 1364 audent
952 1337 985 1364 de

195 1380 292 1409 unimw
314 1391 360 1417 per
385 1383 472 1417 capita
485 1382 665 1417 disputatione
677 1383 710 1409 ad
723 1382 877 1416 Tatianum,
889 1388 984 1410 nostro

195 1430 260 1456 item
275 1428 406 1464 Gregorio
416 1429 515 1456 tributa
527 1429 710 1464 ;quippe:quie
724 1430 758 1456 ab
773 1429 833 1464 ejus
846 1429 916 1465 stylo
940 1428 984 1456 ni-

195 1475 248 1502 mis
256 1476 354 1509 aliena,
367 1480 395 1503 et
402 1475 452 1503 aevi
465 1476 544 1510 longe
557 1475 715 1510 posterioris
725 1483 785 1503 esse
795 1475 918 1503 videatur
927 1475 977 1511 (b).

195 1531 264 1559 VIII.
284 1533 322 1560 De
337 1532 459 1568 Origem's
475 1534 587 1568 epistola
599 1533 724 1568 Gregorio
737 1538 826 1560 nostro
837 1533 981 1567 inscripta:
995 1530 1017 1559 C

229 1576 275 1595 nec
303 1575 355 1595 non
382 1567 413 1595 de
434 1569 507 1595 illius
533 1569 592 1595 I’itu
613 1567 659 1603 per
684 1573 805 1595 sanctum
825 1567 980 1603 Gregorium

229 1603 391 1665 i’lt'lysaenum.
419 1603 565 1631 Sinistrum
586 1603 713 1630 Dodwelli
738 1603 871 1638 judicium
903 1603 980 1638 refel-

242 1647 305 1666 tur.

231 1693 280 1722 llis
300 1695 391 1729 itaque
403 1694 532 1730 operibus
545 1695 603 1722 sive
613 1694 703 1722 dubiis
719 1694 776 1722 sive
789 1694 980 1729 pseudepigra-

193 1741 257 1776 phis
268 1741 469 1775 praztermissis,
484 1748 516 1768 ea
530 1741 621 1776 potius
650 1741 766 1768 sinceris
783 1741 869 1768 sancti
892 1741 980 1768 Patris

197 1787 380 1814 monumentis
405 1786 574 1821 subjicienda
603 1787 835 1819 existimavimus,
860 1794 920 1821 qua:
946 1786 980 1814 ad

194 1833 283 1867 ipsum
303 1833 414 1868 propius
429 1833 564 1867 pertinere
578 1838 740 1860 noscuntur.
757 1832 889 1860 Nimirum
901 1833 979 1860 exiti-

194 1879 290 1906 bemus
302 1878 418 1913 primum
437 1887 452 1906 e
468 1878 624 1906 ΡΙιίΙοεαιίω
634 1879 721 1914 capite
734 1879 778 1911 1'5,
790 1879 888 1906 additis
907 1879 980 1906 notis

192 1924 305 1952 Joannis
322 1924 415 1952 Tarini
427 1946 435 1959 ,
452 1925 576 1960 Origenis
591 1926 733 1960 epistolam
761 1926 794 1953 ad
820 1925 979 1961 Gregorium

193 1969 428 2006 Thaumaturgum
453 1971 515 2006 ejus
543 1972 720 2007 discipulum,
737 1979 791 2007 qua
808 1972 896 2006 ipsum
915 1972 980 1999 hor-

193 2022 276 2050 tatur,
305 2022 346 2050 ut,
359 2022 514 2053 contempto
527 2017 707 2053 philosophiae
733 2018 834 2051 studio,
847 2023 934 2045 totum
950 2025 980 2045 se

238 2107 284 2140 48)
301 2107 388 2142 Epist.
402 2107 420 2134 2
431 2107 466 2135 ad
479 2107 592 2135 Cledon.

238 2112 284 2140 48)
301 2112 388 2142 Epist.
402 2112 420 2134 2
431 2112 466 2135 ad
479 2112 592 2135 utedon.

227 2112 428 2183 249_)_l:equien.
440 2143 474 2170 ad
498 2142 601 2170 Parall.
628 2141 765 2175 Damasc.,
782 2141 850 2178 Opp.
866 2147 932 2169 tom.
945 2141 978 2175 ll,

171 2238 173 2240 .
191 2178 409 2247 Ρῃῗέυῗᾍίνωϊθῑ.
423 2212 457 2240 ad
482 2217 548 2240 tom.
565 2211 655 2247 ῙΟΡΡ·
670 2211 818 2248 (ΠΠὝδπθν
829 2212 855 2239 5'

225 2248 284 2318 ἓβι)
300 2249 410 2289 Auctor.
426 2256 486 2275 ηου.
499 2253 565 2275 tom.
580 2247 601 2281 l,
617 2256 694 2283 pagg.
711 2247 838 2289 602-6l9.

237 2283 282 2315 02)
297 2283 335 2310 id.
351 2292 378 2310 in
388 2291 493 2310 recens.
516 2287 622 2311 auctor.
639 2284 673 2310 ad
696 2288 761 2311 tom.
780 2283 789 2309 l
805 2283 865 2310 Bibl

237 2286 282 2315 52)
297 2286 335 2310 id.
351 2286 378 2310 in
388 2291 493 2310 recens.
516 2287 622 2311 auctor.
639 2286 673 2310 ad
696 2288 761 2311 tom.
780 2286 789 2309 Ι
805 2286 875 2311 Bibl.
889 2291 974 2316 cana,

189 2325 252 2354 pag.
265 2318 307 2345 16.

225 2353 281 2389 (55)
295 2354 335 2389 Ad
348 2353 422 2381 Orat.
436 2353 453 2381 6
470 2353 570 2382 Procli.

223 2388 280 2423 (56)
294 2388 364 2416 Bibl.
382 2389 477 2422 Coisl.,
489 2398 550 2426 pag.
564 2389 625 2418 180.

992 2207 1015 2235 Β
1054 2207 1117 2248 '(SS)
1132 2214 1170 2240 De
1181 2213 1229 2240 vir.
1239 2207 1253 2238 ’ί

1043 209 1144 228 annum
1159 201 1260 228 Christi
1279 200 1340 227 240.
1357 199 1431 227 lianc
1444 208 1509 228 vero
1522 201 1669 236 epistolam
1687 200 1822 234 Origenia-

1042 254 1104 273 nam
1119 246 1219 281 excipit
1240 245 1298 272 l’ita
1312 245 1432 280 ejusdem
1455 246 1541 272 sancti
1565 245 1692 281 Gregorii
1719 245 1821 272 Nem-

1042 293 1170 321 sariensis
1192 300 1207 320 a
1219 297 1314 320 sancto
1325 292 1455 327 Gregorio
1466 291 1588 328 Nysseno
1603 293 1766 326 conscripta
1783 294 1821 325 (al.

1041 339 1186 375 Exemplar
1205 339 1366 367 Vossianum
1382 339 1569 374 Moguntinum
1584 347 1648 366 ann.
1667 339 1739 365 i604
1753 338 1821 366 rlPd'iS

1041 386 1180 413 erroribus
1207 389 1327 418 scatens,
1343 393 1405 412 cum
1419 385 1492 412 edito
1508 384 1658 412 Parisiensi
1677 392 1747 411 ann.
1765 384 1820 411 163)

1041 432 1128 460 multo
1148 431 1331 458 emendatiore
1357 430 1531 458 contulimus.
1560 429 1655 463 Neque
1674 430 1819 464 praetermi-

1040 478 1127 505 simus
1140 482 1296 512 excerptum
1320 476 1385 504 Vita
1405 477 1486 512 hujus
1506 476 1694 512 Gregorianae,
1721 476 1793 511 quod
1809 483 1820 503 e

1041 524 1134 551 codice
1173 523 1340 551 Coisliuiano
1368 522 1420 550 106
1449 523 1615 558 descriptum
1649 522 1820 550 doctissimus

1040 570 1259 598 Montfauconius
1281 569 1388 598 exhibet
1405 569 1461 603 (54)
1477 569 1551 595 velut
1575 568 1743 599 anecdoton,
1769 567 1820 594 licet

1040 617 1066 643 in
1083 621 1160 644 antea
1175 616 1288 651 vulgatis
1298 619 1461 650 compareat,
1477 618 1506 641 ut
1516 621 1566 641 suo
1580 613 1640 641 loco
1654 613 1819 640 animadver-

1040 662 1123 688 timus
1139 661 1205 696 (55).
1225 660 1346 695 Denique
1357 660 1391 688 ad
1418 659 1565 686 faciliorem
1581 658 1685 693 egregii
1700 658 1819 694 opusculi

1040 715 1130 740 usum,
1145 707 1210 734 illud
1225 707 1253 734 iu
1266 707 1355 735 varias
1370 705 1503 733 sectiones
1518 705 1673 732 divisimus.

1073 764 1150 792 ilaud
1178 766 1303 801 equidem
1335 766 1441 800 ignoro,
1464 764 1631 793 Dodwellum
1662 772 1708 791 res
1737 769 1820 800 gestas

1039 811 1235 847 Thaumaturgi
1256 811 1429 839 admirandas
1445 818 1461 838 a
1475 810 1597 846 Nysseno
1608 814 1756 837 enarratas
1771 810 1820 837 ele-

1039 864 1118 889 vare;
1134 857 1233 892 quippe
1249 854 1305 891 qui,
1326 856 1349 884 si
1373 856 1460 891 ipsum
1474 855 1570 883 audias
1587 854 1656 890 (56),
1690 864 1700 881 t
1717 854 1821 881 ratioci-

1038 902 1091 929 niis
1120 902 1249 929 nimirum
1268 903 1326 930 suis
1340 901 1559 937 conjecturisque
1577 906 1685 932 auctas,
1708 900 1821 934 posteris

1038 949 1247 983 reprzesentarit.
1268 958 1278 974 ›
1296 948 1380 976 Miror
1396 949 1532 975 enimvero
1548 955 1602 974 non
1618 951 1750 974 accurate
1766 953 1822 980 per.

1037 995 1164 1030 pendisse
1177 995 1265 1022 virum
1278 995 1402 1022 criticum
1412 994 1500 1030 Magni
1513 993 1606 1022 Basilii
1622 993 1820 1024 testimonium,

1037 1049 1091 1076 quo
1104 1051 1113 1067 ‹
1129 1041 1277 1076 Gregorius
1292 1041 1404 1076 Magnus
1418 1044 1525 1075 propter
1536 1041 1670 1067 donorum
1685 1040 1821 1067 excellen-

1037 1089 1101 1115 tiam
1115 1096 1176 1123 qua:
1191 1089 1218 1115 in
1241 1088 1299 1122 ipso
1314 1087 1476 1122 operabatur
1493 1086 1610 1121 Spiritus
1624 1087 1650 1112 in
1678 1086 1755 1113 omni
1769 1086 1820 1112 vir-

1037 1139 1103 1167 tute,
1124 1134 1209 1168 signis
1234 1141 1266 1161 ac
1279 1133 1419 1168 prodigiis,
1436 1133 1470 1160 ab
1494 1132 1560 1167 ipsis
1587 1133 1672 1159 etiam
1701 1132 1821 1159 veritatis

1037 1180 1161 1208 hostibus
1176 1201 1183 1214 ,
1202 1181 1266 1216 παρ’
1291 1181 1379 1207 αὐτῶν
1397 1180 1451 1206 τῶν
1475 1179 1579 1215 ἐχθρῶν
1608 1179 1658 1214 τῆς
1683 1178 1821 1213 ἀληθείας,

1036 1227 1104 1254 alter
1116 1225 1222 1261 Moyses
1245 1225 1394 1260 appellatus
1419 1225 1503 1252 fuisse
1533 1235 1542 1251 ι
1567 1225 1729 1260 perhibetur
1745 1224 1820 1259 (57):

1036 1279 1124 1307 neque
1140 1271 1248 1299 Ductori
1261 1271 1380 1298 maximo
1393 1278 1486 1298 aurem
1500 1270 1648 1306 praebuisse
1657 1270 1745 1297 aienti
1757 1270 1820 1304 (58!,

1036 1318 1198 1354 Gregorium
1227 1317 1473 1345 Neocaesariensem
1496 1325 1506 1342 ε
1536 1317 1613 1351 signa
1637 1321 1723 1350 atque
1736 1316 1821 1342 mira—

1035 1364 1096 1392 cula
1127 1371 1188 1392 cum
1217 1364 1363 1390 multarum
1395 1361 1578 1390 Ecclesiarum
1603 1362 1690 1397 gloria
1724 1369 1822 1396 perpe-

1036 1414 1132 1437 trasse.
1152 1418 1162 1435 ι
1177 1408 1248 1442 Quid
1263 1416 1409 1436 memorem
1421 1407 1562 1441 Ruﬁnum,
1580 1417 1588 1433 I
1604 1408 1736 1435 tantiviri
1748 1413 1821 1442 gesta

1035 1455 1086 1483 sub
1100 1454 1225 1482 orientali
1249 1459 1276 1482 et
1300 1453 1493 1489 septentrionis
1515 1461 1565 1481 axe
1577 1458 1744 1481 cunctorum
1767 1461 1822 1480 ser-

1035 1507 1115 1528 mone
1125 1500 1254 1527 celebrari
1271 1509 1280 1526 ι
1311 1504 1456 1527 testantem
1477 1499 1551 1534 (59)?
1576 1498 1646 1532 Quid
1672 1498 1820 1526 Eusebium

1033 1548 1239 1580 Cmsariensem,
1263 1547 1424 1582 Gregorium
1448 1550 1572 1573 nostrum
1593 1557 1602 1572 ι
1627 1546 1820 1581 episcoporum

1031 1602 1079 1622 sua
1088 1599 1166 1622 aetate
1178 1594 1393 1625 celeberrimum,
1412 1602 1421 1619 ι
1437 1593 1490 1620 τῶν
1503 1593 1563 1620 καθ’
1575 1593 1649 1628 ἡμᾶς
1664 1594 1821 1619 ἐπιδ-κόπω

1030 1640 1182 1676 διαϐόητον,
1202 1639 1393 1675 praedicantem
1409 1639 1482 1675 (60)?
1497 1639 1656 1666 Ailmiretur
1666 1639 1760 1673 itaque
1774 1645 1821 1672 po-

1030 1687 1085 1714 tius
1110 1687 1162 1714 ista
1177 1694 1237 1721 qua:
1254 1686 1368 1720 respuit,
1387 1686 1471 1713 homo
1493 1685 1561 1713 adeo
1592 1690 1731 1712 emunctae
1746 1685 1819 1711 naris

1031 1731 1127 1767 (verba
1148 1738 1249 1765 usurpo
1261 1730 1351 1766 magni
1372 1730 1481 1758 Baronii
1500 1729 1554 1765 (6|)
1570 1728 1706 1757 Joannem
1738 1729 1819 1756 Boui-

1031 1784 1095 1803 num
1110 1776 1273 1811 carpentis),
1286 1783 1336 1803 nec
1351 1779 1429 1811 neget
1441 1775 1583 1802 historiam
1595 1779 1634 1802 tot
1649 1774 1820 1810 gravissimis

1032 1822 1202 1854 auctoribus,
1227 1821 1329 1849 Graecis
1344 1825 1426 1857 atque
1450 1820 1566 1852 Latinis,
1593 1821 1663 1848 satis
1684 1828 1819 1855 superque

1031 1872 1170 1901 testatam,
1188 1868 1341 1903 probatam,
1356 1868 1601 1903 eonsignatamque
1612 1867 1689 1895 cultu
1712 1867 1820 1899 religio-

1030 1915 1072 1942 nis
1088 1914 1167 1942 annis
1183 1914 1297 1949 singulis
1305 1915 1403 1942 celebri
1419 1914 1549 1941 memoria
1560 1914 1647 1949 repeti
1658 1913 1742 1941 solito
1752 1913 1816 1947 (δέ).

1031 1960 1084 1988 Sed
1096 1961 1183 1987 virum
1213 1960 1461 1996 iutcmperantioris
1484 1960 1586 1987 criticzc
1602 1963 1766 1987 sectatorem
1778 1959 1817 1986 di-

1031 2007 1172 2034 mittamus
1186 2006 1233 2042 (c).

1064 2107 1128 2140 (55-
1137 2106 1182 2142 56)
1195 2106 1307 2134 Dissert.
1321 2106 1343 2142 ἦ
1355 2105 1448 2142 Cypr.,
1464 2105 1478 2140 §
1493 2104 1535 2137 16,
1548 2108 1614 2140 pag;
1629 2105 1676 2142 68Ἰ

1064 2142 1119 2177 (57)
1132 2139 1234 2177 Boisil",
1252 2142 1299 2168 lib.
1327 2141 1365 2168 De
1379 2139 1449 2176 Spir.
1463 2139 1562 2177 structi,
1579 2139 1641 2174 cap.
1666 2140 1713 2172 29,
1731 2139 1744 2176 §
1771 2140 1810 2170 74,

1029 2175 1098 2214 Opp.
1111 2175 1183 2205 'tom.
1201 2176 1320 2238 1H,}iag.
1334 2177 1367 2203 62
1381 2176 1445 2204 edit.
1462 2175 1515 2203 BB.

1063 2213 1117 2238 (58)
1132 2214 1170 2238 De
1181 2213 1229 2238 vir.
1244 2212 1296 2238 il..
1311 2219 1369 2238 cat).
1386 2210 1426 2238 65.

1064 2210 1117 2248 (58)
1132 2214 1170 2240 De
1181 2213 1229 2240 vir.
1244 2210 1369 2246 ill.,‘cap.
1386 2210 1426 2247 6§.

1064 2248 1119 2284 (59)
1138 2248 1209 2276 Ilist.
1229 2247 1354 2284 eccl._li_b.
1373 2254 1422 2280 vn,
1437 2246 1556 2284 cap:?5.

1062 2282 1118 2319 (60)
1137 2284 1209 2310 llist.
1225 2282 1347 2319 ecctzlib.
1366 2289 1403 2313 vx,
1416 2290 1473 2319 cap.
1485 2282 1530 2308 30.

1062 2317 1118 2355 (61)
1133 2319 1173 2355 Ad
1193 2317 1331 2355 annuit,
1347 2317 1476 2355 Ilum:_3L

1062 2349 1118 2390 {62)
1133 2354 1244 2389 Martyr.
1263 2352 1341 2380 Rom.
1359 2356 1386 2379 et
1409 2351 1542 2387 Menoiog.
1572 2351 1664 2381 ϐιπε.
1693 2352 1764 2380 add.
1783 2349 1812 2377 Π

1026 2390 1093 2418 Nov.

219 2461 255 2498 (ᾳ)
268 2460 384 2498 Qrigenis
397 2465 423 2498 et
435 2461 547 2492 Gregorii
564 2461 670 2498 Nysseni
683 2461 943 2498 elucubrationes'hic'
950 2455 1784 2498 memorattit'sminteriatriusqug9pera—retiﬁliiﬁlii}?!13.351312:2

221 2487 295 2526 ΜΒ.
310 2487 575 2526 Gregoritsermonem
586 2487 612 2518 in
622 2499 704 2518 omnes
715 2495 835 2526 martyres
849 2493 968 2517 Bononia:
988 2497 1052 2516 anno
1061 2490 1121 2515 1⁵172
1127 2490 1219 2522 publici
1233 2487 1296 2521 juris
1307 2487 1366 2514 fecit
1380 2489 1466 2518 Aloys.
1481 2487 1632 2518 Mingarelli.
1648 2488 1717 2513 Hanc
1729 2487 1808 2512 editio-

188 2529 243 2547 nem
257 2523 377 2553 ignoravit
387 2523 536 2550 Gallandius.
551 2523 584 2548 lo.

219 2554 253 2585 (ε)
265 2548 384 2579 hiotitiam
394 2548 497 2580 alteram
506 2555 530 2580 in
545 2555 570 2579 S.
583 2555 731 2587 Gregorium
742 2561 773 2579 ex
786 2554 878 2580 Leonis
889 2553 972 2580 Allatii
984 2552 1095 2579 Diatriha
1105 2551 1136 2579 de
1150 2549 1289 2578 Theodori;
1302 2551 1357 2576 vtde
1368 2549 1432 2575 infra
1442 2549 1490 2574 col.
1503 2548 1574 2574 nos
1586 2548 1622 2574 In.
