1857 3047
627 112 835 140 TESTIMONIA
857 113 1034 141 VETERL‘M.

521 265 807 310 VETERUM
846 263 1221 310 TESTIMONIA

257 361 302 392 De
323 362 353 391 S.
382 361 534 400 Gregorio
554 362 705 400 episcopo
732 359 992 395 Neocnasariensi,
1018 363 1230 399 cognomento
1249 359 1500 400 Thaumaturgo.

581 531 600 557 1.
616 530 741 557 Eusebius
763 529 833 557 llist.
849 530 915 557 eccl.
933 530 979 556 lib.
997 538 1039 563 vt,
1055 538 1113 564 cap.
1129 528 1173 556 50.

98 587 143 622 Τῷ
167 587 196 614 δὲ
219 587 348 622 Ὠριγένει
371 587 418 613 ἐπὶ
442 588 491 622 τῆς
516 587 682 622 Καισαρείας
695 587 729 614 τὰ
746 588 840 623 συνήθη

932 588 1040 616 Interim
1063 587 1128 615 dum
1148 585 1278 621 Origenes
1295 585 1365 620 apud
1380 585 1531 614 Caesaream
1549 592 1680 615 consueto

66 633 221 668 πράττοντι,
238 633 327 659 πολλοὶ
352 633 516 669 προσῄεσαν,
530 634 560 659 οὺ
582 635 660 669 μόνον
680 634 734 660 τῶν
748 634 848 669 ἐπιχω-

67 680 139 714 ρίων,
159 679 227 705 ἀλλὰ
243 679 288 705 καὶ
309 679 362 704 ἀπὸ
381 679 428 714 τῆς
449 678 599 714 ἀλλοδαπῆς
617 679 706 715 μυρίοι
725 680 847 715 φοιτηταὶ

64 725 112 756 τὰς
129 725 261 760 πατρίδας
285 725 477 756 ἀπολιπόντες·
501 721 538 751 ὧν
563 725 714 760 ἐπισήμους
732 726 848 760 μάλιστα

65 771 185 806 ἔγνωμεν
209 770 354 806 Θεόδωρον,
369 770 398 802 ὃς
420 768 453 806 ἦν
473 771 552 802 αὐτὸς
572 767 648 802 οὗτος
671 771 685 796 ὁ
703 771 762 797 καθ’
774 772 848 807 ἡμᾶς

65 817 220 844 ἐπισκόπων
242 816 379 851 διαϐόητος
392 816 539 852 Γρηγόριος
549 825 555 831 ·
573 816 618 842 τόν
631 825 660 842 τε
675 817 755 844 αὑτοῦ
770 818 846 844 ἀδελ-

66 863 112 897 φὺν
131 863 328 898 Ἀθηνόδωρον*
345 863 392 894 οὓς
413 863 484 898 ἀμφὶ
503 863 539 889 τὰ
558 863 688 899 Ἐλλήνων
708 865 755 890 καὶ
778 865 845 891 Ῥω-

68 909 149 943 μαίων
162 908 311 943 μαθήματα
323 908 415 939 δεινῶς
427 908 619 943 ἐπτοημένους,
632 908 788 944 φιλοσοφίας
800 911 846 937 αὖ·

65 955 116 986 τοῖς
138 954 226 986 ἐνθεὶς
242 954 339 990 ἔρωτα,
355 954 404 989 τῆς
421 954 555 990 προτέρας
572 954 688 989 σπουδῆς
704 956 754 989 τὴν
770 955 844 983 Θείαν

64 999 176 1035 ἄσκησιν
197 999 474 1032 ἀντικαταλλάξασθαι
497 999 692 1035 προυτρέψατο.
711 1001 794 1027 Πέντε
815 1001 843 1027 δὲ

64 1046 128 1077 ὅλοις
155 1045 245 1072 ἐτεσιν
269 1045 342 1080 αὐτῷ
367 1045 567 1081 συγγενόμενοι,
580 1046 712 1082 τοσαύτην
725 1047 844 1082 ἀπηνέγ-

64 1100 141 1118 καντο
156 1091 220 1126 περὶ
232 1091 266 1117 τὰ
276 1091 334 1117 θεῖα
346 1091 424 1125 λόγια
437 1091 584 1126 βελτίωσιν,
595 1091 632 1123 ὡς
645 1091 684 1118 ἔτι
701 1092 776 1123 νέους
790 1092 842 1128 ἆμ-

65 1146 104 1172 φω
118 1137 270 1172 ἐπισκοπῆς
294 1137 347 1164 τῶν
372 1137 441 1164 κατὰ
455 1137 554 1164 Πόντον
572 1137 736 1174 Ἐκκλησιῶν
759 1137 841 1170 ἀξιω-

65 1183 150 1218 θῆναι.

899 634 1011 662 docendi
1027 641 1140 661 munere
1165 633 1331 668 fungeretur,
1348 641 1400 659 non
1417 633 1503 660 solum
1520 634 1635 669 regionis
1649 634 1681 660 il-

898 680 951 706 lius
966 679 1070 712 incolm,
1087 679 1134 706 sed
1147 678 1228 706 etiam
1244 678 1354 712 plurimi
1369 686 1400 704 ex
1417 678 1605 706 remotissimis
1617 687 1680 714 pro-

897 726 994 753 vinciis
1016 725 1142 760 discipuli
1168 725 1260 752 relicta
1287 725 1373 759 patria
1402 725 1434 751 ad
1456 732 1517 752 eum
1533 733 1680 752 concurre-

897 772 971 799 bant.
987 771 1108 804 Quorum
1133 771 1284 806 praecipuos
1300 770 1384 798 fuisse
1398 771 1575 805 cognovimus
1590 771 1679 798 Theo-

895 818 1003 851 dorum,
1020 817 1066 852 qui
1093 821 1120 845 et
1143 816 1290 851 Gregorius
1315 817 1404 844 dictus
1420 820 1471 846 est.
1487 817 1677 851 episcopomm

896 869 988 891 nostra
1015 868 1093 891 :etate
1118 862 1330 894 celeberrimus;
1347 866 1374 889 et
1389 861 1499 888 fratrem
1515 862 1574 896 ejus
1595 861 1678 888 Athe-

896 910 1039 937 nodorum.
1053 909 1128 942 Quos
1144 909 1273 944 Origenes
1286 907 1388 935 Graecis
1399 907 1582 942 Romanisque
1596 907 1678 935 disci-

895 956 977 991 plinis
992 956 1106 983 nimium
1128 955 1232 982 deditos
1248 962 1309 982 cum
1331 954 1449 986 vidisset,
1468 953 1494 981 in
1509 961 1602 980 eorum
1619 954 1678 980 ani-

893 1010 952 1029 mos
971 1002 1108 1029 instillans
1124 1000 1304 1036 philosophiae
1322 1008 1454 1033 amorem,
1475 1000 1586 1034 abiectis
1603 1000 1676 1034 prio-

892 1047 968 1075 ribus
992 1047 1100 1079 studiis,
1116 1046 1149 1073 ad
1175 1053 1266 1073 rerum
1293 1045 1447 1072 divinarum
1472 1045 1675 1072 meditationem

892 1091 1021 1118 traduxit.
1040 1091 1122 1126 Igitur
1149 1098 1210 1117 cum
1233 1090 1421 1125 quinquennio
1443 1090 1548 1125 integro
1563 1091 1590 1117 in
1614 1090 1675 1124 ejus

890 1136 1028 1164 auditorio
1050 1136 1150 1164 versati
1166 1136 1290 1168 fuissent,
1307 1141 1447 1171 tantopere
1461 1136 1487 1162 in
1500 1137 1599 1164 divinis
1614 1137 1671 1164 elo-

890 1183 961 1217 quiis
976 1182 1278 1217 profecerunt,utlambo
1292 1182 1381 1209 adhuc
1396 1181 1540 1209 admodum
1549 1182 1672 1217 juvenes,

891 1228 1074 1255 Ecclesiarum
1091 1228 1119 1255 in
1144 1227 1230 1254 Ponto
1245 1226 1364 1262 episcopi
1381 1226 1482 1254 fuerint
1494 1227 1645 1255 constituti.

689 1283 762 1311 Idem
781 1285 846 1311 ibid.
867 1293 987 1316 vu,cap.
1004 1285 1046 1312 Η.

689 1293 762 1311 ιαιιηι
781 1293 834 1311 tota

102 1332 143 1358 Ἐν
158 1331 245 1365 τούτῳ
264 1331 292 1358 δὲ
312 1331 360 1366 τῆς
379 1331 428 1366 μὲν
446 1331 588 1366 Ῥωμαίων
609 1331 770 1367 Ἐκκλησίας
786 1333 840 1358 eic-

911 1293 959 1316 ,επ
980 1305 987 1311 .
1004 1293 1046 1312 M.

928 1293 1028 1360 Eafiem
1046 1335 1203 1366 tempestate
1219 1331 1347 1358 Romanae
1362 1330 1470 1366 quidem
1486 1330 1612 1359 Ecclesia:
1624 1331 1672 1358 ad—

65 1378 101 1404 έτι
126 1378 184 1405 τότε
200 1379 346 1413 καθηγεῖτο
358 1378 472 1410 Ξύστος·
494 1378 542 1412 τῆς
562 1377 590 1404 δὲ
613 1377 654 1404 ἐπ’
676 1378 838 1412 Ἀντιοχείας

67 1423 128 1457 μετὰ
149 1424 248 1450 Φάῧιον
271 1423 473 1458 Δημητριανός·
494 1421 666 1457 Φιρμιλιανὸς
685 1422 715 1448 δὲ
736 1422 838 1448 Καισα-

66 1468 132 1503 ρείας
154 1469 201 1504 τῆς
230 1468 436 1496 Καππαδοκῶν·
456 1468 501 1494 καὶ
517 1469 563 1494 ἐπὶ
575 1467 677 1499 τούτοις
693 1467 746 1494 τῶν
770 1468 839 1495 κατὰ

66 1514 155 1541 Πόντον
174 1515 351 1551 Ἐκκλησιῶν,
364 1515 512 1550 Γρηγὸριος
529 1515 575 1541 καὶ
593 1515 608 1540 ὁ
622 1515 715 1541 τούτου
728 1513 839 1548 ἀδελφὸς

71 1561 253 1597 Ἀθηνόδωρος,
262 1563 412 1598 Ὠριγένους
425 1563 565 1598 γνώριμοι.

892 1377 945 1405 huc
957 1381 1070 1412 praeerat
1091 1377 1207 1412 Xystus;
1223 1376 1419 1404 Antiochenam
1436 1385 1500 1404 vero
1516 1382 1577 1411 post
1599 1385 1673 1404 mor-

891 1426 943 1449 tem
968 1421 1042 1448 Fabii
1066 1420 1253 1448 Demetrianus
1278 1421 1403 1456 regebat;
1427 1421 1498 1456 apud
1518 1422 1670 1450 Caesaream

889 1467 1065 1502 Cappadociae
1076 1467 1264 1500 Firmilianus;
1280 1468 1307 1494 in
1323 1467 1408 1495 Ponto
1420 1472 1509 1495 autent
1526 1467 1670 1503 Gregorius

891 1514 1027 1548 fraterque
1045 1513 1105 1549 ejus
1120 1513 1320 1546 Athenodorus,
1341 1513 1421 1541 ambo
1447 1512 1570 1548 Origenis
1587 1514 1670 1541 disci-

891 1561 957 1595 puli,
973 1560 1109 1587 Ecclesias
1123 1560 1319 1595 gubernabant.

127 1619 157 1646 ll.
180 1619 210 1648 S.
232 1620 349 1647 Basilius
364 1620 410 1647 lib.
424 1619 461 1647 De
477 1619 578 1654 Spiritu
593 1624 697 1652 sancto,
710 1627 767 1652 cap.
779 1618 825 1649 29,
839 1617 853 1653 §
866 1617 910 1648 74,
926 1617 992 1651 Opp.
1006 1622 1068 1645 tant.
1091 1616 1135 1650 lll,
1147 1625 1206 1651 pag.
1218 1617 1262 1648 62,
1275 1617 1339 1644 edit.
1353 1616 1441 1644 Paris.
1455 1617 1512 1644 ΒΒ.
1527 1617 1603 1645 Πδο.

95 1678 240 1714 Γρηγόριον
258 1679 286 1706 δὲ
302 1679 347 1705 τὸν
364 1679 467 1713 Μέγαν,
486 1679 532 1706 καὶ
555 1678 604 1711 τὰς
626 1678 729 1705 ἐκείνου
745 1677 835 1713 φωνὰς

65 1724 110 1750 ποῦ
133 1725 267 1760 θήσομενς
284 1723 345 1760 Ἀρ*
360 1725 419 1759 ουχὶ
443 1724 510 1759 μετὰ
533 1724 585 1751 τῶν
609 1724 762 1751 ἀποστόλων
789 1725 835 1751 καὶ

64 1770 215 1805 προφητῶν,
231 1769 315 1805 ἄνδρα.
331 1769 369 1804 τῷ
383 1769 456 1804 αὐτῷ
472 1769 608 1804 Πνεὺματι
625 1769 738 1801 ἐκείνοις
759 1778 834 1804 περι-

65 1817 222 1850 πατήσαντα,
239 1815 285 1842 καὶ
301 1817 356 1846 τοῖς
369 1815 422 1842 τῶν
434 1815 518 1849 ἁγίων
531 1815 614 1850 ἴχνεσι
625 1815 667 1841 διὰ
680 1815 777 1846 παντὸς
786 1815 833 1841 τοῦ

64 1859 115 1893 βίου
131 1863 317 1896 στοιχήσαντα,
331 1862 377 1887 καὶ
395 1862 444 1897 τῆς
465 1861 643 1896 εὐαγγελικῆς
657 1860 790 1892 πολιτείας
803 1860 833 1886 τὸ

63 1906 164 1941 ἀκριϐὲς
178 1907 223 1933 διὰ
239 1907 328 1942 πάσης
347 1906 428 1933 αὑτοῦ
449 1907 496 1941 τῆς
519 1907 591 1941 ζωῆς
607 1905 831 1942 κατορθώσαντα;

68 1950 130 1984 Ἐγὼ
146 1952 193 1986 μὲν
210 1952 288 1978 τοῦτο
301 1952 386 1987 φημί·
405 1950 442 1979 7H
459 1952 621 1986 ἀδικήσομεν
631 1951 681 1987 τὴν
696 1950 832 1986 ἀλήθειαν,

64 1997 95 2031 μὴ
111 1998 163 2028 τοῖς
180 1997 364 2032 ᾠκειωμένοις
384 1996 442 2032 θεῷ
462 1997 510 2032 τὴν
531 1997 618 2032 ψυχὴν
632 1997 738 2031 ἐκείνην
754 2004 833 2022 συνα-

62 2043 210 2077 ριθμοῦντες
219 2051 225 2058 ·
245 2041 299 2070 οἶόν
313 2051 371 2069 τινα
384 2043 534 2078 λαμπτῆρα
546 2042 679 2078 περιφανῆ
694 2042 788 2077 μέγαν,
803 2042 832 2068 ἐν

61 2090 89 2123 τῇ
106 2088 248 2125 Ἐκκλησίᾳ
263 2088 309 2116 τοῦ
320 2088 384 2115 θεοῦ
397 2088 585 2124 διαλάμψαντα
595 2097 601 2102 ·
616 2087 645 2119 ὃς
656 2088 769 2124 φοϐερὸν
782 2088 831 2123 μὲν

61 2131 124 2167 εἶχεν
142 2135 172 2160 ὲκ
191 2135 241 2170 τῆς
255 2134 301 2160 τοῦ
318 2133 472 2168 Πνεύματος
489 2133 632 2169 συνεργίας
648 2133 719 2160 κατὰ
736 2133 830 2168 δαιμό-
842 2154 863 2182 C

61 2186 106 2204 νων
120 2179 148 2205 τὸ
163 2180 271 2215 κράτος.
280 2180 417 2215 Τοσαύτην
433 2179 460 2205 δὲ
475 2179 552 2206 ἔλαϐε
566 2180 611 2206 τοῦ
625 2179 703 2214 λόγου
719 2180 768 2215 τὴν
781 2180 828 2215 χὰ-

62 2233 97 2258 ριν
110 2226 146 2256 εἰς
162 2225 282 2261 ὑπακοὴν
297 2226 410 2257 πίστεως
424 2227 452 2252 ἐν
465 2227 520 2258 τοῖς
533 2225 645 2258 ἔθνεσιν,
659 2226 728 2252 ὥστε
743 2227 825 2253 ἑπτα-

60 2270 160 2297 χαίδεκα
186 2272 282 2306 μόνους
307 2272 483 2306 Χριστιανοὺς
508 2270 680 2306 παραλασὼν,
702 2270 760 2297 ὅλον
781 2271 827 2297 τὸν

60 2314 113 2341 λαόν
127 2317 170 2343 τόν
192 2326 221 2344 τε
241 2317 349 2344 ἀστικὸν
366 2318 411 2344 καὶ
428 2317 473 2343 τὸν
487 2317 630 2352 χωριτικὺν
646 2316 689 2343 διὰ
704 2317 752 2352 τῆς
769 2317 826 2343 ὲπι-

60 2360 172 2394 γνώσεως
193 2364 348 2399 προσήγαγε
371 2363 410 2398 τῷ
428 2363 496 2398 Θεῷ.
505 2364 621 2395 Ἐκεῖνος
636 2363 682 2389 καὶ
698 2363 825 2398 ποταμῶν

61 2407 143 2442 ῥεῖθρα
166 2409 339 2444 μετέστησεν,
354 2407 481 2440 ἐπιτάξας
504 2409 592 2440 αὐτοῖς
611 2410 639 2436 ὲν
660 2408 698 2444 τῷ
714 2409 824 2444 ὀνόματι

58 2451 90 2486 τῷ
106 2453 209 2488 μεγάλῳ
227 2454 273 2480 τοῦ
288 2453 404 2490 Χριστοῦ
414 2463 421 2469 ·
439 2454 484 2480 καὶ¹
504 2453 600 2490 λίμνην
616 2454 744 2490 ἐξήρανεν
759 2454 824 2481 ὑπό-

60 2494 122 2523 θεσιν
137 2498 251 2534 πολέμου
268 2499 403 2535 φέρουσαν
418 2499 539 2534 ἀδελφοῖς
559 2499 738 2531 πλεονέκταις.
753 2500 784 2526 Ai
795 2499 823 2526 δὲ

58 2540 104 2567 τῶν
114 2543 256 2577 μελλόντων
267 2545 475 2580 προαγορεύσεις
489 2545 619 2577 τοιαῦται,
628 2545 665 2577 ὡς
678 2545 758 2580 μηδὲν
769 2545 822 2572 τῶν

59 2585 132 2613 ἄλλων
151 2589 256 2616 ἀποδεῖν
280 2590 433 2625 προφητῶν.
452 2591 506 2617 Καὶ
524 2591 591 2622 ὅλως
609 2591 713 2627 μακρὸν
729 2591 761 2617 ἄν
778 2590 819 2627 εῖη

57 2630 96 2656 τοῦ
118 2633 206 2669 ἀνδρὸς
220 2635 368 2670 διηγεῖσθαι
390 2636 423 2663 τὰ
439 2635 572 2671 Θαύματα,
589 2636 617 2668 ὃς
634 2638 665 2672 τῇ
685 2637 818 2672 ὑπερϐολῇ

57 2676 102 2702 τῶν
117 2680 142 2705 ὲν
152 2681 223 2716 αξιτῷ
238 2683 412 2718 χαρισμάτων
423 2682 476 2708 τῶν
490 2683 690 2719 ἐνεργουμένων
707 2683 759 2709 ὑπὸ
771 2683 818 2710 τοῦ

59 2721 198 2760 Πνεύμ-ατος
216 2729 243 2754 ἐν
255 2729 328 2765 πάσῃ
342 2729 452 2763 δυνάμει
465 2729 511 2756 καὶ
524 2729 644 2764 σημείοις
654 2730 700 2756 καὶ
713 2730 816 2764 τέρασι,

58 2766 167 2806 δεύτερος
183 2773 300 2809 Μωῦσῆς
316 2775 379 2809 παρ’
396 2775 484 2801 αὐτῶν
499 2774 553 2801 τῶν
571 2774 675 2810 ἐχθρῶν
689 2775 736 2810 τῆς
753 2775 817 2809 ἀλη-

57 2810 119 2856 θείας
141 2817 309 2854 ἀνηγόρευτο.
324 2818 417 2852 οὕτως
440 2819 514 2856 αὐτῷ
538 2821 568 2847 ἐν
591 2821 672 2848 παντὶ
684 2820 755 2856 λόγῳ
770 2821 816 2847 καὶ

57 2855 120 2894 ῐργῳ
129 2861 178 2889 τῶν
192 2864 400 2900 ἐπιτελουμένων
412 2865 456 2892 διὰ
470 2865 517 2902 τῆς
527 2866 636 2902 χάριτος
648 2864 703 2894 οἶόν
717 2855 744 2893 τι
757 2865 815 2902 φῶς

922 1676 1054 1704 Caeterum
1067 1677 1224 1712 Gregorium
1243 1675 1380 1712 Magnum,
1395 1682 1422 1704 et
1433 1677 1505 1704 illius
1519 1685 1599 1704 voces
1613 1686 1667 1712 quo

886 1724 947 1751 loco
960 1723 1078 1758 ponam?
1092 1723 1189 1749 Annon
1205 1730 1267 1750 cum
1282 1722 1410 1757 apostolis
1426 1726 1452 1749 et
1466 1723 1614 1757 prophetis,
1628 1723 1667 1749 vi-

886 1777 945 1795 rum
960 1768 1005 1803 qui
1021 1769 1114 1795 eodem
1130 1767 1232 1802 Spiritu
1250 1776 1304 1802 quo
1318 1768 1354 1794 illi
1369 1772 1492 1795 versatus
1506 1768 1550 1799 sit,
1566 1769 1665 1803 quique

885 1819 1041 1841 sanctorum
1066 1814 1187 1849 vestigiis
1211 1821 1258 1848 per
1284 1821 1392 1840 omnem
1407 1814 1489 1840 vitam
1516 1813 1664 1845 inhaeserit,

885 1861 985 1895 quique
1004 1852 1163 1895 evangelicae
1177 1860 1389 1887 conversationis
1404 1860 1522 1895 vigorem
1543 1860 1662 1894 quandiu

884 1906 952 1933 vixit
976 1905 1147 1940 praestiterit?
1160 1905 1290 1940 Equidem
1309 1905 1373 1932 illud
1390 1905 1503 1932 dixerim
1521 1914 1528 1932 :
1543 1905 1663 1940 profecto

883 1952 983 1986 injuria
999 1951 1168 1978 aﬂ‘ecerimus
1183 1951 1334 1984 veritatem,
1347 1951 1369 1978 si
1389 1959 1441 1978 non
1455 1951 1573 1978 animam
1589 1952 1662 1978 illam

882 2005 1092 2024 annumeremus
1112 1997 1145 2024 iis
1158 1997 1202 2032 qui
1219 1997 1275 2024 Deo
1286 1997 1372 2032 juncti
1386 2002 1460 2028 sunt,
1474 1999 1521 2032 qui
1536 1999 1609 2025 velut
1621 1999 1663 2025 in-

881 2043 965 2078 signis
979 2051 1129 2079 magnaque
1145 2043 1253 2070 lucerna
1278 2043 1305 2071 in
1331 2043 1450 2071 Ecclesia
1475 2043 1521 2071 Dei
1537 2045 1661 2078 resplen-

879 2089 949 2122 duit,
966 2089 1011 2124 qui
1038 2097 1053 2116 e
1072 2088 1189 2124 Spiritus
1204 2096 1254 2123 ope
1274 2090 1438 2116 tremendam
1458 2089 1551 2116 habuit
1566 2090 1661 2116 adver-

880 2143 927 2163 sus
950 2135 1086 2162 daemones
1110 2139 1279 2169 potestatem.
1301 2133 1368 2161 Nam
1392 2138 1493 2161 tantam
1519 2140 1661 2168 acceperat

880 2181 993 2216 gratiam
1011 2181 1043 2208 ad
1063 2181 1242 2208 obedientiam
1269 2179 1330 2206 fidei
1355 2180 1424 2206 inter
1441 2183 1544 2213 gentes,
1562 2183 1592 2206 ut
1615 2187 1661 2207 as-

880 2227 996 2261 sumptis
1012 2234 1065 2253 non
1081 2226 1141 2260 plus
1160 2225 1348 2260 septemdecim
1361 2224 1534 2256 Christianis,
1549 2225 1659 2252 univer-

878 2279 938 2299 sum
966 2272 1106 2307 populum,
1125 2276 1152 2299 et
1181 2272 1314 2298 urbanum
1344 2274 1371 2298 et
1398 2269 1579 2301 rusticanum.
1610 2279 1658 2306 per

877 2317 1041 2352 agnitionem
1059 2317 1212 2352 adjunxerit
1225 2316 1289 2344 Deo.
1302 2315 1348 2343 Ille
1362 2319 1390 2342 et
1404 2315 1545 2342 fluminum
1558 2323 1656 2343 cursus

876 2362 903 2390 in
917 2363 1053 2390 diversum
1069 2363 1158 2394 vertit,
1172 2362 1330 2397 przecipiens
1347 2361 1400 2388 illis
1413 2361 1439 2388 in
1454 2369 1553 2396 magno
1568 2361 1656 2388 nomi-

875 2416 909 2435 ne
937 2407 1052 2441 Christi;
1073 2414 1100 2436 et
1125 2408 1246 2443 paludem
1272 2407 1428 2438 exsiccavit,
1453 2407 1514 2434 belli
1542 2414 1652 2433 causam

874 2455 1034 2489 praehentem
1054 2454 1181 2482 fratribus
1197 2454 1294 2481 avaris.
1312 2452 1443 2480 Caeterum
1465 2452 1654 2488 pmdictimies

873 2501 906 2527 de
919 2500 1029 2532 futuris,
1048 2501 1182 2535 ejusmodi
1194 2505 1267 2532 sunt,
1285 2505 1314 2528 ut
1328 2501 1413 2527 nihilo
1425 2501 1460 2527 sit
1475 2498 1585 2526 inferior
1601 2507 1653 2526 cae-

873 2546 938 2573 teris
960 2545 1108 2581 prophetis.
1126 2545 1177 2573 Sed
1192 2546 1304 2573 omnino
1326 2545 1483 2580 perlongum
1504 2543 1585 2571 fuerit
1602 2544 1651 2570 viri

872 2599 1030 2626 percensere
1053 2591 1193 2624 miracula,
1210 2591 1256 2625 qui
1275 2595 1383 2626 propter
1406 2591 1539 2617 donorum
1562 2589 1652 2617 excel-

871 2638 980 2665 lentiam
997 2646 1058 2672 qum
1082 2639 1109 2665 in
1136 2638 1194 2671 ipso
1212 2638 1374 2672 operabatur
1388 2636 1514 2671 Spiritus,
1536 2636 1562 2662 in
1575 2635 1650 2663 omni

870 2684 978 2715 virtute.
996 2683 1081 2718 signis
1096 2692 1127 2710 ac
1142 2684 1281 2719 prodigiis,
1298 2683 1331 2710 ab
1345 2683 1411 2717 ipsis
1426 2684 1507 2710 etiam
1528 2682 1650 2710 veritatis

870 2730 995 2757 hostibus
1010 2730 1078 2757 alter
1092 2730 1198 2766 Moyses
1216 2730 1363 2765 appellatus
1381 2729 1441 2756 fuit.
1463 2729 1538 2757 Adeo
1558 2737 1584 2756 in
1603 2728 1649 2756 illo

869 2775 896 2802 in
922 2775 1049 2803 omnibus
1069 2780 1126 2803 tum
1145 2776 1224 2803 dictis
1244 2780 1301 2802 tum
1320 2775 1407 2807 factis,
1421 2782 1515 2802 eorum
1529 2782 1590 2809 qum
1601 2781 1649 2808 per

868 2822 980 2856 gratiam
995 2822 1201 2856 peragebantur.
1211 2821 1292 2849 veluti
1309 2822 1398 2848 lumen
1423 2820 1539 2853 refulsit,
1554 2827 1647 2853 super-

866 2866 985 2895 ccelcstis
1004 2867 1110 2895 virtutis
1124 2867 1263 2897 indicium.
1281 2874 1341 2899 qua
1355 2875 1387 2895 ex
1403 2866 1509 2894 occulto
1529 2867 1648 2893 assecta-
