1857 3047
193 89 245 118 ι’ῖὸ

635 87 662 114 S.
684 86 882 115 GREGORIUS
904 88 947 115 ΤΗ
953 87 1070 116 AUMAT
1077 89 1144 118 URG
1151 90 1206 118 US.

1757 99 1802 125 976

192 148 273 176 batur
297 146 383 174 illum.
398 145 483 179 Hujus
499 149 525 172 et
545 144 572 171 in
586 145 746 172 hodiernum
772 154 879 180 quoque
901 147 971 174 diem
987 151 1009 178 Α
1024 148 1124 184 ὲπὲλίίμ

1053 148 1172 184 ιέλίίμψε,
1190 159 1300 186 μηνυμα
1313 152 1361 187 τῆς
1374 154 1532 189 ἐπουρανίου
1548 154 1702 189 δυνάμεως,
1715 155 1764 191 τῆς
1778 158 1803 183 ἐκ

193 201 290 227 magna
307 197 349 220 est
364 192 434 226 apud
449 191 508 226 ejus
525 191 641 226 regionis
663 191 786 218 homines
800 192 944 219 admiratio
963 203 968 219 :

193 245 341 272 recensque
355 244 386 264 ac
399 244 506 270 semper
519 236 613 270 vigens
636 237 764 264 memoria
780 238 819 264 sic
835 237 916 264 inﬁxa
930 243 972 265 est

194 284 331 314 Ecclesiis,
350 287 378 310 ut
402 283 477 309 nullo
493 286 613 316 tempore
629 283 790 310 obsolescat.
812 283 903 319 Itaque
918 292 971 311 non

193 329 293 356 factum
319 329 438 363 aliquod,
454 336 508 355 non
534 328 647 362 dictum,
665 336 720 356 non
745 329 860 356 formam
887 330 970 357 ullam

193 377 344 411 mysticam,
360 375 431 402 ultra
448 382 529 409 quam
548 375 601 402 illis
617 374 735 409 reliquit,
757 374 883 402 Ecclesiae
897 376 969 410 adje-

191 426 295 449 cerunt.
311 420 481 455 Quapropter
496 420 576 447 etiam
593 420 676 447 multa
699 428 731 447 ex
756 421 798 448 his
819 429 879 456 qua:
901 421 971 455 apud

193 468 253 494 illos
269 472 386 502 aguntur
401 467 426 494 in
444 467 542 494 ritibus
552 467 676 494 videntur
688 466 852 501 imperfecta,
864 472 972 501 propter

193 512 371 540 institutionis
391 513 590 547 antiquitatem.
609 511 701 547 Neque
715 513 786 539 enim
803 513 972 540 sustinebant

193 560 239 594 qui
257 560 284 586 in
299 559 482 587 Ecclesiarum
497 558 759 585 administrationem
773 563 971 590 successerant,

193 606 374 633 additamenta
390 612 450 640 quae
474 609 535 640 post
551 605 626 631 illum
642 604 785 631 adinventa
810 608 882 635 sunt,
901 604 971 631 reci-

191 659 267 687 pere.
286 650 361 678 Unus
387 651 469 686 igitur
489 650 540 678 fuit
562 650 765 685 gloriiicalionis
779 650 875 676 modus
891 657 970 684 quem

191 699 309 726 instituit
323 697 478 733 Gregorius,
494 689 556 723 et‘is
570 695 614 723 cui
632 703 705 722 nunc
719 695 922 726 contradicitur,
938 702 972 721 ex

191 744 265 772 illius
281 743 427 770 traditione
443 742 470 768 iu
485 740 606 769 Ecclesia
620 740 791 768 observatus.

1024 193 1070 220 τοῦ
1083 194 1200 228 ἀφανοῦς
1212 197 1404 233 παρεπομένης
1417 199 1500 231 αὐτῷ.
1512 199 1614 226 Τούτου
1629 200 1701 234 μέγα
1712 200 1752 226 ἔτι
1764 202 1802 227 καὶ

1025 240 1071 266 νῦν
1083 242 1138 272 τοῖς
1148 242 1288 277 ἐγχωρίοις
1300 243 1330 269 τὸ
1341 243 1442 279 θαῦμα,
1454 245 1499 271 καὶ
1514 245 1599 280 νεαρὰ
1610 245 1656 272 καὶ
1670 246 1714 272 ἀεὶ
1728 248 1803 282 πρός-

1024 287 1138 321 φατοςὴ
1158 288 1250 322 μνήμη
1274 290 1333 320 ταῖς
1355 290 1525 325 Ἐκκλησίαις
1549 291 1698 326 ἐνίδρυται,
1723 293 1802 318 οὐδενὶ

1024 332 1112 367 χρόνῳ
1126 332 1330 369 ἀμαυρουμένη.
1348 335 1451 362 Οὐκοῦν
1464 337 1493 362 οὺ
1511 337 1611 372 πρᾶξίν
1627 346 1698 369 τινα,
1715 339 1747 364 οὗ
1763 339 1801 364 λί-

1024 385 1082 410 γον,
1097 378 1127 404 οὐ
1151 378 1233 405 τύπον
1249 381 1309 407 τινὰ
1326 382 1454 416 μυστικὸν
1475 383 1540 418 παρ’
1552 383 1582 408 ὂν
1598 384 1714 415 ἐκείνοις
1727 385 1801 410 κατέ-

1024 421 1096 455 λιπε,
1109 425 1141 458 τῇ
1157 424 1302 460 Ἐκκλησία
1314 427 1493 462 προσέθηκαν.
1505 428 1597 465 Ταύτῃ
1612 438 1651 455 τοι
1664 430 1711 456 καὶ
1725 430 1801 456 πολλὰ

1024 467 1077 494 τῶν
1096 469 1161 504 παρ’
1179 470 1268 502 αὐτοῖς
1285 471 1451 506 τελουμένων
1473 473 1603 505 ὲλλειπῶς
1628 475 1701 509 ἔχειν
1724 476 1800 506 δοκεῖ,

1023 513 1067 540 διὰ
1094 514 1124 540 τὸ
1150 515 1199 550 τῆς
1222 517 1411 549 καταστάσεως
1430 519 1636 554 ἁρχαιότροπον.
1655 521 1741 547 Οὐδὲν
1755 522 1802 556 γάρ

1020 559 1164 594 ἠνέσχοντο
1184 562 1292 589 οἱκατὰ
1312 564 1433 600 διαδοχὴν
1454 565 1503 597 τὰς
1526 566 1689 602 Ἐκκλησίας
1705 568 1800 594 οἰκον)

1023 604 1166 639 μήσαντες,
1183 607 1235 633 τῶν
1264 609 1321 642 μετ’
1337 610 1438 637 ἐκεῖνον
1462 611 1663 646 ἐφευρεθέντων
1688 613 1801 648 παραδέ-

1022 648 1116 680 ξασθαι
1127 652 1166 682 εἰς
1180 653 1398 689 προσθήκην.”Ὲν
1415 655 1502 682 τοίνυν
1515 655 1569 682 τῶν
1583 657 1749 692 Γρηγορίου,
1761 657 1800 684 καὶ

1019 695 1034 721 ό
1050 694 1095 721 νῦν
1109 696 1311 733 ἀντιλεγόμενος
1328 699 1427 734 τρόπος
1441 701 1490 736 τῆς
1504 701 1657 736 δοξολογίας
1674 703 1761 734 ἐστὶν,
1775 705 1800 730 ἐκ

1019 740 1069 775 τῆς
1085 741 1188 768 ἐκείνου
1197 743 1368 779 παραδόσεως
1376 746 1408 780 τῇ
1424 746 1569 783 Ἐκκλησία
1585 748 1799 784 πεφυλαγμένος.

625 798 699 826 Idem
719 799 796 833 epist.
814 797 860 831 28,
873 805 943 823 num.
963 796 975 823 Ι
996 803 1020 824 et
1039 798 1066 831 2,
1079 798 1143 826 ibid.
1155 808 1215 834 pag.
1232 801 1281 827 £07
1295 810 1348 837 seq.

226 849 319 884 Neque
337 855 400 875 vero
416 847 528 882 attingat
542 853 662 880 unquam
678 844 848 880 (Ecciesiam
862 844 970 871 Neocae—
986 847 1007 874 Β
1055 845 1124 879 Μήτε

1055 845 1130 879 Μήτε
1144 845 1172 872 δὲ
1188 846 1285 881 ἅψαιτό
1300 856 1373 880 ποτε,
1387 846 1409 875 ὦ
1421 849 1543 877 Δέσποτα
1556 851 1612 877 τῶν
1624 851 1764 883 ἁπάντων,
1777 854 1801 884 ὃς

192 897 341 924 sariensem
357 893 543 921 hatreticorum
563 896 704 919 ventorum
719 889 822 925 aestus),
836 897 852 916 ο
864 889 971 916 univer-

191 949 284 970 sorum
313 939 443 972 Domine;
469 938 516 973 qui
542 936 643 964 famulo
660 941 705 963 tuo
721 935 861 970 Gregorio,
882 942 897 961 a
916 941 970 969 quo

190 987 263 1015 basis
286 985 414 1012 Ecclesia:
440 983 474 1010 ab
498 983 574 1010 initio
601 986 752 1016 compacta,
768 980 970 1015 tranquillitatis

190 1030 356 1066 longissimae
369 1036 468 1056 munus
482 1027 615 1055 dedisti...
634 1025 684 1059 Qui
700 1033 715 1052 a
730 1033 828 1060 magno
844 1024 970 1052 Ecclesiae

190 1082 287 1105 vestrae
309 1075 422 1111 praeside
446 1074 574 1108 Gregorio
600 1080 686 1106 usque
709 1072 742 1098 ad
768 1072 839 1099 hunc
861 1072 968 1098 beatum

190 1121 386 1160 (Musonium),
401 1121 515 1148 alterum
539 1119 566 1146 in
590 1118 701 1146 alterius
716 1118 806 1145 locum
821 1117 968 1150 suﬂiciens,

189 1175 349 1204 semperque
363 1166 505 1204 adaptans,
520 1165 593 1192 velut
608 1172 640 1191 ex
658 1164 774 1199 quadam
789 1164 968 1198 pretiosorum

191 1215 309 1250 lapidum
324 1212 514 1244 commissura,
524 1211 623 1238 mirum
637 1215 825 1237 ornamentum
843 1209 970 1237 Ecclesia:

190 1265 284 1289 vestrae
299 1259 414 1295 largitus
427 1263 477 1286 est.

1023 888 1061 923 τῷ
1078 889 1116 924 σῷ
1133 889 1275 926 θεράποντι
1290 891 1440 927 Γρηγορίῳ,
1456 893 1495 928 τῷ
1510 893 1538 926 ἐξ
1554 894 1642 929 ἀρχῆς
1657 895 1802 930 πηξαμένῳ

1022 933 1071 967 τὴν
1087 933 1205 969 κρηπῖδα
1216 935 1266 969 τῆς
1284 935 1452 971 Ἑκκλησίας,
1469 938 1517 973 τῆς
1532 939 1579 965 ἐπὶ
1595 940 1729 974 μήκιστον
1744 940 1801 966 ἀτει-

1024 978 1115 1013 ραξίας
1140 980 1188 1015 τὴν
1213 981 1291 1016 χάριν
1319 982 1529 1016 ἕδωκας.....’ος
1544 984 1599 1011 ἀπὸ
1621 986 1670 1012 τοῦ
1688 986 1801 1021 μεγάλω

1022 1025 1170 1060 προστάτου
1196 1028 1244 1061 τῆς
1263 1027 1422 1062 Ἐκκλησίας
1449 1029 1525 1063 ὑμῶν
1548 1030 1702 1067 Γρηγορίου
1726 1033 1800 1067 μέχρι

1022 1069 1066 1096 τοῦ
1083 1071 1216 1106 μακαρίου
1228 1071 1333 1103 τούτου,
1350 1072 1427 1099 ἄλλον
1440 1074 1482 1099 ἐπ’
1498 1073 1570 1109 ἄλλῳ
1587 1075 1746 1110 προστιθεὶς
1760 1077 1801 1102 καὶ

1023 1117 1196 1152 συναρμόζων
1211 1117 1263 1150 ἀεὶ,
1277 1117 1330 1145 οἷον
1347 1120 1379 1145 ἐκ
1398 1119 1467 1152 τινὸς
1483 1120 1572 1156 ἀρμοῦ
1589 1121 1674 1148 λίθων
1692 1123 1800 1149 πολυτε-

1021 1161 1084 1193 λῶν,
1110 1162 1264 1198 οαυμαστδν
1286 1162 1340 1191 οἷον
1363 1164 1459 1197 κάλλος
1477 1166 1526 1201 τῆς
1543 1167 1709 1202 Ἐκκλησίας
1730 1169 1801 1203 ὑμῶν

1022 1208 1174 1244 ἐχαρίσατο.

700 1301 774 1329 Idem
786 1303 862 1336 epist.
884 1302 936 1329 204
952 1309 1023 1329 num.
1038 1301 1065 1333 2,
1078 1300 1142 1326 ibid.
1158 1308 1220 1335 pag.
1232 1300 1292 1327 ⁵503.

224 1353 343 1381 Alterum
369 1351 422 1378 huc
444 1349 556 1382 accedit,
580 1349 652 1384 quod
667 1349 770 1383 siquid
784 1349 875 1384 magni
891 1349 968 1376 aﬂ'ert

189 1399 224 1426 ad
244 1398 475 1434 coniunctionem.
490 1397 571 1423 etiam
598 1395 692 1422 iisdem
711 1395 749 1422 uti
767 1395 914 1429 magistris,
936 1395 968 1422 ii-

188 1446 249 1472 dem
263 1444 342 1472 nobis
362 1443 416 1471 sint
434 1450 465 1470 ac
481 1442 556 1469 vobis
570 1441 692 1476 magistri
711 1442 900 1476 mysteriorum
920 1440 967 1468 Dei

188 1496 215 1519 et
231 1495 320 1526 patres
344 1489 507 1524 spirituales,
520 1487 566 1521 qui
590 1487 667 1513 initio
683 1485 832 1513 Ecclesiam
848 1491 966 1514 vestram

189 1537 336 1564 fundarunt
354 1543 362 1562 :
376 1534 533 1568 Gregorium
553 1533 613 1560 dico
627 1540 763 1560 summum
778 1532 852 1560 illum
866 1533 964 1567 'virum,

187 1587 214 1610 et
225 1585 355 1616 quotquot
371 1584 431 1615 post
448 1586 509 1606 eum
524 1578 581 1606 sedi
596 1578 665 1612 apud
680 1585 729 1605 vos
742 1577 888 1612 episcopali
903 1586 966 1606 suc-

188 1627 323 1659 cedentes,
338 1625 407 1652 alius
434 1628 495 1659 post
519 1623 601 1650 alium
625 1622 708 1649 veluti
736 1622 820 1649 stella;
843 1622 964 1656 quaedam

187 1671 350 1702 exorientes,
364 1668 459 1696 iisdem
473 1668 594 1703 vestigiis
608 1667 779 1699 institerunt;
795 1666 862 1694 adeo
877 1671 906 1693 ut
919 1675 965 1694 ne-

187 1717 255 1745 nini
278 1717 393 1745 obscura
414 1715 573 1750 reliquerint
593 1713 709 1742 caelestis
734 1713 851 1740 instituti
869 1721 964 1740 monu-

188 1767 289 1791 menta.

1055 1347 1183 1383 Δεύτερον
1198 1347 1235 1380 δὲ,
1251 1347 1290 1373 ὅτι
1304 1347 1364 1373 εἴτι
1381 1347 1452 1382 μέγα
1465 1349 1650 1384 συμϐάλλεται
1665 1350 1734 1386 amb;
1746 1360 1802 1378 συν-

1021 1393 1116 1427 άφειαν
1132 1392 1177 1418 καὶ
1196 1391 1225 1417 τὸ
1249 1391 1303 1417 τῶν
1320 1391 1407 1418 αὐτῶν
1423 1394 1566 1428 μετασχεῖν
1580 1393 1763 1426 διδασκάλων,
1779 1397 1801 1421 oi.

1020 1438 1096 1464 αὐτοὶ
1111 1438 1174 1472 ὑμῖν
1198 1445 1226 1463 τε
1243 1437 1296 1463 εἰσὶ
1316 1437 1363 1464 καὶ
1379 1438 1444 1472 ἡμῖν
1460 1438 1616 1465 διδάσκαλοί
1633 1448 1662 1466 τε
1677 1440 1733 1467 τῶν
1754 1450 1802 1476 μυ-

1020 1484 1137 1519 στηρίων
1153 1483 1199 1510 τοῦ
1218 1483 1295 1515 Θεοῦ,
1313 1483 1359 1510 καὶ
1383 1484 1500 1518 πατέρες
1516 1486 1709 1519 πνευματικοὶ,
1728 1488 1753 1513 οἱ
1775 1488 1801 1519 ἐξ

1017 1530 1104 1565 ἀρχῆς
1116 1530 1164 1564 τὴν
1185 1529 1343 1564 Ἐκκλησίαν
1358 1530 1406 1565 τὴν
1420 1531 1552 1566 ὑμετέραν
1570 1532 1799 1568 θεμελιώσαντες·

1017 1575 1163 1611 Γρηγόριον
1176 1574 1246 1609 λέγω
1256 1575 1300 1602 τὸν
1313 1569 1394 1607 πάνυξ
1407 1577 1453 1602 καὶ
1464 1576 1519 1602 ὅσοι
1534 1577 1632 1612 ἐφεξῆς
1645 1579 1744 1614 ἐκείνῳ
1756 1579 1802 1612 τῆς

1018 1622 1081 1657 παρ’
1097 1621 1159 1656 ὑμῖν
1174 1621 1324 1656 ἐπισκοπῆς
1338 1621 1382 1648 τὸν
1403 1621 1493 1657 θρόνον
1508 1622 1707 1658 διαδεξάμενοι,
1726 1624 1802 1655 ἄλλος

1018 1669 1061 1694 ἐπ’
1075 1667 1146 1703 ἄλλῳ
1159 1668 1252 1703 ὥσπερ
1267 1668 1337 1699 τινὲς
1352 1668 1465 1704 ἀστέρες
1479 1670 1720 1702 ἐπανατέλλοντες,
1733 1671 1800 1697 κατὰ

1016 1713 1069 1740 τῶν
1090 1714 1178 1741 αὐτῶν
1197 1713 1276 1749 ἰχνῶν
1291 1714 1438 1749 ἐπέδησαν,
1457 1714 1525 1741 ὥστε
1541 1715 1697 1750 διάγνωστα
1721 1725 1802 1743 κατα-

1015 1759 1103 1786 λιπεῖν
1129 1760 1176 1794 τῆς
1204 1759 1263 1786 κατ’
1279 1760 1390 1795 οὐρανὸν
1416 1760 1551 1792 πολιτείας
1574 1762 1609 1789 τὰ
1626 1764 1730 1798 σημεῖα
1747 1764 1801 1793 τάς

1016 1805 1198 1841 βουλομένοις.

628 1851 703 1879 Idem
713 1851 790 1886 epist.
804 1851 866 1884 207,
885 1860 956 1879 num.
973 1851 1000 1886 4,
1014 1853 1077 1880 ibid.
1091 1861 1151 1888 pag.
1170 1853 1218 1881 5H
1232 1858 1256 1880 et
1267 1861 1334 1889 seqq.

222 1910 275 1938 Sed
292 1911 359 1942 baac,
373 1909 470 1943 inquit,
484 1915 538 1935 non
555 1912 633 1935 erant
651 1912 772 1943 tempore
792 1907 883 1942 magni
897 1907 963 1935 Gre-

187 1957 289 1993 gorii...
306 1955 367 1983 Haec
383 1960 471 1982 autem
485 1963 538 1982 non
553 1954 637 1982 fuisse
657 1955 708 1982 sub
725 1954 882 1981 admirando
895 1953 962 1981 Gre-

187 2002 272 2038 gorio,
285 2008 418 2036 quosnam
433 1999 536 2028 habetis
552 2000 655 2027 testes?
666 1999 713 2034 qui
728 1999 836 2034 quidem
849 1998 916 2026 nihil
930 2006 964 2026 ex

186 2046 260 2074 illius
287 2045 417 2073 institutis
443 2044 573 2071 hactenus
596 2043 811 2071 conservastis...
833 2042 964 2070 Tantum-

186 2091 267 2119 modo
290 2099 355 2119 saua
379 2091 434 2118 sint
459 2097 520 2124 qua?
546 2094 609 2117 sunt
634 2089 778 2124 praecipua,
792 2094 817 2116 et
831 2089 963 2115 novitates

185 2138 256 2165 circa
270 2137 348 2165 (idem
363 2136 560 2171 compescite...
573 2135 692 2170 Gregorii
704 2135 783 2162 verba
799 2142 832 2162 ne
841 2134 909 2162 falso
922 2134 963 2161 in-

184 2183 380 2218 terpretemini.

1056 1908 1123 1934 Ἀλλ’
1140 1908 1189 1934 οὐκ
1203 1905 1246 1943 ἦν,
1265 1908 1341 1943 φησὶ,
1359 1908 1443 1935 ταῦτα
1459 1908 1506 1934 ἐπὶ
1521 1908 1568 1936 τοῦ
1592 1909 1713 1944 μεγάλου
1728 1911 1797 1947 Γρη-

1015 1954 1116 1990 γορίου.
1130 1974 1137 1981 .
1150 1976 1156 1981 .
1169 1955 1229 1982 Ὅτι
1241 1955 1269 1981 δὲ
1283 1955 1333 1981 οὐκ
1355 1954 1389 1990 ἦν
1410 1955 1496 1983 ταῦτα
1511 1957 1557 1982 ἐπὶ
1575 1957 1623 1983 τοῦ
1642 1957 1798 1993 θαυμαστςῦ

1016 2001 1162 2036 Γρηγορίου
1186 2001 1260 2033 τίνας
1285 2001 1359 2036 ἔχετε
1383 2002 1538 2037 μάρτυρας;
1557 2003 1583 2029 οἵ
1600 2012 1630 2037 γε
1647 2005 1724 2030 οὐδὲν
1746 2004 1797 2030 τῶν

1016 2046 1118 2073 ἐκείνου
1140 2047 1217 2082 μέχρι
1233 2047 1280 2073 νῦν
1299 2046 1494 2073 διεσώσασθε...
1510 2048 1598 2074 Μόνον
1622 2049 1752 2085 ὲρῤὡσθω
1764 2051 1795 2075 τὰ

1015 2091 1215 2127 προηγούμενα,
1232 2092 1276 2119 καὶ
1298 2092 1347 2124 τὰς
1369 2093 1430 2128 περὶ
1453 2095 1501 2128 τὴν
1515 2094 1607 2120 πίστιν
1623 2086 1794 2129 καινοτομίας

1016 2138 1246 2173 κατασιγήσατε...
1266 2138 1321 2170 Τὰς
1337 2137 1382 2164 τοῦ
1400 2138 1546 2174 Γρηγορίου
1563 2139 1656 2174 φωνὰς
1672 2141 1711 2176 μὴ
1727 2149 1794 2174 παρ-

978 2173 1000 2199 Ῑ)
1014 2182 1161 2218 εξηγείσθε.

620 2226 694 2253 Idem
711 2227 786 2261 epist.
801 2226 854 2253 210
868 2234 938 2253 num.
954 2227 981 2261 3,
998 2228 1025 2261 5,
1039 2229 1103 2256 ibid.
1122 2238 1182 2265 pag.
1195 2230 1247 2257 5M
1257 2251 1265 2263 ,
1277 2230 1338 2258 516.

219 2274 294 2302 Fidei
311 2274 414 2302 eversio
428 2272 499 2308 apud
511 2280 560 2299 vos
573 2272 753 2307 excogitatur,
772 2272 881 2299 inimica
897 2280 962 2306 apo-

185 2321 288 2349 stolicis
311 2324 338 2348 et
362 2318 523 2354 evangelicis
537 2318 679 2349 doctrinis,
696 2317 805 2345 inimica
824 2317 961 2344 traditioni

185 2366 308 2401 Gregorii
324 2373 388 2392 vere
404 2364 528 2400 magni...
543 2362 611 2390 Nam
632 2363 741 2390 Sabellii
763 2363 875 2396 malum,
897 2363 960 2390 olim

184 2413 294 2448 quidem
310 2414 444 2443 exortum,
459 2409 506 2437 sed
532 2409 676 2436 traditione
699 2409 790 2444 magni
815 2409 888 2436 illius
910 2409 962 2435 viri

182 2458 356 2489 exstinctum,
377 2460 510 2484 conantur
532 2462 604 2481 nunc
627 2454 672 2481 isti
687 2462 850 2482 renovare...
866 2454 959 2482 [mmi-

183 2512 243 2532 sere
256 2504 336 2532 etiam
356 2510 403 2537 per
415 2501 557 2536 epistolam
575 2505 740 2528 tentamenta
756 2501 877 2536 quaedam
893 2509 961 2528 una-

183 2550 250 2578 nimi
275 2555 368 2576 nostro
390 2547 518 2575 Authimo
542 2547 695 2583 Tyanorum
722 2549 857 2583 episcopo,
881 2548 959 2583 quasi

182 2595 328 2630 Gregorius
351 2595 378 2621 in
407 2593 482 2620 Fidei
505 2595 666 2628 expositione
689 2594 797 2626 dixerit,
810 2593 916 2621 Patrem
932 2597 959 2620 et

182 2641 278 2668 Filium
292 2640 389 2668 mentis
400 2640 510 2675 quidem
525 2640 686 2675 cogitatione
699 2640 753 2667 duo
764 2647 833 2673 esse,
848 2640 895 2667 sed
908 2640 957 2675 hy-

180 2687 281 2722 postasi
296 2694 391 2714 unum.
408 2685 465 2714 Hoc
485 2690 574 2713 autem
600 2694 652 2713 non
676 2685 789 2714 docendi
804 2693 897 2719 causa,
913 2685 960 2713 sed

216 2753 270 2789 (65)
290 2752 440 2787 Καθῆκαν,
458 2762 484 2780 κ.
498 2762 522 2778 τ.
534 2753 558 2779 λ.
579 2752 681 2789 Horum
694 2753 839 2789 verborum
855 2753 957 2789 γενείο-

180 2787 239 2816 neui
256 2796 342 2823 usque
357 2789 389 2816 ad
406 2789 484 2815 linem
498 2789 606 2816 exhibet
620 2787 765 2815 Facundus
780 2787 954 2815 Hermianen-

1049 2275 1168 2306 Πίστεως
1194 2275 1339 2312 διαστροφὴ
1366 2276 1428 2311 παρ’
1445 2276 1507 2311 ὑμῖν
1532 2277 1687 2311 μελετᾶται.
1712 2277 1793 2313 ἐχθρὰ

1015 2320 1063 2355 μὲν
1090 2321 1144 2352 τοῖς
1167 2321 1351 2353 ἀποστολικοῖς
1375 2322 1422 2348 καὶ
1443 2322 1629 2356 εὐαγγελικοίς
1653 2323 1788 2358 δόγμασεν.

1012 2364 1096 2400 ἐχθρὰ
1111 2365 1139 2391 δὲ
1152 2366 1184 2400 τῇ
1198 2366 1343 2402 παραδόσει
1355 2366 1401 2392 τοῦ
1420 2367 1536 2401 μεγάλου
1549 2367 1587 2399 ὡς
1600 2367 1710 2403 ἀληθῶς
1724 2369 1742 2394 Γ
1745 2377 1790 2403 ρη-

1011 2410 1111 2445 γορίου.
1127 2430 1134 2437 .
1151 2431 1157 2437 .
1176 2410 1212 2437 Τὺ
1234 2412 1286 2447 γὰρ
1302 2411 1348 2437 τοῦ
1363 2411 1504 2438 Σαϐελλίω
1525 2413 1620 2446 κακὸν,
1637 2414 1721 2441 πάλαι
1743 2414 1789 2448 μὲι

1013 2455 1130 2491 κινηθὲν,
1148 2457 1329 2484 κατασϐεσθὲν
1344 2458 1371 2484 δὲ
1387 2460 1420 2494 τῇ
1437 2458 1582 2495 παραδόσει
1598 2459 1646 2486 τοῦ
1665 2460 1786 2495 μεγάλου.

1013 2502 1177 2538 ἐπιχειροῦσι
1191 2502 1238 2529 νῦν
1251 2503 1425 2530 ἀνανεοῦσθαι
1441 2503 1522 2532 οὗτοι.
1539 2524 1545 2531 .
1561 2524 1568 2531 .
1593 2505 1726 2541 Καοῆκαν
1737 2504 1789 2539 (65)

1011 2547 1039 2574 δέ
1055 2557 1114 2575 τινα
1132 2550 1227 2584 πεῖραν
1248 2549 1280 2576 δι’
1298 2550 1450 2586 ἐπιστολῆς,
1467 2550 1514 2577 καὶ
1531 2551 1599 2585 πρὸς
1621 2551 1668 2578 τὸν
1692 2551 1788 2585 61m?)-

1010 2602 1057 2629 χον
1069 2593 1290 2631 ὴμῶνννΑνθιμον
1304 2595 1348 2622 τὸν
1365 2596 1474 2622 Τυάνων
1493 2596 1642 2622 ἐπίσκοπον
1653 2605 1661 2611 ·
1681 2595 1719 2628 ὡς
1737 2596 1787 2630 ἄρα

1011 2641 1158 2676 Γρηγορίου
1167 2642 1286 2673 εἰπόντος
1299 2642 1464 2668 ὲνἘκθέσει
1473 2642 1727 2678 πίστεως-,Πατέρα
1741 2641 1787 2667 καὶ

1006 2685 1071 2712 Υίὸν
1098 2687 1204 2722 ἐπινοίᾳ
1233 2687 1280 2722 μὲν
1307 2684 1376 2713 εἶναι
1400 2686 1455 2719 δύο,
1474 2687 1623 2714 ὑποστάσει
1640 2688 1668 2714 δὲ
1681 2686 1783 2721 ενωι).

1011 2753 1056 2824 si:1
1063 2754 1109 2782 lib.
1125 2762 1153 2788 κ,
1170 2762 1194 2782 c.
1210 2754 1236 2788 6,
1253 2753 1320 2789 Opp.
1338 2753 1473 2782 Sirmond.
1489 2760 1554 2782 tom.
1570 2754 1604 2787 il,
1620 2762 1681 2790 pag.
1700 2752 1746 2780 740
1756 2759 1786 2780 τι

1011 2798 1022 2816 5
1059 2809 1066 2815 .

1009 2798 1066 2816 seu.
