1857 3047
207 95 240 121 79
668 93 696 120 S.
717 92 915 121 GREGORIUS
934 94 1234 124 THAUMATL‘RGUS.

1759 95 1805 123 εδο

189 151 321 179 fratribus
338 156 410 180 sorte
424 151 588 179 htereditatis
605 152 750 180 obvenerat
768 163 775 180 :
791 154 836 181 sed
853 154 972 188 pecunia:
988 160 1006 184 Α
1025 155 1113 182 undas
1125 155 1226 190 deﬁgit,
1243 160 1269 183 et
1286 155 1342 190 ipse
1355 155 1450 191 positis
1463 155 1576 190 genibus
1590 155 1698 190 palmas
1708 154 1742 180 ad
1752 162 1804 180 ma-

188 199 325 234 cnpiditas
343 199 413 233 (quae
428 198 548 225 omnium
571 206 639 233 pene
659 199 813 226 mortalium
829 200 911 227 corda
926 207 973 226 su-

190 248 276 281 perat)
305 247 387 274 etiam
419 247 566 274 fraternam
595 245 821 273 necessitudinem
850 246 971 273 violavit.

188 293 320 319 Coibatur
332 300 346 318 a
366 291 495 319 fratribus
512 296 632 325 tempore
646 295 774 324 captura},
793 298 846 317 non
863 295 918 317 tam
939 290 973 318 ad

188 338 332 372 capiendos
357 337 446 372 pisces
459 357 466 368 ,
487 344 568 371 quam
594 335 627 362 ad
639 335 812 370 decipiendos
831 336 971 368 homines;

189 384 275 410 caedes
295 387 322 410 et
338 382 406 409 bella
421 381 619 413 movebantur;
648 380 782 406 humanus
795 381 906 415 sanguis
924 388 972 415 pro

188 429 309 463 piscibus
339 428 516 460 fundebatur;
544 426 591 453 sed
620 425 664 452 Dei
695 425 863 460 providentia
887 426 974 453 adluit

189 473 334 507 aliquando
362 472 504 504 auxilium,
533 470 719 503 adventusque
739 468 872 503 Gregorii.
901 468 973 495 Vidit

189 519 282 552 prmlia
300 523 326 545 ct
349 522 450 545 mortes
466 518 597 548 viret-um,
614 516 788 549 furentesque
810 523 971 549 germanos;

187 565 252 600 quid
270 572 360 591 causae
381 564 514 596 subesset,
537 571 586 598 pro
606 571 659 597 qua
682 563 708 589 in
732 562 843 589 exitium
857 561 899 588 sui
913 569 973 588 suo-

188 618 302 645 rumque
326 609 424 637 fratres
455 611 666 638 aecenderenlur
680 629 688 642 ,
717 609 852 644 inquirit:
869 607 970 634 nullam

188 656 239 684 nisi
264 660 403 690 eapturam
433 656 547 690 piscium
574 656 716 690 comperit.
736 654 813 682 Tune
829 654 893 686 ille,
909 661 971 680 eum

188 709 237 735 pro
258 701 361 727 honore
377 701 510 728 adventus
526 701 567 728 sui
585 706 705 735 utraeque
725 705 815 735 partes
831 699 970 735 paululum

186 747 327 774 siluissent
351 756 357 773 :
378 746 465 774 Nolite
478 768 485 780 ,
507 748 604 782 inquit,
619 755 635 774 ο
651 747 740 779 filioli,
753 746 898 773 rationales
914 747 972 772 ani-

1024 200 1078 227 lum
1093 201 1187 234 tendit,
1201 205 1281 235 atque
1299 200 1340 228 his
1354 201 1442 228 verbis
1458 200 1565 228 excelso
1577 199 1715 234 supplicat
1732 199 1787 225 Deo
1797 208 1803 213 -

1024 245 1062 273 Tu
1080 246 1193 273 Domine
1205 245 1276 273 Deus
1290 251 1395 280 patrum
1412 245 1566 273 nosirorum
1580 264 1588 276 ,
1605 245 1652 280 qui
1675 251 1740 272 cur-'-
1761 245 1803 271 tibi

1022 293 1127 327 primus
1141 292 1223 320 homo
1234 291 1318 319 Adam
1334 296 1481 326 peccasset,
1501 299 1533 319 ac
1551 291 1712 318 mandatum
1730 295 1803 317 tuum

1023 337 1207 372 praeteriisset.
1235 345 1343 372 poenam
1366 338 1452 372 culpae
1476 337 1548 364 illius
1577 337 1751 369 moderatus,
1774 337 1803 364 ad

1023 387 1121 409 terram
1137 383 1334 411 maledictionis
1347 384 1506 410 sententiam
1522 382 1674 414 detorsisti,
1689 382 1801 409 dicens:

1022 427 1163 455 Maledicta
1189 433 1261 456 terra
1283 429 1310 455 in
1330 429 1458 463 operibus
1484 428 1547 455 tuis.
1576 427 1610 454 Et
1639 435 1715 454 nunc
1743 435 1802 462 ergo

1023 474 1166 501 miseratus
1198 475 1294 501 horum
1321 474 1450 509 juvenum
1475 473 1625 500 fraternum
1646 473 1802 508 sanguinem

1022 520 1068 553 qui
1094 519 1270 554 periclitatur,
1297 520 1411 554 praecipe
1428 524 1457 546 ut
1475 519 1626 546 maledicta:
1649 519 1706 546 sint
1732 526 1803 552 aqua

1023 565 1081 592 ista;
1094 565 1120 592 in
1133 566 1259 600 operibus
1270 573 1376 598 eorum,
1390 573 1440 600 pro
1453 565 1552 600 quibus
1563 565 1659 592 furore
1672 565 1801 596 succensi.

1024 611 1148 638 fraternae
1171 611 1278 646 pietatis
1294 611 1370 638 obliti
1398 616 1480 644 sunt;
1506 611 1543 638 ita
1564 615 1595 637 ut
1620 618 1764 645 nunquam
1779 611 1802 636 in

1022 657 1074 684 hoc
1087 657 1147 684 loco
1163 657 1205 684 vel
1218 657 1301 692 piscis
1316 661 1454 691 appareat,
1470 656 1511 683 vel
1529 663 1599 690 aqua
1616 655 1746 687 resideat,
1760 655 1801 682 sed

1021 703 1056 729 sit
1071 711 1182 737 campus
1205 703 1288 729 aratri
1309 703 1424 737 patiens,
1442 709 1474 728 ac
1489 701 1596 737 frugum
1616 701 1706 733 ferax,
1719 705 1747 727 et
1758 709 1801 727 cu-

1022 753 1078 776 stos
1091 748 1117 774 in
1131 753 1261 775 :eternum
1279 747 1404 774 fraterna
1417 746 1569 774 concordia:
1579 751 1748 781 perseveret.
1763 744 1802 771 Si-

188 801 246 819 mas
261 800 309 827 pro
326 793 407 819 mutis
427 793 611 820 animantibus
632 793 742 824 violare,
761 792 905 818 fraternam
925 799 971 826 pa-
988 825 1002 827 _
1021 793 1077 819 nml
1094 797 1123 820 ut
1143 793 1188 820 ille
1209 793 1289 820 linem
1304 792 1398 820 orandi
1413 791 1486 823 fecit,
1500 791 1591 818 statim
1610 798 1640 818 se
1658 791 1733 817 unda
1744 790 1802 817 sub-

187 846 245 865 cem
265 843 385 873 quaestus
403 838 548 872 cupiditate
564 839 721 869 dissolvere,
738 837 785 864 Dei
797 838 867 872 leges
880 842 906 864 et
921 845 970 864 na—
986 825 1008 852 Β
1023 839 1141 870 ducens,
1159 843 1186 865 et
1206 846 1288 866 cursu
1308 837 1440 865 velociore
1464 837 1613 872 refugiens,
1628 844 1644 862 a
1657 840 1801 870 conspectu

189 889 255 911 tune
273 885 373 918 pariter
388 884 449 918 jura
465 889 610 917 temerare;
637 889 662 911 et
679 891 731 910 una
749 891 854 910 mecum
873 883 906 910 ad
921 890 968 909 ora

188 930 276 964 stagni
296 930 412 958 exitialis
434 930 564 957 accedite.
583 929 638 964 Ego
650 930 705 964 jam
720 937 768 956 vos
781 937 828 964 per
841 929 968 955 virtutem

187 974 313 1008 Domini,
337 975 410 1002 omni
425 976 573 1003 certamine
585 981 705 1003 cruenta:
722 975 903 1002 contentionis
922 974 970 1001 ab-

185 1021 299 1049 solvam.
317 1021 349 1048 Et
363 1029 423 1048 eum
442 1022 499 1050 luce
511 1022 634 1055 dixisset,
647 1023 674 1049 in
690 1026 836 1057 conspectu
847 1020 968 1048 omnium

192 1067 289 1102 virgam
309 1075 389 1101 quam
414 1068 520 1095 tenebat
542 1068 568 1095 in
594 1076 676 1095 manu
698 1068 730 1095 ad
753 1069 854 1103 primas
870 1066 969 1094 littoris

1021 892 1139 919 superno
1164 884 1241 919 jussa
1268 884 1427 916 discedere,
1456 883 1560 918 abyssis
1582 883 1641 909 suis
1663 881 1801 912 redditur,

1021 934 1048 957 et
1072 934 1192 956 arentem
1216 937 1342 960 campum
1373 929 1508 963 germanis
1537 929 1593 963 jam
1622 927 1802 955 concordibus

1021 975 1172 1010 dereliquit.
1190 974 1241 1002 Sed
1258 980 1284 1002 et
1298 975 1323 1001 in
1337 975 1495 1002 hodiernum
1506 995 1513 1005 .
1529 974 1637 1008 frugum
1655 973 1733 1000 ferax
1747 980 1802 1000 esse

1020 1021 1120 1048 dicitur
1134 1021 1234 1053 solum,
1252 1021 1325 1056 quod
1339 1026 1401 1048 ante
1411 1021 1498 1048 fuerat
1514 1020 1623 1047 navium
1644 1019 1736 1046 ferax.

920 1124 993 1152 Idem
1010 1124 1076 1151 ibid.

220 1172 272 1200 Sed
295 1178 321 1200 et
345 1173 444 1208 ingenii
460 1173 502 1200 sui
517 1173 632 1200 nobisin
644 1180 726 1207 parvo
742 1173 859 1200 maxima
871 1179 967 1198 monu-

184 1225 274 1247 menta
303 1220 446 1254 dereliquit
464 1229 471 1245 ι
488 1220 516 1246 in
539 1219 715 1246 Ecclesiasten
742 1226 859 1252 namque
882 1216 967 1243 Meta-

183 1267 292 1301 phrasin
304 1266 373 1293 idem
387 1266 534 1300 Gregorius
553 1264 821 1300 magniﬁcentissime
841 1263 963 1296 scripsit;

184 1318 211 1340 et
226 1312 367 1340 catholica:
380 1312 441 1347 fidei
454 1312 643 1346 expositionem
659 1311 776 1338 breviter
790 1310 890 1338 editam
906 1310 965 1337 reli-

183 1358 252 1392 quit,
276 1366 358 1393 quam
381 1365 430 1392 pro
455 1358 633 1385 aediﬁcatione
652 1357 836 1384 Ecclesiarum
861 1355 966 1383 sociare

1022 1170 1064 1197 his
1080 1169 1253 1196 commodum
1277 1168 1341 1195 duxi
1363 1177 1370 1195 :
1390 1177 1399 1193 I
1420 1167 1496 1195 Unus
1520 1167 1591 1194 Deus
1615 1167 1695 1194 Pater
1722 1165 1802 1194 Verbi

1020 1216 1145 1248 viventis,
1173 1215 1312 1250 sapientiae
1341 1214 1525 1246 subsistentis,
1558 1219 1585 1241 et
1616 1214 1749 1249 potentia:
1774 1222 1803 1242 ac

1019 1261 1183 1289 characteris
1202 1261 1359 1295 sempiterni
1377 1270 1383 1288 :
1399 1260 1534 1295 perfectus
1554 1259 1664 1294 perfecti
1687 1261 1802 1295 genitor,

1020 1307 1098 1334 Pater
1110 1307 1170 1334 Filii
1183 1307 1322 1342 unigeniti.
1337 1306 1414 1334 Unus
1432 1306 1576 1338 Dominus,
1592 1306 1669 1334 solus
1681 1315 1714 1334 ex
1735 1307 1802 1340 solo,

1019 1353 1090 1380 Deus
1098 1360 1129 1379 ex
1144 1352 1208 1385 Deo,
1225 1362 1234 1378 ι
1252 1357 1304 1378 etc.

689 1402 721 1429 V.
744 1401 947 1432 Soerates,Hist.
962 1399 1028 1428 eccl.
1047 1399 1093 1426 lib.
1111 1406 1148 1430 Iv,
1165 1406 1222 1432 cap.
1237 1398 1281 1424 27.

218 1450 347 1478 Ponticus
360 1451 506 1486 Gregorius
518 1471 525 1483 ,
543 1450 588 1485 qui
605 1458 638 1477 ex
655 1450 721 1476 urbe
733 1449 811 1476 Ponti
824 1448 965 1476 Neocaesa—

1059 1446 1088 1472 '0
1111 1445 1239 1476 Ποντικὸς
1265 1444 1424 1480 Γρηγόριος,
1442 1444 1515 1475 ὅστις
1539 1444 1571 1469 ἐκ
1585 1443 1634 1478 τῆς
1654 1443 1684 1469 ἐν
1710 1444 1801 1478 Πόντῳ

183 1504 229 1524 rea
240 1497 405 1525 oriundus...
421 1496 547 1532 Origenis
559 1496 711 1531 discipulus
724 1495 784 1522 fuit.
799 1495 885 1530 Hujus
900 1494 962 1522 Gre-

1038 1491 1231 1526 ῖεοκαισαρειας
1262 1489 1454 1526 ὁρμώμενος...
1488 1489 1613 1524 μαθητὴς
1648 1490 1801 1524 Ὦριγὲνσυς

182 1542 250 1576 gorii
269 1542 383 1569 celebris
403 1542 474 1569 fama
497 1548 538 1570 est
560 1542 674 1570 Athenis
700 1549 732 1568 ac
760 1541 857 1576 Beryti,
871 1545 898 1568 et
917 1548 964 1575 per

183 1587 336 1615 universam
355 1587 494 1615 Ponticam
518 1588 669 1621 dioecesim,
692 1595 724 1614 ac
742 1595 788 1621 per
805 1587 962 1613 universum

182 1641 266 1667 prope
279 1633 393 1661 dixerhn
411 1638 545 1661 terrarum
559 1635 686 1661 orbem...
702 1632 788 1666 Hujus
799 1632 962 1660 mentionem

183 1679 248 1706 facit
263 1680 344 1706 etiam
367 1679 525 1713 Pamphilus
540 1685 653 1714 martyr,
680 1679 707 1705 in
729 1678 804 1705 libris
828 1685 897 1712 quos
914 1685 963 1712 pro

183 1725 307 1760 Origenis
324 1725 481 1753 defensione
499 1726 608 1760 scripsit
622 1735 629 1752 :
646 1725 746 1760 quibus
769 1725 849 1751 etiam
873 1724 967 1759 adjun-

183 1777 224 1799 cta
242 1776 285 1798 est
299 1770 420 1806 Gregorii
441 1771 545 1804 Oratio,
566 1779 647 1806 quam
664 1771 708 1798 ille
731 1771 765 1798 ab
780 1770 895 1805 Origene
910 1770 966 1798 dis-

183 1817 293 1850 cedens,
309 1818 336 1845 in
348 1817 408 1852 ejus
422 1817 528 1845 laudem
544 1817 707 1852 composuit.

672 1862 716 1889 Vl.
733 1857 964 1894 Sozomenusﬂlist

216 1908 297 1936 Aliud
312 1913 442 1942 praeterea
454 1909 526 1943 quod
540 1908 573 1936 de
586 1908 632 1935 illo
647 1907 818 1943 (Epiphanio)
833 1907 959 1938 refertur,

180 1960 395 1981 commemorare
413 1953 487 1980 libet.
501 1952 528 1980 ld
543 1953 652 1988 quidem
666 1953 700 1980 ab
718 1949 877 1979 admirando
896 1945 961 1978 Grc.

180 1999 259 2034 gorio
283 1999 328 2033 qui
344 1998 589 2026 Neoeazsariensem
613 1999 676 2026 olim
701 1999 772 2026 rexit
801 1997 959 2029 Eeclesiam,

180 2048 285 2079 gestum
303 2052 364 2073 esse
378 2045 484 2080 accepi;
502 2049 528 2072 et
538 2045 651 2072 libenter
663 2045 754 2072 credo.

1016 1538 1132 1572 ἐγένετο.
1148 1537 1216 1572 Περὶ
1228 1536 1321 1562 τούτου
1339 1535 1384 1562 τοῦ
1405 1535 1569 1571 Γρηγορὶου,
1591 1535 1676 1567 πολὺς
1695 1536 1710 1561 ὁ
1727 1535 1800 1568 λόγος

1016 1584 1044 1610 ἕν
1057 1593 1087 1611 τε
1105 1583 1228 1619 Ἀθήναις
1241 1583 1286 1609 καὶ
1299 1581 1420 1617 Βηρυτῷ,
1437 1582 1482 1608 καὶ
1497 1582 1545 1618 ὅλῃ
1560 1583 1593 1616 τῇ
1606 1582 1724 1616 Ποντικῇ
1741 1582 1802 1608 8m-

1016 1632 1095 1667 κήσει
1107 1651 1114 1663 ,
1138 1630 1174 1662 ὡς
1195 1630 1222 1656 δὲ
1237 1630 1333 1659 εἰπεῖν,
1349 1628 1394 1654 καὶ
1411 1627 1486 1664 πάσῃ
1499 1629 1531 1662 τῇ
1550 1627 1734 1663 οἰκουμένῃ...
1748 1628 1800 1654 M5~

1017 1685 1116 1712 μνηται
1131 1676 1159 1703 δὲ
1177 1675 1257 1702 αὑτοῦ
1273 1675 1318 1701 καὶ
1330 1674 1468 1709 Πάμφιλος
1484 1674 1498 1699 ὁ
1515 1674 1623 1709 μάρτυρ
1638 1674 1670 1700 ὲν
1683 1675 1740 1705 τοῖς
1756 1682 1800 1700 πε-

1017 1723 1044 1759 ρὶ
1074 1722 1225 1757 Ὠριγένους
1246 1720 1399 1755 πονηθεῖσιν
1418 1719 1491 1754 αὐτῷ
1510 1718 1633 1754 βιϐλίοις,
1656 1720 1686 1745 ὲν
1700 1716 1742 1750 οἷς
1756 1719 1799 1745 καὶ

1015 1767 1175 1799 συστατικὸς
1195 1767 1272 1801 λόγος
1292 1766 1440 1802 Γρηγορίου
1467 1766 1506 1796 εἰς
1539 1765 1681 1800 Ὠριγένην
1715 1765 1799 1801 παρὸν

1013 1821 1114 1840 κειται.

969 1882 974 1886 .
992 1859 1057 1887 ecel.
1075 1858 1120 1884 lib.
1141 1864 1188 1889 vn,
1206 1864 1264 1891 cap.
1280 1855 1325 1882 Ξῖ.

1055 1903 1122 1930 Ἀλλ’
1142 1899 1196 1929 οἷον
1212 1902 1304 1937 ἕτερον
1327 1900 1389 1935 περὶ
1402 1899 1484 1926 αὐτοῦ
1496 1899 1614 1934 λέγεται,
1631 1901 1680 1927 καὶ
1695 1901 1798 1935 ἀγητή-

1014 1949 1111 1977 σασϐαι
1142 1948 1280 1983 βούλομαι.
1308 1946 1480 1981 Πυνθάνομαι
1508 1946 1794 1984 τεθαυματουργῆςίὰαι

1012 1996 1032 2022 Γ
1036 1995 1153 2031 ρηγορεῳ
1164 1993 1202 2028 τῷ
1214 1993 1355 2028 Θαυμασίῳ
1364 2012 1370 2023 ,
1384 1992 1412 2024 ὃς
1427 1992 1510 2018 πάλαι
1524 1991 1573 2028 τὴν
1585 1991 1795 2027 Νεοκαισάρειιν

1013 2041 1196 2076 ἐπετρόπευσε
1207 2059 1214 2071 ,
1227 2040 1273 2066 καὶ
1292 2039 1365 2074 μάλα
1377 2037 1516 2073 πείθομαι.

670 2089 725 2116 VII.
741 2090 876 2117 Liberatus
892 2089 1034 2117 Diaconus.
1054 2086 1173 2113 Breviar.
1190 2093 1247 2118 cap.
1263 2084 1305 2111 l0.

215 2135 333 2164 Basilius
346 2136 456 2171 quidam
472 2136 615 2170 diaconus,
632 2144 743 2164 sumens
755 2142 856 2163 tomum
874 2134 962 2162 Procli
978 2141 1001 2167 ι)
1015 2133 1069 2168 psit
1085 2131 1140 2166 (65)

178 2189 259 2215 quem
283 2182 419 2210 Armeniis
437 2183 594 2217 scripserat,
615 2182 805 2209 Alexandriam
827 2181 914 2213 venit;
935 2183 963 2206 ct

178 2229 369 2256 Armeniorum
385 2229 490 2255 libellos
513 2229 570 2256 suis
588 2229 665 2255 libris
684 2233 830 2256 annectens
841 2248 849 2261 ,
865 2227 962 2254 obtulit

177 2273 278 2308 Cyrillo
300 2274 423 2308 ejusdem
446 2274 520 2300 urbis
544 2274 669 2301 antistiti.
689 2274 793 2306 Quibus
812 2273 853 2307 (ut
870 2272 961 2299 ferunt

178 2322 314 2354 rumores)
340 2323 480 2354 permotus
506 2317 632 2354 Cyrillus,
655 2322 772 2352 quatuor
788 2316 872 2344 libros
892 2317 958 2344 scri-

1158 2139 1165 2157 :
1182 2135 1236 2156 tres
1255 2129 1384 2155 adversus
1404 2124 1550 2150 Diodorum
1569 2125 1597 2148 et
1612 2120 1790 2149 Theodorum.

1015 2165 1042 2206 et
1060 2178 1142 2205 alium
1159 2175 1196 2202 De
1214 2173 1393 2201 incarnatione
1410 2171 1518 2197 librum.
1542 2169 1571 2195 ln
1593 2169 1698 2203 quibus
1717 2165 1793 2194 conti-

1017 2228 1115 2252 nentur
1137 2222 1308 2255 autiquorum
1325 2218 1434 2245 Patrum
1450 2217 1608 2249 incorrupta
1633 2213 1792 2243 testimonia.

1018 2268 1044 2295 id
1060 2272 1134 2296 est...
1159 2266 1282 2304 Gregorii
1302 2267 1443 2300 mirabilis,
1461 2262 1681 2300 Θαυματουργοῦ
1697 2267 1789 2296 cogno-

1016 2313 1120 2341 minati.

955 2357 1023 2385 Vlll.
1307 2379 1310 2381 _

328 2405 473 2433 Facunda;
485 2408 620 2442 episcopus
635 2405 890 2438 Hermianensis,lib.
904 2414 932 2437 κ,
950 2413 1008 2438 cap.
1023 2402 1051 2435 6,
1065 2403 1133 2429 inter
1147 2400 1212 2435 Opp.
1229 2399 1373 2431 Sirmondi,
1389 2404 1452 2425 tom.
1465 2397 1496 2431 ll,
1507 2406 1567 2433 pag.
1583 2398 1647 2425 740.

213 2451 333 2479 Sanctus
355 2452 472 2479 Basilius
493 2461 620 2488 magnum
640 2454 810 2488 Gregorium,
840 2454 886 2488 qui
906 2454 958 2478 mi-

177 2497 331 2523 raculorum
357 2500 502 2532 oper-alaris
523 2507 671 2534 cognomen
696 2501 813 2534 accepit,
841 2506 870 2526 ut
891 2499 960 2525 Θαυ-

178 2543 330 2578 ματουργδς
355 2549 498 2572 vocaretur
522 2550 548 2572 et
561 2550 669 2573 vocetur
684 2553 698 2572 a
713 2545 822 2578 Graecis,
847 2554 899 2572 non
926 2546 960 2573 ab

176 2589 340 2616 Arianorum
360 2594 462 2617 tantum
480 2592 525 2624 qui
545 2595 696 2618 creaturam
714 2597 741 2619 et
763 2593 893 2619 facturam
912 2593 958 2618 Fi-

176 2633 243 2661 lium
269 2635 373 2668 dicunt,
394 2644 486 2664 verum
503 2638 584 2665 etiam
600 2647 615 2666 a
635 2640 774 2666 contrario
796 2639 966 2666 Sabelliano—

212 2693 268 2730 (es)
293 2694 330 2722 De
352 2695 394 2723 his

188 2726 329 2766 V|l|,'pag.
345 2731 407 2764 591,
426 2726 501 2759 nunt.
522 2728 588 2759 187..

1015 2466 1074 2485 rum
1091 2465 1184 2485 errore
1197 2456 1325 2489 defendit,
1335 2456 1380 2490 qui
1393 2463 1473 2482 unam
1487 2454 1578 2481 Patris
1588 2459 1617 2481 et
1633 2453 1696 2481 Filii
1712 2451 1791 2480 subsi-

1011 2504 1137 2531 stentiam
1149 2503 1241 2530 dicunt
1253 2501 1391 2536 ;.quamvis
1403 2502 1458 2527 hac
1464 2505 1490 2527 et
1497 2498 1790 2534 pratdictusGi-egorius

1010 2550 1111 2577 dixisse
1125 2549 1257 2576 videatur.
1279 2547 1343 2574 Inde
1363 2547 1434 2573 idem
1452 2546 1481 2573 S.
1491 2546 1628 2578 Basilius,
1643 2542 1788 2580 loquenst

1013 2595 1176 2629 quibusdam
1187 2595 1234 2629 qui
1250 2593 1411 2621 auctoritate
1423 2593 1508 2627 ipsius
1527 2591 1654 2626 Gregorii
1673 2594 1788 2618 excusare

1020 2648 1096 2667 suam
1112 2640 1248 2674 perfidiam
1260 2639 1413 2666 nitebantur
1427 2647 1433 2664 :
1452 2637 1637 2669 Immiserunt,
1654 2637 1702 2667 ait.
1721 2640 1766 2661 etc.

420 2698 649 2733 qualuorrtlyrilli
685 2698 760 2726 libris
789 2707 858 2733 quos
885 2698 1053 2726 intercidisse
1078 2703 1204 2732 constat,
1239 2697 1339 2725 videsis
1379 2695 1534 2724 Fabricium
1561 2695 1634 2722 Bibl.
1664 2694 1710 2722 Cr.
1730 2698 1788 2720 ιοω-
