1857 3047
45 67 108 96 ρει

621 68 829 96 TESTIMONIA
849 69 1027 98 VETERUM.

1625 75 1677 103 982

460 127 505 155 IX.
521 129 649 164 Euagrius
664 128 924 161 Sclw.’asticus,Hist.
936 131 1002 158 eccl.
1020 129 1066 157 ίὶίν.
1085 138 1124 161 ιιι,
1139 138 1196 164 cap.
1214 129 1257 157 51.

95 174 151 201 Καὶ
167 173 222 210 γὰρ
238 173 282 201 καὶ
296 174 390 208 λόγους
404 174 531 210 Πατέρων
544 175 671 207 πολλάκις
688 175 839 202 νενοοεύκα-

933 175 1000 203 Nam
1026 180 1052 204 et
1080 176 1164 204 libros
1184 181 1338 204 sanctorum
1358 176 1468 204 Patrum
1495 186 1680 213 smpcnumero

48 229 99 247 σι’
117 220 232 252 πολλοὺς
244 220 272 246 δὲ
294 219 492 256 ’Δπολλιναρίου
506 220 608 255 λόγους,
624 220 781 256 Ἀθανασίῳ,
799 222 845 247 καὶ

46 267 78 293 Γ
81 266 201 303 ρηγορίῳ
218 266 256 302 τῷ
272 265 484 302 Θαυματουργῷ,
512 267 559 293 καὶ
586 267 695 302 Ἰουλίῳ,
721 267 765 293 διὰ
790 267 844 293 τῶν

46 312 219 349 ἐπιγραφῶν
231 313 429 341 ἁνατεθείκασι.

898 226 1080 256 corruperunt
1094 221 1258 256 (Accphali);
1279 221 1378 249 multos
1391 230 1500 258 quoque
1515 223 1680 258 Apollinaris

898 267 982 295 libros
994 267 1144 294 Athanasio
1163 272 1189 294 et
1202 267 1332 303 Gregorio
1350 267 1552 304 Thaumaturgo
1564 273 1591 296 et
1607 269 1680 296 Julio

898 313 967 340 falso
981 313 1175 348 ascripserunt.

603 369 638 398 Χ.
657 370 804 398 Concilium
818 369 1014 404 Quinisextum,
1027 378 1085 397 can.
1101 369 1128 397 2.

98 416 350 453 Ἐπισφραγίζομεν
364 417 426 448 τοὺς
442 417 550 450 λοιποὺς
568 418 672 449 πάντας
689 418 776 453 ἱεροὺς
794 426 844 444 κα-

42 461 135 494 νόνας
157 462 221 493 τοὺς
243 462 296 489 ὑπὸ
318 462 372 489 τῶν
391 463 476 497 ἁγίων
498 464 544 490 καὶ
561 463 701 499 μακαρίων
717 463 845 499 Πατέρων

42 507 134 543 ἡμῶν
150 508 328 540 ὲκτεῠέντας,
355 508 509 535 τουτέστι...
532 509 681 544 Γρηγορίου
694 509 843 535 ἐπισκόπου

43 554 202 589 γενομένου
217 554 432 590 Νεοκαισαρείας
442 554 489 581 τοῦ
503 554 725 591 Θαυματουργοῦ.

931 416 1113 452 Obsignamus
1126 417 1245 452 reliquos
1266 425 1360 446 omnes
1376 425 1505 450 canones,
1522 419 1568 454 qui
1582 426 1596 445 a
1614 426 1677 446 san-

898 463 950 490 ctis
973 467 999 490 et
1020 463 1108 490 beatis
1127 463 1229 491 nostris
1255 462 1381 491 Patribus
1406 464 1520 499 expositi
1544 469 1631 492 sunt:
1649 464 1678 492 id

895 513 970 536 est...
988 508 1118 545 Gregorio
1132 509 1313 538 Neocaesarem
1325 510 1450 545 episcopo
1464 509 1676 547 Thaumaturgo.

234 613 279 640 XI.
290 613 466 648 Menologium
481 613 680 645 ercorumﬂd
691 614 759 640 diem
772 614 805 641 17
820 613 839 640 Δ

921 613 957 647 b.,
972 618 1043 649 part.
1061 622 1080 647 ι,
1092 623 1152 650 pag.
1166 615 1217 642 194
1232 615 1296 642 edit.
1312 613 1405 642 Urbin.
1417 613 1496 641 1727.

41 672 158 707 Ἀίνήμη
183 672 230 699 τοῦ
249 673 278 698 ἐν
294 673 381 707 ἁγίοις
397 673 503 708 Πατρὺς
517 673 594 708 ἡμῶν
615 672 764 708 Γρηγορίου
787 673 843 699 ὲπι-

125 707 229 733 σκόπου
251 707 466 744 Νεοκαισαρείας
484 707 769 744 τοῦΘαυμαζτουργοῦ.

85 761 174 795 οὗτος
188 761 222 799 ἦν
235 764 277 790 ἐπ’
287 764 454 800 Αὑρηλιανοῦ
471 765 517 791 τοῦ
530 764 669 799 βασιλέως,
686 765 743 797 υίὸς
754 765 842 800 ὑπάρ-

42 819 108 844 χων
127 809 261 845 Ἐλλήνων
274 818 281 825 ·
302 810 383 841 αὐτὸς
396 810 424 837 δὲ
436 810 553 844 γεγονὼς
569 811 737 845 Χριστιανὸς,
750 811 797 838 καὶ
811 812 841 838 τὸ

40 856 100 891 ’τῆς
115 856 235 887 πίστεως
251 857 398 892 μυστήριον
414 856 546 892 διδαχθεὶς
561 856 605 883 διὰ
620 857 752 888 ὀπτασίας
764 856 841 893 παρὰ

39 901 101 935 τῆς
115 901 269 936 ὑπεραγίας
282 901 413 928 Θεοτόκου
429 902 532 929 καὶτοῦ
553 902 676 938 θεολόγου
698 903 818 930 Ἰωάννου
831 911 838 918 °

41 946 133 973 ἔλαϐε
158 947 204 974 καὶ
235 947 265 974 τὸ
291 947 345 975 τῶν
376 948 600 984 θαυματουργιῶν
627 949 766 985 χάρισμα,
793 950 840 976 καὶ¹

42 993 156 1030 ἐκλήθη
171 994 406 1029 Θαυματουρτὸς,
417 994 499 1021 ποιῶν
515 994 564 1021 θιύ
570 1004 641 1031 ματα
657 995 748 1028 πολλὰ,
762 995 792 1028 ἐξ
800 993 838 1023 ὧν

42 1041 104 1066 εἱσι
117 1041 165 1066 καὶ
178 1040 274 1067 ταῦτα.
291 1041 338 1072 Et;
349 1040 403 1076 γὰρ
423 1040 622 1078 Ἀλεξάνδρειαν
638 1041 762 1069 ἀπελθὼν
773 1063 781 1076 ,
794 1043 840 1069 καὶ

42 1086 253 1121 κατηγορηθεὶς
282 1086 334 1113 ὑπὸ
361 1087 482 1123 πόρνης,
511 1088 660 1123 ἐπιπέμπει
686 1088 753 1124 αὐτῇ
781 1088 839 1115 δαί-

43 1139 137 1166 μονα·
159 1131 206 1157 καὶ
226 1131 306 1158 πάλιν
332 1131 413 1159 ἰᾶται.
441 1129 507 1159 Εἶτα
530 1133 566 1169 μὴ
585 1132 679 1170 παρὼν
699 1134 728 1159 ἐν
757 1134 840 1168 Ἀμα-

44 1176 123 1212 σείᾳ,
143 1178 218 1212 ὅμως
233 1177 277 1204 διὰ
291 1178 340 1213 τὴν
356 1179 435 1205 αὐτοῦ
451 1178 559 1215 ἀρετὴν,
575 1181 763 1214 χειροτονεῖται
780 1179 840 1205 ὲπί-

43 1230 156 1254 σκοπος
172 1223 224 1249 ὑπὸ
239 1224 368 1260 Φαιδίμου
383 1224 428 1252 τοῦ
449 1225 604 1260 Ἀμασείας.
618 1225 697 1252 Λίθον
711 1225 740 1251 δὲ
755 1225 839 1260 μέγαν

43 1268 171 1304 ποιήσας
193 1270 385 1305 περιπατῆσαι,
418 1270 547 1297 ἐὸάπτισε
573 1270 617 1297 τὸν
641 1271 839 1307 προσμονάριον

43 1315 106 1341 τῶν
128 1314 256 1343 εἰδώλων.
284 1315 417 1351 ’Λδελφῶν
432 1316 461 1343 δὲ
480 1316 526 1343 δύο
547 1315 590 1343 διὰ
606 1315 702 1352 λίμνην
722 1317 839 1352 μαχομέ-

43 1370 114 1392 νων,
128 1360 259 1397 ἐξήρανεν
274 1362 368 1398 αὑτήν.
385 1362 440 1389 Καὶ
453 1362 502 1398 τὴν
519 1363 614 1398 ῥάϐδον
629 1362 726 1398 πήξας,
742 1362 839 1397 ἔστησε

44 1407 192 1442 ποταμόν·
210 1407 270 1442 ἣτις
287 1408 332 1434 καὶ
344 1408 450 1443 ἐγένετο
464 1409 503 1440 είς
517 1408 623 1444 δένδρον
635 1408 714 1443 μέγα.
731 1409 786 1435 Καὶ
797 1408 839 1435 ἄλ-

43 1451 82 1478 λα
100 1452 186 1487 μυρία
204 1454 332 1489 ποιήσας,
354 1454 382 1480 ὲν
398 1452 438 1489 τῷ
459 1453 565 1489 μέλλειν
584 1454 711 1490 ἐκδημεῖν
729 1454 841 1490 εὐχαρί-

45 1506 108 1524 στει
131 1498 172 1534 τῷ
194 1498 271 1534 Θεῷ,
290 1499 329 1526 ὅτι
347 1501 416 1535 ὲντῇ
437 1499 518 1526 αὑτοῦ
535 1499 610 1526 πόλει
625 1499 768 1532 τοσούτους
779 1499 839 1527 ἀπί-

894 672 1124 700 Commemoratio
1147 672 1176 709 S.
1208 671 1238 709 Ρἶ
1254 671 1299 709 ill.
1331 671 1454 706 Gregorii
1479 671 1676 709 Thaumaturgi

1121 707 1240 742 episcopi
1253 707 1443 735 Neocaesareaa.

928 764 977 792 Hic
989 765 1136 792 Aureliano
1151 765 1313 800 imperatore
1332 764 1434 798 ﬂoruit,
1454 765 1611 800 parentibus
1627 773 1676 792 na-

892 816 936 839 tus
960 811 1126 844 inﬁdelibus,
1149 810 1208 846 ipse
1231 815 1321 838 autem
1348 810 1530 844 Christianus,
1560 811 1676 846 ﬁdeique

891 856 1050 892 mysterium
1071 864 1086 883 a
1110 855 1281 884 sanctissima
1302 856 1415 890 Deipara
1434 861 1462 884 et
1482 856 1586 884 Joanne
1599 857 1676 884 theo-

891 903 952 938 logo
967 910 1015 938 per
1027 902 1159 930 visionem
1180 901 1303 934 edoctus,
1320 902 1423 937 accepit
1437 906 1464 930 et
1476 902 1579 930 donum
1594 903 1676 930 mira-

890 948 1014 975 culorum
1031 958 1038 975 :
1053 948 1124 975 unde
1135 947 1326 982 Thaumaturgi
1342 953 1550 983 cognomentum
1562 949 1676 984 adeptus

889 998 932 1022 est
947 994 982 1022 ob
999 994 1084 1021 multa
1101 994 1231 1021 miracula
1246 1002 1306 1029 qua:
1318 995 1443 1029 patravit,
1457 1002 1491 1023 ex
1505 995 1605 1030 quibus
1618 996 1675 1023 haec

889 1044 1084 1069 memorantur.
1115 1039 1258 1068 Profectus
1290 1040 1435 1076 aliquando
1469 1041 1673 1073 Alexandriam.

890 1086 916 1113 in
929 1091 1048 1114 scortum
1064 1086 1136 1121 quod
1150 1087 1183 1114 de
1195 1094 1224 1114 se
1235 1086 1438 1121 obloqueretur,
1453 1086 1602 1114 daemonem
1623 1087 1673 1114 im-

889 1132 974 1164 misit,
988 1132 1035 1159 sed
1044 1131 1125 1167 paulo
1135 1132 1284 1166 postetiam
1296 1131 1407 1167 fugavit.
1416 1132 1581 1160 Athedimo
1591 1133 1674 1160 Ama-

890 1185 942 1206 sete
952 1178 1078 1213 episcopo
1087 1179 1229 1206 ordinatur
1239 1178 1392 1213 episcopus,
1409 1186 1471 1206 cum
1478 1179 1607 1206 ‘Amaseaa
1619 1186 1673 1205 non

890 1225 996 1253 adesset
1016 1235 1022 1252 :
1044 1229 1119 1253 tanta
1135 1230 1194 1252 erat
1214 1226 1343 1253 virtutum
1362 1226 1434 1253 illius
1450 1225 1552 1261 opinio.
1570 1225 1673 1253 Saxum

890 1271 984 1306 ingens
1009 1271 1062 1298 alio
1083 1271 1234 1303 transtulit;
1259 1279 1344 1306 eoque
1368 1271 1445 1307 signo
1461 1271 1593 1298 idolorum
1611 1271 1673 1298 acdi-

889 1321 965 1344 tuum
991 1317 1024 1344 ad
1054 1316 1133 1344 ﬁdem
1158 1324 1319 1344 conversum
1346 1317 1500 1352 baptizavit.
1532 1316 1671 1350 Paludem,

888 1370 1000 1391 causam
1010 1363 1132 1390 rixarum
1149 1363 1219 1390 inter
1233 1362 1302 1390 duos
1317 1362 1426 1396 fratres,
1440 1363 1595 1391 exsiccavit.
1608 1362 1671 1390 Flu-

889 1409 962 1436 vium
975 1408 1064 1436 deﬁxo
1081 1409 1109 1436 in
1125 1413 1224 1436 terram
1237 1409 1345 1441 baculo,
1368 1409 1414 1443 qui
1439 1413 1466 1436 et
1491 1410 1518 1436 in
1544 1416 1671 1444 magnam

889 1455 1009 1482 excrevit
1024 1455 1159 1486 arborem,
1180 1455 1310 1483 coercuit.
1329 1455 1452 1490 Cumque
1465 1456 1607 1482 innumera
1620 1455 1671 1482 alia

889 1504 1013 1534 portenta
1031 1499 1169 1532 edidisset.
1188 1500 1353 1536 migraturus
1371 1501 1404 1528 ad
1417 1500 1562 1528 Dominum
1577 1521 1584 1534 ,
1611 1509 1674 1535 gra-

47 1553 131 1577 στους
147 1545 303 1578 κατέλιπεν,
315 1546 394 1578 ὅσους
407 1543 468 1580 εὗρε
482 1546 668 1582 Χριστιανούς.
687 1546 742 1574 Καὶ
753 1546 839 1578 οὕτως

919 1553 942 1572 ιε
962 1545 1000 1572 illi
1017 1545 1130 1581 agebat.
1156 1546 1228 1581 quod
1252 1550 1291 1573 tot
1308 1545 1472 1581 relinqueret
1491 1546 1518 1573 in
1539 1553 1588 1573 sua
1606 1546 1672 1574 urbe

45 1591 206 1626 ἐτελειώθη.

889 1590 1021 1623 inﬁdeles,
1043 1595 1110 1626 quot
1133 1590 1304 1618 Christianos
1327 1591 1475 1618 invenerat.
1499 1591 1586 1626 Atque
1601 1591 1672 1618 hunc

887 1636 914 1663 in
931 1636 1040 1664 modum
1057 1636 1182 1664 decessit.

683 1694 741 1723 Xll.
763 1695 904 1726 Suidas,in
920 1693 1030 1722 Lexico.

86 1748 248 1784 Γρηγόριος,
260 1749 274 1775 6
291 1749 338 1776 καὶ
352 1749 486 1785 θεόδωρος
501 1751 516 1776 6
530 1749 739 1786 Θαυματουργδς
748 1769 755 1782 ,
771 1750 839 1776 Νεο-

44 1795 213 1832 καισαρείας
225 1796 275 1831 τῆς
290 1797 318 1823 ἐν
333 1796 372 1833 τῷ
388 1797 481 1833 Πόντῳ
502 1797 661 1830 ἐπίσκοπος,
678 1798 736 1829 νέος
760 1806 840 1833 κομι-

43 1842 93 1877 δῆ,
111 1842 157 1868 διὰ
173 1842 223 1878 τὴν
236 1842 375 1870 παίδευσιν
395 1843 556 1879 Ἑλληνικῶν
571 1853 602 1871 τε
613 1843 659 1870 καὶ
679 1843 839 1879 Ῥωμαϊκῶν

41 1888 233 1925 γραμμάτων,
245 1889 299 1915 ἀπὸ
312 1889 362 1925 τῆς
376 1890 572 1922 Καππαδοκίας
586 1891 626 1922 είς
643 1890 775 1925 Βηρυτὸν,
790 1889 839 1916 κά-

42 1934 140 1960 κείθεν
161 1935 201 1965 εις
226 1935 395 1970 Καισάρειαν
413 1935 460 1971 τὴν
480 1936 529 1971 τῆς
551 1936 732 1972 Παλαιστίνης
750 1935 836 1971 διέϐη,

41 1981 108 2015 ἅμα
127 1979 304 2017 Ἀθηνοδώρῳ
323 1982 438 2017 ἀδελφῷ.
465 1981 518 2014 Οὓς
536 1983 582 2008 καὶ
602 1982 672 2009 κατὰ
694 1983 775 2018 μέρος
797 1984 837 2015 είς

40 2026 97 2061 τὴν
111 2025 160 2052 τοῦ
175 2025 293 2061 Χριστοῦ
310 2027 399 2054 πίστιν
415 2027 532 2062 εἰσάγων
550 2027 698 2064 Ὠριγένης,
713 2027 836 2062 ζηλωτὰς

41 2073 132 2103 ἰδίους
160 2073 336 2108 κατέστησεν.
366 2073 425 2100 Ἐπὶ
445 2073 524 2099 πέντε
549 2073 638 2100 τοίνυν
664 2074 728 2110 παρ’
752 2073 834 2100 αὐτοῦ

41 2117 240 2149 παιδευθέντες
254 2118 391 2150 ἐνιαυτοὺς
402 2139 410 2150 ,
434 2118 502 2154 πρὸς
518 2118 566 2154 τὴν
584 2119 698 2154 πατρίδα
712 2119 835 2154 ἀποπέμ-

41 2172 158 2190 πονται.
179 2161 274 2198 Ἀφὀὖ
287 2165 301 2190 ὁ
314 2165 461 2200 Γρηγόριος
473 2164 633 2200 ἀποδημῶν,
648 2165 833 2200 πανηγυρικὸν
848 2188 872 2218 D

40 2210 224 2246 εὐχαριστίας
239 2210 278 2245 τῷ
299 2211 428 2246 Ὠριγένει
444 2211 547 2246 ἔγραψε
561 2211 637 2246 λόγον
647 2231 654 2243 ,
670 2212 716 2238 καὶ
733 2220 835 2246 συγκα-

39 2256 197 2291 λεσάμενος
217 2256 322 2288 πάντας
341 2257 404 2288 τοὺς
426 2257 587 2292 ἐπιχωρίους
599 2277 607 2289 ,
634 2257 716 2284 αὑτοῦ
739 2267 768 2284 τε
788 2257 835 2284 τοῦ

47 2302 209 2338 Ὠριγένους
232 2302 376 2338 παρόντος,
399 2303 493 2330 τοῦτον
509 2304 612 2338 ἀνέγνω
629 2304 674 2330 τὸν
690 2304 783 2338 λόγον·
807 2305 836 2336 ὃς

39 2357 88 2380 τις
103 2347 151 2374 καὶ
167 2347 230 2383 ἄχρι
246 2348 292 2374 τοῦ
308 2348 441 2383 παρόντος
458 2349 586 2385 ὑπάρχει.
605 2349 728 2386 Ἔγραψε
741 2350 769 2376 δὲ
777 2351 836 2377 Ms-

40 2393 197 2427 τὰφρασιν
212 2394 255 2426 εἰς
270 2393 321 2420 τὸν
343 2393 584 2427 Ἐκκλησιαστήν
594 2402 602 2410 ·
619 2395 759 2430 ἐλάχιστον
773 2395 833 2430 μὲν,

41 2437 117 2463 πάνυ
129 2437 158 2463 δὲ
177 2436 331 2473 θαυμαστὸν
344 2438 429 2472 λόγον.
451 2439 506 2465 Καὶ
523 2439 605 2471 ἄλλας
620 2448 650 2466 τε
664 2439 771 2473 πολλὰς,
786 2440 833 2467 καὶ

41 2483 172 2514 ποικίλας
188 2483 333 2516 ἐπιστολὰς
349 2485 544 2520 συνεγράψατο.
560 2486 679 2522 Ποιήσας
691 2494 720 2512 τε
732 2487 833 2521 σημεῖα

41 2530 91 2556 καὶ
108 2529 237 2565 θαύματα
245 2531 315 2567 ὑπὲρ
326 2531 478 2567 ἄνθρωπον,
497 2533 578 2568 ἡνίκα
593 2532 739 2565 ἐπίσκοπος
755 2532 833 2567 ἐτύγ-

41 2584 136 2611 χανεν,
153 2576 328 2611 ἐτελεύτησεν
343 2578 390 2604 ἐπὶ
406 2578 546 2605 Ἰουλιανοῦ
563 2578 627 2614 (66).

929 1749 1085 1785 Gregorius,
1107 1749 1154 1785 qui
1176 1753 1204 1777 et
1218 1749 1378 1778 Theodorus
1391 1749 1479 1778 dictus
1499 1755 1549 1783 est,
1569 1758 1672 1786 cogno-

889 1801 980 1824 mento
995 1795 1216 1832 Θαυματουργδς,
1233 1796 1285 1824 hoc
1298 1800 1349 1830 est,
1365 1803 1456 1824 rerum
1472 1797 1671 1826 admirabilium

889 1842 1009 1875 effector,
1034 1841 1215 1869 Ncoczesares:
1227 1849 1288 1876 qua
1301 1841 1329 1868 in
1343 1841 1431 1870 Ponto
1447 1847 1498 1875 est,
1516 1843 1671 1879 episcopus,

889 1887 1035 1916 admodum
1059 1887 1226 1921 adolescens,
1252 1888 1407 1916 Graecarum
1433 1888 1672 1925 Romanarumque

889 1933 1041 1961 litterarum
1060 1933 1151 1962 studio
1167 1934 1310 1968 incensus,
1327 1942 1342 1962 e
1359 1934 1530 1970 Cappadocia
1544 1935 1670 1972 Berylum

889 1979 1027 2015 profectus
1048 1984 1100 2011 est,
1127 1983 1207 2014 atque
1231 1979 1292 2007 inde
1312 1979 1463 2009 Caesaream
1488 1990 1549 2016 quae
1572 1983 1598 2009 in
1618 1982 1670 2009 Pa-

887 2026 992 2053 lmslina
1009 2030 1060 2058 est,
1079 2033 1140 2053 cum
1157 2025 1241 2053 fratre
1252 2026 1426 2054 Athenodoro
1437 2035 1466 2055 se
1477 2028 1599 2056 contulit.
1615 2027 1670 2056 Hos

885 2073 913 2100 in
922 2073 1023 2100 Christi
1035 2072 1163 2107 religione
1172 2073 1311 2109 sigillatim
1321 2074 1452 2110 Origenes
1461 2074 1616 2106 instituens,
1627 2075 1670 2102 sui

885 2117 1024 2145 studiosos
1043 2123 1219 2153 amantesque
1234 2119 1358 2147 reddidit.
1381 2119 1602 2154 Quinquennium
1619 2120 1670 2156 igi-

885 2169 929 2191 tur
948 2164 976 2191 in
996 2164 1056 2199 ejus
1071 2164 1213 2199 disciplina
1231 2166 1348 2198 versati,
1368 2165 1395 2192 in
1413 2166 1527 2200 patriam
1547 2166 1669 2193 redeunt.

888 2209 940 2237 Ubi
967 2209 1112 2245 GregOrius
1135 2211 1282 2246 gratiarum
1313 2211 1445 2238 actionem
1470 2211 1503 2238 ad
1527 2210 1670 2246 Origencm

888 2257 1007 2292 scripsit,
1022 2264 1135 2291 eamque
1148 2257 1248 2292 populo
1264 2262 1422 2290 convocato,
1442 2263 1469 2284 et
1482 2257 1540 2292 ipso
1555 2257 1672 2293 Origene

887 2307 1017 2337 praesente
1031 2303 1094 2334 legit
1108 2311 1114 2329 :
1131 2311 1191 2337 qum
1210 2303 1318 2337 quidem
1336 2303 1424 2330 oratio
1436 2308 1525 2330 exstat
1539 2312 1625 2339 usque
1637 2305 1670 2331 ad

887 2353 1047 2382 praesentem
1066 2348 1147 2375 diem.
1172 2347 1286 2383 Scripsit
1307 2353 1333 2375 et
1345 2347 1526 2383 Metapltmsin
1542 2350 1569 2376 in
1583 2349 1669 2376 Eccle-

887 2393 996 2427 siasten,
1012 2393 1199 2421 brevissimam
1213 2394 1287 2420 illam
1304 2394 1414 2428 quidem
1424 2415 1432 2427 ,
1448 2395 1494 2422 sed
1511 2385 1577 2423 sane
1587 2403 1669 2430 quam

886 2439 1083 2467 admirabilem.
1109 2439 1208 2467 Multas
1230 2445 1358 2475 praeterea
1379 2445 1406 2468 et
1429 2441 1520 2468 varias
1541 2442 1669 2477 epistolas

885 2487 1048 2521 composuit.
1065 2486 1187 2522 Denique
1201 2486 1289 2514 factus
1304 2487 1463 2523 cpiscopus,
1480 2488 1565 2524 signis
1579 2493 1605 2516 et
1620 2490 1668 2516 mi~

886 2532 987 2559 raculis
1001 2533 1137 2560 humanas
1153 2533 1226 2560 vires
1237 2533 1429 2568 superantibus
1443 2534 1544 2568 clarus,
1561 2534 1668 2563 Juliano

886 2578 1035 2614 imperante
1057 2578 1191 2607 discessit.

41 2644 112 2672 Xill.
137 2643 288 2672 Theodorus
313 2645 467 2679 Balsamon,
478 2645 567 2674 Schol.
581 2645 608 2674 in
620 2655 744 2708 canoner‘n
757 2646 788 2674 21
811 2645 916 2708 ἷοηείίὶί
939 2645 1053 2707 18V_icwni.
1066 2660 1100 2665 ——
1112 2646 1188 2680 Apud
1213 2644 1390 2682 Beveregium,
1404 2646 1531 2676 Pandect.
1557 2657 1666 2682 cauom,

737 2690 788 2708 ant.
829 2703 836 2708 .
859 2690 919 2708 Dﬂll.
961 2691 986 2707 ο.

737 2690 788 2709 om.
812 2690 836 2715 ι,
859 2690 919 2716 pag.
943 2690 986 2707 eo.

80 2739 180 2767 Τοῦτον
193 2739 318 2767 καθεῖλεν
331 2741 360 2767 ὲν
381 2741 527 2778 ’Δντιοχεὶᾳ
539 2742 552 2768 6
569 2742 641 2778 ἅγιος
658 2743 805 2779 Γρηγόριος
819 2744 833 2770 6

42 2785 253 2823 Θαυματουργὸς
269 2786 315 2813 καὶ
330 2786 402 2814 ἄλλοι
421 2787 500 2818 τινές.

924 2740 1000 2768 llunc
1013 2740 1137 2776 (Paulum
1158 2740 1376 2776 Samosatenum)
1400 2740 1584 2776 deposuerunt
1606 2750 1667 2769 san—

887 2794 947 2818 ctus
962 2789 1109 2825 Gregorius
1123 2788 1352 2826 Thaumaturgus,
1372 2793 1397 2817 et
1417 2789 1461 2817 alii
1476 2790 1598 2824 quidam.
