1857 3047
29 88 74 116 989

519 84 583 112 ME'I
590 83 761 112 APHRASIS
777 83 810 111 LV
830 83 1095 112 ECCLESIASTEN.

1571 85 1623 114 990

29 146 122 176 πάντας
142 142 298 180 ἀνθρώπους
315 142 440 178 βασιλεὺς
461 143 652 178 ὲντιμότατος,
671 143 716 169 καὶ
730 151 786 178 προ

825 143 926 178 λρΙκια
953 142 1187 178 sapientissimus,
1216 142 1368 170 universam
1397 142 1443 170 Dei
1474 141 1621 170 Ecclesium

28 192 106 226 φήτης
128 189 289 224 σοφώτατος.
308 189 351 220 Ὠς
377 188 441 215 κενά
473 188 520 215 καὶ
545 189 660 225 ἀνόνητα
681 189 715 216 τὰ
741 189 795 216 τῶν

27 237 166 271 ἀνθρώπων
181 233 330 270 πράγματά
347 242 377 260 τε
395 234 440 260 καὶ
462 234 663 269 σπουδάσματα,
684 234 734 261 ὅσα
747 235 794 261 ἀν-

27 281 148 317 θρώπινα.
168 280 233 306 Οὐδὲ
248 279 302 314 γὰρ
316 278 371 314 ἔχει
387 287 429 311 τις
443 279 529 305 εἰπεῖν
543 279 637 314 ὄφελός
651 288 678 306 τι
691 279 794 311 τούτοις

27 325 257 362 προσηρτημένον,
278 326 350 360 ἅπερ
371 324 507 359 ἄνθρωποι
533 325 597 360 περὶ
624 326 675 360 γῆν
697 325 794 361 ’ἐρπον-

26 380 65 404 τες
78 371 186 407 (86-87),
196 371 241 398 καὶ
256 370 361 406 σώμασι
373 372 417 397 καὶ
428 371 526 406 ψυχαῖς
550 371 687 398 ὲκτελέσαι
713 371 795 398 σπεύ-

26 419 100 450 δουσι,
117 417 169 444 τῶν
188 418 237 453 μὲν
260 418 432 453 προσκαίρων
453 418 609 452 ἡττημένοι,
626 418 754 453 ἀνωτέρω
765 417 793 444 δὲ

26 464 73 490 τῶν
94 464 198 498 ἄστρων
225 462 265 495 τῷ
286 462 401 497 γενναίῳ
416 463 464 497 τῆς
488 462 576 498 ψυχῆς
601 462 718 499 ὄμματι,
739 461 793 488 οὐδ’

26 509 103 536 ὁτιοῦν
117 509 234 536 κατιδεῖν
253 507 417 543 βουλόμενοι.
430 508 486 535 Καὶ
505 507 698 543 κατατρίϐεται
710 508 724 534 ὁ
740 507 793 533 τῶν

26 553 162 590 ἀνθρώπων
182 553 238 589 βίος
261 553 366 588 ἡμέραν
385 552 414 585 EE
439 553 563 588 ἡμέρας,
586 553 632 579 καὶ
646 552 726 589 ὡρῶν
746 553 793 579 aut

26 600 141 627 ἐνιαυτῶν
157 599 296 636 περιόδους
308 619 316 631 ,
333 597 407 633 ἡλίου
430 607 459 624 τε
474 599 589 634 δρόμους
610 598 793 634 περιωρισμέ-

27 655 86 678 νους,
99 646 150 673 τῶν
163 646 211 682 μὲν
224 644 458 679 παραγινομένων,
470 645 522 671 τῶν
534 645 562 671 δὲ
575 644 790 680 ὑπαπαιρόντων.

27 694 106 720 Ἔοικε
120 693 146 719 δὲ
160 693 192 720 τὸ
205 694 330 729 πρᾶγμα,
346 694 501 729 χειμάρρων
518 692 634 727 παρόδῳ,
649 692 793 727 ἀμετρήτῳ

26 741 147 776 θαλάσσης
161 740 350 774 ἐμπιπτόντων
365 739 437 775 βυθῷ
449 739 496 765 σὺν
507 738 617 774 ταράχῳ
628 737 725 773 πολλῷ.
738 737 791 765 Καὶ

25 787 52 813 τὰ
65 787 108 822 μὲν
122 786 153 813 δι’
165 785 325 822 ἀνθρώπους
350 786 402 812 ὑπὸ
423 785 490 812 Θεοῦ
511 785 649 820 γεγονότα,
670 785 745 820 μένει
759 785 791 811 τὰ

25 833 91 864 αὐτὰ,
103 829 165 860 οἷον.
174 831 205 858 τὸ
218 833 272 858 ἀπὸ
284 832 336 867 γῆς
351 831 506 866 γεννᾶσθαι,
516 831 546 857 τὸ
561 832 600 862 εἰς
610 831 659 866 γῆν
672 831 790 863 ἀπιέναι,

25 879 48 905 τὺ
61 878 136 914 αὐτὴν
147 878 258 905 ἑστάναι
274 877 323 914 τὴν
345 878 405 913 γῆν,
421 877 452 904 τὸ
473 878 519 904 τδν
532 878 606 913 ἥλιον
622 877 729 904 ἃπασαν
745 877 793 904 αὑ-

25 925 65 959 τὴν
87 923 272 959 ὲκπεριῑόντα,
298 923 378 950 πάλιν
401 924 441 955 είς
455 923 500 950 τὸν
521 923 601 950 αὑτὸν
623 923 792 959 περιτρέχειν

25 970 84 1004 ὅρον,
103 969 147 996 καὶ
164 969 198 996 τὰ
215 969 358 1004 πνεύματα
380 969 509 1001 ὡσαύτως
522 968 595 1004 (88),
612 968 674 1000 τούς
693 977 724 995 τε
745 977 792 995 πο-

25 1016 112 1050 ταμοὺς
129 1014 272 1046 τοσούτους
286 1015 327 1046 είς
341 1014 477 1041 Θάλασσαν
494 1015 655 1046 ἐκδιδόντας,
669 1014 716 1041 καὶ
730 1015 792 1046 τοὺς

25 1061 123 1096 ἀνέμους
150 1061 349 1096 ἐμπίπτοντας,
369 1061 405 1097 μὴ
427 1061 590 1096 ἀναγκάζειν
607 1061 690 1096 αὐτὴν
710 1061 792 1096 ὑπερ-

26 1107 112 1132 ϐαίνειν
134 1106 166 1133 τὰ
181 1107 266 1142 αὐτῆς
285 1107 386 1142 μέτρα,
405 1107 470 1142 μηδὲ
494 1107 592 1138 αὐτοὺς
613 1108 788 1142 παρανομεῖν.

26 1152 72 1178 Καὶ
86 1151 118 1178 τὰ
134 1153 182 1188 μὲν
200 1152 239 1183 ὡς
264 1153 304 1184 είς
327 1153 431 1178 τουτονὶ
452 1151 628 1178 συντελοῦντα
655 1153 719 1187 ἡμῖν
745 1152 791 1179 τὸν

25 1197 80 1231 βίον,
94 1198 174 1230 οὕτως
193 1199 290 1234 ἄραρε.
314 1198 354 1225 Τά
368 1198 390 1225 δ’
409 1198 454 1224 ὑπ’
470 1197 620 1234 ἀνθρώπων
641 1197 790 1233 ἐπιτεχνώ-

26 1251 81 1277 μενα
97 1244 202 1278 ῥήματά
219 1253 249 1270 τε
272 1244 318 1270 καὶ
337 1244 484 1279 πράγματα
496 1263 504 1276 ,
533 1243 630 1279 μέτρον
653 1244 703 1270 οὐκ
723 1243 788 1279 ἔχει.

25 1289 69 1314 Καὶ
84 1289 164 1323 λόγων
181 1290 264 1322 πολὺς
279 1290 328 1325 μὲν
342 1290 444 1326 ὅμιλος,
460 1290 553 1326 ὄνησις
568 1290 596 1317 δὲ
611 1290 721 1325 οὐδεμία
737 1290 790 1317 ἀπὸ

25 1335 64 1369 τῆς
78 1336 284 1372 πεπλανημένης
302 1337 452 1373 φλυαρίας·
467 1337 523 1363 ἀλλ’
538 1337 672 1372 ἆπληστόν
686 1337 743 1363 ἐστι
759 1336 790 1363 τὸ

25 1380 68 1406 τῶν
78 1381 220 1417 ἀνθρώπων
238 1381 404 1418 φῦλον.πρός
419 1391 449 1409 τε
463 1382 492 1409 τὺ
509 1382 613 1417 λέγειν,
633 1382 703 1418 πρός
719 1391 748 1408 τε
760 1381 789 1408 τδ

25 1426 102 1461 ἑτέρου
111 1427 232 1461 λέγοντος
242 1428 359 1456 ἀκούειν·
369 1428 408 1455 ἔτι
419 1429 447 1455 δὲ
455 1428 500 1455 καὶ
508 1428 538 1455 τδ
547 1429 666 1464 ὄμμασιν
677 1428 790 1460 είκαίοις

24 1472 110 1500 ἕκαστα
128 1474 180 1501 τῶν
208 1475 436 1510 παραπιπτόντων
452 1476 517 1510 όρᾷν
537 1475 685 1510 γλίχεσθαι.
705 1475 737 1502 Τί
756 1475 788 1502 ἂν

24 1518 111 1551 γένοιτο
117 1519 168 1555 (89)
180 1519 304 1556 ὕστερον,
312 1521 379 1556 ὅπερ
390 1521 439 1548 οὐκ
453 1521 503 1556 ἤδη
514 1521 677 1552 τετέλεσται,
691 1521 707 1557 ἢ
718 1530 788 1558 πρα-

25 1564 87 1600 χθείη
95 1566 157 1602 πρὸς
168 1567 215 1593 ἀνθ
219 1567 319 1602 ρώπων
327 1575 334 1599 ;
343 1567 374 1593 Τί
382 1566 472 1593 καινὸν
481 1566 510 1593 τδ
523 1566 633 1602 μηδέπω
644 1567 684 1598 είς
692 1568 788 1602 πεῖραν

24 1610 161 1642 ἐλθὸν,ὃτου
176 1611 222 1638 καὶ
237 1611 388 1646 μνησθῆναι
399 1610 488 1644 ἄξιον;
503 1610 572 1645 Ἐγὼ
585 1610 634 1646 μὲν
648 1609 701 1645 γάρ
712 1608 787 1646 οἶμαι

24 1655 93 1686 οὐδὲν,
108 1657 155 1682 ὅτι
170 1656 191 1682 δ’
209 1657 246 1683 ἂν
261 1657 325 1692 εῐπῃ
337 1656 391 1691 (90)
402 1656 570 1691 πρόσφατον,
583 1656 600 1692 ἢ
619 1656 708 1683 καινὸν
724 1656 788 1682 ἀνα-

24 1699 173 1736 λογιζόμενος
198 1702 330 1737 εὗρήσει,
360 1701 425 1736 μηδὲ
453 1702 509 1732 τοῖς
534 1701 616 1728 πάλαι
639 1700 785 1735 ἄγνωστον.

24 1745 147 1782 Ὠσπερδὲ
162 1747 196 1774 τὰ
210 1747 332 1783 πρότερα
347 1746 417 1783 λήθῃ
433 1746 593 1782 κέκρυπται,
609 1746 680 1773 οὕτω
693 1747 738 1773 καὶ
753 1746 787 1773 τά

24 1791 147 1824 ἐνεστῶτα,
157 1795 196 1824 είς
207 1794 272 1824 τοὺς
288 1792 433 1828 μετέπειτα
448 1793 536 1828 χρόνῳ
548 1792 784 1828 ἀμαυρωθὴσεται.

24 1837 67 1864 Καὶ
89 1839 135 1866 οὐκ
160 1838 362 1874 αὐτοσχεδιάζω
385 1839 472 1866 ταῦτα
504 1838 550 1866 νῦν
579 1838 784 1873 ἐκκλησιάζων·

24 1883 76 1910 ἀλλά
98 1893 140 1920 μοι
161 1885 300 1920 βασιλείαν
321 1885 453 1921 Ἑϐραίων
476 1885 505 1911 ὲν
525 1884 719 1920 Ἱεροσολύμοις
738 1893 787 1911 πε-

24 1930 183 1965 πιστευμένῳ,
201 1930 302 1963 ῑκανῶς
319 1931 425 1957 ᾶπαντα
443 1931 644 1966 πεφρόντισται.
662 1931 786 1966 Ζητήσας

24 1973 43 2000 δὲ
62 1975 256 2011 μεμελημένος,
280 1976 326 2003 καὶ
343 1976 431 2010 σοφῶς
456 1977 625 2012 κατανοήσας
647 1977 696 2012 τὴν
722 1977 785 2012 περὶ

24 2019 61 2053 γῆν
71 2022 144 2055 φύσιν
157 2022 277 2054 ἃπασαν,
289 2022 486 2058 ποικιλωτάτην
498 2022 593 2057 ἔγνων,
602 2023 638 2054 ὡς
651 2022 784 2057 ἀνθρώπῳ

24 2064 104 2093 Ξὲδαται
116 2070 203 2094 πονεῖν
219 2068 268 2095 ἐπὶ
279 2069 339 2104 γῆς,
354 2068 447 2095 ἄλλοτε
468 2068 561 2104 ἀλλοία
573 2068 696 2103 καμάτου
718 2077 785 2104 προα

24 2111 86 2143 νάπει
101 2113 331 2149 ἐγκαλινδουμένῳ
354 2115 394 2146 εἰς
415 2114 445 2141 τὺ
463 2114 554 2150 μηδέν.
580 2114 737 2150 Πνεὺματος
756 2114 784 2140 δὲ

807 813 828 841 Β

845 189 952 216 atl'atur.
982 189 1010 215 2.
1023 188 1110 222 Quam
1125 196 1194 216 vana
1218 193 1245 216 et
1271 189 1377 216 inutilia
1400 193 1465 216 sunt
1484 189 1574 216 omnia
1591 196 1622 216 ea

844 235 985 262 hominum
1003 235 1110 270 negotia
1127 239 1153 261 et
1169 234 1266 266 studia,
1283 242 1343 269 qua:
1360 234 1387 260 in
1405 233 1531 261 humanis
1542 234 1623 260 rebus

844 281 1040 316 suscipiuntur.
1065 281 1091 308 5.
1117 280 1202 307 Nemo
1225 281 1296 307 enim
1328 285 1386 312 est.
1410 280 1457 314 qui
1478 280 1621 310 utilitatem

844 328 926 354 ullam
949 327 982 355 iis
1004 335 1136 354 annexam
1165 327 1254 355 dicere
1271 327 1370 361 possit;
1397 334 1474 361 quae,
1498 326 1622 353 homines

844 372 920 400 humi
939 377 1092 407 reptantes,
1113 376 1139 399 et
1155 372 1314 407 corporibus
1335 376 1361 399 et
1379 372 1477 399 animis
1493 372 1622 406 perlicere

843 419 1025 452 contendunt,
1042 419 1124 447 rebus
1148 419 1259 447 caducis
1276 423 1303 446 et
1318 419 1490 454 lemporariis
1510 419 1620 452 addicti,

844 472 925 500 supra
941 465 1031 493 sidera
1053 469 1161 497 autem,
1186 473 1319 500 generoso
1342 466 1440 493 animae
1468 465 1556 498 oculo,
1587 474 1621 493 ne

843 512 978 538 tantillum
1004 511 1113 546 quidem
1137 512 1259 546 aspicere
1274 512 1404 539 volentes.
1417 512 1444 539 ι.
1461 513 1500 539 Ae
1518 517 1620 539 moria.

843 557 909 584 lium
921 557 976 584 vita
993 557 1142 584 conteritur
1153 577 1160 590 ,
1175 557 1218 584 die
1242 557 1295 584 diei
1312 557 1482 591 succedente,
1503 558 1622 592 annique

842 603 964 638 partibus
990 609 1017 630 et
1041 603 1282 636 conversionibus;
1306 603 1332 631 5.
1356 604 1475 638 solisque
1496 605 1621 632 cursibus

843 649 923 676 certis
946 656 979 676 ac
1006 649 1142 682 deﬁnitis;
1175 649 1200 676 6.
1220 657 1292 676 nunc
1318 649 1524 681 accedentibus,
1548 658 1621 677 nunc

842 696 942 723 sensim
957 695 1154 723 recedentibus.
1176 695 1201 721 7.
1214 694 1267 723 Nec
1286 695 1426 723 dissimilis
1444 701 1485 723 est
1502 696 1559 723 haec
1577 704 1620 723 res

843 745 990 768 torrentum
1017 740 1164 773 transilui,
1182 748 1245 767 cum
1274 748 1372 776 magno
1401 741 1514 775 strepitu
1540 746 1621 776 atque

842 787 959 814 tumultu
980 786 1007 813 in
1030 786 1193 814 immensum
1216 787 1301 814 maris
1326 786 1488 821 profundum
1507 787 1614 814 illaben-

841 833 918 860 tium.
941 832 975 860 Et
998 833 1106 867 quidem
1130 839 1161 859 ea
1184 840 1244 867 qua:
1259 832 1400 860 hominum
1424 840 1508 860 causa
1528 841 1543 860 a
1565 832 1620 860 Deo

841 883 929 905 creata
954 882 1034 910 sunt,
1052 877 1145 904 eadem
1171 882 1297 910 manent;
1321 878 1394 906 velut
1413 878 1483 913 quod
1507 886 1522 905 a
1547 882 1618 905 terra

841 923 994 958 gignantur,
1011 922 1084 957 quod
1097 923 1123 949 in
1138 927 1237 950 terram
1256 923 1370 954 abeant,
1389 923 1460 958 quod
1477 928 1547 950 terra
1562 923 1619 958 ipsa

841 968 918 995 ﬁrma
940 973 966 996 et
982 968 1087 996 stabilis
1103 968 1148 1001 sit,
1168 968 1241 1003 quod
1263 969 1304 996 sol
1329 976 1360 996 ea
1379 974 1434 996 tota
1457 969 1570 996 decursa
1586 969 1620 996 ad

841 1014 965 1042 eumdem
987 1022 1084 1041 rursus
1109 1014 1254 1042 terminum
1284 1019 1468 1049 punctumque
1499 1014 1614 1042 circum-

840 1060 978 1093 volvatur;
999 1059 1127 1094 ﬂuviique
1143 1060 1252 1091 itidem,
1277 1064 1351 1087 tanto
1371 1067 1486 1087 numero
1501 1060 1527 1086 in
1545 1067 1620 1086 mare

841 1103 993 1137 inﬂuentes,
1017 1109 1045 1132 et
1073 1105 1146 1132 venti
1167 1105 1351 1136 incurrentes,
1374 1113 1423 1132 nec
1446 1105 1533 1140 ipsum
1552 1105 1619 1133 lines

840 1158 905 1178 suos
923 1151 1052 1178 excedere
1074 1155 1187 1186 cogant,
1206 1158 1255 1178 nec
1276 1150 1327 1185 ipsi
1349 1158 1445 1178 rursus
1463 1151 1546 1185 legem
1567 1151 1618 1178 sibi

841 1195 1013 1223 constitutam
1026 1194 1184 1230 infringent.
1197 1196 1284 1230 Atque
1300 1195 1357 1222 haec
1370 1203 1445 1227 sane,
1462 1203 1522 1229 qua:
1539 1195 1618 1222 nobis

840 1240 873 1267 ad
894 1240 964 1267 hanc
979 1240 1074 1272 vitam,
1087 1247 1167 1267 usum
1182 1244 1209 1267 et
1229 1239 1414 1274 adjumentum
1437 1239 1565 1272 aﬂ‘erunt,
1581 1240 1617 1267 ita

839 1285 946 1313 decreta
963 1289 1026 1313 sunt
1040 1291 1066 1313 et
1078 1286 1236 1313 constituta.
1254 1285 1281 1312 8.
1297 1286 1331 1312 At
1343 1293 1404 1320 quze
1418 1285 1451 1312 ab
1462 1285 1618 1312 hominiqu

839 1331 1037 1365 excogitantur,
1050 1334 1104 1357 tam
1122 1338 1166 1358 res
1182 1338 1262 1365 quam
1280 1331 1372 1364 verba,
1389 1331 1498 1357 modum
1513 1331 1616 1357 nullum

839 1377 948 1405 habent.
967 1378 1006 1405 Ac
1022 1378 1165 1405 verborum
1183 1385 1280 1412 magna
1295 1377 1404 1412 quidem
1423 1381 1464 1405 est
1476 1378 1572 1412 copia;
1590 1382 1618 1404 at

839 1423 944 1452 fructus
961 1430 1051 1451 nouus
1062 1424 1096 1451 ab
1112 1428 1220 1451 errante
1236 1424 1399 1458 loquacitate
1410 1428 1436 1451 et
1451 1424 1615 1458 nugacitate.

842 1469 939 1498 Verum
960 1471 997 1497 ita
1020 1475 1115 1498 natura
1137 1475 1292 1505 comparata
1312 1474 1353 1497 est
1371 1469 1511 1496 hominum
1534 1469 1615 1500 ratio,

839 1521 868 1544 ut
891 1517 1061 1551 inexplebilis
1075 1516 1111 1544 sit
1133 1524 1226 1543 eorum
1247 1520 1273 1543 et
1297 1515 1423 1550 loquendi
1439 1519 1465 1542 et
1489 1515 1616 1542 audiendi

837 1562 906 1593 sitis,
923 1569 955 1588 ac
971 1566 1100 1596 praeterea
1120 1561 1197 1588 vanis
1218 1561 1303 1588 oculis
1323 1568 1354 1588 ea
1366 1560 1456 1587 omnia
1473 1568 1533 1595 qua:
1545 1560 1616 1587 acci-

836 1607 913 1639 dunt,
927 1607 1047 1634 intuendi
1058 1606 1202 1641 cupiditas.
1217 1607 1242 1634 9.
1252 1605 1321 1639 Quid
1336 1611 1425 1633 autem
1438 1606 1464 1632 in
1479 1610 1616 1640 posterum

837 1654 894 1681 ﬁeri
911 1659 1009 1688 queat,
1036 1653 1107 1688 quod
1127 1661 1179 1679 non
1198 1652 1253 1686 jam
1277 1652 1430 1680 confectum
1453 1651 1550 1684 fuerit,
1569 1657 1615 1680 aut;

836 1704 944 1734 geratur
959 1699 994 1726 ab
1010 1698 1185 1726 hominibus?
1211 1697 1281 1731 Quid
1311 1705 1421 1730 novum,
1450 1696 1522 1732 quod
1544 1704 1615 1724 non~

836 1745 900 1772 dum
933 1744 1116 1779 experimento
1142 1749 1309 1779 compertum
1337 1743 1436 1775 fuerit,
1468 1742 1616 1770 dummodo

835 1791 942 1824 Insigne
970 1790 1006 1817 sit
1032 1794 1060 1817 et
1076 1790 1271 1817 memorabile?
1297 1789 1340 1816 10.
1356 1788 1393 1816 Ut
1419 1789 1527 1824 quidem
1554 1795 1614 1815 mea

835 1835 926 1870 opinio
942 1834 1003 1866 fert,
1017 1835 1141 1869 quisquis
1159 1841 1252 1862 secum
1270 1834 1407 1869 reputabit
1426 1838 1507 1868 atque
1523 1833 1614 1860 consi-

835 1881 956 1914 derabit,
974 1881 1042 1908 nihil
1060 1888 1160 1908 novum
1181 1885 1229 1907 aut
1248 1887 1343 1908 recens
1360 1880 1488 1912 inveniet,
1505 1879 1615 1914 priscis-

834 1935 887 1962 que
907 1926 1085 1961 incognitum.
1112 1926 1154 1953 ll.
1176 1925 1409 1959 Quemadmodum
1433 1930 1522 1953 autem
1547 1933 1615 1960 pra:-

834 1975 922 2007 terita,
945 1973 1080 2001 oblivione
1095 1977 1165 2000 tecta
1184 1977 1265 2005 sunt;
1287 1972 1328 2000 sic
1344 1973 1486 2008 praesentia
1507 1979 1614 2007 quoque

833 2027 977 2055 progressu
1002 2019 1134 2054 temporis
1159 2019 1193 2046 ad
1217 2023 1341 2053 posteros
1368 2018 1395 2045 in
1419 2018 1612 2046 obscuritatem

833 2065 920 2093 ibunt.
943 2065 987 2093 12.
1000 2064 1055 2093 Nec
1071 2073 1136 2093 vero
1154 2069 1256 2091 temere
1274 2065 1331 2092 haac
1344 2071 1416 2091 nunc
1429 2064 1504 2096 dico,
1522 2063 1613 2091 Eccle-

833 2111 934 2138 siasten
957 2119 1040 2146 agens
1063 2120 1069 2138 :
1092 2118 1185 2138 verum
1209 2110 1276 2137 mihi
1301 2109 1473 2137 Hebraeorum
1499 2117 1610 2144 regnum

24 2155 145 2185 ἂλλοκότου
168 2159 216 2186 καὶ
245 2159 366 2195 μυσαροῦ
389 2160 423 2186 τὰ
440 2160 515 2186 κάτω
537 2160 644 2187 ἅπαντα
668 2160 781 2196 πλήθει,

835 2156 1028 2192 Hierosolymis
1050 2156 1111 2184 ﬁdei
1129 2164 1196 2184 mea:
1212 2156 1389 2184 commissum
1409 2154 1527 2186 habenti,
1550 2155 1608 2182 dili-

24 2199 76 2227 ὥστε
93 2203 126 2238 μὴ
143 2202 293 2231 εἷναιαύτά
315 2204 528 2239 ἀνακτήσασθαι,
547 2205 613 2232 ἀλλὰ
634 2205 700 2240 μηδὲ
719 2206 783 2232 ἀνα-

24 2243 153 2282 θυμηθῆναι
165 2248 194 2274 τὺ
207 2248 338 2284 παράπαν
353 2249 402 2284 ὅση
415 2248 448 2275 τὰ
461 2249 531 2276 κατὰ
544 2248 701 2285 ἀνθρώπους
713 2249 783 2285 πρά.-

24 2297 95 2323 nuta
114 2293 276 2329 κατείληφεν
298 2294 405 2320 ἀτοπία.
431 2294 613 2329 Λογισάμενος
637 2295 690 2330 γάρ
717 2303 781 2321 ποτε

24 2334 63 2368 irin
75 2338 127 2364 κατ’
143 2339 272 2374 ἐμαυτὸν,
288 2340 335 2366 καὶ
349 2340 449 2375 οἰηθεὶς
461 2340 498 2371 ὼς
509 2341 634 2367 ἁπάντων
651 2340 708 2375 εἵην
722 2341 780 2367 τότε

24 2381 62 2407 τῶν
81 2384 129 2419 πρὸ
151 2384 269 2419 ἐμαυτοῦ
293 2386 442 2420 γεγονότων
467 2384 588 2412 ἐνταυθοί
611 2385 778 2422 σοφώτεροςο

24 2503 28 2510 _
50 2470 218 2511 (86-87)1]ε;ρὶ
232 2474 289 2508 γῆν
297 2474 450 2509 ἓρποντες.
461 2475 527 2503 Cod.
537 2475 642 2503 Thuan.
653 2475 721 2502 κατὰ
728 2476 778 2511 γῆν

24 2508 138 2539 39mm;-
156 2508 278 2536 Ducaus.

47 2540 94 2572 (88)
118 2544 170 2569 Kal
193 2544 228 2570 τὰ
250 2545 403 2578 πνεύματα
422 2544 571 2578 ὠσαυτως.
600 2544 660 2571 Haec
687 2545 778 2572 omisit

24 2580 130 2608 mnquam
143 2579 276 2614 superflua
294 2579 405 2612 Billius,
421 2580 493 2614 quod
510 2580 590 2614 paulo
605 2584 666 2614 post
682 2585 777 2607 vento-

24 2616 68 2650 “um
83 2613 178 2650 mmtio
190 2613 247 2647 ﬁat.
263 2613 403 2641 Muscnlus
418 2613 549 2647 viertit,’et
568 2613 636 2642 venti
656 2615 778 2641 consimi-

29 2645 83 2683 ίιεζξ
102 2645 339 2683 (Ecolampadius,
356 2650 417 2675 item
441 2645 507 2683 ﬂare
530 2656 627 2677 ventos.
653 2650 733 2682 Quod
753 2651 776 2676 si

24 2682 162 2720 {‘tuije'cturae
177 2682 252 2720 locus
262 2688 343 2715 esset,
356 2682 510 2720 suspicarer
523 2685 713 2716 corrigendum
729 2685 776 2711 καὶ

24 2711 163 2754 τάλρεύιματα
171 2716 309 2750 ὡσαύτως,
318 2711 342 2745 εἰ
355 2711 533 2746 τίιιίἐὶυιίιίιεν
540 2711 776 2754 ραυέὶφιρξεοιυιιι

24 2749 79 2789 Enim
92 2749 199 2789 h:e_du:e
209 2749 295 2789 voces:
305 2761 422 2789 persaepe
442 2749 580 2789 conjungi.
597 2749 773 2786 Giossarinm,

24 2781 104 2816 ῥεῦμα,
120 2785 259 2820 ﬂuentum;
275 2781 313 2817 sic
330 2781 402 2816 enini
417 2781 532 2817 emen'do
544 2781 597 2824 ἷπο
610 2781 772 2824 nummum:

833 2208 924 2237 genter
936 2207 963 2230 et
979 2208 1105 2231 accurate
1116 2203 1207 2230 omnia
1219 2203 1335 2237 cogitata
1350 2206 1377 2229 et
1390 2209 1521 2237 perpensa
1536 2205 1610 2228 SUIIL

832 2249 874 2276 15.
887 2249 972 2276 Porro
996 2253 1080 2276 totam
1099 2257 1190 2276 rerum
1212 2253 1379 2276 terrenarum
1401 2252 1525 2274 naturam
1548 2255 1610 2282 per-

831 2299 979 2326 scrutatus,
994 2299 1077 2328 atque
1090 2294 1229 2329 ingeniose
1250 2297 1277 2320 et
1294 2293 1428 2328 sapienter
1442 2293 1469 2319 in
1489 2300 1519 2319 ea
1537 2293 1611 2327 cogi-

831 2341 931 2367 tatione
953 2345 1089 2373 versatus,
1114 2347 1173 2367 eam
1201 2339 1318 2367 maxime
1349 2339 1450 2366 variam
1479 2338 1608 2374 comperi.

830 2385 937 2413 Homini
948 2386 1047 2413 etenim
1062 2386 1089 2412 in
1101 2390 1172 2412 terra
1184 2384 1322 2413 laboribus
1339 2385 1430 2411 vexari
1444 2384 1537 2412 datum
1549 2389 1607 2417 est,

828 2474 911 2510 Eecli.
931 2482 1025 2510 xxxix,
1040 2474 1083 2506 l3,
1100 2473 1234 2510 ὠςνρόδον
1253 2473 1385 2510 φυόμενον
1405 2474 1450 2500 ἐπὶ
1474 2474 1607 2510 ῥεύματος

828 2509 910 2544 ὑγροῦ
928 2509 1103 2544 βλαστήσατε.
1122 2508 1196 2535 Sicut
1214 2509 1409 2544 rosarplanlata
1421 2517 1506 2544 super
1523 2509 1607 2542 ﬂuen-

826 2543 883 2571 tmn
912 2543 1048 2570 humidum
1077 2544 1229 2578 germinate.
1264 2543 1389 2570 Clemens
1413 2543 1489 2570 Alex.
1513 2544 1559 2570 lib.
1585 2551 1605 2570 ll

827 2579 935 2613 Pwdag.
945 2586 1004 2612 cap.
1018 2579 1044 2608 8¹
1062 2578 1125 2612 legit
1137 2578 1183 2604 ἐπὶ
1195 2578 1338 2613 ῥευμάτων
1350 2578 1462 2610 ὑδάτων,
1477 2579 1504 2604 in
1522 2578 1606 2612 fluen-

827 2615 860 2663 tia
875 2622 1014 2663 aquarum;
1028 2613 1151 2663 Vulgata,
1164 2615 1321 2663 superfiat):
1335 2621 1473 2653 aquarum:
1490 2613 1604 2653 Basilius

838 2657 899 2663 ιηιιιι
961 2657 979 2663 ιιι
1019 2657 1068 2663 ,ΙΙΙνὶ
1110 2655 1143 2663 ..υ
1178 2656 1216 2663 ..ι
1258 2657 1325 2663 -ιιιιιε
1350 2656 1472 2663 κυμιιΑιι
1491 2653 1603 2663 ...α--.δι

827 2649 920 2675 homil.
944 2649 979 2674 ἐν
995 2648 1078 2682 λιμῷ.
1088 2648 1144 2674 Οὐκ
1163 2647 1219 2674 ἐστι
1239 2648 1327 2684 ῥεῦμα
1350 2648 1472 2684 ποταμοῦ
1490 2647 1603 2683 στῆσαν·

827 2683 960 2709 Fluminis
974 2691 1078 2710 cursum
1092 2684 1182 2709 sistere
1198 2691 1247 2710 non
1262 2683 1332 2710 licet.
1348 2682 1387 2710 in.
1630 2679 1634 2689 ¹

862 2718 917 2752 (89)
939 2718 969 2744 Τί
982 2718 1019 2745 ἂν
1035 2718 1158 2754 γένοιτο.
1176 2718 1260 2746 Codd.
1278 2726 1334 2754 reg.
1346 2723 1373 2745 et
1386 2717 1505 2751 Thuan.,
1517 2719 1563 2746 καὶ
1577 2717 1605 2746 τί

827 2753 857 2779 ἂν
872 2753 984 2779 γένοιτο.
1001 2752 1038 2779 In.

825 2762 857 2780 αν
872 2761 984 2785 γενοιτο.
1002 2761 1038 2780 In.

861 2789 915 2824 (90)
935 2788 997 2815 Ὅτι
1013 2788 1038 2815 δ’
1054 2788 1092 2816 ἂν
1104 2789 1182 2825 εἴπῃ.
1199 2790 1254 2818 Cod
1279 2790 1360 2822 Mcl!"
1379 2790 1431 2826 ἔπῃ
1446 2799 1494 2822 τις.
1514 2789 1550 2818 In.
