1857 3047
20 122 44 148 i5

20 181 85 217 ;ρσὶν
115 177 207 216 εἶχον,
230 180 365 216 ’μοχθηρὰ
399 180 466 216 ὁμοῦ
505 181 552 207 καὶ

20 226 146 262 νεύματος
159 227 209 252 οὐκ
227 226 328 261 ἀγαθοῦ
348 227 496 261 ποιήματα.
511 225 594 252 Οὐδὲν
610 225 664 261 γὰρ
688 224 777 251 ὁτιοῦν

20 272 39 299 τ’
61 271 213 306 ἀνθρώπιον
234 271 383 308 ᾑρημένον,
405 271 552 297 ἁποδεκτὺν
572 269 641 298 εἷναί
663 278 706 305 μοι
729 269 776 296 νῦν

20 318 189 352 ιταφαίνεται
213 318 258 343 καὶ
285 317 514 352 περισπούδαστον
541 315 612 352 ὀρθῷ
644 314 774 349 λογισμῷ.

20 363 222 398 δλλογισὰμενος
247 359 292 389 οὖν
316 361 350 388 τά
372 371 400 388 τε
424 361 519 396 σοφίας
542 359 647 395 ἀγαθὰ,
672 359 718 386 καὶ
743 359 777 385 τά

20 409 147 444 ρροσύνης
164 408 247 439 κακὰ,
263 409 373 440 εἰκότως
389 407 422 434 ἂν
437 407 536 439 ἱκανῶς
553 407 716 442 θαυμάζοιμι
732 406 778 432 ἆν-

20 464 45 480 να
65 454 198 487 τοιοῦτον,
213 454 242 485 ὃς
258 463 299 485 τις
312 454 460 489 φερόμενος
474 453 591 487 ἀλόγως·
606 452 700 478 ἔπειτα
719 452 778 478 ἐαυ-

20 500 41 526 ›ὖ
53 499 220 534 λαϐόμενος,
241 499 279 530 είς
292 499 323 524 τὸ
341 498 401 524 δέον
423 497 579 532 ἐπιστρέψει
594 497 658 532 (95).
673 496 776 532 Φρονή-

20 553 59 576 an;
73 544 126 580 γὰρ
142 545 191 571 καὶ
205 543 358 580 ἀφροσύνης
388 543 501 591 πο).ὺ.τὺ
516 543 606 578 μέσον,
621 541 735 577 διαφορά
749 542 777 568 δὲ

20 592 90 626 μιφοῖν
104 589 235 626 τοσαύτη,
248 590 296 625 ὅση
313 598 365 624 περ
380 588 484 624 ἡμέρας
499 589 566 624 πρὸς
581 588 674 614 νύκτα.
685 588 777 614 Ἐοικε

20 637 78 662 ,ἐνυν
89 656 97 668 ,
112 637 126 662 ὁ
144 636 194 671 μὲν
212 635 312 670 ἀρετὴν
327 634 464 670 ᾑρημένος
475 654 481 665 ,
496 634 603 669 τρανῶς
623 642 653 659 τε
675 633 777 660 ἕκαστα

20 681 39 706 tl
50 680 103 706 ἀνω
118 680 242 715 βλέποντι
253 687 259 693 ·
275 679 338 714 τῆς·
353 687 383 704 τε
398 678 495 705 ἑαυτοῦ
508 678 619 714 πορείας
628 697 636 709 ,
651 677 775 713 λαμπρο-

20 726 70 752 imo
91 726 210 760 φέγγους
234 725 322 761 καιρῷ
347 724 542 760 πεποιημένῳ·
563 725 577 750 ό
596 725 619 751 δ’
643 722 676 750 αὖ
694 724 777 759 κακίᾳ

20 771 230 807 ιπεπλεγμένος,
243 772 290 798 καὶ.
301 771 386 806 πλάνῃ
401 770 514 806 παντοίᾳ
529 770 566 801 ὡς
579 770 608 796 ὲν
624 771 776 805 σκοτομήνῃ

20 816 161 852 λανωμένῳ
173 837 181 850 ,
199 816 297 850 τυφλός
313 825 344 842 τε
359 815 396 842 ὢν
418 816 467 851 τὴν
491 815 640 851 πρόσοψιν,
661 814 709 841 καὶ
724 814 776 841 ὑπὸ

20 862 42 889 δυ
58 863 166 894 σκότους
183 862 236 889 τῶν
251 862 420 898 πραγμάτων
430 861 604 898 ἀφῃρημένος
617 861 682 896 (96).
695 861 776 893 Τέλος

20 916 24 934 ε
38 909 180 943 ἐπινοήσας
197 908 328 944 ἐκατέρου
343 908 397 934 τῶν
414 907 478 942 βίων
495 907 596 933 τούτων
611 906 706 941 ὲγὼ¹τὺ
718 906 775 934 διὰ-

20 961 82 988 ορον,
96 950 281 988 εὖρον-οὐδὲν,
299 953 346 980 καί
359 953 396 984 ὡς
413 952 539 980 κοινωνὸν
551 953 675 988 ἀφρόνων
692 954 776 988 ἐμαυ-

20 1000 40 1024 5v
55 1000 226 1034 καταστήσας
237 1018 245 1030 ,
261 999 296 1026 τὰ
319 1000 368 1034 τῆς
386 999 540 1034 ἀφροσύνης
561 998 686 1035 ἐπίχειρα
705 999 776 1031 δέξο-

21 1053 54 1071 αι.
74 1045 104 1071 Τί
116 1045 172 1080 γὰρ
192 1045 208 1081 ἦ
230 1045 284 1071 τῶν
301 1045 475 1080 σοφισμάτων
489 1045 600 1071 ἐκείνων
621 1044 740 1079 ἀγαθὸν,
758 1045 774 1081 ἢ

20 1090 58 1116 ῑοία
69 1090 159 1126 όνησις
171 1091 227 1117 τῶν
244 1090 348 1117 πολλῶν
359 1091 456 1125 λόγων,
468 1091 535 1117 ὅπου
549 1099 582 1125 γε
595 1090 629 1117 τὰ
644 1090 776 1126 φλυαρίας

20 1136 123 1170 εὐματα,
142 1135 237 1171 ὥσπερ
252 1137 284 1162 ἐκ
300 1137 390 1172 πηγῆς
404 1138 520 1172 ὁρμᾶται
536 1137 588 1172 τῆς
606 1137 774 1173 ἀφροσύνης;

20 1181 71 1216 οφῷ
83 1182 110 1208 δὲ
124 1182 171 1208 καὶ¹
185 1182 283 1217 ἄφρονι
298 1182 385 1209 κοινὸν
392 1177 483 1214 οὐδὲν,
500 1182 530 1208 οὐ
545 1182 614 1209 κατά
626 1182 775 1218 ἀνθρώπων

20 1227 110 1261 .νήμην,
123 1227 153 1252 οὐ
166 1226 238 1253 κατά
248 1226 316 1253 Θεοῦ
331 1227 458 1263 ἀμοιὸήν.
473 1227 534 1254 Τῶν
546 1228 567 1254 δ’
583 1229 611 1254 ἐν
624 1227 776 1264 ἀνθρώποις

20 1273 175 1307 τραγμάτων,
192 1272 234 1299 ἔτι
249 1273 380 1308 ἄρχεσθαι
396 1273 561 1306 δοκούντων,
579 1274 628 1309 ἤδη
651 1274 680 1300 τὸ
698 1275 776 1306 τέλος

20 1318 170 1353 πιλαμὸάνει
189 1319 329 1346 ἁπάντων.
354 1319 438 1354 Σοφὸς
454 1319 482 1346 δὲ
506 1319 632 1346 οὐδέποτε
654 1320 776 1355 ἀσυνέτῳ

20 1364 45 1390 οὗ
58 1365 133 1391 αὑτοῦ
147 1366 273 1391 κοινωνεῖ
293 1365 395 1397 τέλους.
417 1365 550 1401 Ἐμίσησα
564 1365 653 1391 τοίνυν
668 1365 715 1392 καὶ
731 1365 775 1392 τὸν

22 1409 137 1444 ύμπαντά
150 1419 201 1446 μου
213 1411 333 1446 βίον,τδν
346 1412 374 1437 ὲν
389 1412 445 1442 τοῖς
456 1411 579 1446 ματαίοις
591 1411 773 1443 ἀναλωθέντα,

21 1466 32 1482 ν
42 1457 161 1492 διήγαγον
175 1459 234 1490 τοῖς
249 1458 314 1492 περὶ
329 1457 381 1492 γῆν
398 1458 489 1489 πόνοις
509 1457 709 1494 προστετηκὼς.
732 1457 775 1488 Ὦς

20 1502 52 1537 ’ἀρ
76 1503 207 1530 συνελόντι
238 1503 338 1538 φάναι,
366 1503 455 1530 πάντα
481 1512 525 1538 μοι
544 1503 672 1538 λυπηρῶς
694 1504 809 1546 exite-6

21 1548 122 1583 ιόχθηται
138 1550 228 1585 ὁρμῆς
247 1549 388 1583 ἀλογίστου
410 1550 541 1584 γενόμενα
557 1550 695 1585 ποιήματα
705 1558 712 1565 ⁸
729 1549 775 1576 καὶ

23 1597 137 1629 neiis-.4!
152 1606 196 1629 τις
213 1597 283 1624 αὺτά
300 1598 402 1632 ἕτερος,
415 1598 469 1624 εἴτε
487 1597 577 1631 σοφὸς,
593 1597 647 1623 εἴτε
661 1597 772 1632 ἠλίθιος,

21 1641 50 1672 ὰς
67 1643 165 1679 ψυχρὰς
179 1642 234 1670 τῶν
258 1642 332 1678 ἐμῶν
347 1643 478 1678 καμάτων
495 1643 670 1678 ἐπικαρπίας.
697 1643 775 1670 Ἀπο-

21 1686 133 1723 αόομένῳ
151 1688 180 1714 δέ
197 1696 243 1723 μοι
258 1687 346 1714 ταῦτα
362 1687 408 1714 καὶ
424 1687 620 1723 ἀπορρίψαντι,
637 1689 773 1724 κατεφάνη

25 1730 38 1757 ἃ
50 1732 82 1767 τῷ
96 1733 148 1760 όντι
165 1733 257 1768 ἀγαθά
277 1733 443 1769 προκείμενα
466 1733 615 1768 ἀνθρώπῳ,
633 1734 727 1769 σοφίας
745 1743 774 1761 τε

22 1777 111 1812 minem,
127 1780 173 1805 καὶ
186 1779 284 1814 κτῆσις
305 1779 438 1814 ἀνδρείας.
456 1779 487 1805 El
505 1778 534 1805 δέ
550 1788 591 1810 τις
608 1779 708 1806 τούτων
726 1780 775 1816 μὲν

24 1822 51 1848 ὗκ
75 1825 236 1860 ἐφρόντισεν,
254 1824 355 1860 ἑτέρων
368 1824 396 1850 δὲ
411 1825 549 1859 ἐπτόηται,
568 1825 583 1850 ό
597 1825 714 1857 τοιοῦτος
738 1826 775 1852 εί-

25 1878 60 1896 ato
75 1871 119 1906 μὲν
140 1871 247 1907 πονηρά
267 1871 328 1897 ἀντὶ
350 1870 458 1904 ἀγαθῶν
470 1889 477 1901 ,
505 1870 620 1906 μετῆλθε
632 1871 661 1897 δὲ
677 1872 774 1899 κακίαν

22 1917 60 1942 ml.
71 1917 257 1953 χρηστότητος,
266 1916 313 1943 καὶ
325 1916 422 1952 μόχθον
436 1915 492 1943 ἀνθ’
506 1916 629 1951 ἡσυχίας,
645 1917 774 1952 ταράχοι;

23 1962 123 1994 ποικίλοις
141 1963 350 1999 περιελκόμενος
361 1983 368 1995 ,
384 1962 492 1998 νύκτωρ
506 1971 535 1988 τε
558 1962 604 1989 καὶ
628 1962 686 1998 μεθ’
707 1962 774 1998 ἡμέ-

23 2016 53 2033 ιιν
66 2010 235 2045 συνεχόμενος
251 2009 312 2041 ἀεὶ,
337 2008 462 2044 σώματός
484 2017 513 2034 τε
529 2008 668 2042 ἐπείγουσι
683 2009 774 2043 καμά-

26 2062 69 2086 οις.
83 2056 126 2082 καὶ
140 2056 230 2091 ψυχῆς
250 2055 390 2091 φροντίσιν
411 2055 608 2087 ἀδιαλείπτοις,
625 2053 773 2089 σφαδαξού-

23 2107 53 2133 ῖης
71 2100 137 2136 αὑτῷ
153 2101 204 2136 τῆς
226 2100 353 2136 καρδίας,
377 2099 527 2127 ἀλλοκότων
542 2100 623 2126 ἕνεκα
647 2099 773 2136 πραγμά-

25 2154 62 2172 ων.
81 2146 115 2172 Οὐ
130 2147 184 2182 γὰρ
199 2146 230 2173 τὸ
244 2146 345 2172 τέλειον
361 2145 462 2180 ἀγαθὸν
485 2146 547 2182 περὶ
564 2145 663 2181 βρῶσίν
677 2154 707 2172 τε
726 2145 772 2172 καὶ

24 2189 76 2216 ιόσιν
89 2191 183 2222 ἱζάνεισ
203 2192 228 2218 εί
243 2191 289 2218 καὶ
307 2191 422 2226 μάλιστα
435 2192 466 2217 ὲκ
481 2191 547 2218 Θεοῦ
561 2191 713 2227 ἀνθρώποις
728 2191 770 2225 γίο
786 2185 809 2214 D

24 2243 84 2262 ονται
95 2238 120 2263 al
132 2237 248 2274 τροφαί·
264 2237 339 2264 οὐδὲν
349 2236 402 2273 γάρ
415 2236 469 2263 τῶν
482 2237 549 2273 πρὸς
562 2237 696 2272 σωτηρίαν
706 2238 770 2272 ἡμῖν

27 2281 138 2317 ἰδομένων
152 2285 204 2318 ἔξω
220 2285 269 2320 τῆς
285 2283 367 2311 αὑτοῦ
384 2283 501 2319 ὑπάρχει
518 2283 653 2319 προνοίας.
675 2283 742 2309 Ἀλλ’
756 2285 771 2310 ό

25 2326 53 2352 ιὲν
66 2329 156 2362 ἀγαθὸς
171 2330 250 2366 ἀνὴρ,
263 2329 357 2363 σοφίας
367 2330 398 2355 ὲκ
413 2328 479 2355 Θεοῦ
494 2328 592 2364 τυχὼν,
605 2328 771 2364 εὐφροσύνης

27 2379 89 2407 τνχεν
102 2375 222 2411 οὐρανίου
233 2383 240 2390 θ
252 2377 266 2401 ὁ
280 2375 302 2401 δ’
316 2373 348 2402 αὖ
365 2375 481 2410 πονηρὸς
491 2394 498 2407 ,
514 2374 653 2409 θεηλάτοις
664 2374 771 2401 ἐλαυνό-

25 2425 79 2450 Lava;
92 2422 196 2453 κακοῖς,
213 2419 369 2452 πλεονεξίαν
384 2420 480 2451 νοσῶν,
495 2419 579 2446 πολλά
596 2428 626 2446 τε
647 2419 770 2454 ἀθροῖσαι

25 2465 155 2500 ῖπουδάζει,
172 2468 219 2494 καὶ
234 2466 279 2493 τὸν
303 2466 354 2493 ὑπὸ
370 2466 437 2493 Θεοῦ
461 2466 639 2501 τετιμημένον
652 2465 770 2492 ἐναντίον

29 2508 52 2534 αὖ
60 2509 155 2538 πάντων
177 2513 310 2539 Δεσπότου
324 2512 450 2539 ὀνειδίσαι
474 2511 599 2543 σπεύδει,
616 2511 688 2547 δῶρα
705 2519 771 2546 προ-

26 2555 91 2582 είνων
113 2557 248 2594 ἀχρηστα,
273 2558 369 2594 δολερά
389 2567 418 2585 τε
439 2557 506 2593 ὁμοῦ
529 2557 574 2583 καὶ
597 2557 699 2592 μάταια
721 2557 771 2592 τῆς

26 2602 94 2628 μα’.)τοῦ
108 2603 197 2636 ἀθλίας
210 2604 299 2640 ψυχῆς
314 2604 508 2639 σπουδάσματα
522 2602 712 2638 πεποιημένος.

45 2654 51 2668 ¹
66 2654 135 2684 Prov.
143 2666 208 2692 xvu,
220 2659 270 2692 24;
287 2658 375 2686 Eccle.
390 2665 449 2691 vtn,
464 2658 491 2685 1.

46 2710 91 2746 (95)
105 2714 204 2749 Ἄνδρα
216 2715 383 2743 τοιοῦτον...
393 2715 575 2749 ἐπιστρέψει.
592 2714 657 2742 Mss.
672 2721 727 2748 reg.
744 2718 771 2742 et

27 2743 212 2786 Πίυῇίιιηᾶνδρα
227 2750 330 2778 τοῦτον.
346 2750 407 2778 Mox
423 2743 487 2778 vero
503 2743 564 2778 cod.
579 2749 673 2778 Medic.
685 2743 770 2782 ,ἔπι-

27 2781 112 2819 ῖτρίᾴῃ.
129 2781 247 2814 bucinus.

49 2816 221 2856 (θθῖτυφλός
238 2830 269 2849 τε
284 2822 357 2849 ὢν...
376 2821 575 2856 ἀφῃρημένος.
596 2819 705 2848 Minime
721 2820 770 2847 du-

526 117 767 146 METAPHRASIS
787 117 821 145 IN
840 117 1105 147 ECCLESIASTEN.

607 179 767 214 παγχάλεπα
777 201 783 212 ,
800 181 822 210 Α
836 184 939 214 ptatum
951 180 1007 214 spei
1021 188 1064 207 me
1077 181 1164 215 ipsum
1176 179 1338 208 dedidissent

878 184 939 206 tum
951 180 1007 214 spei
1021 188 1064 207 me
1077 181 1164 215 ipsum
1176 179 1354 213 dedidissent;
1368 180 1475 209 miseris
1486 182 1611 210 omnibus

1559 122 1612 150 994

826 225 929 253 deliciis
952 226 1036 253 animi
1059 226 1220 253 voluntatem
1247 223 1369 253 as'trinxi.
1402 226 1464 253 Mea:
1495 235 1612 262 namque

826 270 1003 304 cogitationes
1026 279 1059 297 eo
1083 270 1250 298 infelicitatis
1265 271 1397 306 prolapsa:
1410 276 1491 305 sunt,
1509 277 1539 299 ut
1554 274 1612 302 haec

828 317 941 344 honesta
957 322 984 344 et
999 319 1116 352 egregia,
1134 318 1269 353 dignaque
1284 325 1344 352 qua:
1359 318 1476 345 facerem
1492 319 1610 347 arbitra-

826 369 879 389 rer.
911 362 953 390 Η,
972 362 1090 390 Tandem
1108 371 1171 390 vero
1187 363 1401 398 expergefactus,
1428 368 1509 399 atque
1524 365 1610 392 oculis

827 409 984 438 restitutus.
1010 416 1041 435 ca
1058 416 1119 443 qum
1134 409 1300 436 inmanibus
1316 409 1459 442 habebam,
1477 409 1610 445 ﬂagitiosa

827 452 908 479 simul
930 453 1139 487 acerbitatisque
1168 453 1247 488 plena
1276 461 1336 481 esse
1357 455 1499 489 perspexi,
1529 455 1610 489 spiri-

827 501 923 532 tusque
932 506 983 526 non
993 499 1055 526 boni
1064 499 1180 534 opiticia.
1190 498 1282 534 Neque
1291 499 1363 526 enim
1373 500 1456 527 ullum
1468 500 1610 528 hominum

826 544 945 572 studium
969 544 1084 579 vitaeque
1107 545 1258 572 institutum
1284 546 1513 580 comprobandum
1543 547 1609 574 mihi

826 598 898 617 nunc
913 590 1028 622 videtur,
1058 597 1106 617 nec
1132 595 1205 618 recto
1224 591 1327 626 judicio
1352 593 1543 626 expetendum.
1564 593 1607 621 12.

826 635 940 663 Proinde
954 639 1042 662 mente
1055 636 1174 663 collectis
1185 640 1212 664 et
1224 637 1364 670 sapientia:
1381 638 1461 665 bouis
1477 644 1504 666 et
1519 639 1609 666 stulti—

825 681 870 708 tiae
885 681 974 714 malis,
991 688 1087 715 magna
1100 680 1173 708 hunc
1186 681 1275 708 virum
1289 682 1467 710 admiratione
1478 691 1608 718 prosecu-

827 731 870 754 tus
895 726 1010 757 fuerint,
1035 726 1082 761 qui
1105 734 1166 754 cum
1191 734 1310 762 praeceps
1321 727 1436 756 ferretur
1456 732 1610 764 temereque

826 775 979 807 vagaretur,
1001 776 1093 806 postea
1119 777 1207 799 mente
1223 777 1341 807 recepta,
1363 774 1396 800 ad
1410 774 1536 802 virtutem
1552 775 1610 802 olli-

826 817 953 852 ciumque
975 817 1063 844 rediit.
1094 817 1138 844 15.
1157 817 1303 845 Prudentia
1325 818 1397 845 enim
1422 823 1449 846 et
1472 820 1608 848 dementia

827 871 924 898 magno
940 862 1084 890 interstitio
1106 862 1246 897 disiunctae
1261 867 1336 896 sunt,
1359 872 1409 891 nec
1425 864 1516 892 minus
1537 865 1609 893 inter

826 913 968 944 utramque
989 913 1031 936 est
1052 909 1217 937 discriminis
1239 917 1322 944 quam
1344 910 1414 937 inter
1434 911 1504 938 diem
1517 916 1544 939 et
1559 920 1607 939 no-

825 960 906 982 ctem.
927 954 970 981 M.
984 954 1114 987 Quocirca
1128 954 1174 988 qui
1186 954 1311 982 virtutem
1323 955 1463 990 amplexus
1474 961 1524 989 est,
1538 956 1608 984 haud

825 999 891 1026 mihi
908 1000 942 1026 ab
958 1007 990 1026 eo
1004 998 1113 1026 diﬂ‘crre
1126 999 1242 1031 videtur,
1260 1000 1308 1034 qui
1321 1007 1377 1027 rem
1391 1008 1609 1036 unamquamque

825 1045 967 1081 perspicue
989 1045 1086 1078 cernit,
1108 1053 1271 1080 sursumque
1297 1051 1465 1081 prospectat,
1489 1047 1609 1074 clarissi-

826 1096 929 1124 mteque
942 1088 1010 1116 lucis
1028 1093 1147 1123 tempore
1160 1089 1211 1116 iter
1224 1089 1288 1117 facit
1301 1091 1319 1117 ¹.
1347 1090 1448 1118 Contra
1462 1092 1508 1126 qui
1523 1100 1552 1119 se
1567 1092 1607 1118 vi-

826 1135 863 1161 tio
880 1134 1010 1170 implicuit
1027 1134 1169 1169 omnisque
1184 1135 1291 1170 generis
1305 1137 1454 1168 erroribus,
1473 1137 1546 1164 haud
1563 1138 1610 1165 ab-

826 1179 922 1207 similis
949 1184 990 1206 est
1013 1179 1116 1206 homini
1136 1179 1163 1206 in
1185 1180 1318 1215 profunda
1335 1181 1448 1216 caligine
1461 1182 1607 1214 oberranti,

825 1225 923 1260 quippe
949 1225 996 1260 qui
1018 1225 1139 1252 caecitate
1164 1226 1276 1254 allectus
1299 1227 1345 1260 sit,
1362 1232 1444 1262 atque
1458 1236 1473 1254 a
1487 1228 1608 1263 negotio-

825 1278 886 1298 rum
912 1270 1029 1298 tenebris
1052 1271 1221 1298 exoculatus.
1253 1272 1296 1300 15.
1321 1272 1442 1308 Denique
1466 1273 1609 1308 utriusque

826 1315 923 1342 harum
935 1316 1051 1344 vitarum
1065 1316 1244 1344 diﬂ‘erentlam
1257 1318 1348 1345 animo
1370 1322 1527 1350 assecutus,
1541 1319 1608 1346 nihil

825 1367 920 1398 postea
943 1364 1031 1398 reperi
1042 1382 1050 1396 .
1078 1364 1143 1398 quin
1159 1364 1224 1391 illud
1244 1365 1334 1399 potius
1355 1364 1424 1398 fore,
1437 1371 1467 1393 ut
1480 1366 1502 1393 si
1519 1374 1562 1394 me
1574 1366 1607 1393 ad

825 1409 971 1437 stultorum
998 1409 1153 1437 societatem
1181 1418 1213 1438 ac
1236 1410 1391 1438 sodalitium
1421 1412 1606 1445 contulissem,

826 1456 946 1483 stultitia:
962 1456 1072 1491 praemia
1088 1457 1266 1492 perciperem.
1296 1457 1366 1490 Quid
1385 1458 1455 1486 enim
1476 1466 1508 1486 ex
1528 1466 1608 1494 argu-

827 1502 873 1529 tiis
891 1502 946 1529 illis
961 1502 1096 1530 commodi
1111 1503 1225 1537 referri,
1243 1507 1290 1531 aut
1302 1503 1367 1538 quid
1381 1502 1486 1531 fructus
1497 1511 1531 1531 ex
1545 1512 1608 1539 pro~

825 1548 887 1575 lixis
899 1548 1070 1575 sermonibus
1086 1548 1175 1583 colligi
1190 1553 1296 1583 potest;
1313 1556 1376 1576 cum
1391 1549 1499 1583 quidem
1512 1549 1609 1583 loqua-

825 1593 915 1621 citatis
941 1594 1099 1628 importume
1122 1593 1233 1622 ﬂumina
1259 1594 1294 1621 ab
1316 1594 1472 1630 insipientia
1493 1595 1566 1622 velut
1591 1604 1607 1622 a

825 1640 899 1667 fonte
922 1641 1064 1668 oriantur?
1086 1639 1130 1667 16.
1147 1639 1267 1675 Sapienti
1287 1649 1367 1676 porro
1388 1645 1415 1668 et
1428 1641 1525 1670 stolido
1539 1642 1607 1668 nihil

824 1693 967 1714 Commune
988 1690 1046 1719 est,
1071 1693 1118 1713 nec
1143 1690 1274 1721 quantum
1298 1686 1332 1714 ad
1347 1686 1485 1714 hominum
1504 1695 1608 1715 memo-

824 1731 913 1764 riam,
938 1739 987 1760 nec
1009 1736 1141 1767 quantum
1162 1733 1195 1759 ad
1209 1731 1255 1759 Dei
1270 1732 1524 1760 remunerationem.
1554 1732 1608 1761 Res

824 1783 915 1806 autem
932 1779 1064 1806 humanas
1080 1787 1142 1806 cum
1158 1779 1246 1806 adhuc
1261 1779 1327 1806 oriri
1342 1779 1482 1811 videntur,
1507 1780 1562 1814 jam
1576 1780 1607 1807 ti-

824 1821 866 1849 nis
881 1822 985 1856 arripit.
1017 1822 1131 1857 Sapiens
1146 1831 1226 1856 porro
1241 1822 1361 1858 ejusdem
1384 1831 1447 1850 cutn
1463 1823 1561 1851 stolido
1576 1825 1608 1851 ti-

825 1867 867 1894 nis
880 1875 1018 1902 nunquam
1030 1872 1071 1896 est
1081 1868 1226 1904 particeps.
1248 1869 1290 1897 17.
1304 1868 1394 1902 Quare
1404 1869 1486 1897 vitam
1499 1877 1605 1897 omnem

824 1921 913 1941 meam
929 1915 1065 1943 exsecrari
1081 1915 1150 1950 ειερί
1161 1935 1168 1948 ,
1184 1923 1265 1950 quam
1281 1916 1307 1943 in
1325 1916 1407 1944 rebus
1423 1916 1499 1944 vanis
1515 1916 1603 1944 tradu-

824 1967 916 1986 xeram
930 1964 1010 1995 atque
1022 1968 1242 1995 consumpseram
1253 1982 1260 1995 ,
1285 1961 1398 1988 terrenis
1412 1961 1550 1989 laboribus
1562 1962 1605 1988 in-

823 2005 975 2033 tabescens.
1004 2005 1047 2033 48.
1065 2005 1169 2033 Etenim
1192 2010 1222 2034 ut
1247 2014 1301 2033 uno
1325 2007 1408 2034 verbo
1431 2007 1604 2042 complectar,

823 2050 913 2077 omnia
939 2049 1006 2077 mihi
1023 2058 1120 2086 magna
1138 2058 1200 2078 eum
1225 2051 1348 2078 molestia
1372 2051 1511 2078 elaborata
1531 2056 1605 2082 sunt,

823 2095 954 2130 praecipiti
985 2096 1068 2123 animi
1093 2097 1193 2131 impetu
1213 2097 1249 2124 ita
1274 2104 1317 2124 me
1343 2097 1532 2131 pet-trahente;
1561 2097 1604 2124 19.

823 2141 910 2176 Atque
926 2149 957 2169 ea
974 2141 1044 2169 alius
1058 2147 1220 2176 excepturus
1232 2146 1283 2174 est,
1299 2142 1407 2176 sapiens
1423 2149 1457 2168 an
1471 2148 1565 2169 excors
1578 2145 1606 2168 ct

822 2188 947 2220 stolidus,
960 2189 1062 2221 nescio;
1081 2188 1202 2223 frigidos,
1216 2187 1338 2222 inquam,
1349 2187 1470 2214 lab'orum
1482 2194 1604 2214 meorum

823 2234 938 2262 fructus.
967 2233 1014 2261 His
1028 2238 1117 2261 autem
1140 2233 1262 2260 excussis
1278 2237 1359 2267 atque
1372 2232 1516 2267 proiectis,
1537 2232 1605 2259 mihi

821 2287 885 2307 vera
903 2279 973 2306 bona
989 2279 1146 2306 hominibus
1172 2278 1309 2313 proposita
1326 2281 1525 2312 apparuerunt;
1553 2276 1605 2304 huc

822 2330 873 2358 est,
888 2326 1025 2360 sapientia:
1035 2325 1164 2360 cognitio,
1173 2329 1199 2351 et
1210 2322 1381 2350 fortitudinis
1395 2321 1512 2356 adeptio.
1527 2320 1604 2354 Quod

823 2371 846 2398 si
862 2370 923 2405 quis
939 2370 1035 2397 barum
1059 2377 1124 2397 cura
1148 2368 1268 2403 neglecta
1279 2387 1288 2400 ,
1315 2367 1385 2394 alius
1398 2366 1549 2401 cuiuspiam
1565 2366 1602 2393 rei

822 2416 968 2450 cupiditate
980 2415 1124 2448 incitatur;
1139 2414 1182 2441 hic
1195 2418 1221 2441 et
1237 2413 1308 2440 mala
1323 2412 1402 2440 bonis
1414 2411 1564 2446 anteponit,
1577 2415 1605 2438 ct

823 2462 918 2489 vitium
937 2469 987 2496 pro
1003 2461 1166 2496 benignitate
1188 2465 1214 2488 et
1236 2459 1334 2486 virtute
1350 2462 1538 2490 consectatur;
1557 2456 1602 2484 20.

823 2508 856 2536 Et
877 2515 1024 2536 aerumnam
1041 2515 1090 2542 pro
1102 2507 1202 2541 quiete.
1219 2505 1302 2533 variis
1329 2505 1490 2532 tumultibus
1504 2504 1602 2531 distra~

823 2559 893 2587 ctus,
909 2559 987 2581 noctu
1001 2559 1081 2588 atque
1095 2552 1212 2578 interdiu
1237 2552 1390 2584 divexatus,
1407 2555 1465 2577 tum
1481 2550 1602 2585 urgenti-

823 2601 874 2628 bus
894 2600 1016 2635 corporis
1042 2597 1190 2631 laboribus,
1215 2602 1272 2625 tum
1297 2597 1434 2632 perpetuis
1448 2596 1545 2624 anima:
1557 2603 1605 2623 cu-

823 2713 897 2740 hium
911 2716 952 2739 est
962 2711 1028 2746 quin
1044 2711 1187 2741 legendum
1201 2711 1246 2744 sit,
1262 2710 1360 2746 τυφλός
1376 2705 1406 2737 τε
1423 2709 1473 2746 ὢν,
1491 2709 1537 2736 καὶ
1554 2708 1604 2743 τὴν

825 2747 954 2788 πρόσοψιν
971 2747 1022 2773 ὑπὸ
1041 2747 1249 2788 τοῦνισκότους...
1267 2745 1451 2788 ἀφῃρημένος.
1467 2745 1495 2771 In
1510 2749 1604 2788 pycte-

824 2783 883 2844 igtis
896 2783 968 2810 enim
984 2783 1139 2810 accusativo
1163 2790 1270 2818 seraper
1286 2783 1410 2817 jungitur
1426 2783 1604 2816 ἀφαιρουμαι.

847 2825 941 2846 unus.
