1857 3047
35 115 80 143 991
539 112 780 140 METAPHRASIS
796 112 830 140 IN

34 172 91 208 περί
105 180 133 198 τε
147 171 201 198 τῶν
214 171 388 206 ἀνθρωπίνων
403 170 506 207 ψυχῶν,
517 172 541 198 εί
554 172 754 206 ἀναπτήσονται
765 171 802 207 (-l)
817 174 840 203 Α

32 219 91 249 ἀνω,
106 217 223 253 καὶπερὶ
236 217 290 244 τῶν
303 217 403 244 λοιπῶν
415 216 448 249 ἃς
462 217 496 244 τὰ
511 217 593 252 ἄλογα
607 218 766 253 κέκτηνται,
780 217 805 243 εἰ

33 264 99 290 κάτω
110 263 326 299 διαῤῥυήσονται.
350 263 405 290 Καὶ
420 263 434 289 ὃ
451 271 495 298 μοι
508 262 596 289 ἐδόκει
618 263 698 298 μηδὲν
712 263 805 298 ἕτερον

32 309 154 344 ὑπάρχειν
177 308 295 342 ἀγαθὸν,
315 309 339 334 εί
365 308 402 344 μὴ
424 309 513 344 τρυφὴ
533 308 649 335 καὶτῶν
666 308 806 344 παρόντων

31 355 129 391 χρῆσις.
151 355 188 380 Οὐ
212 354 265 390 γὰρ
285 352 354 381 εἶναι
376 353 456 380 πάλιν
470 354 582 390 ᾠήθην,
599 354 645 380 ἐπὶ
665 353 714 389 τὴν
734 353 802 381 ἁπό-

851 111 1116 140 ECCLESIASTEN.
1583 113 1634 141 993

854 176 943 199 autent
969 172 1060 199 omnia
1085 172 1149 207 ipsis
1168 171 1261 199 eodem
1282 171 1363 200 modo
1385 173 1561 208 contingere;
1589 174 1636 201 20.

852 217 906 245 Nec
923 222 1038 245 mortem
1056 218 1142 254 magis
1160 218 1188 245 in
1203 223 1299 246 catera
1312 219 1439 247 animalia
1451 228 1532 255 quam
1548 220 1575 247 in
1591 221 1639 248 ho-

853 263 941 291 mines
957 264 1086 299 grassari.
1115 263 1161 291 21.
1179 262 1312 291 Omnibus
1326 265 1397 291 enim
1412 266 1542 299 aequalem
1558 266 1638 300 spiri-

854 312 911 336 tum
927 316 1005 341 esse,
1025 316 1075 336 nec
1088 309 1236 344 quidquam
1258 310 1370 338 omnino
1381 312 1498 345 amplius
1513 311 1638 340 homines

856 353 973 387 habere;
991 354 1037 381 sed
1050 358 1160 386 cuncta,
1177 359 1207 382 ut
1220 362 1274 382 uno
1289 356 1370 383 verbo
1384 357 1483 388 dicam,
1495 365 1564 384 vana
1577 365 1638 385 esse

30 400 115 427 λανσιν
129 400 228 427 τούτων
243 400 329 427 ὲλθεῐν
344 399 472 434 δυνατὸν,
489 399 561 432 ἅπαξ
577 398 712 435 ἀνθρώπῳ
724 399 799 426 θανά-

878 399 890 426 b
903 399 999 427 eadem
1009 404 1081 427 terra
1094 402 1352 435 coagmentationem
1365 402 1500 434 habentia.
1516 408 1596 437 atque
1610 404 1638 430 in

31 454 72 472 του
85 446 253 483 γευσαμένῳ..

878 445 979 472 amdem
1005 449 1105 472 terram
1128 445 1276 481 dilapsura.
1311 448 1446 474 lnccrtum
1470 448 1543 475 enim
1566 456 1638 482 esse,

30 496 82 519 tum
97 492 130 519 de
144 492 272 520 humanis
291 492 444 525 animabus,
458 499 493 519 an
514 499 622 519 sursum
637 491 819 518 convolatttrae
840 490 909 524 sint;
927 495 983 518 tum
997 491 1031 519 de
1052 491 1164 526 reliquis
1182 500 1250 526 quas
1263 493 1389 520 animalia
1404 495 1507 522 ratione
1517 496 1636 523 carentia

31 543 193 573 acceperunt,
203 547 238 566 an
247 539 376 566 deorsum
388 539 539 566 diﬁluxurae
552 538 623 572 sint;
639 539 684 565 22.
698 538 736 566 Ac
749 538 814 565 mihi
831 538 934 566 nullum
962 538 1035 566 aliud
1066 539 1167 566 bonum
1189 547 1249 567 esse
1267 540 1417 573 videbatur,
1437 550 1518 576 quam
1535 543 1638 571 deliciae

31 591 54 612 et
66 586 233 620 praesentium
247 587 452 614 commodorum
464 594 540 614 usus.
563 585 655 621 Neque
682 586 754 613 enim
772 585 828 612 ﬁeri
850 592 930 620 posse
952 585 1056 620 putavi,
1079 590 1106 612 ut
1121 586 1265 621 quisquam
1288 595 1383 615 rursus
1398 588 1431 616 ad
1450 589 1637 624 percipiendas

31 633 172 667 voluptates
186 633 314 667 accedat,
343 638 517 669 posteaquam
535 638 649 661 mortem
664 633 746 662 semel
760 633 918 669 degustarit.

317 681 443 708 ΚΕΦΑΛ.
462 682 498 708 Δ¹.

65 723 126 750 Ἀπὸ
139 724 167 751 δὲ
180 724 281 752 τούτων
299 725 411 752 ἁπασῶν
427 725 545 761 ἐμαυτὸν
561 726 726 762 ἐπιστρέψας
747 726 800 753 τῶν

30 770 129 796 ἐννοιῶν
149 771 359 806 κατεσκεψάμην
381 771 426 798 καὶ
442 772 619 808 ἀπεστράφην
638 773 725 800 πάντα
743 771 799 808 είδη

30 816 205 850 συκοφαντιῶν
229 817 264 843 τὰ
288 818 317 844 έν
335 818 488 854 ἀνθρώποις
510 818 667 854 πλαζόμενα
680 839 687 851 ,
712 818 742 851 ἐξ
764 815 801 845 ὧν

29 865 92 894 τινες
110 862 158 898 μὲν
174 863 345 899 ἀδικούμενοι
361 864 506 900 δακρύουσι
528 865 574 891 καὶ
592 865 739 901 θρηνοῦσι,
758 864 803 901 βίᾳ

29 909 250 944 καταῆεὸλημὲνοι
265 910 320 936 τῶν
338 911 530 946 ὲπαμυνόντων
546 911 584 945 (2)
596 931 604 943 ,
626 911 642 947 ἢ
666 912 734 944 ὅλως
750 921 802 938 πα-

29 955 249 990 ρειμυθησομένων
263 956 361 987 αὐτοὺς
375 956 468 992 πάσης
484 955 651 990 πανταχόθεν
675 956 803 991 κατεχού-

819 841 839 868 Β

30 1009 72 1035 σης
87 1001 215 1037 ἀπορίας·
233 1002 256 1028 οί
272 1002 300 1028 δὲ
315 1002 463 1038 χειροδίκαι
483 1003 522 1034 είς
537 1001 602 1037 ’ύψος
621 1002 756 1038 αἴρονται,
774 1002 802 1036 ἐξ

28 1045 53 1073 οὖ
66 1048 110 1073 καὶ
124 1047 277 1075 πεσοῦνται.
291 1048 350 1075 Τῶν
361 1048 388 1075 δὲ
398 1048 497 1075 ἀδίκων
512 1049 559 1076 καὶ
573 1049 705 1085 θρασέων,
714 1050 737 1075 οί
754 1048 803 1084 μὲν

30 1093 209 1125 ἀποθανόντες,
234 1094 344 1129 ἄμεινον
365 1094 440 1130 παρὰ
460 1095 523 1126 τοὺς
544 1094 623 1130 μέχρι
639 1093 685 1121 νῦν
702 1093 804 1126 ζῶντας

30 1137 150 1173 ἔπραξαν.
159 1137 343 1173 Δίρετώτερος
353 1138 381 1164 δὲ
390 1137 492 1164 τούτων
504 1137 675 1173 ἀμφοτέρων,
688 1137 702 1162 ὀ
713 1137 804 1173 ὅμοιος

28 1185 111 1216 αὐτοῖς
131 1184 267 1220 ἐσόμενος,
292 1183 404 1219 μηδέπω
418 1184 446 1210 δὲ
463 1183 500 1219 (5)
525 1182 652 1217 γεγονὼς,
674 1183 714 1210 ὅτι
729 1182 804 1209 οῦπω

28 1230 71 1265 τῆς
85 1230 152 1257 κατὰ
161 1229 320 1266 ἀνθρώπους
333 1230 421 1265 ἥψατο
437 1229 576 1265 πονηρίας.
591 1229 706 1265 Φανερδν
719 1229 746 1256 δέ
759 1238 804 1264 μοι

28 1276 126 1310 ἐγένετο
149 1276 197 1302 καὶ
221 1276 318 1308 ὁπόσος
341 1276 419 1311 ἀνδρὶ
440 1275 535 1310 φθόνος
557 1275 631 1311 παρᾶ
653 1275 706 1302 τῶν
720 1275 804 1306 πέλας

28 1319 123 1351 ἕπεται,
145 1319 252 1356 οἶστρος
275 1320 404 1356 ὑπάρχων
426 1321 543 1356 πονηροῦ
563 1320 717 1356 ⁴πνεύματος
733 1330 738 1336 ·
758 1321 805 1347 καὶ

28 1365 63 1391 ὅτι
76 1366 88 1391 ὁ
102 1365 298 1401 ὑποδεξάμενός
311 1375 341 1392 τε
354 1365 444 1396 αὐτὸν,
460 1366 507 1392 καὶ
516 1366 597 1392 οίονεὶ
612 1366 804 1402 προστερνισά-

30 1419 111 1445 μενος,
127 1412 204 1439 οὐδὲν
223 1413 316 1448 ἕτερον
335 1413 400 1448 ἔχει,
422 1412 439 1448 ἢ
460 1412 490 1439 τὸ
503 1411 628 1438 διεσθίειν
643 1412 692 1448 τὴν
708 1411 803 1438 ἑαυτοῦ

27 1456 116 1492 ψυχὴν,
133 1459 180 1484 καὶ
196 1458 331 1496 διαπρίειν
341 1467 370 1484 τε
385 1458 431 1484 καὶ
440 1458 560 1493 δαπανᾷν
573 1457 641 1493 μετὰ
654 1458 701 1484 τοῦ
716 1457 805 1493 σώμα-

27 1511 65 1534 τος
90 1504 185 1531 ἑαυτοῦ
212 1504 300 1541 λύπην
326 1504 550 1540 ἀπαραμύθητον,
577 1504 626 1540 τὴν
648 1504 702 1532 τῶν
718 1504 804 1532 ἄλλων
817 1521 839 1549 C

28 1550 170 1585 εὐπραγίαν
189 1551 330 1587 τιθέμενον
342 1551 388 1586 (4).
407 1551 511 1578 Ἕλοιτο
525 1551 546 1578 δ’
559 1551 591 1578 ἄν
605 1560 646 1582 τις
656 1549 685 1578 εὖ
698 1551 802 1587 φρονῶν

29 1595 134 1632 θατέραν
157 1597 298 1632 ἐμπλῆσαι
322 1597 376 1624 τῶν
401 1597 510 1633 χειρῶν,
536 1598 584 1624 σὺν
610 1596 732 1634 ῥᾳστώνῃ
756 1598 802 1625 καὶ

29 1643 161 1678 πραότητι,
183 1643 254 1680 ἥπερ
273 1643 431 1679 ἀμφοτέρας
454 1643 502 1670 σὺν
520 1643 619 1678 μόχθῳ,
635 1643 682 1670 καὶ
694 1643 801 1679 δολεροῦ

28 1687 171 1723 πνεύματος
187 1688 348 1724 πανουργίᾳ.
369 1690 446 1715 Ἐστι
462 1688 490 1714 δέ
505 1697 531 1715 τι
546 1689 593 1715 καὶ
608 1688 700 1724 ἕτερον
710 1709 717 1721 ,
734 1690 802 1724 ὅπερ

28 1731 77 1760 οἶδα
103 1734 250 1769 συμϐαίνον
277 1734 353 1770 παρὰ
375 1733 406 1761 τδ
432 1734 578 1769 προσῆκον,
604 1733 699 1770 ἀνδρὸς
722 1734 802 1762 ἕνεκα.

27 1778 204 1814 προαιρέσεως
213 1779 263 1805 οὐκ
273 1778 388 1814 ἀγαθῆς.
402 1779 450 1810 ’ος
463 1778 650 1814 μεμονωμένος
661 1778 800 1812 πάντοθεν,

26 1822 67 1848 καὶ
82 1822 141 1849 οὔτε
157 1823 270 1858 ἀδελφὸν
283 1823 362 1859 ἔχων,
375 1823 436 1850 οὔτε
448 1823 515 1856 υἱὸν,
527 1825 646 1859 κτήμασι
659 1824 687 1850 δὲ
697 1824 802 1857 πολλοῖς

26 1867 225 1904 εὐθηνούμενος,
249 1869 385 1905 ἀπληστίᾳ
404 1869 503 1901 συζῶν,
520 1870 681 1905 χρηστότητι
707 1870 802 1897 ἑαυτὸν

25 1913 75 1939 οὐθ’
90 1915 156 1946 ὅλως
171 1914 261 1941 ὁτιοῦν
280 1915 416 1942 ἐπιδοῦναι
432 1915 513 1943 θέλει.
536 1915 633 1947 Ἡδέως
648 1913 695 1942 οὖν
707 1915 740 1943 ἂν
752 1916 802 1943 αὐ-

25 1959 66 1985 τὸν
86 1960 209 1996 ἐροίμην,
232 1961 293 1987 ὂτου
315 1961 394 1996 χάριν
409 1961 424 1988 ὀ
439 1961 558 1993 τοιοῦτος
580 1961 688 1997 μοχθεῖ,
705 1961 736 1988 τὺ
754 1962 802 1997 μὲν

25 2004 117 2038 ἀγαθόν
131 2015 157 2033 τι
174 2006 271 2042 δρᾶσαι
298 2007 488 2043 προτροπάδην
499 2006 616 2042 φεύγων,
627 2007 762 2039 ποικίλαις
773 2008 802 2035 δὲ

25 2050 66 2076 τοῦ
80 2052 302 2087 χρηματίσασθαί
326 2052 407 2079 ποθεν
431 2052 588 2089 ἐπιθυμίαις
606 2053 800 2089 διασπώμενος.

26 2095 109 2132 Πολλῷ
120 2097 148 2123 δὲ
158 2097 254 2124 τούτου
267 2097 385 2132 βελτίους
397 2098 421 2124 οἳ
431 2098 571 2125 κοινωνίαν
584 2098 642 2134 ἅμα
651 2099 709 2134 βίου
719 2098 802 2125 ἐστεί-

25 2141 106 2174 λαντο,
113 2143 142 2177 ἐξ
149 2141 185 2180 ἦς
194 2145 340 2179 καρποῖντο
347 2143 378 2170 ἂν
385 2143 418 2170 τὰ
426 2143 551 2179 βέλτιστα
559 2142 620 2180 (4“);
631 2143 682 2170 Δύο
689 2143 742 2180 γὰρ
756 2145 802 2171 άν-

25 2187 88 2223 δρῶν
100 2191 158 2222 τοῖς
171 2190 263 2222 αὐτοῖς
277 2190 435 2226 πράγμασιν
450 2190 537 2225 ὀρθῶς
551 2190 763 2226 προσκειμένων,
777 2191 801 2217 el
816 2198 838 2226 ι)

25 2236 66 2261 καὶ
84 2235 192 2272 θατέρῳ
213 2237 267 2263 τινὶ
287 2236 428 2272 προσπέσῃ
449 2245 489 2262 τι·
509 2236 577 2263 ἀλλὰ
592 2236 644 2272 μὴν
659 2237 689 2264 οὐ
702 2236 802 2272 μικρὰν

25 2279 176 2318 ἐπικουρίαν
197 2282 263 2318 ἔχει,
282 2282 327 2309 τὸν
348 2282 422 2318 αὐτῷ
439 2282 562 2310 συνόντα.
577 2283 699 2320 Μεγίστη
714 2283 742 2310 δὲ
755 2283 802 2310 καὶ

26 2327 145 2363 συμφορὰ
161 2327 296 2364 ἀνθρώπῳ
309 2327 518 2364 δυσπραγοῦντι,
539 2329 586 2355 καὶ
603 2329 619 2364 ἡ
639 2329 740 2364 ἐρημία
754 2328 802 2356 τοῦ

25 2373 250 2410 ἀνακτησομένου.
266 2375 298 2402 υί
316 2375 338 2402 δ’
353 2373 386 2402 αὖ
401 2375 558 2410 ὁμοδίαιτοι,
572 2375 618 2402 καὶ
634 2375 681 2411 τὴν
699 2376 803 2412 εὐπρα-

25 2419 81 2452 γίαν
97 2421 191 2453 αὐτοῖς
209 2416 409 2452 ἐδιπλασίασαν,
432 2421 480 2447 καὶ
502 2421 670 2456 πραγμάτων
687 2421 802 2458 ἀϐουλή-

25 2472 72 2490 των
89 2466 213 2501 χειμῶνα
232 2466 477 2502 παρεμυθήσαντο*
500 2466 570 2493 ὥστε
584 2467 631 2493 καὶ
648 2466 803 2503 μεθημέραν

25 2512 53 2545 τῇ
69 2512 109 2538 ἐπ’
123 2512 249 2548 ἀλλήλοις
260 2511 465 2547 λαμπρύνεσθαι
479 2512 628 2548 παρρησίᾳ,
641 2512 687 2539 καὶ
696 2512 803 2547 νύκτωρ

57 2589 92 2624 (l)
128 2589 370 2625 Ἀναπτήσονται.
392 2589 506 2617 Codices
533 2590 600 2625 regii
623 2595 649 2617 et
676 2589 800 2623 Thuan.,

25 2623 225 2652 ἀναστήσονται.
241 2624 304 2652 Duc.

56 2659 92 2701 (2)
107 2659 169 2701 ,Βζςι
179 2659 427 2701 καταϐερξῖμέτςοι
439 2659 725 2701 τῶζὲπαμρνόντωτ.
737 2660 803 2701 Post

26 2695 194 2736 participium
207 2695 437 2736 καταϐεϐλημένα
452 2695 608 2736 cqllocanda
623 2699 665 2722 est
686 2695 800 2735 virgula,

27 2734 53 2755 ut
68 2728 204 2764 genitivus
227 2737 343 2765 sequens
353 2728 552 2765 ’ἐπαμυνὸντων
568 2736 676 2765 regatur
695 2737 709 2756 a
723 2728 800 2764 geni-

26 2765 77 2790 tivo
89 2765 206 2799 ἀπορίας
216 2785 224 2796 ,
241 2764 295 2793 nan
312 2770 401 2792 autern
417 2773 432 2792 a
446 2765 538 2792 dativo
553 2764 609 2800 βίᾳζ
622 2764 714 2799 Neque
726 2764 799 2792 enim

27 2799 50 2824 vi
65 2800 210 2834 deiiciatur
227 2801 261 2827 ah
282 2801 315 2827 iis
329 2800 374 2835 qui
393 2800 472 2827 nobis
487 2799 670 2827 succurrunt:
685 2800 798 2834 ἐπαμυ-

28 2835 136 2862 νόγτων
148 2839 237 2863 autem
245 2835 304 2863 ἀντὶ
313 2835 358 2862 τοῦ
369 2835 531 2874 Mauors»:
539 2835 718 2870 ὀφειλόντων
725 2835 796 2874 acci-

1147 680 1259 709 CAPUT
1295 681 1338 708 IV.

889 725 915 751 1.
928 725 969 753 Ab
979 725 1011 753 iis
1020 726 1146 754 omnibus
1155 727 1364 762 cogitationibus
1372 728 1494 756 animum
1506 738 1638 758 revocans

853 771 1033 805 considerari,
1049 777 1130 807 atque
1144 778 1285 801 aversatus
1300 781 1360 801 sum
1377 775 1467 802 omnia
1484 777 1637 811 sycophan—

854 817 952 844 tiarum
968 825 1065 852 genera
1080 818 1150 845 inter
1166 819 1291 847 homines
1305 820 1439 854 errantia,
1454 822 1552 855 quibus
1568 830 1637 849 non-

854 863 919 890 nulli
929 862 1021 898 inique
1034 863 1212 891 circumventi
1222 873 1254 892 ac
1262 873 1310 900 per
1323 866 1377 893 vim
1386 867 1493 901 dejecti,
1503 868 1637 904 lacrymas

853 907 969 935 fundunt
995 912 1076 942 atque
1108 908 1309 944 ingemiscunt;
1338 911 1457 946 undique
1480 913 1515 939 ab
1541 913 1638 941 amicis

852 960 964 988 prorsus
988 953 1098 988 inopes,
1124 955 1171 990 ιιιιί
1195 963 1288 983 eorum
1300 964 1410 984 causam
1435 962 1574 991 tueantur,
1590 964 1638 986 aut

852 1003 925 1025 certe
938 998 1053 1027 aﬁlictos
1065 1000 1251 1028 consolentur.
1266 1001 1301 1028 At
1311 1009 1376 1029 vero
1389 1002 1497 1030 violenti
1513 1004 1638 1032 homines

851 1044 949 1079 jusque
960 1045 988 1071 in
1000 1045 1125 1073 manibus
1137 1046 1276 1080 habentes,
1285 1047 1311 1074 in
1323 1048 1438 1076 sublime
1450 1051 1594 1082 vehuntur,
1602 1051 1638 1078 ob
1655 1067 1666 1076 .

853 1098 969 1126 eamque
984 1099 1094 1119 causam
1112 1097 1248 1120 corruent.
1268 1093 1295 1121 2.
1315 1093 1458 1122 Enimvero
1474 1104 1506 1122 ex
1522 1104 1637 1124 consce-

855 1134 947 1163 leratis
961 1139 988 1162 et
1001 1136 1160 1169 audacibus,
1181 1137 1200 1163 ii
1221 1138 1269 1172 qui
1288 1145 1320 1164 ex
1336 1138 1388 1166 hac
1403 1140 1456 1167 vita
1473 1141 1637 1175 migrarunt,

854 1182 965 1209 meliore
979 1182 1134 1210 conditione
1154 1188 1231 1216 sunt,
1253 1192 1335 1220 quant
1360 1186 1407 1219 qui
1425 1187 1573 1214 etiamnum
1595 1188 1637 1214 vir

854 1230 931 1253 vunt.
952 1226 979 1253 3.
995 1225 1123 1262 Utrisque
1140 1233 1229 1255 autem
1251 1228 1450 1263 praeferendus,
1471 1232 1518 1266 qui
1540 1232 1637 1260 similis

854 1279 948 1299 eorum
960 1271 1069 1300 futurus
1085 1278 1135 1306 est,
1152 1281 1202 1301 nec
1216 1278 1323 1303 creatus
1336 1276 1424 1304 adhuc
1437 1281 1494 1310 est;
1507 1278 1636 1312 quoniam

854 1316 994 1345 hominum
1014 1318 1213 1353 improbitatem
1230 1321 1350 1347 nondum
1370 1322 1467 1357 attigit.
1486 1323 1514 1350 4.
1529 1322 1639 1358 Perspi-

854 1369 934 1389 cuum
949 1363 1016 1390 mihi
1027 1372 1135 1398 quoque
1148 1364 1249 1392 factum
1266 1370 1318 1398 est,
1334 1372 1433 1401 quanta
1449 1368 1636 1402 proximorum

855 1408 958 1435 invidia
974 1409 1088 1444 probum
1104 1410 1193 1438 virum
1214 1417 1354 1446 sequatur,
1370 1418 1483 1440 uestrum
1503 1413 1637 1442 exsistens

855 1454 954 1489 impuri
964 1455 1085 1490 spiritus.
1108 1457 1135 1483 5.
1148 1456 1280 1492 Quodque
1293 1458 1318 1485 is
1330 1458 1375 1493 qui
1392 1459 1462 1486 hanc
1474 1460 1637 1494 susceperit,

855 1508 887 1528 ac
901 1501 974 1529 velut
985 1506 1093 1536 pectore
1103 1503 1262 1537 complexus
1274 1505 1364 1536 fuerit,
1380 1505 1447 1532 nihil
1459 1505 1531 1533 aliud
1543 1506 1634 1539 habet,

855 1555 935 1582 qualn
952 1547 1024 1582 quod
1043 1548 1161 1575 animam
1182 1557 1258 1576 suam
1271 1556 1347 1578 exest
1356 1555 1382 1578 et
1397 1550 1525 1584 dissecat,
1541 1552 1637 1580 simul-

855 1600 908 1627 que
919 1600 979 1620 cum
993 1600 1107 1628 corpore
1118 1595 1253 1628 absumit;
1262 1603 1406 1623 maerorem
1418 1597 1635 1631 acerbissimum,

855 1646 905 1666 nec
915 1638 1013 1666 solatio
1028 1639 1081 1666 nllo
1096 1639 1282 1675 mitigabilem,
1298 1641 1413 1668 aliorum
1429 1643 1633 1677 prosperitatem

854 1683 1022 1711 existimans.
1038 1684 1064 1712 6.
1076 1684 1157 1720 Atqui
1174 1687 1333 1721 praeoptarit
1349 1687 1390 1714 vir
1405 1688 1513 1722 sapiens
1530 1693 1557 1715 et
1574 1697 1636 1716 cor-

855 1730 944 1763 datus,
958 1731 1070 1758 alteram
1083 1739 1194 1759 manum
1206 1740 1267 1759 cum
1278 1732 1408 1760 facilitate
1422 1738 1448 1760 et
1464 1734 1573 1762 levitate
1586 1735 1636 1762 im-

855 1775 944 1810 plere;
962 1783 1043 1810 quam
1059 1780 1204 1811 utramque
1218 1785 1278 1804 cum
1295 1786 1416 1805 aerumna
1430 1783 1456 1806 et
1470 1779 1635 1807 fraudulenti

856 1820 968 1855 spiritus
987 1821 1132 1849 calliditate
1153 1826 1180 1849 et
1200 1823 1329 1850 versutia.
1352 1823 1378 1851 7.
1393 1823 1441 1851 Est
1461 1828 1487 1851 et
1506 1825 1633 1859 quiddam

855 1866 938 1898 aliud,
956 1866 1028 1901 quod
1044 1872 1139 1901 praeter
1155 1867 1196 1895 fas
1207 1872 1235 1895 et
1248 1876 1355 1904 aequum
1367 1869 1469 1897 homini
1484 1871 1519 1898 ob
1533 1871 1635 1906 impro-

855 1912 916 1939 bam
933 1913 1097 1940 voluntatem
1121 1914 1276 1950 contingere
1298 1915 1364 1943 scio.
1393 1915 1420 1943 8.
1443 1915 1494 1949 Qui
1515 1917 1635 1952 undique

855 1958 930 1986 solus
942 1958 1062 1987 relictus.
1082 1966 1131 1986 nec
1142 1959 1252 1987 fratrem
1265 1968 1314 1988 nec
1325 1960 1409 1987 ﬁlium
1426 1955 1536 1993 habens,
1549 1961 1635 1990 facul-

856 2004 957 2031 tatibus
969 2008 997 2031 et
1008 2004 1094 2039 copiis
1113 2005 1235 2039 aﬂluens,
1256 2006 1410 2041 inexplebili
1428 2007 1575 2041 cupiditate
1589 2016 1634 2035 ar-

854 2050 909 2083 det,
932 2058 982 2078 nec
1008 2051 1193 2079 beneﬁcentia
1219 2057 1300 2088 atque
1324 2053 1484 2080 humanitati
1501 2061 1530 2080 se
1543 2054 1632 2089 ipsum

855 2097 911 2124 ullo
928 2097 1009 2124 modo
1029 2098 1134 2125 tradere
1153 2099 1236 2133 cupit.
1254 2098 1292 2125 Ex
1307 2106 1340 2126 eo
1352 2099 1434 2134 igitur
1451 2099 1547 2126 lubens
1559 2108 1633 2134 quas

855 2143 975 2176 siverim,
995 2151 1077 2178 quam
1101 2144 1137 2171 ob
1160 2152 1270 2172 causam
1291 2144 1429 2172 laboribus
1448 2153 1478 2172 se
1496 2145 1632 2178 conﬁciat,

854 2187 918 2215 boni
940 2188 1049 2223 quidem
1077 2189 1180 2224 aliquid
1206 2189 1295 2217 facere
1318 2197 1490 2224 summopere
1513 2190 1631 2225 fugiens,

854 2234 1048 2270 multiplicibus
1066 2240 1156 2263 autem
1175 2240 1294 2271 quaestus
1315 2236 1439 2263 alicunde
1454 2235 1569 2263 faciendi
1582 2244 1631 2263 cu-

852 2280 1010 2314 piditatibus
1028 2281 1184 2309 distractus.
1208 2281 1235 2308 9.
1261 2281 1368 2314 Quanto
1388 2281 1495 2308 tandem
1508 2281 1560 2308 ltoc
1575 2289 1632 2308 me-

853 2325 944 2359 liores,
957 2326 1004 2361 qui
1015 2326 1078 2354 vitae
1088 2326 1243 2354 societatem
1258 2326 1384 2358 inierunt,
1400 2333 1431 2352 ex
1447 2333 1501 2360 qua
1515 2326 1632 2360 optimos

852 2371 957 2400 fructus
981 2373 1124 2408 decerpere
1142 2372 1261 2408 queant?
1275 2372 1318 2402 10.
1337 2372 1448 2400 Duobus
1477 2371 1549 2399 enim
1564 2372 1632 2400 viris

852 2418 934 2446 rebus
957 2419 1053 2447 iisdem
1079 2423 1152 2447 recte
1174 2418 1402 2450 incumbentibus,
1425 2419 1531 2446 etiamsi
1554 2418 1630 2446 alteri

852 2464 991 2500 quidpiam
1011 2465 1118 2493 adversi
1134 2465 1249 2498 accidat,
1264 2469 1355 2492 tamen
1371 2465 1442 2492 haud
1465 2465 1522 2492 leve
1539 2464 1628 2492 subsi-

852 2511 927 2538 dium
949 2511 976 2538 in
998 2511 1083 2539 sodali
1100 2515 1128 2539 et
1145 2511 1331 2539 contubernali
1347 2518 1397 2538 suo
1409 2510 1527 2545 positum
1539 2509 1630 2537 habet.

852 2598 925 2624 pere,
939 2595 968 2617 ut
979 2589 1138 2623 Wolfangus
1152 2589 1234 2621 facit,
1256 2589 1337 2616 nimis
1352 2588 1499 2616 violentum
1513 2587 1579 2615 mihi
1590 2586 1629 2614 vi.

852 2626 940 2652 detur.
959 2625 1033 2652 BILL.

887 2660 924 2695 (3)
944 2658 1128 2695 Mnoénwrb‘é.
1145 2657 1239 2687 Billius
1252 2667 1285 2686 ex
1306 2659 1367 2686 cod.
1391 2657 1498 2690 Medic.,
1517 2657 1564 2685 καὶ
1579 2664 1623 2693 μη-

851 2694 923 2722 δέπω
936 2695 1063 2729 γεγονώς.
1077 2694 1142 2722 Duc.

887 2731 924 2765 (xi)
943 2727 1112 2764 Τίθέμενον.
1133 2729 1198 2757 Cod.
1216 2728 1323 2762 Medic.,
1336 2728 1476 2765 τιθέμενος
1503 2727 1540 2756 In.

887 2763 937 2800 (ιν)
951 2765 990 2792 Ex
1007 2763 1069 2791 nota
1090 2765 1281 2800 interrogativa
1300 2764 1436 2798 eonjicere
1453 2764 1525 2800 licet,
1539 2763 1619 2798 leget).

851 2801 914 2828 dum
932 2800 1016 2835 πόσῳ,
1039 2801 1108 2832 loco,
1125 2799 1213 2835 πολλῷ
1229 2820 1236 2832 ,
1248 2800 1300 2827 nisi
1323 2799 1563 2834 interrogationem
1583 2805 1618 2825 cx

851 2837 959 2864 clulcre
976 2836 1061 2870 magis
1076 2835 1189 2869 placeat.
1205 2835 1283 2863 Eutr.
