1857 3047
42 82 93 109 MM

539 77 780 106 METAPHRASlS
799 77 832 105 IN
852 75 1119 108 ECCLESIAS‘I’EN.

1562 83 1632 110 1002

38 142 76 176 τὴν
83 139 127 167 τῶν
138 149 159 165 Ν
175 137 262 164 καλῶν
271 136 399 172 ῥημάτων
414 137 553 173 ἐπιρροὴν,
565 137 602 168 ὼς
616 137 771 172 ἀκουσημὲνι

901 139 992 166 sciens
1012 139 1091 174 longe
1118 138 1165 166 tibi
1177 138 1263 167 satius
1286 146 1346 166 esse
1371 147 1424 167 non
1451 147 1558 172 vovere,
1582 149 1632 169 nec

37 187 99 214 Θεοῦ.
109 183 147 220 Τῷ
153 184 204 219 γὰρ
212 183 296 210 ταῦτα
307 183 498 218 ἐνθυμουμένῳ
510 183 590 209 πλέον
599 183 674 209 οὐδέν
686 183 771 214 ἐστιν,
780 184 797 219 ἢ

36 230 222 260 τοιὶσῦἁνεσθαι
236 229 290 256 τῶν
304 229 400 255 ἑαυτοῦ
416 228 502 264 ἔργων
517 228 569 255 ὑπὸ
577 229 642 255 Θεοῦ
650 228 798 264 διαφθειρο-

35 280 115 315 μένων,
125 278 222 311 ’Ὠσπερ
231 276 285 310 γὰρ
295 275 328 301 τὰ
340 275 422 301 πολλὰ
429 275 541 301 ἐνύπνια
556 275 666 310 μάταια,
673 275 743 301 οὕτω
752 275 797 301 καὶ

33 325 60 351 τὰ
68 323 140 351 πολλὰ
151 323 267 358 ῥήματα.
277 321 360 353 Φόϐος
370 322 397 348 δὲ
406 316 484 352 Θεοῦ,
496 321 645 357 ἀνθρώπων
654 322 795 356 σωτήριος,

34 369 168 400 σπάνιοςδέ.
179 367 259 394 Ὅθεν
274 366 329 403 [οὐ]
343 367 395 402 χρὴ
410 366 558 401 Θαυμάζειν
572 367 715 402 ἀφορῶντα
730 366 797 402 πρός

31 425 54 442 τε
60 416 163 450 πένητας
170 421 335 448 συκοφαντου
340 413 444 448 μένους,
452 413 571 448 καὶπρὸς
576 413 703 444 δικαστὰς
710 421 797 448 παρα-

31 460 206 496 λογιζομένους,
216 459 274 495 Χρὴ
282 459 310 485 δὲ
321 458 499 495 ἐκτρέπεσθαι
506 458 535 485 τὺ
545 458 597 485 τῶν
606 459 796 494 δυνατωτέρων

30 508 139 543 μείζονας
151 503 218 532 εἶναι
232 505 330 532 δοκεῖν.
346 505 405 531 Κᾶν
417 504 471 539 γὰρ
484 504 628 540 ἐκγένηται
642 504 729 536 τοῦτο,
739 504 795 531 ἀλλ’

29 552 65 580 οἷον
75 553 122 579 τῶν
135 551 267 586 ἐσομένων
282 559 323 577 σοι
339 550 471 586 φοϐερῶν,
486 551 517 577 οὐ
533 551 643 587 ῥύσεταί
658 560 686 577 σε
702 553 718 587 ἡ
733 552 794 579 καθ’

29 600 96 634 χυτὴν
106 598 227 634 πονηρία.
242 598 346 633 ’Ὠσπερ
360 597 387 623 δὲ
403 597 496 632 κτῆμα
507 597 537 624 τὸ
551 598 579 631 ἐξ
595 598 721 633 ἁρπαγῆς
732 598 796 633 βλα-

29 645 159 680 Εερώτατον
168 644 214 670 καὶ
222 643 410 674 ἀνοσιώτατον,
422 643 493 669 οὕτω
502 643 548 670 καὶ
558 643 635 679 ἀνδρὶ
643 644 793 680 ἐπιθυμητῇ

29 691 155 727 χρημάτων
171 690 221 716 οὐκ
237 690 373 723 ἑκγίνεται
383 689 438 725 (10)
452 689 541 725 κόρος,
557 689 612 716 οὗθ’
628 690 730 725 ἡπαρὰ
742 690 795 717 τῶν

29 737 95 768 πέλας
109 736 213 763 εὔνοια·
226 736 278 762 κᾶν
289 736 379 762 ὁτιοῦν
394 735 510 771 μάλιστα
524 736 652 771 πάμπολυ
666 737 795 772 ἀργύριον

29 783 218 818 νπικτὴσωνται.
235 781 321 808 Τοῦτο
333 782 381 816 μὲν
394 781 446 817 γὰρ
462 781 584 816 μάταιον.
609 782 755 816 ’Λγαϐὁτης
766 783 794 809 δὲ

29 830 74 860 τοὺς
103 829 230 860 συνόντας
259 829 327 864 αὐτῇ
358 828 630 864 ὑπερευφραίνουσα,
655 828 794 864 ἀνδρείους

29 874 192 909 επεργάζεται
213 873 260 901 τοῦ
285 873 404 910 καθορᾷν
430 873 532 900 ἕκαστα
556 873 610 899 τῶν
626 874 794 910 πραγμάτων

29 921 163 956 ταρέχουσα
174 920 224 956 τὴν
238 920 361 956 δύναμιν.
370 920 449 954 Μέγα
457 920 484 946 δὲ
493 920 539 946 καὶ
550 919 579 945 τὸ
594 920 630 956 μὴ
647 929 794 956 προστετη-

32 967 82 993 ἐναι
95 967 236 998 τοιαύταις
250 967 388 1002 φροντίσιν
398 975 404 981 ·
421 967 434 992 ὁ
451 966 500 1002 μέν
514 975 546 1000 γε
561 966 656 1001 πένης,
670 966 722 993 κᾶν
736 966 794 993 δοῦ-

29 1021 53 1043 ος
66 1011 92 1048 ᾖ,
107 1012 154 1039 καὶ
171 1012 209 1048 μὴ
234 1011 448 1047 ὑπερεμπλήσας
471 1011 519 1046 τὴν
540 1011 636 1037 ἑαυτοῦ
659 1011 793 1046 γαστέρα,

29 1058 156 1094 ’ροσηνοῦς
174 1058 379 1094 μεταλαμϐάνει
392 1058 443 1092 τῆς
454 1057 498 1084 διὰ
511 1056 557 1083 τοῦ
569 1057 652 1084 ὕπνου
665 1057 792 1089 ἀνέσεως·

29 1103 118 1130 λούτου
132 1103 160 1129 δὲ
175 1102 314 1138 ἐπιθυμία.
343 1102 450 1128 σύνεστι
467 1101 631 1138 ἀγρυπνίαις
645 1102 692 1128 καὶ
705 1102 795 1137 καμά-

29 1157 60 1180 >ις
72 1150 170 1186 ψυχῆς.
188 1149 221 1176 Τί
236 1149 257 1176 δ’
270 1149 303 1175 ἂν
315 1148 419 1183 γένοιτο
429 1148 523 1174 τούτου
538 1147 658 1174 ἀτοπώτε
663 1156 719 1183 ρον,
735 1148 751 1182 ἦ
765 1147 794 1174 τὸ

29 1195 74 1221 ετὰ
95 1195 199 1230 πολλῆς
225 1194 343 1229 σπουδῆς
367 1194 594 1229 καὶ-ἐπιμελείας
609 1193 795 1229 ἀποθησαυρί-

29 1251 79 1268 rm
94 1243 140 1269 τὸν
162 1242 282 1269 πλοῦτον
300 1242 451 1277 συντηρεῖν,
474 1240 577 1276 μυρίων
591 1240 679 1276 ἐαυτῷ
694 1240 795 1274 φυλάσ-

29 1297 82 1315 ma
106 1289 203 1315 κακῶν
230 1289 373 1323 ἁφορμήν;
402 1287 457 1314 Καὶ
482 1287 528 1313 τὸν
553 1286 667 1313 πλοῦτον
692 1287 794 1312 ἐκεῖνον

29 1335 106 1370 Miqu
117 1333 272 1361 ἀπολέσθαι
288 1335 353 1360 ποτὲ
366 1333 413 1360 καὶ
422 1333 614 1368 διαφθαρῆναι,
626 1333 680 1358 εἴτε
690 1332 795 1366 γένοιτο

29 1379 39 1413 ξι
52 1380 220 1415 κτησαμένῳ
241 1379 332 1412 τέκνα,
356 1379 411 1404 εἴτε
427 1378 475 1405 καὶ
491 1378 543 1413 μή·
560 1377 640 1404 αὐτόν
660 1385 690 1404 τε
710 1378 734 1404 εἰ
750 1378 795 1404 καὶ

29 1425 38 1460 i1
51 1426 173 1460 βούλοιτο
186 1426 323 1462 προήκει
335 1424 454 1452 τοιοῦτον
467 1426 506 1456 εἰς
522 1424 570 1460 τὴν
581 1423 631 1459 γὴν
643 1425 734 1450 πεσεῖν
748 1425 795 1451 καὶ

848 185 982 212 faetttrum
1004 186 1106 220 aliquid
1134 186 1267 220 polliceri,
1293 193 1376 220 quam
1392 189 1453 221 po'st
1470 192 1631 222 conceptum

847 235 939 258 vntum
955 231 981 258 id
993 231 1157 266 relinquere.
1175 232 1202 259 5.
1215 231 1293 258 Omni
1306 235 1396 258 autem
1409 232 1512 259 ratione
1524 232 1630 266 fugien-

846 277 910 304 dum
925 281 967 304 est
982 277 1100 312 turpium
1125 277 1269 305 verborum
1297 278 1471 311 prolluvium,
1495 286 1546 305 nec
1558 279 1631 306 enim

848 322 901 349 Deo
925 323 1044 349 inaudita
1066 327 1154 350 erunt.
1176 322 1243 350 Nam
1260 323 1291 350 ad
1307 331 1368 350 eum
1384 324 1430 358 qui
1449 324 1505 350 hmo
1521 325 1631 358 cogitat,

846 368 920 395 nulla
936 368 988 395 alia
1005 368 1109 395 utilitas
1122 369 1192 396 redit
1204 376 1285 403 quam
1304 372 1333 395 ut
1345 369 1445 395 sentiat
1456 376 1536 403 opera
1551 378 1600 396 sua
1616 379 1631 397 a

846 413 902 440 Deo
915 413 1070 441 labefactari
1084 418 1164 448 atque
1180 414 1329 448 corrumpi.
1344 414 1370 440 6.
1388 413 1504 441 Utenim
1517 415 1633 449 plurum-

846 467 899 493 que
911 459 1046 486 insomnia
1060 467 1140 489 vana,
1152 460 1192 487 sic
1204 460 1284 486 etiam
1298 460 1426 494 pleraque
1437 460 1527 487 verba.
1539 460 1632 488 Timor

846 510 936 533 autem
964 505 1021 538 Dei,
1039 505 1196 533 hominibus
1216 505 1326 540 quidem
1343 506 1487 538 salutaris;
1504 512 1631 534 caeterum

846 560 936 579 rarus.
953 552 978 578 7.
998 551 1132 585 Quocirca
1148 552 1215 579 nihil
1232 558 1273 579 est
1286 560 1334 579 cur
1352 553 1469 585 mireris,
1487 553 1509 580 si
1524 558 1550 580 et
1566 561 1632 588 pau—

848 605 925 632 peres
948 598 1095 625 calumniis
1110 598 1237 632 opprimi,
1258 602 1285 625 et
1299 598 1403 632 jndires
1423 599 1527 633 legibus
1542 600 1632 634 impo-

846 647 950 670 sturam
967 643 1057 670 facere
1076 643 1187 670 videris.
1212 643 1238 670 8.
1260 643 1417 670 Cavendum
1438 652 1520 678 porro
1532 650 1584 677 est,
1600 653 1632 672 ne

846 689 881 716 iis
896 689 942 724 qui
965 689 1085 724 potentia
1109 694 1250 724 praestant,
1272 689 1390 724 majores
1405 697 1465 717 esse
1479 690 1630 718 videamur.

845 734 912 762 Nam
928 735 1036 762 etiamsi
1052 735 1103 762 hoc
1113 735 1252 768 acciderit,
1265 740 1354 762 tamen
1366 744 1398 762 ex
1411 735 1553 763 hom-endis
1568 745 1632 763 cru-

845 781 960 809 ciatibus
976 781 1002 808 in
1021 789 1091 817 quos
1105 781 1267 811 incidemus,
1280 789 1453 815 nequaquam
1467 789 1517 808 nos
1530 782 1631 816 impro-

812 815 832 843 δ
847 828 917 855 bitas
942 828 1000 863 ipsa
1024 815 1158 855 liberabit.
1179 828 1207 855 9.
1225 827 1457 860 Quemadmodum
1481 815 1576 855 autem,
1591 828 1633 855 [ιι-

847 875 964 901 cultates
979 878 1057 909 raptu
1074 875 1194 901 collectae
1208 882 1240 901 ac
1263 882 1310 908 per
1327 874 1380 900 vim
1401 879 1523 905 extorto,
1542 875 1633 909 perni-

846 921 1010 948 ciosissimae
1031 924 1058 947 et
1083 920 1301 948 seeleratissimaa
1322 925 1404 952 sunt;
1425 920 1464 947 sic
1481 921 1562 947 etiam
1582 921 1632 947 ho-

847 967 914 994 nIini
932 967 1107 1002 pecuniarum
1125 966 1272 1001 cupiditate
1287 966 1421 1000 ﬂagranti,
1435 974 1574 1001 nunquam
1589 975 1633 994 sa-

845 1013 935 1045 tietas,
966 1021 1017 1040 nec
1041 1014 1227 1047 proximorum
1254 1013 1442 1040 benevolentia
1473 1013 1630 1047 proveniet,

846 1060 997 1093 quamlibet
1021 1059 1170 1086 maximam
1195 1059 1250 1085 vim
1276 1060 1381 1094 argenti
1405 1060 1554 1094 quaesierit.
1576 1059 1633 1088 Hoc

846 1105 917 1132 enim
940 1113 1042 1132 vanum
1065 1109 1107 1133 est
1128 1109 1155 1133 et
1171 1105 1316 1132 inane.-At
1338 1106 1460 1139 probitas
1484 1105 1633 1134 familiares

846 1159 911 1179 suos
926 1151 1056 1186 majorem
1073 1151 1100 1178 in
1118 1151 1229 1178 modum
1242 1151 1376 1184 oblectat;
1393 1150 1529 1186 fortesque
1541 1151 1632 1184 elIieit,

847 1205 902 1224 rem
929 1204 1150 1232 unamquamque
1174 1196 1353 1232 perspiciendi
1379 1196 1533 1224 facultatem
1561 1205 1631 1232 prae-

847 1243 926 1270 bens.
940 1242 984 1269 10.
998 1242 1050 1270 Sed
1063 1247 1090 1269 et
1105 1241 1261 1277 huiusmodi
1274 1242 1346 1268 curis
1357 1242 1469 1269 minime
1481 1242 1631 1275 inhaesisse,

846 1290 1023 1324 animumque
1049 1289 1194 1321 deﬁxisse,
1223 1296 1353 1324 magnum
1382 1289 1548 1316 censendum
1580 1293 1630 1316 est.

847 1336 890 1364 11.
907 1335 1051 1363 Enimvero
1066 1342 1179 1370 pauper,
1194 1334 1256 1362 licet
1269 1338 1406 1362 senectute
1418 1339 1557 1369 prematur
1568 1342 1633 1362 ven-

847 1387 970 1417 tremque
981 1389 1060 1409 suum
1073 1387 1243 1415 nequaquam
1254 1380 1355 1415 largius
1368 1379 1528 1414 impleverit,
1542 1385 1631 1408 tamen

847 1428 939 1455 suavis
952 1427 1040 1454 somni
1052 1427 1145 1461 requie
1160 1425 1275 1458 fruitur;
1293 1433 1372 1460 opum
1385 1429 1474 1452 autent
1486 1425 1632 1459 cupiditas,

29 1471 134 1503 ξελθεῖν,
146 1469 206 1503 οἷος
221 1472 270 1498 καὶ
284 1470 364 1497 ὁπότε
380 1472 419 1503 εἰς
429 1471 458 1497 τὸ
469 1468 537 1497 εἶναι
551 1469 644 1504 παρὼν
652 1469 762 1505 ὲτύγχαι

896 1473 998 1500 ivulsas
1011 1471 1125 1498 comites
1141 1471 1222 1498 habet
1237 1470 1344 1505 vigilias
1360 1475 1386 1497 et
1400 1470 1499 1498 animae
1512 1470 1629 1499 labores.

29 1520 96 1550 εναῖς
115 1519 145 1545 δὲ
172 1519 272 1554 χερσὶν
296 1518 404 1544 ἀπιέναι
421 1517 533 1552 μέλλων,
548 1516 624 1549 αὓξει
636 1515 685 1552 τὴν
699 1516 794 1543 ἑαυτοῦ

29 1565 104 1596 ικίαν,
115 1565 218 1600 ὥσπερ
238 1564 288 1590 οὐκ
303 1563 510 1598 ἐνθυμούμενος,
525 1563 565 1588 ὅτι
577 1561 711 1588 ἐπίκειται
721 1562 795 1596 αὐτῷ

29 1610 70 1642 λος
89 1611 138 1638 τοῦ
163 1611 228 1646 βίου
254 1611 288 1645 τῇ
308 1609 413 1643 γενέσει
435 1609 538 1644 ὅμοιον,
561 1608 609 1634 καὶ
624 1609 664 1635 ὅτι
680 1607 796 1642 ἀνόνητα

29 1657 102 1691 ›χῡεῖ,
123 1658 166 1689 εἰς
183 1657 215 1683 δέ
234 1664 295 1683 τινα
320 1656 418 1691 μᾶλλον
435 1655 534 1690 ἀνέμου
556 1654 658 1690 ὁρμὴν,
675 1655 748 1690 ἥπερ
762 1655 795 1689 τῇ

30 1703 92 1729 ato-3
109 1703 222 1738 σπουδῇ
239 1701 428 1738 χαριζόμενος,
440 1701 634 1732 καταναλώσας
643 1701 688 1727 τὸν
697 1700 795 1727 ἑαυτοῦ

29 1758 50 1775 δν
66 1748 234 1784 σύμπαντα,
258 1748 286 1775 ἐν
302 1757 332 1774 τε
347 1748 506 1783 ἐπιθυμίαις
522 1746 726 1778 ἁνοσιωτάταις,
749 1747 797 1773 καὶ

37 1795 135 1830 ὁρμαῖς
147 1795 276 1829 ἀλόγοις,
291 1793 330 1820 ἔτι
346 1794 375 1820 δὲ
387 1793 484 1825 λύπαις
494 1793 540 1820 καὶ
554 1792 729 1828 ἀρρωστίαις.
743 1793 797 1818 Καὶ

29 1841 131 1868 νεὶ-ἀντι
148 1841 254 1876 φάναι,
273 1840 368 1872 σκότος
386 1840 435 1875 μέν
449 1841 501 1866 εἰσι
514 1838 553 1874 τῷ
562 1838 674 1873 τοιούτῳ
688 1839 716 1864 αἱ
730 1838 797 1873 ἡμέ-

29 1895 50 1912 ι·
62 1887 165 1919 πένθος
183 1887 217 1914 δὲ
235 1888 253 1922 ἡ
270 1886 337 1922 ζωή.
347 1886 460 1920 Ἀγαθόν
471 1894 503 1919 γε
519 1885 571 1920 μὴν
581 1885 670 1911 ἐκεῖνο
685 1885 733 1910 καὶ
744 1884 794 1910 οὐκ

29 1934 156 1970 όΰλητονε
177 1934 256 1960 Θεοῦ
273 1933 328 1969 γάρ
345 1933 403 1959 ἐστι
416 1932 511 1968 δῶρον,
529 1932 560 1958 τὸ
574 1931 718 1966 δυνηθῆναι
729 1931 792 1957 ἀπο-

29 1979 86 2007 in:
102 1981 155 2008 ἄνθ
161 1989 263 2017 ρωπον
271 1979 324 2006 τῶν
332 1978 426 2006 ἑαυτοῦ
443 1978 572 2014 καματῶν
586 1978 615 2004 ὲν
629 1977 794 2013 εὐφροσύνῃ,

34 2027 125 2058 σδοτα,
142 2028 198 2054 καὶ
217 2028 273 2061 οὐχ
292 2024 448 2060 ἁρπακτικὰ
461 2024 606 2059 δεξάμενον
621 2023 676 2058 (ll)
693 2023 796 2058 κτήμα-

40 2072 111 2098 Οὗτε
125 2072 187 2108 γὰρ
205 2071 313 2102 λύπαις
325 2067 401 2101 οὗτός
416 2078 448 2104 γε
461 2071 542 2100 νοσεῖ,
556 2067 619 2095 οὔτε
628 2068 666 2099 ὡς
675 2069 721 2095 ἐπὶ
730 2068 795 2105 πολὺ

31 2120 156 2154 υμήσεσι
175 2118 322 2152 πονηραῖς
337 2115 470 2142 δουλεύειο
494 2115 688 2150 συμμετρεῖται
704 2113 732 2140 δὲ
749 2113 796 2139 τὺν

848 1519 891 1546 12.
906 1517 977 1551 Quid
993 1510 1076 1552 porro
1097 1516 1241 1544 absurdius
1262 1524 1323 1544 esse
1348 1520 1439 1551 queat,
1465 1524 1547 1551 quam
1567 1524 1630 1544 cum

848 1571 946 1599 magno
964 1563 1054 1591 studio
1070 1568 1097 1590 et
1112 1571 1176 1590 cura
1193 1563 1347 1590 reconditas
1371 1570 1436 1596 opes
1458 1570 1630 1594 conservare,

847 1618 879 1637 ac
892 1612 1082 1636 sexcentorum
1098 1608 1231 1635 malorum
1243 1608 1402 1635 occasiones
1417 1607 1468 1634 sibi
1480 1608 1531 1642 ipsi
1540 1612 1632 1635 custo-

847 1655 923 1682 dire?
939 1655 982 1682 15.
992 1654 1032 1682 Ac
1045 1654 1153 1681 divitias
1161 1654 1269 1689 quidem
1284 1654 1344 1681 illas
1356 1653 1511 1681 labefactari
1525 1661 1558 1680 ac
1572 1662 1632 1688 per-

848 1701 887 1728 ire
914 1708 1024 1728 necesse
1037 1705 1087 1731 est,
1108 1699 1165 1726 sive
1179 1699 1204 1726 ei
1220 1699 1268 1734 qui
1284 1699 1334 1726 has
1349 1700 1462 1734 adeptus
1478 1701 1540 1727 est'
1554 1700 1632 1726 liberi

847 1748 911 1779 sint,
926 1747 985 1774 sive
1003 1746 1080 1774 nulli.
1109 1746 1152 1773 14.
1171 1745 1262 1780 Ipsum
1280 1749 1380 1779 autem,
1404 1746 1445 1773 vel
1467 1746 1581 1772 invitum
1601 1754 1633 1773 ac

847 1797 1054 1828 repugnantem,
1071 1792 1150 1818 talem
1166 1792 1193 1818 in
1210 1795 1311 1818 terram
1331 1793 1428 1818 cadere
1444 1796 1525 1826 atque
1544 1792 1633 1819 disce-

846 1840 910 1866 dere
929 1841 1044 1873 oportet,
1064 1838 1152 1873 qualis
1166 1842 1235 1868 erat,
1253 1845 1315 1865 eum
1332 1837 1358 1864 in
1374 1837 1444 1864 hanc
1464 1838 1552 1865 lucem
1567 1845 1632 1872 pro-

846 1884 925 1912 diit’.
939 1884 982 1912 15.
1000 1883 1038 1911 Ita
1050 1884 1144 1911 vacuis
1168 1883 1293 1911 manibus
1317 1883 1506 1915 abscessurus,
1534 1891 1633 1918 perca-

847 1934 904 1958 tum
919 1937 998 1957 suum
1014 1929 1134 1964 augebit,
1146 1930 1258 1964 perinde
1272 1934 1354 1964 atque
1369 1929 1421 1956 hoc
1431 1937 1485 1956 non
1498 1929 1631 1964 cogitans,

848 1975 982 2003 nativitati
999 1975 1115 2002 similem
1137 1975 1198 2002 vita:
1213 1974 1293 2002 linem
1311 1975 1362 2002 sibi
1380 1975 1534 2007 imminere,
1548 1982 1633 2008 seque

848 2021 921 2048 inani
935 2021 1027 2047 labore
1038 2020 1174 2054 torqueri;
1189 2019 1232 2047 16.
1252 2024 1333 2054 atque
1346 2019 1372 2045 in
1385 2021 1530 2053 quemdam
1541 2019 1632 2052 potius

847 2068 919 2095 venti
941 2067 1084 2101 impetum,
1098 2073 1180 2100 quam
1196 2072 1246 2092 suo
1267 2065 1352 2099 ipsius
1367 2064 1458 2092 studio
1469 2065 1630 2095 inserviens,

848 2117 933 2141 totam
942 2113 1024 2139 vitam
1031 2119 1108 2139 suam
1116 2111 1143 2137 in
1150 2109 1342 2144 impurissimis
1350 2109 1544 2143 cupiditatibus
1553 2114 1632 2135 teme-

29 2164 79 2190 ιτοῦ
96 2164 160 2199 βίον
177 2163 336 2195 εὑποιίαις,
351 2163 407 2193 τοῖς
424 2162 506 2188 πᾶσιν
526 2159 736 2195 εὑθυμούμενος,
752 2168 762 2186 ν

898 2160 986 2193 iisque
1003 2157 1224 2192 appetitionibus,
1239 2163 1270 2182 ac
1282 2161 1411 2190 praeterea
1426 2155 1451 2181 in
1466 2154 1630 2182 mteroribus

29 2210 199 2246 ιλλιώμενος
215 2210 256 2244 τῇ
272 2207 319 2234 τοῦ
333 2207 400 2234 Θεοῦ
414 2207 511 2242 δωρεᾷ.

900 2205 1008 2238 rbisque
1026 2203 1171 2230 consutnit.
1194 2202 1290 2236 Atque,
1307 2207 1335 2228 ut
1351 2200 1511 2235 compendio
1529 2200 1629 2233 dicam,

32 2256 145 2283 usmodi
169 2253 288 2282 homini
306 2253 362 2279 dies
383 2252 500 2279 tenebrae
510 2255 584 2283 sunt,
609 2258 641 2278 ac
667 2252 722 2278 vita
749 2250 850 2279 luctus.
867 2250 911 2276 17.
936 2248 1099 2282 Quanquam
1127 2247 1191 2274 illud
1226 2246 1337 2273 minime
1353 2245 1529 2279 rejiciendum
1559 2250 1602 2272 est
1623 2254 1629 2271 :

39 2303 85 2330 Dei
104 2303 188 2331 enim
207 2299 350 2329 beneﬁcio
367 2298 470 2326 homini
485 2298 626 2332 contingit,
643 2301 673 2324 ut
698 2297 837 2324 laboribus
859 2295 916 2324 suis
942 2302 1005 2322 cum
1034 2294 1117 2322 animi
1145 2292 1326 2320 oblectatione
1352 2290 1516 2325 perfruatur,
1532 2290 1632 2317 divini-

50 2355 191 2385 acceptas
220 2356 260 2376 ac
287 2355 340 2374 non
363 2347 389 2373 vi
409 2351 529 2373 extortae
548 2353 613 2380 opes
636 2345 790 2380 possidens.
815 2345 858 2372 19.
888 2343 980 2378 Neque
1004 2342 1077 2370 enim
1098 2342 1144 2368 ille
1163 2340 1328 2368 maeroribus
1355 2338 1496 2373 amigitur,
1519 2347 1580 2371 nec,
1602 2344 1632 2366 ut

29 2398 143 2428 rimum,
163 2396 261 2424 malis
276 2399 303 2421 et
323 2393 433 2428 perditis
448 2393 657 2428 cogitationibus
673 2393 775 2420 servit:
794 2391 859 2426 quin
880 2391 971 2426 potius
995 2388 1180 2417 beneﬁcentiis
1201 2393 1228 2415 et
1248 2387 1437 2422 largitionibus
1452 2386 1535 2414 vitam
1553 2394 1631 2413 suam

29 2444 100 2477 itur,
129 2445 160 2470 in
192 2440 337 2469 omnibus
362 2440 443 2467 rebus
473 2438 557 2466 animi
587 2438 783 2473 tranquillitate
797 2437 902 2470 fruens,
918 2441 999 2472 atque
1015 2436 1050 2463 ob
1065 2435 1111 2462 Dei
1125 2435 1226 2461 donum
1237 2434 1328 2461 laetitia
1340 2433 1466 2467 gestiens.

304 2487 429 2514 ΚΕΦΛΛ.
450 2488 495 2520 (τι.

1143 2481 1258 2509 CAPUT
1298 2481 1338 2508 Vl.

29 2537 182 2573 [αρέξομαι
211 2535 247 2562 δὲ
278 2533 316 2568 τῷ
340 2533 427 2568 λόγῳ,
453 2532 502 2568 τὴν
526 2531 642 2567 μάλιστα
665 2531 762 2558 ἑπιπολ

905 2549 913 2556 .
932 2530 992 2558 Jam
1007 2537 1071 2557 vero
1084 2527 1268 2556 inlelicitatem
1289 2527 1359 2562 apud
1377 2527 1502 2554 homines
1515 2526 1633 2553 maxime.

29 2592 75 2610 σαν
97 2581 284 2618 ἀνθρώποις
300 2578 500 2614 κακοπραγίαν.
520 2579 602 2604 Ὅταν
615 2577 680 2609 Θεὸς
698 2577 746 2612 μὲν

897 2581 1018 2612 quenlem
1042 2581 1122 2610 atquc
1138 2578 1307 2610 grassantem
1326 2573 1449 2601 oratione
1473 2580 1630 2608 persequar.

38 2642 93 2671 Job
106 2651 162 2676 xx,
179 2642 235 2668 20.
284 2639 294 2655 ³
310 2638 362 2667 Job
378 2647 396 2671 ι,
412 2639 463 2672 2|;
480 2638 489 2665 ι
504 2637 575 2665 Tim.
593 2645 630 2670 vt,
647 2637 674 2664 7.

29 2704 65 2739 l0)
89 2705 169 2739 01'ch
181 2700 358 2739 ἐκγίζεται.
374 2699 484 2733 Corrige
499 2706 532 2725 ex
545 2697 606 2725 cod.
623 2695 731 2728 Medic,
748 2695 798 2722 οὐκ

29 2733 117 2766 ενὲται
134 2738 244 2774 Mm;-
270 2733 338 2774 ιὲυε·
421 2768 457 2774 .-
477 2768 502 2774 -.
619 2766 637 2774 η
665 2766 672 2774 .
701 2765 725 2774 ..
751 2765 769 2774 ..

29 2776 64 2807 .1)
87 2765 149 2800 Καὶ
174 2765 247 2807 ὀὐῇίν
274 2766 684 2807 ἁρπακτξκξιῌδεξάμενον.βριὶ.
701 2765 797 2793 Medic.

33 2803 87 2843 Ius,
102 2810 157 2836 καὶ
166 2803 226 2841 οὐχ
234 2803 374 2840 ἅρπακτὰ
382 2804 535 2838 δεξάμενον.
553 2804 597 2830 Sic
608 2803 677 2829 inl'ra
690 2809 748 2836 cap.
761 2808 799 2832 Ix,

141 2840 309 2900 ΙξΑτιιθι.
333 2849 390 2879 Gn.
416 2850 456 2878 Χ.
1440 2840 1479 2871 32

853 2695 896 2727 12,
908 2694 1008 2730 ὀρνέων
1019 2693 1187 2730 ἀνάρπαστοι
1200 2691 1353 2730 γινόμενοι..
1363 2689 1468 2730 Rursus
1483 2689 1554 2729 idem
1569 2688 1630 2714 cod.

853 2725 958 2757 necnon
973 2737 1038 2756 mss.
1056 2725 1112 2762 reg.
1129 2725 1235 2755 Tltuan.
1252 2725 1279 2754 et
1291 2725 1365 2755 card.
1382 2725 1550 2758 Lotharing.,
1566 2729 1635 2759 κτηο

855 2773 937 2800 ματα,
954 2773 1015 2793 cum
1029 2772 1140 2791 excuso.
1157 2763 1193 2790 lo.
