1857 3047
46 129 102 157 1005

546 121 790 151 METAPHRASIS
807 120 843 148 ΙΝ
861 120 1126 149 ECCLESIASTEN.

1571 123 1641 150 1006

46 185 110 224 χοροῦ
126 183 269 219 ἀνθρώπων
283 182 390 217 φαύλων
407 182 454 210 καὶ
473 182 608 218 δυστήνων
628 183 744 219 ᾀδόντων
760 189 805 216 γε-

903 180 1070 212 itrabuntur;
1089 179 1232 207 stultorum
1247 183 1337 207 autem
1353 180 1460 213 animm,
1477 180 1568 209 laetitia
1585 184 1641 211 elr

43 233 120 260 νέσθαι
141 231 282 266 ἀκροατήν.
308 228 368 255 Τῶν
391 229 444 265 γὰρ
469 229 594 264 ἀφρόνων
619 228 767 264 ἀνθρώπων
790 228 805 254 ὁ

43 278 122 313 γέλως,
138 275 257 303 ἀκανθῶν
275 274 378 301 πολλῶν
391 274 483 310 λάϐρῳ
498 275 564 309 πυρὶ
584 275 734 309 καιομένων
748 274 806 309 ἤχῳ

43 325 188 360 προσέοικεν.
212 321 319 348 ¹ἋΘλιον
335 322 363 348 δὲ
377 322 423 348 καὶ
436 321 524 353 τοῦτο,
537 321 621 348 κακόν
637 329 669 354 γε
689 321 740 355 μὴν
758 320 806 355 μὲ-

42 377 119 404 γιπον
135 369 150 404 ἡ
168 366 346 401 συκοφαντίαι
364 366 433 400 αὓτη
454 366 507 402 γὰρ
529 365 617 400 σοφῶν
639 364 806 392 ἐπιϐουλεύει

40 416 133 451 ψυχαῖς,
153 414 197 440 καὶ
217 414 350 448 ἐπιχειρεῖ
369 412 534 448 διαφθείρειν
550 413 599 447 τὴν
619 411 745 446 γενναίαν
765 411 807 436 ἕν-

42 470 122 488 στασιν
136 460 186 486 τῶν
210 459 328 493 ἀγαθῶν.
347 458 440 492 Λόγων
456 458 484 484 δὲ
503 457 558 493 (15)
575 458 624 483 οὐκ
645 457 823 494 ἀρχόμενονη

39 507 98 534 ἀλλά
115 505 262 540 παυόμενον
281 505 400 531 ἐπαινεῖν
422 504 570 540 προσήκει,
589 503 636 530 καὶ
652 503 682 529 τὸ
698 503 807 539 μέτριον

38 553 94 589 ἦθος
116 552 300 586 ἀποδέχεσθαι,
327 551 373 577 καὶ
392 550 428 586 μὴ
452 551 482 576 τδ
506 549 737 586 μετεωριζόμενον
761 549 807 575 καὶ

38 599 221 634 τετυφωμένον.
237 597 309 624 Πάνυ
326 597 355 623 δὲ
370 597 420 632 χρὴ
438 596 524 632 θυμοῦ
547 595 693 630 φείδεσθαι,
707 595 753 622 καὶ
770 595 806 630 μὴ

37 647 70 677 είς
90 645 169 680 ὀργὴν
194 643 345 680 προχείρως
365 641 575 677 καταφέρεσθαι,
600 639 670 678 ᾖτινι
692 641 808 676 ἄφρονες

36 690 199 717 δουλεύουσιν.
223 689 419 724 Ἀμαρτάνουσι
435 688 463 714 δὲ
484 688 508 714 οἱ
531 688 655 722 λέγοντες
670 689 726 719 τοῖς
743 696 809 723 προ-

34 735 112 770 τέροις
132 734 259 769 ἀμείνονα
276 733 397 760 δεδόσθαι
420 733 491 768 βίον,
509 733 556 760 καὶ
572 734 602 760 οὐ
620 734 753 766 συνιᾶσιν,
767 734 808 760 ὅτι

37 780 153 816 πάμπολυ
168 780 291 816 διαφέρει
304 779 383 814 σοφία
410 780 459 815 τῆς
471 779 525 806 τῶν
535 780 683 815 χρημάτων
695 788 809 815 περιου-

33 826 100 857 σίας·
116 825 161 852 καὶ
182 825 307 852 τοσοῦτόν
324 826 381 851 ἐστι
402 826 577 862 φανερωτέρα
594 825 665 861 (16),
684 826 744 853 ὅσον
760 826 809 862 ἄρ-

33 880 106 906 γυρος
120 871 307 907 λαμπρότερος
323 871 446 905 φαίνεται
462 871 512 906 τῆς
528 872 624 898 ἑαυτοῦ
643 873 730 904 σκιᾶς.
749 873 808 908 Ζωὴ

30 917 78 952 γὰρ
96 916 256 952 ἀνθρώπου,
278 917 327 943 οὐκ
345 916 374 950 ὲξ
394 917 526 953 ὲπικήρου
543 917 659 944 πλούτου
676 919 808 954 κτήσεως,

30 963 81 988 ἀλλ’
99 964 130 989 ὲκ
151 962 247 997 σοφίας
268 962 445 998 περιγίνεται.
469 962 517 994 Τίς
540 964 568 990 δὲ
585 964 632 990 καὶ
652 963 808 999 δυνήσεται,

27 1009 81 1035 είπέ
99 1018 153 1044 μοι,
169 1010 220 1044 τὴν
236 1009 368 1044 τοσαύτην
385 1009 431 1035 καὶ
447 1008 517 1035 οὕτω
533 1009 652 1045 χρηστὴν
672 1009 719 1036 τοῦ
743 1010 809 1037 Θεοῦ

29 1055 148 1089 πρόνοιαν
181 1055 318 1088 ὲξειπείνς
349 1055 365 1090 ἢ
393 1055 434 1087 τίς
461 1055 678 1082 ἀνακαλέσασθαι
706 1056 740 1082 τὰ
768 1056 810 1083 δο-

25 1099 118 1127 κοῦντα
141 1100 354 1136 παρημλῆσθαι
380 1100 432 1128 ὑπὸ
452 1100 519 1127 Θεοῦ
535 1101 662 1134 δικαίως;
680 1101 810 1136 Πράττων

25 1144 50 1171 δὲ
62 1145 110 1172 οὐκ
126 1145 216 1181 ὀρθῶς
230 1146 362 1182 πρότερον
375 1146 462 1180 ἔγωγε
475 1147 626 1181 κατενόησα
638 1146 671 1173 τὰ
687 1146 811 1182 σύμπαν-

23 1197 64 1221 τα,
80 1191 126 1217 καὶ
137 1191 246 1218 δίκαιον
261 1192 412 1227 ἐμμένοντα
428 1193 460 1227 τῇ
483 1191 648 1228 δικαιοσύνῃ,
665 1193 711 1219 καὶ
729 1192 810 1228 μέχρι

23 1233 134 1262 θανάτου
153 1236 192 1272 μὴ
208 1236 393 1272 ἐξιστάμενον,
411 1237 477 1264 ἀλλὰ
493 1237 541 1263 καὶ
555 1237 588 1264 δι’
604 1237 688 1273 αὐτὴν
701 1238 811 1265 ἐπιϐου-

20 1280 181 1317 λευόμενον,
204 1283 252 1310 καὶ
276 1283 360 1318 ἀσεϐῆ
385 1283 638 1318 σοναποθνήσκοντα
659 1285 692 1319 τῇ
714 1283 809 1310 ἑαυτοῦ

22 1327 111 1362 κακίᾳ.
125 1327 189 1363 Χρὴ
205 1327 235 1353 δὲ
249 1327 352 1354 δίκαιον
367 1328 430 1354 ὄντα
460 1327 495 1362 μὴ
516 1327 586 1353 πάνυ
607 1326 725 1354 τοιοῦτον
741 1324 810 1354 εἶναι

18 1369 113 1403 δοκεῖν,
131 1372 205 1406 μηδὲ
222 1371 291 1406 ἄγαν
307 1371 387 1406 σοφὸν
403 1372 450 1398 καὶ
475 1372 663 1408 ὑπερμέτρως·
681 1372 755 1403 ὅπως
773 1373 809 1408 μή

18 1422 42 1441 τι
61 1417 194 1448 πταίσας,
214 1417 430 1444 πολλαπλασίονα
459 1418 615 1454 ἁμαρτήσῃ.
635 1418 690 1444 Καὶ
706 1418 743 1453 μὴ
761 1418 809 1445 ἔσο

16 1460 151 1496 τολμηρὸς
180 1462 231 1489 καὶ
257 1462 410 1498 προπετὴς,
439 1463 474 1498 μή
503 1471 532 1489 σε
560 1463 673 1495 θάνατος
699 1464 810 1501 ἁρπάσῃ

856 229 890 251 tae
904 224 1102 251 diﬂ'unduntur.
1136 223 1161 251 6.
1178 224 1259 258 Atqui
1275 226 1361 252 multo
1376 227 1463 262 magis
1480 229 1640 262 optandum,

857 271 986 305 sapientis
1004 271 1085 298 unius
1097 271 1315 306 objurgationem
1331 272 1474 307 excipere,
1500 282 1581 308 quam
1600 279 1641 302 to-

857 319 911 343 tius
934 317 1010 344 chori
1038 317 1224 352 improborum
1252 321 1278 344 et
1305 318 1469 346 miserorum
1500 320 1640 348 hominum

857 363 1022 390 cantantium
1044 363 1194 390 auditorem
1211 364 1278 390 ﬁeri.
1311 364 1336 390 7.
1355 364 1521 392 Stolidnrutn
1542 368 1642 393 etenim

858 411 999 438 hominum
1023 411 1115 441 risus.
1145 411 1284 444 spinarum
1314 412 1461 439 multarunt
1489 413 1641 441 vehementi

857 458 919 493 igne
932 458 1085 485 ardentium
1106 458 1206 484 sonitui
1231 458 1302 484 haud
1317 459 1450 486 absimilis
1468 463 1518 486 est.
1549 460 1575 486 8.
1591 459 1642 486 Smt

858 503 978 538 profecto
1000 503 1191 538 gravissimum
1220 503 1321 530 malum
1345 508 1386 530 est
1412 505 1548 531 cafumuia
1564 514 1570 531 :
1587 505 1643 532 hac

859 550 931 577 enim
947 549 1100 584 sapientum
1119 549 1263 577 animabus
1278 549 1391 576 insidias
1404 550 1502 583 struit,
1519 558 1551 576 ac
1563 558 1644 584 gene-

858 603 950 622 rosam
976 594 1109 621 bonorum
1133 594 1253 621 virorum
1278 595 1460 621 constantiam
1481 595 1644 622 labelaetare

859 641 979 668 molitur.
998 641 1024 667 9.
1041 640 1128 667 Porro
1141 643 1231 667 autem
1245 640 1318 667 hunc
1331 640 1457 668 laudibus
1469 640 1563 667 eﬂ‘errc
1578 648 1644 668 eon-

859 687 948 718 venit,
975 694 1028 713 non
1049 686 1094 721 qui
1118 686 1225 713 initium
1237 707 1244 718 ,
1263 686 1310 713 sed
1327 686 1372 720 qui
1387 686 1493 713 dicendi
1508 687 1588 713 ﬁnem
1602 688 1643 714 fa-

859 732 905 760 cit.
935 731 1040 759 Moram
1056 732 1128 759 enim
1143 731 1295 759 moderatio
1311 731 1438 758 laudibus
1459 733 1643 765 complecten-

860 779 905 813 da,
920 788 975 806 non
990 779 1071 806 elatio
1088 783 1114 806 et
1129 779 1294 813 arrogantia.
1316 778 1360 805 10.
1377 778 1489 813 Insuper
1501 779 1584 806 animi
1597 778 1642 805 τος

860 834 948 853 rorem
975 833 1083 853 summo
1107 825 1197 852 studio
1220 824 1327 852 frenare
1348 828 1374 852 et
1396 832 1520 852 coercere
1533 833 1645 852 necesse

860 876 912 905 est,
927 880 976 899 nec
992 876 1116 907 prompte
1131 876 1158 898 et
1173 876 1273 898 temere
1286 871 1312 898 in
1325 871 1392 898 iram
1410 878 1500 903 ruere,
1516 871 1559 898 cui
1570 871 1645 898 stulti

860 918 991 946 serviunt.
1021 918 1064 944 11.
1089 917 1188 944 Errant
1205 921 1314 949 autem,
1336 917 1383 951 qui
1405 916 1543 944 meliorem
1561 917 1643 944 vitam

861 963 1012 999 majoribus
1029 962 1131 989 nostris
1142 962 1232 989 datam
1249 969 1309 989 esse
1323 961 1458 989 aﬂirmant
1474 971 1480 988 :
1500 969 1550 989 nec
1565 963 1644 989 intel-

859 1010 957 1045 ligunt,
971 1008 1129 1043 sapientiam
1146 1015 1227 1042 opum
1241 1007 1317 1042 copia
1336 1007 1415 1043 longe
1428 1009 1644 1042 praestantiorem

860 1063 937 1088 esse;
965 1055 1009 1083 12.
1042 1057 1173 1088 tantoque
1194 1053 1355 1085 clariorem,
1383 1058 1486 1088 quanto
1503 1059 1644 1089 argentum

860 1101 956 1128 umbra
970 1107 1019 1127 sua
1035 1098 1204 1134 splendidius
1221 1103 1342 1134 apparet.
1372 1099 1414 1126 15.
1431 1098 1491 1126 Vita
1507 1100 1580 1126 enim
1596 1100 1646 1127 lio-

861 1146 957 1179 minis,
985 1152 1038 1172 non
1054 1152 1086 1171 ex
1101 1144 1265 1172 caduearum
1284 1149 1309 1172 et
1329 1143 1465 1180 fragilium
1489 1153 1569 1180 opum
1588 1146 1645 1173 col-

860 1192 976 1220 lectione
1000 1195 1027 1218 et
1039 1190 1222 1225 possessione,
1242 1198 1334 1217 verum
1351 1198 1384 1218 ex
1397 1191 1530 1226 sapientia
1544 1199 1646 1227 prove-

861 1238 910 1266 nit.
944 1238 988 1264 M.
1002 1236 1069 1270 Quis
1086 1237 1171 1269 enim,
1196 1243 1245 1263 oro
1262 1240 1298 1269 te,
1323 1240 1424 1263 tantam
1442 1241 1552 1272 tamque
1568 1237 1645 1264 beni-

860 1290 941 1318 gnam
967 1279 1014 1309 Dei
1041 1281 1237 1316 providentiam
1266 1281 1355 1309 verbis
1380 1283 1509 1317 consequi
1525 1283 1647 1317 poterit?

861 1330 906 1357 15.
934 1330 989 1357 Aut
1010 1329 1072 1364 quis
1092 1337 1123 1357 ea
1146 1337 1206 1364 quae
1228 1337 1335 1357 summa
1361 1337 1422 1356 cum
1440 1329 1546 1356 ratione
1560 1336 1573 1355 a
1590 1328 1645 1356 Deo

861 1377 983 1412 neglecta
1008 1383 1067 1404 esse
1091 1375 1234 1408 videntur,
1259 1375 1404 1402 revocare?
1431 1374 1474 1402 16.
1491 1375 1547 1410 Ego
1569 1382 1644 1407 vero,

861 1423 953 1450 minus
967 1426 1039 1449 recte
1060 1421 1086 1448 id
1100 1421 1208 1456 quidem
1224 1421 1325 1448 faciens
1336 1442 1343 1454 ,
1357 1422 1447 1448 omnia
1461 1421 1640 1454 considet-avi,

860 1473 886 1496 et
898 1469 1000 1503 justum
1018 1469 1044 1495 in
1056 1467 1160 1502 iustitia
1172 1471 1331 1494 constanter
1344 1471 1519 1502 perstantem_
1547 1475 1595 1494 nec
1610 1467 1645 1494 ab

17 1505 139 1542 dmtpoc.
154 1507 298 1541 Μέγιστον
314 1507 343 1534 δὲ
354 1508 454 1542 ἀγαθὸν
470 1508 713 1543 ἁντιλαμὸάνεσθαι
731 1508 806 1540 Θεοῦ,

918 1522 965 1548 per
987 1522 1095 1541 omnem
1124 1514 1184 1541 vitae
1208 1521 1318 1540 cursum
1343 1513 1555 1545 desciscentnm,
1589 1513 1645 1540 imo

16 1551 59 1577 καὶ
87 1552 117 1578 ἐν
146 1552 242 1587 τούτῳ
267 1552 332 1579 ὄντα
362 1553 443 1588 μηδὲν
470 1553 644 1588 ἁμαρτάνειν.
669 1553 729 1580 Τῶν
758 1553 811 1589 γὰρ

15 1596 153 1631 ἀμιάντων
170 1598 250 1634 χειρὶ
262 1597 370 1633 ἀνάγνῳ
384 1597 489 1632 ψαύειν,
508 1598 637 1634 μυσαρὸν.
660 1599 688 1624 '0
700 1598 728 1625 δὲ
744 1599 812 1634 μετά

15 1642 93 1676 φόϐου
121 1643 196 1670 Θεοῦ
230 1644 350 1670 ὑπείκων
375 1643 482 1670 ἅπαντα
507 1643 646 1678 διαφεύγει
673 1645 809 1671 τάναντία.

12 1687 93 1721 Σοφία
115 1689 146 1715 δὲ
176 1689 318 1724 βοηθείας,
339 1689 450 1724 στίφους
470 1689 573 1725 ἀνδρῶν
593 1690 648 1717 τῶν
663 1691 813 1717 δυνατωτά-

13 1739 63 1759 των
85 1734 115 1761 ὲν
141 1735 229 1761 πόλει
254 1734 363 1769 μείζονα
387 1734 506 1767 δύναται,
523 1736 540 1771 ἢ
562 1736 609 1763 καὶ
632 1736 811 1770 συγγινώσκει

12 1778 120 1812 δικαίως
159 1780 300 1812 πολλάκις
334 1780 388 1808 τῶν
422 1781 536 1808 δεόντων
567 1783 809 1818 ἀποτυγχάνουσιν.

11 1825 185 1858 Ἀπταιστος
202 1826 263 1862 γάρ
284 1826 358 1854 ἐστιν
379 1826 440 1854 οὐδὲ
461 1824 511 1859 εἷς.
536 1828 654 1854 Ἀσεϐῶν
669 1828 696 1854 δὲ
712 1828 809 1863 λόγοις,

11 1870 58 1897 ›ὐδ¹
73 1871 212 1899 ὁπωσοῦν
240 1880 266 1898 τι
288 1872 340 1908 χρὴ
364 1873 514 1907 προσιέναι,
529 1873 602 1905 ὅπως
620 1873 656 1909 μὴ
672 1874 725 1901 τῶν
742 1875 812 1901 κατὰ

12 1918 50 1945 τοῦ
68 1919 164 1954 λόγων
186 1920 329 1954 αὐτήκοος
342 1921 495 1956 γενόμενος,
511 1920 605 1956 ὥσπερ
618 1920 710 1947 δούλου
730 1930 812 1957 πονη-

11 1965 48 1990 ›οὖ
63 1965 229 2001 φλυαρίας·
254 1965 349 1992 ἔπειτα
368 1966 476 2002 δηχθεὶς
489 1966 538 2002 τὴν
553 1967 676 2003 καρδίαν,
699 1967 811 2003 ὕστερον

15 2017 28 2034 ν
43 2010 165 2042 πολλαῖς
183 2009 325 2046 πράξεσιν
337 2012 378 2043 είς
392 2012 423 2038 τὸ
435 2012 700 2048 ἀντικαταράσασθαι
715 2014 762 2040 καὶ
779 2013 810 2040 σὺ

12 2057 159 2091 κτρατιῇς.
185 2057 303 2090 Ἐγνων
318 2056 347 2082 δὲ
366 2057 450 2084 ταῦτα
466 2057 521 2092 ἐγὼ
535 2058 652 2091 ἅπαντα,
670 2059 764 2094 σοφίαν
780 2061 812 2086 ὲκ

11 2100 64 2127 θεοῦ
89 2102 207 2134 λαϐὼν,
230 2102 266 2137 ἣν
289 2101 401 2138 ὕστερον
415 2103 575 2135 ἀποϐαλὼν,
593 2105 685 2131 οὐκέτι
710 2102 765 2136 οἶός
781 2114 811 2132 τε

14 2155 69 2182 μην
84 2148 195 2183 ὅμοιος
222 2145 306 2175 εἶναι.
323 2148 426 2183 ’Ἑφυγε
447 2149 500 2185 γὰρ
524 2150 570 2176 ἀπ’
593 2151 659 2186 ἐμοῦ
677 2150 756 2186 σοφία
771 2152 811 2183 είς

862 1561 944 1587 etiam
972 1565 1081 1596 propter
1103 1567 1162 1586 eam
1185 1558 1291 1586 insidiis
1308 1559 1420 1593 petitum
1445 1567 1451 1585 :
1469 1563 1496 1585 ct
1512 1558 1644 1592 injustam

863 1607 944 1634 simul
968 1613 1028 1633 cum
1053 1605 1226 1640 improbitate
1251 1613 1300 1632 sua
1314 1605 1486 1632 morientem.
1516 1605 1559 1631 17.
1577 1604 1645 1632 lllud

863 1659 951 1680 autem
967 1652 1069 1679 homini
1083 1652 1187 1686 justitia
1201 1652 1312 1686 praadito
1327 1651 1471 1679 videndum
1487 1656 1537 1684 est,
1550 1659 1584 1678 ne
1597 1652 1646 1678 ad-

863 1700 973 1726 modum
995 1698 1057 1726 talis
1077 1705 1137 1725 esse
1153 1697 1287 1729 videatur,
1310 1705 1361 1724 nec
1377 1705 1459 1732 supra
1474 1697 1583 1724 modum
1599 1705 1645 1724 sa-

861 1745 957 1780 piens;
984 1751 1017 1771 ne
1036 1743 1057 1771 si
1079 1750 1132 1778 qua
1150 1743 1177 1770 in
1193 1751 1222 1770 re
1235 1743 1393 1775 olfenderit,
1418 1743 1510 1770 multis
1523 1743 1646 1778 partibus

862 1789 998 1823 copiosius
1014 1792 1116 1821 peccet.
1142 1787 1186 1814 18.
1202 1787 1268 1814 lllud
1280 1787 1361 1814 etiam
1377 1787 1424 1814 tibi
1437 1788 1597 1820 cavendum,
1611 1796 1646 1814 ne

862 1834 951 1861 audax
965 1838 991 1860 et
1005 1834 1164 1861 temerarius
1180 1833 1235 1867 sis;
1253 1841 1286 1860 ne
1302 1833 1402 1868 alioqui
1418 1837 1443 1860 te
1457 1834 1646 1868 intempestiva

861 1886 887 1908 et
900 1885 1063 1916 praematura
1088 1887 1162 1907 mors
1176 1880 1302 1914 abripiat.
1333 1879 1376 1906 19.
1391 1879 1538 1906 Maximum
1555 1885 1645 1907 autem

862 1926 976 1959 bonum,
991 1925 1075 1953 Deum
1091 1925 1233 1960 complecti
1247 1929 1273 1952 et
1287 1925 1506 1960 apprehendere;
1522 1930 1602 1960 atque
1618 1926 1646 1952 in

861 1979 894 1998 eo
909 1975 1075 2003 manentem,
1093 1971 1126 1997 ab
1144 1970 1219 1997 oumi
1234 1974 1345 2004 peccato
1359 1970 1506 1997 abstinere.
1525 1971 1579 1998 Res
1590 1977 1646 1998 ete-

862 2016 917 2043 nim
932 2016 1046 2043 macula‘:
1060 2015 1150 2043 omnis
1163 2021 1286 2050 expertes
1303 2016 1410 2050 impura
1435 2023 1517 2042 manu
1535 2020 1644 2043 contre-

862 2063 947 2092 ctare,
962 2058 1096 2086 nei’arium
1110 2063 1136 2086 et
1149 2058 1315 2086 exsecrabile
1329 2063 1380 2086 est.
1409 2058 1461 2091 Qui
1476 2063 1566 2086 autem
1581 2067 1645 2086 cum

862 2104 909 2131 Dei
929 2104 1025 2132 timore
1047 2104 1127 2136 cedit,
1147 2111 1230 2139 seque
1247 2103 1393 2133 submittit.
1420 2104 1533 2131 adversa
1553 2105 1645 2132 omnia

863 2150 966 2186 eﬂ‘ugit.
985 2151 1030 2178 ΞΟ.
1047 2149 1185 2185 Sapientia
1198 2151 1291 2178 auxilii
1306 2151 1332 2177 in
1345 2150 1453 2178 civitate
1466 2151 1527 2186 plus
1543 2155 1644 2186 potest,

12 2191 84 2226 ,ἧκος
110 2193 260 2228 ἄπειρον,
286 2193 333 2219 καὶ
355 2194 394 2224 εις
415 2193 496 2228 βάθος
518 2195 687 2231 ἀμέτρητον,
711 2196 748 2228 ὡς
773 2196 806 2232 μὴ

903 2204 943 2224 am
956 2197 1205 2231 potentissimorum
1221 2196 1362 2224 hominum
1375 2197 1465 2230 acies;
1487 2205 1547 2231 qua:
1560 2197 1644 2224 etiam

11 2235 59 2264 ἴναι
76 2239 178 2274 αὐτῆς
196 2238 335 2266 λαϐέσθαι
351 2240 458 2276 μηκέτι.
475 2241 556 2267 Ὥστε
573 2241 684 2277 ὕστερον
700 2243 747 2269 καὶ
762 2243 809 2270 τοῦ

13 2283 138 2319 τιζητείν
160 2285 274 2320 αὐτὴν,
295 2285 396 2311 τέλειον
411 2286 465 2322 (17)
487 2287 656 2323 ἀπεσχόμην·
681 2288 728 2315 καὶ
748 2288 809 2315 οὗτε

11 2329 201 2367 ρεθυμούμην
235 2331 279 2356 ἔτι
304 2331 350 2357 τοῦ
378 2333 518 2358 κατανοεῖν
547 2332 596 2364 τὰς
624 2332 678 2360 τῶν
705 2333 809 2361 ἀσεϐῶν

11 2378 158 2412 Ῥροσύνας
179 2377 240 2404 καὶ
269 2376 366 2411 βουλὰς
393 2378 525 2413 ματαίας,
548 2379 594 2405 καὶ
613 2379 727 2406 ἀλύοντα
742 2380 807 2415 βίον.

11 2421 65 2449 ῦτω
89 2423 122 2450 δὲ
142 2421 348 2456 διακείμενος.
371 2424 410 2455 εἰς
432 2423 502 2450 αὐτά
524 2423 665 2460 διηνέχθην
681 2425 746 2460 (18),
763 2426 809 2452 καὶ

12 2467 127 2504 ιιθυμίᾳ
144 2467 309 2502 συσχεθεὶς
323 2467 511 2504 θανατηφόρῳ,
522 2468 606 2502 ἔγνων
621 2469 669 2504 τὴν
681 2471 808 2503 γυναῖκα,

12 2520 33 2546 pa
47 2522 117 2540 τινα
138 2513 223 2548 (19),
248 2511 267 2546 ἢ
289 2512 315 2538 εἴ
327 2521 353 2539 τι
372 2512 465 2548 ἕτερον
481 2512 598 2540 τοιοῦτον
623 2514 807 2550 ὑπάρχουσαν.

861 2243 1022 2277 plerumque
1039 2242 1083 2274 iis,
1098 2241 1144 2276 qui
1160 2241 1194 2269 ab
1206 2241 1294 2268 ollicio
1305 2241 1475 2272 aberrarunt,
1485 2241 1645 2276 justeigno—

863 2288 924 2316 scit.
955 2287 999 2314 21.
1013 2286 1098 2314 Nemo
1119 2287 1193 2314 enim
1207 2291 1265 2319 est,
1287 2286 1333 2321 qui
1353 2294 1406 2314 non
1422 2287 1557 2314 interdum
1570 2287 1645 2315 laba-

863 2339 906 2362 tur
917 2334 938 2360 '.
967 2333 1013 2360 22.
1032 2332 1080 2360 Est
1101 2337 1191 2360 autem
1203 2332 1251 2360 tibi
1265 2333 1461 2367 providendum
1474 2354 1481 2366 ,
1499 2341 1533 2360 ne
1546 2334 1578 2360 ad
1592 2335 1644 2361 im-

862 2380 970 2415 piorum
986 2386 1125 2407 sermones
1138 2379 1193 2406 ullo
1208 2379 1290 2406 modo
1304 2379 1433 2412 accedas;
1452 2387 1486 2406 ne
1501 2379 1642 2408 maledicta

863 2426 891 2452 in
913 2430 938 2452 te
951 2425 1024 2460 jacta
1045 2425 1155 2452 tuismet
1168 2424 1280 2451 auribus
1297 2424 1443 2456 hauriens,
1465 2426 1644 2460 quemadmo-

863 2470 927 2498 dum
943 2470 1059 2505 improbi
1074 2469 1144 2496 servi
1161 2469 1372 2503 loquacitatem;
1401 2469 1447 2496 25.
1470 2474 1551 2504 atque
1565 2477 1598 2497 ex
1611 2478 1642 2497 ra

865 2522 894 2541 re
913 2514 1004 2541 animo
1018 2520 1207 2546 commorsus,
1232 2513 1259 2540 in
1275 2512 1369 2540 multis
1385 2517 1478 2547 postea
1491 2513 1643 2541 actionibus

21 2560 32 2575 '
49 2559 86 2587 lll
101 2560 184 2595 Reg.
205 2566 278 2592 vnt,
295 2559 347 2593 46;
364 2558 387 2586 ll
402 2560 490 2588 Paral.
504 2569 541 2594 vr,
557 2561 607 2594 36;
625 2560 706 2588 Prov.
721 2570 767 2595 xx,
784 2562 818 2596 9;
833 2561 936 2589 lJoan.
949 2570 968 2589 ι.
985 2561 1012 2588 8.

14 2619 76 2654 (15)
96 2620 227 2652 Λόγων
240 2615 287 2654 ᾷέ.
305 2615 400 2654 Medic.
415 2617 489 2648 eod.,
504 2617 582 2654 λόγον
594 2617 632 2644 δέ.
645 2618 733 2653 Atque
752 2618 804 2644 hoc

12 2652 70 2681 οὐθ’
90 2652 300 2682 scribendum
323 2652 494 2679 existimasse
516 2653 640 2680 videntur
659 2654 705 2680 alii
719 2654 804 2680 inter-

12 2694 82 2717 etes.
97 2689 250 2717 Joannes
271 2684 398 2719 :Serma,
413 2695 463 2714 non
485 2687 514 2713 in
532 2688 672 2722 principio,
687 2689 731 2715 sed
746 2696 805 2714 cum

27 2727 140 2752 calcem
156 2722 334 2758 pervenerit,
349 2721 499 2758 laudandus
512 2728 559 2749 est.
575 2723 712 2750 Musculu’s
725 2731 731 2748 :
745 2722 805 2749 Sar-

14 2768 83 2787 mem
111 2757 254 2786 laudare
278 2757 409 2790 convenit,
433 2765 485 2784 non
511 2758 539 2784 in
562 2758 686 2791 exordio,
709 2758 753 2786 sed
777 2758 804 2784 iu

15 2795 329 2867 cleIi)D::;'eprépa.
354 2826 392 2854 lta
415 2835 482 2855 sane
502 2827 565 2856 eod.
592 2828 667 2856 card.
691 2827 803 2856 Lothar.

860 2618 912 2645 Sed
929 2613 1023 2645 Biltius
1047 2617 1192 2653 adamarat
1214 2617 1240 2644 in
1256 2615 1378 2652 margine
1400 2615 1463 2644 libri
1481 2617 1534 2650 sui,
1550 2617 1643 2653 legen-

859 2653 923 2680 dum
938 2652 1082 2688 φανοτέρα.
1097 2652 1134 2679 In.
1158 2687 1163 2688 γ
1176 2687 1180 2688 7
1198 2666 1201 2668 -

907 2688 950 2721 17)
969 2687 1093 2714 Τέλεὶον.
1109 2687 1193 2714 Codd.
1211 2695 1267 2721 reg.
1285 2692 1311 2715 et
1328 2687 1447 2719 'l'huan.,
1462 2687 1562 2714 τέλεον.
1578 2687 1616 2715 In.

907 2723 950 2757 18)
965 2722 1138 2759 Διηνέχθην,
1161 2722 1212 2750 Ms.
1236 2723 1317 2759 Μαίη
1340 2723 1479 2759 δηνέχθην.
1507 2722 1540 2750 Ει
1562 2725 1644 2758 paulo

858 2762 928 2794 post.
944 2759 1021 2794 χιξρα
1034 2758 1062 2783 δὲ
1073 2758 1143 2794 χειρὶ
1160 2758 1309 2794 συνάψασα.

895 2793 950 2827 (19)
967 2792 1027 2827 Τὴν
1048 2792 1184 2828 γυναῖκα,
1203 2792 1260 2827 γῆν
1284 2801 1360 2819 τινα.
1378 2793 1478 2821 Locum
1499 2801 1560 2820 esse
1583 2802 1645 2820 cor-

859 2833 968 2863 ruptum
994 2829 1058 2856 olim
1085 2828 1237 2863 perviderat
1261 2828 1412 2858 Cotelerius
1439 2829 1473 2856 ad
1496 2828 1642 2857 Constituit.
