  <div class='ocr_page' id='page_1' title='image "/cluster/home/n/w/nwhite01/storage/ocr_20150623/10/njp.32101077772406/548.png"; bbox 0 0 1857 3047; ppageno 0'>
   <div class='ocr_carea' id='block_1_1' title="bbox 61 103 856 133">
    <p class='ocr_par' dir='ltr' id='par_1_1' title="bbox 61 103 856 133">
     <span class='ocr_line' id='line_1_1' title="bbox 61 103 856 133; baseline 0.005 -4"><span class='ocrx_word' id='word_1_1' title='bbox 61 103 118 130; x_wconf 75' lang='grc'><strong>1009</strong></span> <span class='ocrx_word' id='word_1_2' title='bbox 560 105 804 133; x_wconf 69' lang='lat' dir='ltr'><strong>METAPHRASIS</strong></span> <span class='ocrx_word' id='word_1_3' title='bbox 823 105 856 132; x_wconf 77' lang='grc' dir='ltr'><strong>ΙΝ</strong></span> 
     </span>
    </p>
   </div>
   <div class='ocr_carea' id='block_1_2' title="bbox 59 156 859 197">
    <p class='ocr_par' dir='ltr' id='par_1_2' title="bbox 59 156 859 197">
     <span class='ocr_line' id='line_1_2' title="bbox 59 156 859 197; baseline 0.008 -13"><span class='ocrx_word' id='word_1_4' title='bbox 59 161 86 186; x_wconf 80' lang='grc' dir='ltr'>ὲκ</span> <span class='ocrx_word' id='word_1_5' title='bbox 100 159 195 190; x_wconf 76' lang='grc' dir='ltr'>ποδῶν,</span> <span class='ocrx_word' id='word_1_6' title='bbox 217 159 271 185; x_wconf 76' lang='grc' dir='ltr'>ἀνθ’</span> <span class='ocrx_word' id='word_1_7' title='bbox 295 156 332 186; x_wconf 80' lang='grc' dir='ltr'><strong>ὧν</strong></span> <span class='ocrx_word' id='word_1_8' title='bbox 349 160 460 192; x_wconf 73' lang='grc' dir='ltr'>ἑαυτοὺς</span> <span class='ocrx_word' id='word_1_9' title='bbox 482 163 639 197; x_wconf 75' lang='grc' dir='ltr'><strong>ματαιότητι</strong></span> <span class='ocrx_word' id='word_1_10' title='bbox 661 162 820 192; x_wconf 70' lang='grc' dir='ltr'><strong>δεδώκεσαν,</strong></span> <span class='ocrx_word' id='word_1_11' title='bbox 837 166 859 195; x_wconf 76' lang='grc' dir='ltr'><strong>Α</strong></span> 
     </span>
    </p>
   </div>
   <div class='ocr_carea' id='block_1_3' title="bbox 63 205 820 244">
    <p class='ocr_par' dir='ltr' id='par_1_3' title="bbox 63 205 820 244">
     <span class='ocr_line' id='line_1_3' title="bbox 63 205 820 244; baseline 0.005 -13"><span class='ocrx_word' id='word_1_12' title='bbox 63 206 157 240; x_wconf 69' lang='grc' dir='ltr'>Ἐπειδὴ</span> <span class='ocrx_word' id='word_1_13' title='bbox 169 206 220 241; x_wconf 64' lang='grc' dir='ltr'>γὰρ</span> <span class='ocrx_word' id='word_1_14' title='bbox 235 205 284 232; x_wconf 74' lang='grc' dir='ltr'><strong>οὐκ</strong></span> <span class='ocrx_word' id='word_1_15' title='bbox 296 207 476 239; x_wconf 70' lang='grc' dir='ltr'>ἐφ’,ἀπάντων</span> <span class='ocrx_word' id='word_1_16' title='bbox 494 208 652 243; x_wconf 76' lang='grc' dir='ltr'><strong>μετέρχεται</strong></span> <span class='ocrx_word' id='word_1_17' title='bbox 667 210 682 244; x_wconf 83' lang='grc' dir='ltr'>ὴ</span> <span class='ocrx_word' id='word_1_18' title='bbox 697 209 742 235; x_wconf 88' lang='grc' dir='ltr'>τοῦ</span> <span class='ocrx_word' id='word_1_19' title='bbox 754 208 820 235; x_wconf 79' lang='grc' dir='ltr'>Θεοῦ</span> 
     </span>
    </p>
   </div>
   <div class='ocr_carea' id='block_1_4' title="bbox 60 252 822 290">
    <p class='ocr_par' dir='ltr' id='par_1_4' title="bbox 60 252 822 290">
     <span class='ocr_line' id='line_1_4' title="bbox 60 252 822 290; baseline 0.003 -11"><span class='ocrx_word' id='word_1_20' title='bbox 60 253 157 287; x_wconf 69' lang='grc' dir='ltr'>πρένοια</span> <span class='ocrx_word' id='word_1_21' title='bbox 180 252 259 283; x_wconf 66' lang='grc' dir='ltr'><strong>ὀξέως</strong></span> <span class='ocrx_word' id='word_1_22' title='bbox 283 253 326 279; x_wconf 63' lang='grc' dir='ltr'><strong>διὰ</strong></span> <span class='ocrx_word' id='word_1_23' title='bbox 349 253 396 288; x_wconf 82' lang='grc' dir='ltr'>τὴν</span> <span class='ocrx_word' id='word_1_24' title='bbox 432 254 530 290; x_wconf 73' lang='grc' dir='ltr'>πολλὴν</span> <span class='ocrx_word' id='word_1_25' title='bbox 554 255 734 287; x_wconf 61' lang='grc' dir='ltr'>ἀνεξικακίαν,</span> <span class='ocrx_word' id='word_1_26' title='bbox 753 255 822 282; x_wconf 75' lang='grc' dir='ltr'>-ούδὲ</span> 
     </span>
    </p>
   </div>
   <div class='ocr_carea' id='block_1_5' title="bbox 59 298 821 336">
    <p class='ocr_par' dir='ltr' id='par_1_5' title="bbox 59 298 821 336">
     <span class='ocr_line' id='line_1_5' title="bbox 59 298 821 336; baseline 0.004 -12"><span class='ocrx_word' id='word_1_27' title='bbox 59 298 197 334; x_wconf 69' lang='grc' dir='ltr'>παραυτίκα</span> <span class='ocrx_word' id='word_1_28' title='bbox 208 301 365 334; x_wconf 77' lang='grc' dir='ltr'><strong>τιμωρεῖται</strong></span> <span class='ocrx_word' id='word_1_29' title='bbox 377 300 422 326; x_wconf 71' lang='grc' dir='ltr'>ἐπὶ</span> <span class='ocrx_word' id='word_1_30' title='bbox 436 303 495 332; x_wconf 82' lang='grc' dir='ltr'>ταῖς</span> <span class='ocrx_word' id='word_1_31' title='bbox 511 301 716 336; x_wconf 69' lang='grc' dir='ltr'>πλημμελείαις,</span> <span class='ocrx_word' id='word_1_32' title='bbox 730 301 821 327; x_wconf 75' lang='grc' dir='ltr'>τούτου</span> 
     </span>
    </p>
   </div>
   <div class='ocr_carea' id='block_1_6' title="bbox 59 344 823 382">
    <p class='ocr_par' dir='ltr' id='par_1_6' title="bbox 59 344 823 382">
     <span class='ocr_line' id='line_1_6' title="bbox 59 344 823 382; baseline 0.004 -13"><span class='ocrx_word' id='word_1_33' title='bbox 59 345 126 379; x_wconf 73' lang='grc' dir='ltr'>χάριν</span> <span class='ocrx_word' id='word_1_34' title='bbox 148 345 228 370; x_wconf 77' lang='grc' dir='ltr'>οἴεται</span> <span class='ocrx_word' id='word_1_35' title='bbox 249 344 302 371; x_wconf 75' lang='grc' dir='ltr'>δεῖν</span> <span class='ocrx_word' id='word_1_36' title='bbox 324 346 338 371; x_wconf 87' lang='grc' dir='ltr'>ὁ</span> <span class='ocrx_word' id='word_1_37' title='bbox 358 347 474 381; x_wconf 71' lang='grc' dir='ltr'>πονηρὸς</span> <span class='ocrx_word' id='word_1_38' title='bbox 498 346 566 382; x_wconf 78' lang='grc' dir='ltr'>ἀνὴρ</span> <span class='ocrx_word' id='word_1_39' title='bbox 590 346 756 382; x_wconf 73' lang='grc' dir='ltr'><strong>ἁμαρτάνειν</strong></span> <span class='ocrx_word' id='word_1_40' title='bbox 778 347 823 372; x_wconf 74' lang='grc' dir='ltr'>ἐπὶ</span> 
     </span>
    </p>
   </div>
   <div class='ocr_carea' id='block_1_7' title="bbox 59 390 823 424">
    <p class='ocr_par' dir='ltr' id='par_1_7' title="bbox 59 390 823 424">
     <span class='ocr_line' id='line_1_7' title="bbox 59 390 823 424; baseline 0.004 -9"><span class='ocrx_word' id='word_1_41' title='bbox 59 390 137 416; x_wconf 80' lang='grc' dir='ltr'>πλεῖον</span> <span class='ocrx_word' id='word_1_42' title='bbox 147 411 153 422; x_wconf 89' lang='grc'><strong>,</strong></span> <span class='ocrx_word' id='word_1_43' title='bbox 169 390 203 421; x_wconf 82' lang='grc' dir='ltr'>ὠς</span> <span class='ocrx_word' id='word_1_44' title='bbox 217 390 305 422; x_wconf 81' lang='grc' dir='ltr'>ἀθῶος</span> <span class='ocrx_word' id='word_1_45' title='bbox 329 391 488 424; x_wconf 73' lang='grc' dir='ltr'><strong>ἀπαλλάξων</strong></span> <span class='ocrx_word' id='word_1_46' title='bbox 501 400 507 407; x_wconf 89' lang='grc'>·</span> <span class='ocrx_word' id='word_1_47' title='bbox 523 393 553 418; x_wconf 76' lang='grc' dir='ltr'><strong>οὐ</strong></span> <span class='ocrx_word' id='word_1_48' title='bbox 573 393 672 423; x_wconf 71' lang='grc' dir='ltr'>συνιεὶς</span> <span class='ocrx_word' id='word_1_49' title='bbox 684 412 690 422; x_wconf 81' lang='grc'><strong>,</strong></span> <span class='ocrx_word' id='word_1_50' title='bbox 715 392 755 418; x_wconf 83' lang='grc' dir='ltr'><strong>ὃτι</strong></span> <span class='ocrx_word' id='word_1_51' title='bbox 777 393 823 418; x_wconf 82' lang='grc' dir='ltr'>καὶ</span> 
     </span>
    </p>
   </div>
   <div class='ocr_carea' id='block_1_8' title="bbox 60 436 823 473">
    <p class='ocr_par' dir='ltr' id='par_1_8' title="bbox 60 436 823 473">
     <span class='ocr_line' id='line_1_8' title="bbox 60 436 823 473; baseline 0.004 -12"><span class='ocrx_word' id='word_1_52' title='bbox 60 436 118 470; x_wconf 67' lang='grc' dir='ltr'>μετὰ</span> <span class='ocrx_word' id='word_1_53' title='bbox 130 436 266 471; x_wconf 76' lang='grc' dir='ltr'><strong>πάμπολυν</strong></span> <span class='ocrx_word' id='word_1_54' title='bbox 281 437 375 472; x_wconf 77' lang='grc' dir='ltr'>χρόνον</span> <span class='ocrx_word' id='word_1_55' title='bbox 391 437 522 473; x_wconf 76' lang='grc' dir='ltr'><strong>ἀδικήσας</strong></span> <span class='ocrx_word' id='word_1_56' title='bbox 537 438 567 464; x_wconf 77' lang='grc' dir='ltr'><strong>ού</strong></span> <span class='ocrx_word' id='word_1_57' title='bbox 584 438 708 473; x_wconf 77' lang='grc' dir='ltr'>λήσεται·</span> <span class='ocrx_word' id='word_1_58' title='bbox 723 437 823 472; x_wconf 82' lang='grc' dir='ltr'>ἀγαθόν</span> 
     </span>
    </p>
   </div>
   <div class='ocr_carea' id='block_1_9' title="bbox 57 481 824 518">
    <p class='ocr_par' dir='ltr' id='par_1_9' title="bbox 57 481 824 518">
     <span class='ocr_line' id='line_1_9' title="bbox 57 481 824 518; baseline 0.004 -12"><span class='ocrx_word' id='word_1_59' title='bbox 57 490 83 515; x_wconf 81' lang='grc' dir='ltr'>γε</span> <span class='ocrx_word' id='word_1_60' title='bbox 100 482 147 515; x_wconf 78' lang='grc' dir='ltr'>μὴν</span> <span class='ocrx_word' id='word_1_61' title='bbox 159 481 299 516; x_wconf 73' lang='grc' dir='ltr'>μέγιστον,</span> <span class='ocrx_word' id='word_1_62' title='bbox 320 482 489 509; x_wconf 76' lang='grc' dir='ltr'>εὐλαϐεῖσθαι</span> <span class='ocrx_word' id='word_1_63' title='bbox 511 483 590 509; x_wconf 66' lang='grc' dir='ltr'><strong>Θεόντ</strong></span> <span class='ocrx_word' id='word_1_64' title='bbox 620 482 703 518; x_wconf 68' lang='grc' dir='ltr'>οὗπερ</span> <span class='ocrx_word' id='word_1_65' title='bbox 725 483 824 518; x_wconf 74' lang='grc' dir='ltr'>ἀσεϐὴς</span> 
     </span>
    </p>
   </div>
   <div class='ocr_carea' id='block_1_10' title="bbox 59 526 823 565">
    <p class='ocr_par' dir='ltr' id='par_1_10' title="bbox 59 526 823 565">
     <span class='ocr_line' id='line_1_10' title="bbox 59 526 823 565; baseline 0.005 -13"><span class='ocrx_word' id='word_1_66' title='bbox 59 526 184 558; x_wconf 63' lang='grc' dir='ltr'>ἐκπεσὼν,</span> <span class='ocrx_word' id='word_1_67' title='bbox 200 528 229 553; x_wconf 81' lang='grc' dir='ltr'><strong>ού</strong></span> <span class='ocrx_word' id='word_1_68' title='bbox 252 527 334 554; x_wconf 71' lang='grc' dir='ltr'>πολὺν</span> <span class='ocrx_word' id='word_1_69' title='bbox 355 529 448 563; x_wconf 77' lang='grc' dir='ltr'>χρόνον</span> <span class='ocrx_word' id='word_1_70' title='bbox 468 530 500 564; x_wconf 82' lang='grc' dir='ltr'>τῇ</span> <span class='ocrx_word' id='word_1_71' title='bbox 519 529 615 556; x_wconf 73' lang='grc' dir='ltr'>ἑαυτοῦ</span> <span class='ocrx_word' id='word_1_72' title='bbox 633 530 722 565; x_wconf 76' lang='grc' dir='ltr'>μωρίᾳ</span> <span class='ocrx_word' id='word_1_73' title='bbox 739 538 823 556; x_wconf 83' lang='grc' dir='ltr'>κατα-</span> 
     </span>
    </p>
   </div>
   <div class='ocr_carea' id='block_1_11' title="bbox 58 573 824 610">
    <p class='ocr_par' dir='ltr' id='par_1_11' title="bbox 58 573 824 610">
     <span class='ocr_line' id='line_1_11' title="bbox 58 573 824 610; baseline 0.005 -13"><span class='ocrx_word' id='word_1_74' title='bbox 58 573 181 607; x_wconf 77' lang='grc' dir='ltr'>χρήσεται.</span> <span class='ocrx_word' id='word_1_75' title='bbox 190 573 317 608; x_wconf 74' lang='grc' dir='ltr'>Χειρίστη</span> <span class='ocrx_word' id='word_1_76' title='bbox 330 574 358 600; x_wconf 81' lang='grc' dir='ltr'><strong>δὲ</strong></span> <span class='ocrx_word' id='word_1_77' title='bbox 370 574 416 600; x_wconf 66' lang='grc' dir='ltr'><strong>καὶ</strong></span> <span class='ocrx_word' id='word_1_78' title='bbox 431 574 581 610; x_wconf 74' lang='grc' dir='ltr'>ὲψευσμένη</span> <span class='ocrx_word' id='word_1_79' title='bbox 592 574 655 607; x_wconf 74' lang='grc' dir='ltr'>δόξα</span> <span class='ocrx_word' id='word_1_80' title='bbox 667 575 824 610; x_wconf 81' lang='grc' dir='ltr'>ἀνθρώπους</span> 
     </span>
    </p>
   </div>
   <div class='ocr_carea' id='block_1_12' title="bbox 58 618 823 655">
    <p class='ocr_par' dir='ltr' id='par_1_12' title="bbox 58 618 823 655">
     <span class='ocr_line' id='line_1_12' title="bbox 58 618 823 655; baseline 0.007 -12"><span class='ocrx_word' id='word_1_81' title='bbox 58 618 199 652; x_wconf 74' lang='grc' dir='ltr'><strong>ἐπινέμεται</strong></span> <span class='ocrx_word' id='word_1_82' title='bbox 214 618 358 652; x_wconf 80' lang='grc' dir='ltr'>πολλάκις,</span> <span class='ocrx_word' id='word_1_83' title='bbox 376 621 438 655; x_wconf 79' lang='grc' dir='ltr'>περι</span> <span class='ocrx_word' id='word_1_84' title='bbox 461 629 491 647; x_wconf 86' lang='grc' dir='ltr'><strong>τε</strong></span> <span class='ocrx_word' id='word_1_85' title='bbox 510 621 622 647; x_wconf 75' lang='grc' dir='ltr'>δικαίων</span> <span class='ocrx_word' id='word_1_86' title='bbox 644 622 690 647; x_wconf 73' lang='grc' dir='ltr'>καὶ</span> <span class='ocrx_word' id='word_1_87' title='bbox 714 622 823 648; x_wconf 78' lang='grc' dir='ltr'>ἀδίκων.</span> 
     </span>
    </p>
   </div>
   <div class='ocr_carea' id='block_1_13' title="bbox 63 664 824 702">
    <p class='ocr_par' dir='ltr' id='par_1_13' title="bbox 63 664 824 702">
     <span class='ocr_line' id='line_1_13' title="bbox 63 664 824 702; baseline 0.007 -14"><span class='ocrx_word' id='word_1_88' title='bbox 63 664 280 698; x_wconf 74' lang='grc' dir='ltr'>Ὑπολαμεάνουσι</span> <span class='ocrx_word' id='word_1_89' title='bbox 301 665 356 701; x_wconf 82' lang='grc' dir='ltr'><strong>γὰρ</strong></span> <span class='ocrx_word' id='word_1_90' title='bbox 376 666 440 701; x_wconf 73' lang='grc' dir='ltr'>περὶ</span> <span class='ocrx_word' id='word_1_91' title='bbox 462 666 598 702; x_wconf 78' lang='grc' dir='ltr'><strong>ἑκατέρων</strong></span> <span class='ocrx_word' id='word_1_92' title='bbox 613 667 756 693; x_wconf 81' lang='grc' dir='ltr'>τάναντία·</span> <span class='ocrx_word' id='word_1_93' title='bbox 777 667 824 693; x_wconf 78' lang='grc' dir='ltr'>καὶ</span> 
     </span>
    </p>
   </div>
   <div class='ocr_carea' id='block_1_14' title="bbox 57 709 825 745">
    <p class='ocr_par' dir='ltr' id='par_1_14' title="bbox 57 709 825 745">
     <span class='ocr_line' id='line_1_14' title="bbox 57 709 825 745; baseline 0.005 -11"><span class='ocrx_word' id='word_1_94' title='bbox 57 709 146 741; x_wconf 76' lang='grc' dir='ltr'>δίκαιός</span> <span class='ocrx_word' id='word_1_95' title='bbox 162 718 190 743; x_wconf 84' lang='grc' dir='ltr'>γε</span> <span class='ocrx_word' id='word_1_96' title='bbox 204 710 246 741; x_wconf 76' lang='grc' dir='ltr'><strong>τὶς</strong></span> <span class='ocrx_word' id='word_1_97' title='bbox 260 710 306 742; x_wconf 82' lang='grc' dir='ltr'><strong>ὢν,</strong></span> <span class='ocrx_word' id='word_1_98' title='bbox 319 712 350 737; x_wconf 85' lang='grc' dir='ltr'>οὺ</span> <span class='ocrx_word' id='word_1_99' title='bbox 365 711 483 743; x_wconf 80' lang='grc' dir='ltr'>τοιοῦτος</span> <span class='ocrx_word' id='word_1_100' title='bbox 498 712 569 745; x_wconf 76' lang='grc' dir='ltr'>ἔδοξε</span> <span class='ocrx_word' id='word_1_101' title='bbox 579 720 585 727; x_wconf 75' lang='lat'>&#39;</span> <span class='ocrx_word' id='word_1_102' title='bbox 604 713 651 738; x_wconf 69' lang='grc' dir='ltr'><strong>καὶ</strong></span> <span class='ocrx_word' id='word_1_103' title='bbox 667 713 745 739; x_wconf 75' lang='grc' dir='ltr'>πάλιν</span> <span class='ocrx_word' id='word_1_104' title='bbox 762 713 825 738; x_wconf 84' lang='grc' dir='ltr'>ἀσε-</span> 
     </span>
    </p>
   </div>
   <div class='ocr_carea' id='block_1_15' title="bbox 59 754 825 793">
    <p class='ocr_par' dir='ltr' id='par_1_15' title="bbox 59 754 825 793">
     <span class='ocr_line' id='line_1_15' title="bbox 59 754 825 793; baseline 0.007 -13"><span class='ocrx_word' id='word_1_105' title='bbox 59 754 115 790; x_wconf 80' lang='grc' dir='ltr'>6ὴς,</span> <span class='ocrx_word' id='word_1_106' title='bbox 135 755 243 791; x_wconf 75' lang='grc' dir='ltr'>ἔμφρων</span> <span class='ocrx_word' id='word_1_107' title='bbox 259 756 396 792; x_wconf 76' lang='grc' dir='ltr'>ἐνομίσθη,</span> <span class='ocrx_word' id='word_1_108' title='bbox 414 757 519 793; x_wconf 84' lang='grc' dir='ltr'>Ταύτην</span> <span class='ocrx_word' id='word_1_109' title='bbox 535 758 621 792; x_wconf 67' lang='grc' dir='ltr'><strong>ἔγωγε</strong></span> <span class='ocrx_word' id='word_1_110' title='bbox 650 759 700 793; x_wconf 81' lang='grc' dir='ltr'><strong>τὴν</strong></span> <span class='ocrx_word' id='word_1_111' title='bbox 722 758 825 793; x_wconf 77' lang='grc' dir='ltr'><strong>πλάνην</strong></span> 
     </span>
    </p>
   </div>
   <div class='ocr_carea' id='block_1_16' title="bbox 59 801 824 838">
    <p class='ocr_par' dir='ltr' id='par_1_16' title="bbox 59 801 824 838">
     <span class='ocr_line' id='line_1_16' title="bbox 59 801 824 838; baseline 0.007 -13"><span class='ocrx_word' id='word_1_112' title='bbox 59 801 164 836; x_wconf 72' lang='grc' dir='ltr'>χαλεπὴν</span> <span class='ocrx_word' id='word_1_113' title='bbox 181 802 208 827; x_wconf 80' lang='grc' dir='ltr'>ὲν</span> <span class='ocrx_word' id='word_1_114' title='bbox 224 803 280 833; x_wconf 85' lang='grc' dir='ltr'>τοῖς</span> <span class='ocrx_word' id='word_1_115' title='bbox 297 802 412 836; x_wconf 80' lang='grc' dir='ltr'>μάλιστα</span> <span class='ocrx_word' id='word_1_116' title='bbox 427 803 545 838; x_wconf 84' lang='grc' dir='ltr'>τίθεμαι.</span> <span class='ocrx_word' id='word_1_117' title='bbox 564 803 658 836; x_wconf 75' lang='grc' dir='ltr'>Ἕδοξα</span> <span class='ocrx_word' id='word_1_118' title='bbox 672 803 700 830; x_wconf 75' lang='grc' dir='ltr'><strong>δέ</strong></span> <span class='ocrx_word' id='word_1_119' title='bbox 714 812 777 830; x_wconf 85' lang='grc' dir='ltr'>ποτε</span> <span class='ocrx_word' id='word_1_120' title='bbox 794 803 824 830; x_wconf 81' lang='grc' dir='ltr'>τὸ</span> 
     </span>
    </p>
   </div>
   <div class='ocr_carea' id='block_1_17' title="bbox 59 846 823 884">
    <p class='ocr_par' dir='ltr' id='par_1_17' title="bbox 59 846 823 884">
     <span class='ocr_line' id='line_1_17' title="bbox 59 846 823 884; baseline 0.007 -13"><span class='ocrx_word' id='word_1_121' title='bbox 59 846 170 880; x_wconf 79' lang='grc' dir='ltr'>μέγιστον</span> <span class='ocrx_word' id='word_1_122' title='bbox 184 847 236 874; x_wconf 85' lang='grc' dir='ltr'><strong>τῶν</strong></span> <span class='ocrx_word' id='word_1_123' title='bbox 260 848 368 882; x_wconf 69' lang='grc' dir='ltr'>ἀγαθῶν</span> <span class='ocrx_word' id='word_1_124' title='bbox 391 848 489 884; x_wconf 84' lang='grc' dir='ltr'>βρῶσιν</span> <span class='ocrx_word' id='word_1_125' title='bbox 509 847 578 876; x_wconf 77' lang='grc' dir='ltr'>εἶναι</span> <span class='ocrx_word' id='word_1_126' title='bbox 602 849 649 876; x_wconf 70' lang='grc' dir='ltr'><strong>κα)⁸</strong></span> <span class='ocrx_word' id='word_1_127' title='bbox 663 849 758 876; x_wconf 76' lang='grc' dir='ltr'>πόσιν·</span> <span class='ocrx_word' id='word_1_128' title='bbox 774 849 823 876; x_wconf 83' lang='grc' dir='ltr'>κά-</span> 
     </span>
    </p>
   </div>
   <div class='ocr_carea' id='block_1_18' title="bbox 58 893 822 931">
    <p class='ocr_par' dir='ltr' id='par_1_18' title="bbox 58 893 822 931">
     <span class='ocr_line' id='line_1_18' title="bbox 58 893 822 931; baseline 0.005 -14"><span class='ocrx_word' id='word_1_129' title='bbox 58 893 133 918; x_wconf 75' lang='grc' dir='ltr'>κεῖνον</span> <span class='ocrx_word' id='word_1_130' title='bbox 155 893 355 927; x_wconf 70' lang='grc' dir='ltr'>θεοφιλέστατον</span> <span class='ocrx_word' id='word_1_131' title='bbox 367 913 374 925; x_wconf 88' lang='grc'><strong>,</strong></span> <span class='ocrx_word' id='word_1_132' title='bbox 397 894 426 926; x_wconf 82' lang='grc' dir='ltr'>ὃς</span> <span class='ocrx_word' id='word_1_133' title='bbox 441 894 473 921; x_wconf 82' lang='grc' dir='ltr'>ἂν</span> <span class='ocrx_word' id='word_1_134' title='bbox 487 894 587 921; x_wconf 83' lang='grc' dir='ltr'>τούτων</span> <span class='ocrx_word' id='word_1_135' title='bbox 603 895 732 931; x_wconf 30' lang='grc' dir='ltr'>ἀπολαύῃι</span> <span class='ocrx_word' id='word_1_136' title='bbox 749 895 822 930; x_wconf 75' lang='grc' dir='ltr'>παρὰ</span> 
     </span>
    </p>
   </div>
   <div class='ocr_carea' id='block_1_19' title="bbox 57 937 822 976">
    <p class='ocr_par' dir='ltr' id='par_1_19' title="bbox 57 937 822 976">
     <span class='ocr_line' id='line_1_19' title="bbox 57 937 822 976; baseline 0.004 -13"><span class='ocrx_word' id='word_1_137' title='bbox 57 939 94 964; x_wconf 78' lang='grc' dir='ltr'>τὸν</span> <span class='ocrx_word' id='word_1_138' title='bbox 107 938 159 973; x_wconf 76' lang='grc' dir='ltr'>βίον</span> <span class='ocrx_word' id='word_1_139' title='bbox 173 939 226 974; x_wconf 69' lang='grc'><strong>(22)</strong></span> <span class='ocrx_word' id='word_1_140' title='bbox 239 961 246 972; x_wconf 87' lang='grc'><strong>,</strong></span> <span class='ocrx_word' id='word_1_141' title='bbox 261 939 299 971; x_wconf 78' lang='grc' dir='ltr'>ὡς</span> <span class='ocrx_word' id='word_1_142' title='bbox 313 937 367 966; x_wconf 74' lang='grc' dir='ltr'><strong>οἶόν</strong></span> <span class='ocrx_word' id='word_1_143' title='bbox 383 949 412 966; x_wconf 88' lang='grc' dir='ltr'><strong>τε</strong></span> <span class='ocrx_word' id='word_1_144' title='bbox 439 940 555 975; x_wconf 82' lang='grc' dir='ltr'>μάλιστα</span> <span class='ocrx_word' id='word_1_145' title='bbox 564 949 571 955; x_wconf 69' lang='grc'><strong><em>⁸</em></strong></span> <span class='ocrx_word' id='word_1_146' title='bbox 589 940 636 967; x_wconf 75' lang='grc' dir='ltr'><strong>καὶ</strong></span> <span class='ocrx_word' id='word_1_147' title='bbox 649 940 822 976; x_wconf 74' lang='grc' dir='ltr'>παραμυθίαν</span> 
     </span>
    </p>
   </div>
   <div class='ocr_carea' id='block_1_20' title="bbox 57 985 820 1022">
    <p class='ocr_par' dir='ltr' id='par_1_20' title="bbox 57 985 820 1022">
     <span class='ocr_line' id='line_1_20' title="bbox 57 985 820 1022; baseline 0.003 -12"><span class='ocrx_word' id='word_1_148' title='bbox 57 985 98 1019; x_wconf 74' lang='grc' dir='ltr'>τῆς</span> <span class='ocrx_word' id='word_1_149' title='bbox 111 985 177 1020; x_wconf 82' lang='grc' dir='ltr'>ζωῆς</span> <span class='ocrx_word' id='word_1_150' title='bbox 189 1007 195 1016; x_wconf 85' lang='grc'><strong>,</strong></span> <span class='ocrx_word' id='word_1_151' title='bbox 213 986 262 1021; x_wconf 80' lang='grc' dir='ltr'><strong>τὴν</strong></span> <span class='ocrx_word' id='word_1_152' title='bbox 276 986 402 1022; x_wconf 75' lang='grc' dir='ltr'>τοιαύτην</span> <span class='ocrx_word' id='word_1_153' title='bbox 416 986 545 1022; x_wconf 80' lang='grc' dir='ltr'>εὐθυμίαν</span> <span class='ocrx_word' id='word_1_154' title='bbox 565 987 649 1022; x_wconf 82' lang='grc' dir='ltr'>μόνην</span> <span class='ocrx_word' id='word_1_155' title='bbox 664 986 820 1021; x_wconf 74' lang='grc' dir='ltr'><strong>ἡγησάμην·</strong></span> 
     </span>
    </p>
   </div>
   <div class='ocr_carea' id='block_1_21' title="bbox 56 1031 822 1068">
    <p class='ocr_par' dir='ltr' id='par_1_21' title="bbox 56 1031 822 1068">
     <span class='ocr_line' id='line_1_21' title="bbox 56 1031 822 1068; baseline 0.003 -13"><span class='ocrx_word' id='word_1_156' title='bbox 56 1031 95 1056; x_wconf 72' lang='grc' dir='ltr'>καὶ</span> <span class='ocrx_word' id='word_1_157' title='bbox 104 1031 184 1058; x_wconf 80' lang='grc' dir='ltr'>τοίνυν</span> <span class='ocrx_word' id='word_1_158' title='bbox 195 1034 338 1067; x_wconf 79' lang='grc' dir='ltr'>προσεῖχον</span> <span class='ocrx_word' id='word_1_159' title='bbox 350 1032 437 1059; x_wconf 78' lang='grc' dir='ltr'>οὐδενὶ</span> <span class='ocrx_word' id='word_1_160' title='bbox 448 1033 542 1067; x_wconf 67' lang='grc' dir='ltr'>ἑτέρῳ,</span> <span class='ocrx_word' id='word_1_161' title='bbox 553 1032 569 1067; x_wconf 85' lang='grc' dir='ltr'>ἢ</span> <span class='ocrx_word' id='word_1_162' title='bbox 582 1033 615 1067; x_wconf 85' lang='grc' dir='ltr'>τῇ</span> <span class='ocrx_word' id='word_1_163' title='bbox 625 1033 713 1068; x_wconf 84' lang='grc' dir='ltr'>οἰήσει</span> <span class='ocrx_word' id='word_1_164' title='bbox 727 1032 822 1067; x_wconf 82' lang='grc' dir='ltr'>ταύτῃ,</span> 
     </span>
    </p>
   </div>
   <div class='ocr_carea' id='block_1_22' title="bbox 56 1076 824 1114">
    <p class='ocr_par' dir='ltr' id='par_1_22' title="bbox 56 1076 824 1114">
     <span class='ocr_line' id='line_1_22' title="bbox 56 1076 824 1114; baseline 0.004 -13"><span class='ocrx_word' id='word_1_165' title='bbox 56 1076 87 1107; x_wconf 83' lang='grc' dir='ltr'>ὡς</span> <span class='ocrx_word' id='word_1_166' title='bbox 101 1077 162 1112; x_wconf 82' lang='grc' dir='ltr'>μήτε</span> <span class='ocrx_word' id='word_1_167' title='bbox 175 1078 279 1114; x_wconf 84' lang='grc' dir='ltr'>νύκτωρ</span> <span class='ocrx_word' id='word_1_168' title='bbox 294 1079 360 1114; x_wconf 82' lang='grc' dir='ltr'>μήτε</span> <span class='ocrx_word' id='word_1_169' title='bbox 377 1079 533 1114; x_wconf 82' lang='grc' dir='ltr'>μεθημέραν</span> <span class='ocrx_word' id='word_1_170' title='bbox 543 1079 679 1110; x_wconf 80' lang='grc' dir='ltr'>ἁπάντων,</span> <span class='ocrx_word' id='word_1_171' title='bbox 693 1079 742 1105; x_wconf 83' lang='grc' dir='ltr'>ὅσα</span> <span class='ocrx_word' id='word_1_172' title='bbox 758 1078 824 1114; x_wconf 76' lang='grc' dir='ltr'>πρὸς</span> 
     </span>
    </p>
   </div>
   <div class='ocr_carea' id='block_1_23' title="bbox 56 1123 824 1160">
    <p class='ocr_par' dir='ltr' id='par_1_23' title="bbox 56 1123 824 1160">
     <span class='ocr_line' id='line_1_23' title="bbox 56 1123 824 1160; baseline 0.003 -13"><span class='ocrx_word' id='word_1_173' title='bbox 56 1123 147 1156; x_wconf 58' lang='grc' dir='ltr'>τρυφὴν</span> <span class='ocrx_word' id='word_1_174' title='bbox 154 1123 305 1159; x_wconf 83' lang='grc' dir='ltr'>ἀνθρώποις</span> <span class='ocrx_word' id='word_1_175' title='bbox 318 1125 348 1150; x_wconf 75' lang='grc' dir='ltr'><strong>εὖ</strong></span> <span class='ocrx_word' id='word_1_176' title='bbox 354 1133 441 1160; x_wconf 85' lang='grc' dir='ltr'>ρηται,</span> <span class='ocrx_word' id='word_1_177' title='bbox 453 1125 570 1160; x_wconf 77' lang='grc' dir='ltr'>ἐμαυτὸν</span> <span class='ocrx_word' id='word_1_178' title='bbox 585 1124 709 1158; x_wconf 83' lang='grc' dir='ltr'>ἀπάγειν.</span> <span class='ocrx_word' id='word_1_179' title='bbox 720 1124 824 1155; x_wconf 78' lang='grc' dir='ltr'>Ἐγνων</span> 
     </span>
    </p>
   </div>
   <div class='ocr_carea' id='block_1_24' title="bbox 56 1168 826 1205">
    <p class='ocr_par' dir='ltr' id='par_1_24' title="bbox 56 1168 826 1205">
     <span class='ocr_line' id='line_1_24' title="bbox 56 1168 826 1205; baseline 0.001 -12"><span class='ocrx_word' id='word_1_180' title='bbox 56 1175 80 1193; x_wconf 81' lang='grc' dir='ltr'><strong>τε</strong></span> <span class='ocrx_word' id='word_1_181' title='bbox 94 1169 224 1201; x_wconf 73' lang='grc' dir='ltr'>τοσοῦτον,</span> <span class='ocrx_word' id='word_1_182' title='bbox 241 1171 282 1196; x_wconf 78' lang='grc' dir='ltr'><strong>ὅτι</strong></span> <span class='ocrx_word' id='word_1_183' title='bbox 296 1171 324 1196; x_wconf 78' lang='grc' dir='ltr'><strong>ἐν</strong></span> <span class='ocrx_word' id='word_1_184' title='bbox 340 1170 451 1202; x_wconf 75' lang='grc' dir='ltr'>ἐκείνοις</span> <span class='ocrx_word' id='word_1_185' title='bbox 479 1171 521 1202; x_wconf 76' lang='grc' dir='ltr'>τὶς</span> <span class='ocrx_word' id='word_1_186' title='bbox 543 1170 685 1205; x_wconf 75' lang='grc' dir='ltr'>ὲμιρύρων,</span> <span class='ocrx_word' id='word_1_187' title='bbox 703 1168 826 1203; x_wconf 78' lang='grc' dir='ltr'>οὐδαμῶς</span> 
     </span>
    </p>
   </div>
   <div class='ocr_carea' id='block_1_25' title="bbox 56 1213 824 1252">
    <p class='ocr_par' dir='ltr' id='par_1_25' title="bbox 56 1213 824 1252">
     <span class='ocr_line' id='line_1_25' title="bbox 56 1213 824 1252; baseline 0.003 -14"><span class='ocrx_word' id='word_1_188' title='bbox 56 1213 198 1248; x_wconf 69' lang='grc' dir='ltr'>δυνήσεται,</span> <span class='ocrx_word' id='word_1_189' title='bbox 216 1216 277 1243; x_wconf 75' lang='grc' dir='ltr'>οὑόὲ</span> <span class='ocrx_word' id='word_1_190' title='bbox 299 1217 382 1243; x_wconf 84' lang='grc' dir='ltr'>πολλὰ</span> <span class='ocrx_word' id='word_1_191' title='bbox 404 1216 550 1252; x_wconf 77' lang='grc' dir='ltr'>μοχθήσας,</span> <span class='ocrx_word' id='word_1_192' title='bbox 573 1217 660 1251; x_wconf 72' lang='grc' dir='ltr'>εὑρεῖν</span> <span class='ocrx_word' id='word_1_193' title='bbox 694 1215 724 1241; x_wconf 84' lang='grc' dir='ltr'>τὺ</span> <span class='ocrx_word' id='word_1_194' title='bbox 740 1215 824 1244; x_wconf 73' lang='grc' dir='ltr'>ὅντως</span> 
     </span>
    </p>
   </div>
   <div class='ocr_carea' id='block_1_26' title="bbox 57 1260 153 1293">
    <p class='ocr_par' dir='ltr' id='par_1_26' title="bbox 57 1260 153 1293">
     <span class='ocr_line' id='line_1_26' title="bbox 57 1260 153 1293; baseline 0.021 -8"><span class='ocrx_word' id='word_1_195' title='bbox 57 1260 153 1293; x_wconf 69' lang='grc' dir='ltr'><strong>ἁγαθὸν.</strong></span> 
     </span>
    </p>
   </div>
   <div class='ocr_carea' id='block_1_27' title="bbox 877 105 1653 134">
    <p class='ocr_par' dir='ltr' id='par_1_27' title="bbox 877 105 1653 134">
     <span class='ocr_line' id='line_1_27' title="bbox 877 105 1653 134; baseline -0.004 0"><span class='ocrx_word' id='word_1_196' title='bbox 877 105 1144 134; x_wconf 73' lang='lat' dir='ltr'><strong>ECCLESIASTEN.</strong></span> <span class='ocrx_word' id='word_1_197' title='bbox 1586 105 1653 132; x_wconf 85' lang='grc'>1010</span> 
     </span>
    </p>
   </div>
   <div class='ocr_carea' id='block_1_28' title="bbox 872 162 1656 198">
    <p class='ocr_par' dir='ltr' id='par_1_28' title="bbox 872 162 1656 198">
     <span class='ocr_line' id='line_1_28' title="bbox 872 162 1656 198; baseline -0.004 -8"><span class='ocrx_word' id='word_1_198' title='bbox 872 163 978 198; x_wconf 78' lang='lat' dir='ltr'><strong>q&#39;iioties</strong></span> <span class='ocrx_word' id='word_1_199' title='bbox 992 164 1160 197; x_wconf 86' lang='lat' dir='ltr'><strong>contemplor</strong></span> <span class='ocrx_word' id='word_1_200' title='bbox 1182 170 1242 197; x_wconf 75' lang='lat' dir='ltr'><strong>qua:</strong></span> <span class='ocrx_word' id='word_1_201' title='bbox 1256 169 1281 190; x_wconf 91' lang='lat' dir='ltr'><strong>et</strong></span> <span class='ocrx_word' id='word_1_202' title='bbox 1296 168 1396 196; x_wconf 87' lang='lat' dir='ltr'><strong>quanta</strong></span> <span class='ocrx_word' id='word_1_203' title='bbox 1410 163 1538 190; x_wconf 89' lang='lat' dir='ltr'><strong>mortales</strong></span> <span class='ocrx_word' id='word_1_204' title='bbox 1553 162 1578 189; x_wconf 90' lang='lat' dir='ltr'><strong>in</strong></span> <span class='ocrx_word' id='word_1_205' title='bbox 1592 171 1656 197; x_wconf 51' lang='lat' dir='ltr'><strong>pri»</strong></span> 
     </span>
    </p>
   </div>
   <div class='ocr_carea' id='block_1_29' title="bbox 874 209 1655 244">
    <p class='ocr_par' dir='ltr' id='par_1_29' title="bbox 874 209 1655 244">
     <span class='ocr_line' id='line_1_29' title="bbox 874 209 1655 244; baseline -0.003 -8"><span class='ocrx_word' id='word_1_206' title='bbox 874 209 1007 236; x_wconf 82' lang='lat' dir='ltr'><strong>ximorum</strong></span> <span class='ocrx_word' id='word_1_207' title='bbox 1031 209 1177 244; x_wconf 84' lang='lat' dir='ltr'><strong>perniciem</strong></span> <span class='ocrx_word' id='word_1_208' title='bbox 1192 209 1314 236; x_wconf 86' lang='lat' dir='ltr'><strong>studiose</strong></span> <span class='ocrx_word' id='word_1_209' title='bbox 1327 211 1497 244; x_wconf 70' lang='lat' dir='ltr'><strong>cogitarunt,</strong></span> <span class='ocrx_word' id='word_1_210' title='bbox 1521 213 1592 235; x_wconf 77' lang='lat' dir='ltr'><strong>totus</strong></span> <span class='ocrx_word' id='word_1_211' title='bbox 1606 209 1655 234; x_wconf 77' lang='lat' dir='ltr'><strong>oli-</strong></span> 
     </span>
    </p>
   </div>
   <div class='ocr_carea' id='block_1_30' title="bbox 872 254 1657 289">
    <p class='ocr_par' dir='ltr' id='par_1_30' title="bbox 872 254 1657 289">
     <span class='ocr_line' id='line_1_30' title="bbox 872 254 1657 289; baseline -0.004 -7"><span class='ocrx_word' id='word_1_212' title='bbox 872 261 1008 288; x_wconf 83' lang='lat' dir='ltr'><strong>stupesco.</strong></span> <span class='ocrx_word' id='word_1_213' title='bbox 1025 255 1068 281; x_wconf 89' lang='grc'>10.</span> <span class='ocrx_word' id='word_1_214' title='bbox 1082 254 1147 281; x_wconf 92' lang='lat' dir='ltr'><strong>lllud</strong></span> <span class='ocrx_word' id='word_1_215' title='bbox 1162 254 1270 289; x_wconf 82' lang='lat' dir='ltr'><strong>quidem</strong></span> <span class='ocrx_word' id='word_1_216' title='bbox 1287 259 1456 288; x_wconf 77' lang='lat' dir='ltr'><strong>compertum</strong></span> <span class='ocrx_word' id='word_1_217' title='bbox 1467 254 1568 286; x_wconf 79' lang='lat' dir='ltr'><strong>habeo,</strong></span> <span class='ocrx_word' id='word_1_218' title='bbox 1582 254 1657 288; x_wconf 88' lang='lat' dir='ltr'><strong>prius</strong></span> 
     </span>
    </p>
   </div>
   <div class='ocr_carea' id='block_1_31' title="bbox 872 299 1656 335">
    <p class='ocr_par' dir='ltr' id='par_1_31' title="bbox 872 299 1656 335">
     <span class='ocr_line' id='line_1_31' title="bbox 872 299 1656 335; baseline -0.004 -8"><span class='ocrx_word' id='word_1_219' title='bbox 872 308 980 335; x_wconf 87' lang='lat' dir='ltr'><strong>quoque</strong></span> <span class='ocrx_word' id='word_1_220' title='bbox 994 308 1026 327; x_wconf 74' lang='lat' dir='ltr'><strong>ex</strong></span> <span class='ocrx_word' id='word_1_221' title='bbox 1044 300 1095 327; x_wconf 88' lang='lat' dir='ltr'><strong>hac</strong></span> <span class='ocrx_word' id='word_1_222' title='bbox 1107 300 1161 326; x_wconf 87' lang='lat' dir='ltr'><strong>vita</strong></span> <span class='ocrx_word' id='word_1_223' title='bbox 1177 300 1263 334; x_wconf 81' lang='lat' dir='ltr'><strong>abripi</strong></span> <span class='ocrx_word' id='word_1_224' title='bbox 1277 300 1374 333; x_wconf 85' lang='lat' dir='ltr'><strong>impios</strong></span> <span class='ocrx_word' id='word_1_225' title='bbox 1390 307 1421 326; x_wconf 87' lang='lat' dir='ltr'><strong>ac</strong></span> <span class='ocrx_word' id='word_1_226' title='bbox 1439 300 1471 326; x_wconf 78' lang='lat' dir='ltr'><strong>de</strong></span> <span class='ocrx_word' id='word_1_227' title='bbox 1488 300 1575 326; x_wconf 82' lang='lat' dir='ltr'><strong>medio</strong></span> <span class='ocrx_word' id='word_1_228' title='bbox 1588 299 1656 332; x_wconf 83' lang='lat' dir='ltr'><strong>tolli,</strong></span> 
     </span>
    </p>
   </div>
   <div class='ocr_carea' id='block_1_32' title="bbox 872 344 1657 380">
    <p class='ocr_par' dir='ltr' id='par_1_32' title="bbox 872 344 1657 380">
     <span class='ocr_line' id='line_1_32' title="bbox 872 344 1657 380; baseline -0.001 -9"><span class='ocrx_word' id='word_1_229' title='bbox 872 352 905 371; x_wconf 87' lang='lat' dir='ltr'><strong>eo</strong></span> <span class='ocrx_word' id='word_1_230' title='bbox 921 346 993 380; x_wconf 89' lang='lat' dir='ltr'><strong>quod</strong></span> <span class='ocrx_word' id='word_1_231' title='bbox 1011 345 1124 372; x_wconf 86' lang='lat' dir='ltr'><strong>vanitati</strong></span> <span class='ocrx_word' id='word_1_232' title='bbox 1136 353 1165 372; x_wconf 88' lang='lat' dir='ltr'><strong>se</strong></span> <span class='ocrx_word' id='word_1_233' title='bbox 1180 346 1252 380; x_wconf 90' lang='lat' dir='ltr'><strong>ipsos</strong></span> <span class='ocrx_word' id='word_1_234' title='bbox 1269 345 1439 372; x_wconf 73' lang='lat' dir='ltr'><strong>dediderunt.</strong></span> <span class='ocrx_word' id='word_1_235' title='bbox 1462 345 1502 371; x_wconf 84' lang='lat' dir='ltr'><strong>ll.</strong></span> <span class='ocrx_word' id='word_1_236' title='bbox 1521 344 1657 377; x_wconf 82' lang='lat' dir='ltr'><strong>Quoniam</strong></span> 
     </span>
    </p>
   </div>
   <div class='ocr_carea' id='block_1_33' title="bbox 873 389 1652 426">
    <p class='ocr_par' dir='ltr' id='par_1_33' title="bbox 873 389 1652 426">
     <span class='ocr_line' id='line_1_33' title="bbox 873 389 1652 426; baseline -0.004 -8"><span class='ocrx_word' id='word_1_237' title='bbox 873 391 944 418; x_wconf 90' lang='lat' dir='ltr'><strong>enim</strong></span> <span class='ocrx_word' id='word_1_238' title='bbox 962 391 1008 418; x_wconf 85' lang='lat' dir='ltr'><strong>Dei</strong></span> <span class='ocrx_word' id='word_1_239' title='bbox 1023 391 1190 426; x_wconf 84' lang='lat' dir='ltr'><strong>providentia</strong></span> <span class='ocrx_word' id='word_1_240' title='bbox 1217 396 1324 426; x_wconf 89' lang='lat' dir='ltr'><strong>propter</strong></span> <span class='ocrx_word' id='word_1_241' title='bbox 1349 398 1483 418; x_wconf 79' lang='lat' dir='ltr'><strong>summam</strong></span> <span class='ocrx_word' id='word_1_242' title='bbox 1498 389 1652 424; x_wconf 69' lang='lat' dir='ltr'><strong>aequanimi-</strong></span> 
     </span>
    </p>
   </div>
   <div class='ocr_carea' id='block_1_34' title="bbox 874 435 1658 474">
    <p class='ocr_par' dir='ltr' id='par_1_34' title="bbox 874 435 1658 474">
     <span class='ocr_line' id='line_1_34' title="bbox 874 435 1658 474; baseline -0.003 -10"><span class='ocrx_word' id='word_1_243' title='bbox 874 441 954 465; x_wconf 88' lang='lat' dir='ltr'><strong>tatem</strong></span> <span class='ocrx_word' id='word_1_244' title='bbox 968 443 993 466; x_wconf 90' lang='lat' dir='ltr'><strong>et</strong></span> <span class='ocrx_word' id='word_1_245' title='bbox 1008 439 1191 472; x_wconf 84' lang='lat' dir='ltr'><strong>clementiam,</strong></span> <span class='ocrx_word' id='word_1_246' title='bbox 1216 439 1427 474; x_wconf 73' lang='lat' dir='ltr'><strong>haudquaquam</strong></span> <span class='ocrx_word' id='word_1_247' title='bbox 1449 445 1544 464; x_wconf 83' lang='lat' dir='ltr'><strong>omnes</strong></span> <span class='ocrx_word' id='word_1_248' title='bbox 1565 435 1658 463; x_wconf 88' lang='lat' dir='ltr'><strong>confe-</strong></span> 
     </span>
    </p>
   </div>
   <div class='ocr_carea' id='block_1_35' title="bbox 874 483 1658 519">
    <p class='ocr_par' dir='ltr' id='par_1_35' title="bbox 874 483 1658 519">
     <span class='ocr_line' id='line_1_35' title="bbox 874 483 1658 519; baseline -0.003 -9"><span class='ocrx_word' id='word_1_249' title='bbox 874 485 935 510; x_wconf 87' lang='lat' dir='ltr'><strong>stim</strong></span> <span class='ocrx_word' id='word_1_250' title='bbox 953 485 1146 519; x_wconf 82' lang='lat' dir='ltr'><strong>persequitur:</strong></span> <span class='ocrx_word' id='word_1_251' title='bbox 1163 492 1212 512; x_wconf 88' lang='lat' dir='ltr'><strong>nec</strong></span> <span class='ocrx_word' id='word_1_252' title='bbox 1232 486 1319 512; x_wconf 84' lang='lat' dir='ltr'><strong>malus</strong></span> <span class='ocrx_word' id='word_1_253' title='bbox 1345 485 1435 511; x_wconf 82' lang='lat' dir='ltr'><strong>statim</strong></span> <span class='ocrx_word' id='word_1_254' title='bbox 1459 488 1519 518; x_wconf 89' lang='lat' dir='ltr'><strong>post</strong></span> <span class='ocrx_word' id='word_1_255' title='bbox 1539 483 1658 509; x_wconf 83' lang='lat' dir='ltr'><strong>admissa</strong></span> 
     </span>
    </p>
   </div>
   <div class='ocr_carea' id='block_1_36' title="bbox 874 526 1658 564">
    <p class='ocr_par' dir='ltr' id='par_1_36' title="bbox 874 526 1658 564">
     <span class='ocr_line' id='line_1_36' title="bbox 874 526 1658 564; baseline -0.003 -9"><span class='ocrx_word' id='word_1_256' title='bbox 874 529 973 564; x_wconf 77' lang='lat' dir='ltr'><strong>ﬂagitia</strong></span> <span class='ocrx_word' id='word_1_257' title='bbox 1003 530 1091 564; x_wconf 70' lang='lat' dir='ltr'><strong>poenis</strong></span> <span class='ocrx_word' id='word_1_258' title='bbox 1117 529 1246 563; x_wconf 77' lang='lat' dir='ltr'><strong>afﬁcitur;</strong></span> <span class='ocrx_word' id='word_1_259' title='bbox 1278 529 1320 556; x_wconf 70' lang='grc'><strong>12.</strong></span> <span class='ocrx_word' id='word_1_260' title='bbox 1343 528 1383 556; x_wconf 83' lang='grc'><strong>01)</strong></span> <span class='ocrx_word' id='word_1_261' title='bbox 1406 537 1464 556; x_wconf 82' lang='lat' dir='ltr'><strong>eam</strong></span> <span class='ocrx_word' id='word_1_262' title='bbox 1481 535 1590 555; x_wconf 86' lang='lat' dir='ltr'><strong>causam</strong></span> <span class='ocrx_word' id='word_1_263' title='bbox 1607 526 1658 554; x_wconf 85' lang='lat' dir='ltr'><strong>sibi</strong></span> 
     </span>
    </p>
   </div>
   <div class='ocr_carea' id='block_1_37' title="bbox 874 573 1658 610">
    <p class='ocr_par' dir='ltr' id='par_1_37' title="bbox 874 573 1658 610">
     <span class='ocr_line' id='line_1_37' title="bbox 874 573 1658 610; baseline -0.005 -7"><span class='ocrx_word' id='word_1_264' title='bbox 874 575 916 603; x_wconf 86' lang='lat' dir='ltr'><strong>fas</strong></span> <span class='ocrx_word' id='word_1_265' title='bbox 929 583 989 603; x_wconf 86' lang='lat' dir='ltr'><strong>esse</strong></span> <span class='ocrx_word' id='word_1_266' title='bbox 1004 580 1080 610; x_wconf 80' lang='lat' dir='ltr'><strong>putat</strong></span> <span class='ocrx_word' id='word_1_267' title='bbox 1095 576 1136 603; x_wconf 86' lang='lat' dir='ltr'><strong>vir</strong></span> <span class='ocrx_word' id='word_1_268' title='bbox 1150 577 1281 603; x_wconf 81' lang='lat' dir='ltr'><strong>scelestus</strong></span> <span class='ocrx_word' id='word_1_269' title='bbox 1308 575 1408 602; x_wconf 81' lang='lat' dir='ltr'><strong>diutius</strong></span> <span class='ocrx_word' id='word_1_270' title='bbox 1431 582 1541 609; x_wconf 76' lang='lat' dir='ltr'><strong>peccare</strong></span> <span class='ocrx_word' id='word_1_271' title='bbox 1552 595 1559 607; x_wconf 91' lang='lat'><strong><em>,</em></strong></span> <span class='ocrx_word' id='word_1_272' title='bbox 1579 573 1658 608; x_wconf 81' lang='lat' dir='ltr'><strong>quasi</strong></span> 
     </span>
    </p>
   </div>
   <div class='ocr_carea' id='block_1_38' title="bbox 874 619 1658 654">
    <p class='ocr_par' dir='ltr' id='par_1_38' title="bbox 874 619 1658 654">
     <span class='ocr_line' id='line_1_38' title="bbox 874 619 1658 654; baseline -0.006 -5"><span class='ocrx_word' id='word_1_273' title='bbox 874 623 1002 649; x_wconf 82' lang='lat' dir='ltr'><strong>innoxius</strong></span> <span class='ocrx_word' id='word_1_274' title='bbox 1014 622 1186 649; x_wconf 73' lang='lat' dir='ltr'><strong>discessurus</strong></span> <span class='ocrx_word' id='word_1_275' title='bbox 1199 631 1204 648; x_wconf 93' lang='lat'>:</span> <span class='ocrx_word' id='word_1_276' title='bbox 1222 621 1286 648; x_wconf 89' lang='lat' dir='ltr'><strong>illud</strong></span> <span class='ocrx_word' id='word_1_277' title='bbox 1298 620 1420 648; x_wconf 84' lang='lat' dir='ltr'><strong>videlich</strong></span> <span class='ocrx_word' id='word_1_278' title='bbox 1431 628 1484 647; x_wconf 91' lang='lat' dir='ltr'><strong>non</strong></span> <span class='ocrx_word' id='word_1_279' title='bbox 1497 619 1658 654; x_wconf 72' lang='lat' dir='ltr'><strong>intelligens.</strong></span> 
     </span>
    </p>
   </div>
   <div class='ocr_carea' id='block_1_39' title="bbox 874 664 1660 702">
    <p class='ocr_par' dir='ltr' id='par_1_39' title="bbox 874 664 1660 702">
     <span class='ocr_line' id='line_1_39' title="bbox 874 664 1660 702; baseline -0.006 -8"><span class='ocrx_word' id='word_1_280' title='bbox 874 668 945 702; x_wconf 90' lang='lat' dir='ltr'><strong>quod</strong></span> <span class='ocrx_word' id='word_1_281' title='bbox 969 667 1050 694; x_wconf 87' lang='lat' dir='ltr'><strong>etiam</strong></span> <span class='ocrx_word' id='word_1_282' title='bbox 1069 671 1129 701; x_wconf 88' lang='lat' dir='ltr'><strong>post</strong></span> <span class='ocrx_word' id='word_1_283' title='bbox 1154 667 1264 700; x_wconf 68' lang='lat' dir='ltr'><strong>longum</strong></span> <span class='ocrx_word' id='word_1_284' title='bbox 1280 673 1295 692; x_wconf 90' lang='lat' dir='ltr'><strong>a</strong></span> <span class='ocrx_word' id='word_1_285' title='bbox 1309 670 1462 700; x_wconf 75' lang='lat' dir='ltr'><strong>perpetrato</strong></span> <span class='ocrx_word' id='word_1_286' title='bbox 1476 664 1576 692; x_wconf 85' lang='lat' dir='ltr'><strong>scelere</strong></span> <span class='ocrx_word' id='word_1_287' title='bbox 1592 669 1660 690; x_wconf 89' lang='lat' dir='ltr'><strong>tem-</strong></span> 
     </span>
    </p>
   </div>
   <div class='ocr_carea' id='block_1_40' title="bbox 875 711 1660 748">
    <p class='ocr_par' dir='ltr' id='par_1_40' title="bbox 875 711 1660 748">
     <span class='ocr_line' id='line_1_40' title="bbox 875 711 1660 748; baseline -0.006 -8"><span class='ocrx_word' id='word_1_288' title='bbox 875 721 936 748; x_wconf 81' lang='lat' dir='ltr'><strong>pus,</strong></span> <span class='ocrx_word' id='word_1_289' title='bbox 961 712 1007 739; x_wconf 82' lang='lat' dir='ltr'><strong>Dei</strong></span> <span class='ocrx_word' id='word_1_290' title='bbox 1031 713 1174 739; x_wconf 84' lang='lat' dir='ltr'><strong>scientiam</strong></span> <span class='ocrx_word' id='word_1_291' title='bbox 1199 720 1252 739; x_wconf 92' lang='lat' dir='ltr'><strong>non</strong></span> <span class='ocrx_word' id='word_1_292' title='bbox 1277 712 1395 746; x_wconf 73' lang='lat' dir='ltr'><strong>eﬂ‘ugiet.</strong></span> <span class='ocrx_word' id='word_1_293' title='bbox 1422 711 1487 737; x_wconf 88' lang='lat' dir='ltr'><strong>Illud</strong></span> <span class='ocrx_word' id='word_1_294' title='bbox 1513 717 1575 736; x_wconf 82' lang='lat' dir='ltr'><strong>vero</strong></span> <span class='ocrx_word' id='word_1_295' title='bbox 1593 717 1660 744; x_wconf 76' lang='lat' dir='ltr'><strong>prae-</strong></span> 
     </span>
    </p>
   </div>
   <div class='ocr_carea' id='block_1_41' title="bbox 875 754 1658 790">
    <p class='ocr_par' dir='ltr' id='par_1_41' title="bbox 875 754 1658 790">
     <span class='ocr_line' id='line_1_41' title="bbox 875 754 1658 790; baseline -0.006 -6"><span class='ocrx_word' id='word_1_296' title='bbox 875 757 1072 785; x_wconf 85' lang='lat' dir='ltr'><strong>stantissimum</strong></span> <span class='ocrx_word' id='word_1_297' title='bbox 1085 757 1198 786; x_wconf 82' lang='lat' dir='ltr'><strong>bonum,</strong></span> <span class='ocrx_word' id='word_1_298' title='bbox 1209 756 1254 790; x_wconf 86' lang='lat' dir='ltr'><strong>pio</strong></span> <span class='ocrx_word' id='word_1_299' title='bbox 1267 755 1311 782; x_wconf 88' lang='lat' dir='ltr'><strong>Dei</strong></span> <span class='ocrx_word' id='word_1_300' title='bbox 1325 756 1420 782; x_wconf 86' lang='lat' dir='ltr'><strong>timore</strong></span> <span class='ocrx_word' id='word_1_301' title='bbox 1431 754 1570 789; x_wconf 72' lang='lat' dir='ltr'><strong>praeditum</strong></span> <span class='ocrx_word' id='word_1_302' title='bbox 1583 761 1658 785; x_wconf 82' lang='lat' dir='ltr'><strong>esse,</strong></span> 
     </span>
    </p>
   </div>
   <div class='ocr_carea' id='block_1_42' title="bbox 876 799 1660 837">
    <p class='ocr_par' dir='ltr' id='par_1_42' title="bbox 876 799 1660 837">
     <span class='ocr_line' id='line_1_42' title="bbox 876 799 1660 837; baseline -0.009 -6"><span class='ocrx_word' id='word_1_303' title='bbox 876 804 918 830; x_wconf 73' lang='grc'><strong>15.</strong></span> <span class='ocrx_word' id='word_1_304' title='bbox 950 812 964 831; x_wconf 86' lang='lat' dir='ltr'><strong>a</strong></span> <span class='ocrx_word' id='word_1_305' title='bbox 983 810 1038 837; x_wconf 90' lang='lat' dir='ltr'><strong>quo</strong></span> <span class='ocrx_word' id='word_1_306' title='bbox 1053 810 1113 829; x_wconf 94' lang='lat' dir='ltr'><strong>cum</strong></span> <span class='ocrx_word' id='word_1_307' title='bbox 1127 802 1227 836; x_wconf 86' lang='lat' dir='ltr'><strong>impius</strong></span> <span class='ocrx_word' id='word_1_308' title='bbox 1240 801 1378 832; x_wconf 78' lang='lat' dir='ltr'><strong>exciderit,</strong></span> <span class='ocrx_word' id='word_1_309' title='bbox 1398 801 1469 827; x_wconf 90' lang='lat' dir='ltr'><strong>haud</strong></span> <span class='ocrx_word' id='word_1_310' title='bbox 1487 801 1532 827; x_wconf 89' lang='lat' dir='ltr'><strong>diu</strong></span> <span class='ocrx_word' id='word_1_311' title='bbox 1547 799 1660 826; x_wconf 79' lang='lat' dir='ltr'><strong>stultitia</strong></span> 
     </span>
    </p>
   </div>
   <div class='ocr_carea' id='block_1_43' title="bbox 876 846 1660 880">
    <p class='ocr_par' dir='ltr' id='par_1_43' title="bbox 876 846 1660 880">
     <span class='ocr_line' id='line_1_43' title="bbox 876 846 1660 880; baseline -0.005 -4"><span class='ocrx_word' id='word_1_312' title='bbox 876 857 925 877; x_wconf 80' lang='lat' dir='ltr'><strong>sua</strong></span> <span class='ocrx_word' id='word_1_313' title='bbox 952 849 1086 876; x_wconf 83' lang='lat' dir='ltr'><strong>abutetur.</strong></span> <span class='ocrx_word' id='word_1_314' title='bbox 1116 847 1159 875; x_wconf 71' lang='grc'><strong>14.</strong></span> <span class='ocrx_word' id='word_1_315' title='bbox 1176 847 1297 875; x_wconf 83' lang='lat' dir='ltr'><strong>Pessima</strong></span> <span class='ocrx_word' id='word_1_316' title='bbox 1322 852 1410 874; x_wconf 86' lang='lat' dir='ltr'><strong>autem</strong></span> <span class='ocrx_word' id='word_1_317' title='bbox 1435 851 1461 874; x_wconf 89' lang='lat' dir='ltr'><strong>et</strong></span> <span class='ocrx_word' id='word_1_318' title='bbox 1486 846 1552 873; x_wconf 79' lang='lat' dir='ltr'><strong>falsa</strong></span> <span class='ocrx_word' id='word_1_319' title='bbox 1569 846 1660 880; x_wconf 85' lang='lat' dir='ltr'><strong>opinio</strong></span> 
     </span>
    </p>
   </div>
   <div class='ocr_carea' id='block_1_44' title="bbox 876 888 1659 929">
    <p class='ocr_par' dir='ltr' id='par_1_44' title="bbox 876 888 1659 929">
     <span class='ocr_line' id='line_1_44' title="bbox 876 888 1659 929; baseline -0.006 -8"><span class='ocrx_word' id='word_1_320' title='bbox 876 902 921 929; x_wconf 89' lang='lat' dir='ltr'><strong>per</strong></span> <span class='ocrx_word' id='word_1_321' title='bbox 936 893 1060 921; x_wconf 84' lang='lat' dir='ltr'><strong>homines</strong></span> <span class='ocrx_word' id='word_1_322' title='bbox 1082 893 1242 927; x_wconf 88' lang='lat' dir='ltr'><strong>plerumque</strong></span> <span class='ocrx_word' id='word_1_323' title='bbox 1265 888 1422 927; x_wconf 76' lang='lat' dir='ltr'><strong>grassatur,</strong></span> <span class='ocrx_word' id='word_1_324' title='bbox 1446 895 1502 918; x_wconf 91' lang='lat' dir='ltr'><strong>tum</strong></span> <span class='ocrx_word' id='word_1_325' title='bbox 1518 892 1550 918; x_wconf 86' lang='lat' dir='ltr'><strong>de</strong></span> <span class='ocrx_word' id='word_1_326' title='bbox 1568 891 1659 925; x_wconf 83' lang='lat' dir='ltr'><strong>justis,</strong></span> 
     </span>
    </p>
   </div>
   <div class='ocr_carea' id='block_1_45' title="bbox 876 937 1660 973">
    <p class='ocr_par' dir='ltr' id='par_1_45' title="bbox 876 937 1660 973">
     <span class='ocr_line' id='line_1_45' title="bbox 876 937 1660 973; baseline -0.004 -7"><span class='ocrx_word' id='word_1_327' title='bbox 876 944 933 966; x_wconf 85' lang='lat' dir='ltr'><strong>tum</strong></span> <span class='ocrx_word' id='word_1_328' title='bbox 949 940 982 967; x_wconf 91' lang='lat' dir='ltr'><strong>de</strong></span> <span class='ocrx_word' id='word_1_329' title='bbox 996 939 1134 966; x_wconf 80' lang='lat' dir='ltr'><strong>sceleratis</strong></span> <span class='ocrx_word' id='word_1_330' title='bbox 1152 947 1158 965; x_wconf 92' lang='lat'><strong>:</strong></span> <span class='ocrx_word' id='word_1_331' title='bbox 1172 939 1204 965; x_wconf 88' lang='lat' dir='ltr'><strong>de</strong></span> <span class='ocrx_word' id='word_1_332' title='bbox 1217 938 1338 973; x_wconf 85' lang='lat' dir='ltr'><strong>utrisque</strong></span> <span class='ocrx_word' id='word_1_333' title='bbox 1359 937 1431 964; x_wconf 88' lang='lat' dir='ltr'><strong>enim</strong></span> <span class='ocrx_word' id='word_1_334' title='bbox 1456 938 1590 964; x_wconf 77' lang='lat' dir='ltr'><strong>contraria</strong></span> <span class='ocrx_word' id='word_1_335' title='bbox 1603 937 1660 963; x_wconf 80' lang='lat' dir='ltr'><strong>exi-</strong></span> 
     </span>
    </p>
   </div>
   <div class='ocr_carea' id='block_1_46' title="bbox 876 982 1661 1018">
    <p class='ocr_par' dir='ltr' id='par_1_46' title="bbox 876 982 1661 1018">
     <span class='ocr_line' id='line_1_46' title="bbox 876 982 1661 1018; baseline -0.005 -6"><span class='ocrx_word' id='word_1_336' title='bbox 876 986 997 1012; x_wconf 76' lang='lat' dir='ltr'><strong>stimant.</strong></span> <span class='ocrx_word' id='word_1_337' title='bbox 1014 983 1082 1011; x_wconf 85' lang='lat' dir='ltr'><strong>Nam</strong></span> <span class='ocrx_word' id='word_1_338' title='bbox 1099 989 1126 1011; x_wconf 88' lang='lat' dir='ltr'><strong>et</strong></span> <span class='ocrx_word' id='word_1_339' title='bbox 1141 984 1187 1018; x_wconf 92' lang='lat' dir='ltr'><strong>qui</strong></span> <span class='ocrx_word' id='word_1_340' title='bbox 1200 984 1305 1018; x_wconf 87' lang='lat' dir='ltr'><strong>justitia</strong></span> <span class='ocrx_word' id='word_1_341' title='bbox 1322 983 1448 1018; x_wconf 72' lang='lat' dir='ltr'><strong>prteditus</strong></span> <span class='ocrx_word' id='word_1_342' title='bbox 1463 987 1514 1014; x_wconf 79' lang='lat' dir='ltr'><strong>est.</strong></span> <span class='ocrx_word' id='word_1_343' title='bbox 1531 990 1583 1010; x_wconf 81' lang='lat' dir='ltr'><strong>non</strong></span> <span class='ocrx_word' id='word_1_344' title='bbox 1601 982 1661 1009; x_wconf 85' lang='lat' dir='ltr'><strong>talis</strong></span> 
     </span>
    </p>
   </div>
   <div class='ocr_carea' id='block_1_47' title="bbox 877 1029 1661 1064">
    <p class='ocr_par' dir='ltr' id='par_1_47' title="bbox 877 1029 1661 1064">
     <span class='ocr_line' id='line_1_47' title="bbox 877 1029 1661 1064; baseline -0.004 -7"><span class='ocrx_word' id='word_1_345' title='bbox 877 1031 985 1058; x_wconf 80' lang='lat' dir='ltr'><strong>habitus</strong></span> <span class='ocrx_word' id='word_1_346' title='bbox 997 1034 1054 1063; x_wconf 84' lang='lat' dir='ltr'><strong>est;</strong></span> <span class='ocrx_word' id='word_1_347' title='bbox 1072 1035 1099 1057; x_wconf 87' lang='lat' dir='ltr'><strong>et</strong></span> <span class='ocrx_word' id='word_1_348' title='bbox 1112 1038 1207 1057; x_wconf 82' lang='lat' dir='ltr'><strong>rursus</strong></span> <span class='ocrx_word' id='word_1_349' title='bbox 1231 1031 1340 1064; x_wconf 86' lang='lat' dir='ltr'><strong>impius,</strong></span> <span class='ocrx_word' id='word_1_350' title='bbox 1365 1029 1467 1057; x_wconf 89' lang='lat' dir='ltr'><strong>cordati</strong></span> <span class='ocrx_word' id='word_1_351' title='bbox 1491 1029 1541 1056; x_wconf 81' lang='grc' dir='ltr'><strong>νίιί</strong></span> <span class='ocrx_word' id='word_1_352' title='bbox 1556 1029 1661 1063; x_wconf 89' lang='lat' dir='ltr'><strong>opinio-</strong></span> 
     </span>
    </p>
   </div>
   <div class='ocr_carea' id='block_1_48' title="bbox 876 1075 1660 1111">
    <p class='ocr_par' dir='ltr' id='par_1_48' title="bbox 876 1075 1660 1111">
     <span class='ocr_line' id='line_1_48' title="bbox 876 1075 1660 1111; baseline -0.004 -8"><span class='ocrx_word' id='word_1_353' title='bbox 876 1085 937 1103; x_wconf 86' lang='lat' dir='ltr'><strong>nem</strong></span> <span class='ocrx_word' id='word_1_354' title='bbox 954 1076 1015 1103; x_wconf 83' lang='lat' dir='ltr'><strong>tulit</strong></span> <span class='ocrx_word' id='word_1_355' title='bbox 1031 1085 1037 1102; x_wconf 90' lang='lat'><strong>:</strong></span> <span class='ocrx_word' id='word_1_356' title='bbox 1056 1084 1135 1110; x_wconf 83' lang='lat' dir='ltr'><strong>quem</strong></span> <span class='ocrx_word' id='word_1_357' title='bbox 1149 1076 1257 1111; x_wconf 77' lang='lat' dir='ltr'><strong>quidem</strong></span> <span class='ocrx_word' id='word_1_358' title='bbox 1273 1083 1391 1102; x_wconf 86' lang='lat' dir='ltr'><strong>errorem</strong></span> <span class='ocrx_word' id='word_1_359' title='bbox 1408 1076 1434 1102; x_wconf 88' lang='lat' dir='ltr'><strong>in</strong></span> <span class='ocrx_word' id='word_1_360' title='bbox 1446 1075 1540 1110; x_wconf 79' lang='lat' dir='ltr'><strong>primis</strong></span> <span class='ocrx_word' id='word_1_361' title='bbox 1553 1082 1660 1109; x_wconf 79' lang='lat' dir='ltr'><strong>gravent</strong></span> 
     </span>
    </p>
   </div>
   <div class='ocr_carea' id='block_1_49' title="bbox 877 1121 1660 1156">
    <p class='ocr_par' dir='ltr' id='par_1_49' title="bbox 877 1121 1660 1156">
     <span class='ocr_line' id='line_1_49' title="bbox 877 1121 1660 1156; baseline -0.005 -7"><span class='ocrx_word' id='word_1_362' title='bbox 877 1130 937 1150; x_wconf 77' lang='lat' dir='ltr'><strong>esse</strong></span> <span class='ocrx_word' id='word_1_363' title='bbox 955 1127 1055 1149; x_wconf 80' lang='lat' dir='ltr'><strong>statuo.</strong></span> <span class='ocrx_word' id='word_1_364' title='bbox 1075 1122 1118 1151; x_wconf 82' lang='grc'><strong>15.</strong></span> <span class='ocrx_word' id='word_1_365' title='bbox 1135 1121 1290 1156; x_wconf 74' lang='lat' dir='ltr'><strong>Quinetiam</strong></span> <span class='ocrx_word' id='word_1_366' title='bbox 1301 1121 1448 1156; x_wconf 88' lang='lat' dir='ltr'><strong>aliquando</strong></span> <span class='ocrx_word' id='word_1_367' title='bbox 1462 1127 1597 1146; x_wconf 85' lang='lat' dir='ltr'><strong>summum</strong></span> <span class='ocrx_word' id='word_1_368' title='bbox 1614 1121 1660 1146; x_wconf 85' lang='lat' dir='ltr'><strong>bo—</strong></span> 
     </span>
    </p>
   </div>
   <div class='ocr_carea' id='block_1_50' title="bbox 879 1166 1660 1204">
    <p class='ocr_par' dir='ltr' id='par_1_50' title="bbox 879 1166 1660 1204">
     <span class='ocr_line' id='line_1_50' title="bbox 879 1166 1660 1204; baseline 0 -10"><span class='ocrx_word' id='word_1_369' title='bbox 879 1175 944 1195; x_wconf 91' lang='lat' dir='ltr'><strong>num</strong></span> <span class='ocrx_word' id='word_1_370' title='bbox 967 1168 993 1195; x_wconf 91' lang='lat' dir='ltr'><strong>in</strong></span> <span class='ocrx_word' id='word_1_371' title='bbox 1009 1169 1070 1197; x_wconf 89' lang='lat' dir='ltr'><strong>cibo</strong></span> <span class='ocrx_word' id='word_1_372' title='bbox 1085 1174 1111 1197; x_wconf 88' lang='lat' dir='ltr'><strong>et</strong></span> <span class='ocrx_word' id='word_1_373' title='bbox 1127 1174 1190 1204; x_wconf 86' lang='lat' dir='ltr'><strong>potu</strong></span> <span class='ocrx_word' id='word_1_374' title='bbox 1204 1170 1286 1197; x_wconf 91' lang='lat' dir='ltr'><strong>situm</strong></span> <span class='ocrx_word' id='word_1_375' title='bbox 1298 1177 1360 1197; x_wconf 81' lang='lat' dir='ltr'><strong>esse</strong></span> <span class='ocrx_word' id='word_1_376' title='bbox 1383 1166 1519 1204; x_wconf 84' lang='lat' dir='ltr'><strong>judicavi;</strong></span> <span class='ocrx_word' id='word_1_377' title='bbox 1544 1173 1660 1203; x_wconf 73' lang='lat' dir='ltr'><strong>eumque</strong></span> 
     </span>
    </p>
   </div>
   <div class='ocr_carea' id='block_1_51' title="bbox 879 1213 1659 1250">
    <p class='ocr_par' dir='ltr' id='par_1_51' title="bbox 879 1213 1659 1250">
     <span class='ocr_line' id='line_1_51' title="bbox 879 1213 1659 1250; baseline 0 -10"><span class='ocrx_word' id='word_1_378' title='bbox 879 1213 934 1241; x_wconf 82' lang='lat' dir='ltr'><strong>Deo</strong></span> <span class='ocrx_word' id='word_1_379' title='bbox 949 1215 1153 1248; x_wconf 78' lang='lat' dir='ltr'><strong>charissimum,</strong></span> <span class='ocrx_word' id='word_1_380' title='bbox 1173 1216 1219 1250; x_wconf 92' lang='lat' dir='ltr'><strong>qui</strong></span> <span class='ocrx_word' id='word_1_381' title='bbox 1244 1220 1301 1242; x_wconf 81' lang='lat' dir='ltr'><strong>toto</strong></span> <span class='ocrx_word' id='word_1_382' title='bbox 1316 1215 1376 1242; x_wconf 55' lang='lat' dir='ltr'><strong>vita;</strong></span> <span class='ocrx_word' id='word_1_383' title='bbox 1399 1215 1485 1250; x_wconf 86' lang='lat' dir='ltr'><strong>spatio</strong></span> <span class='ocrx_word' id='word_1_384' title='bbox 1502 1215 1555 1247; x_wconf 70' lang='lat' dir='ltr'><strong>his,</strong></span> <span class='ocrx_word' id='word_1_385' title='bbox 1579 1222 1659 1249; x_wconf 86' lang='lat' dir='ltr'><strong>quam</strong></span> 
     </span>
    </p>
   </div>
   <div class='ocr_carea' id='block_1_52' title="bbox 877 1260 1660 1296">
    <p class='ocr_par' dir='ltr' id='par_1_52' title="bbox 877 1260 1660 1296">
     <span class='ocr_line' id='line_1_52' title="bbox 877 1260 1660 1296; baseline 0 -10"><span class='ocrx_word' id='word_1_386' title='bbox 877 1260 994 1287; x_wconf 75' lang='lat' dir='ltr'><strong>maxime</strong></span> <span class='ocrx_word' id='word_1_387' title='bbox 1006 1261 1063 1287; x_wconf 80' lang='lat' dir='ltr'><strong>fieri</strong></span> <span class='ocrx_word' id='word_1_388' title='bbox 1077 1266 1174 1295; x_wconf 81' lang='lat' dir='ltr'><strong>potest,</strong></span> <span class='ocrx_word' id='word_1_389' title='bbox 1189 1261 1323 1288; x_wconf 87' lang='lat' dir='ltr'><strong>frueretur</strong></span> <span class='ocrx_word' id='word_1_390' title='bbox 1339 1271 1346 1288; x_wconf 93' lang='lat'>:</span> <span class='ocrx_word' id='word_1_391' title='bbox 1365 1261 1405 1288; x_wconf 90' lang='grc'><strong>16.</strong></span> <span class='ocrx_word' id='word_1_392' title='bbox 1426 1266 1506 1296; x_wconf 80' lang='lat' dir='ltr'><strong>atque</strong></span> <span class='ocrx_word' id='word_1_393' title='bbox 1519 1261 1660 1295; x_wconf 76' lang='lat' dir='ltr'><strong>ltujusmo-</strong></span> 
     </span>
    </p>
   </div>
   <div class='ocr_carea' id='block_1_53' title="bbox 57 1305 1658 1341">
    <p class='ocr_par' dir='ltr' id='par_1_53' title="bbox 57 1305 1658 1341">
     <span class='ocr_line' id='line_1_53' title="bbox 57 1305 1658 1341; baseline 0.001 -11"><span class='ocrx_word' id='word_1_394' title='bbox 57 1305 78 1330; x_wconf 87' lang='lat' dir='ltr'><strong>di</strong></span> <span class='ocrx_word' id='word_1_395' title='bbox 100 1305 272 1339; x_wconf 66' lang='lat' dir='ltr'><strong>hilaritatem,</strong></span> <span class='ocrx_word' id='word_1_396' title='bbox 303 1308 413 1335; x_wconf 88' lang='lat' dir='ltr'><strong>unicum</strong></span> <span class='ocrx_word' id='word_1_397' title='bbox 437 1309 500 1335; x_wconf 67' lang='lat' dir='ltr'><strong>vitae</strong></span> <span class='ocrx_word' id='word_1_398' title='bbox 527 1308 651 1334; x_wconf 87' lang='lat' dir='ltr'><strong>solatium</strong></span> <span class='ocrx_word' id='word_1_399' title='bbox 680 1306 826 1334; x_wconf 78' lang='lat' dir='ltr'><strong>arbitratus</strong></span> <span class='ocrx_word' id='word_1_400' title='bbox 857 1313 927 1333; x_wconf 87' lang='lat' dir='ltr'><strong>sum.</strong></span> <span class='ocrx_word' id='word_1_401' title='bbox 959 1307 997 1332; x_wconf 79' lang='lat' dir='ltr'><strong>Ac</strong></span> <span class='ocrx_word' id='word_1_402' title='bbox 1020 1306 1131 1340; x_wconf 88' lang='lat' dir='ltr'><strong>proinde</strong></span> <span class='ocrx_word' id='word_1_403' title='bbox 1153 1307 1180 1333; x_wconf 93' lang='lat' dir='ltr'><strong>in</strong></span> <span class='ocrx_word' id='word_1_404' title='bbox 1201 1307 1301 1334; x_wconf 91' lang='lat' dir='ltr'><strong>nullam</strong></span> <span class='ocrx_word' id='word_1_405' title='bbox 1320 1307 1400 1333; x_wconf 88' lang='lat' dir='ltr'><strong>aliam</strong></span> <span class='ocrx_word' id='word_1_406' title='bbox 1430 1314 1503 1339; x_wconf 88' lang='lat' dir='ltr'><strong>rem,</strong></span> <span class='ocrx_word' id='word_1_407' title='bbox 1519 1314 1600 1341; x_wconf 86' lang='lat' dir='ltr'><strong>quam</strong></span> <span class='ocrx_word' id='word_1_408' title='bbox 1632 1306 1658 1332; x_wconf 91' lang='lat' dir='ltr'><strong>in</strong></span> 
     </span>
    </p>
   </div>
   <div class='ocr_carea' id='block_1_54' title="bbox 58 1349 1659 1387">
    <p class='ocr_par' dir='ltr' id='par_1_54' title="bbox 58 1349 1659 1387">
     <span class='ocr_line' id='line_1_54' title="bbox 58 1349 1659 1387; baseline 0.002 -13"><span class='ocrx_word' id='word_1_409' title='bbox 58 1349 116 1376; x_wconf 73' lang='lat' dir='ltr'><strong>hanc</strong></span> <span class='ocrx_word' id='word_1_410' title='bbox 129 1352 279 1385; x_wconf 81' lang='lat' dir='ltr'><strong>opinionem</strong></span> <span class='ocrx_word' id='word_1_411' title='bbox 296 1353 495 1384; x_wconf 73' lang='lat' dir='ltr'><strong>incumbebat“,</strong></span> <span class='ocrx_word' id='word_1_412' title='bbox 514 1358 542 1379; x_wconf 89' lang='lat' dir='ltr'><strong>ut</strong></span> <span class='ocrx_word' id='word_1_413' title='bbox 570 1361 619 1380; x_wconf 92' lang='lat' dir='ltr'><strong>nec</strong></span> <span class='ocrx_word' id='word_1_414' title='bbox 632 1357 711 1379; x_wconf 90' lang='lat' dir='ltr'><strong>noctu</strong></span> <span class='ocrx_word' id='word_1_415' title='bbox 730 1359 779 1378; x_wconf 88' lang='lat' dir='ltr'><strong>nec</strong></span> <span class='ocrx_word' id='word_1_416' title='bbox 798 1351 913 1378; x_wconf 88' lang='lat' dir='ltr'><strong>interdiu</strong></span> <span class='ocrx_word' id='word_1_417' title='bbox 941 1351 1087 1386; x_wconf 86' lang='lat' dir='ltr'><strong>quidquam</strong></span> <span class='ocrx_word' id='word_1_418' title='bbox 1118 1359 1212 1378; x_wconf 89' lang='lat' dir='ltr'><strong>eorum</strong></span> <span class='ocrx_word' id='word_1_419' title='bbox 1225 1373 1232 1384; x_wconf 86' lang='lat'><strong><em>,</em></strong></span> <span class='ocrx_word' id='word_1_420' title='bbox 1248 1359 1308 1387; x_wconf 63' lang='lat' dir='ltr'><strong>quae</strong></span> <span class='ocrx_word' id='word_1_421' title='bbox 1340 1352 1374 1379; x_wconf 82' lang='lat' dir='ltr'><strong>ad</strong></span> <span class='ocrx_word' id='word_1_422' title='bbox 1397 1352 1508 1379; x_wconf 84' lang='lat' dir='ltr'><strong>delicias</strong></span> <span class='ocrx_word' id='word_1_423' title='bbox 1529 1360 1543 1378; x_wconf 88' lang='lat' dir='ltr'><strong>a</strong></span> <span class='ocrx_word' id='word_1_424' title='bbox 1561 1357 1659 1379; x_wconf 86' lang='lat' dir='ltr'><strong>morta-</strong></span> 
     </span>
    </p>
   </div>
   <div class='ocr_carea' id='block_1_55' title="bbox 58 1395 1658 1433">
    <p class='ocr_par' dir='ltr' id='par_1_55' title="bbox 58 1395 1658 1433">
     <span class='ocr_line' id='line_1_55' title="bbox 58 1395 1658 1433; baseline 0.003 -14"><span class='ocrx_word' id='word_1_425' title='bbox 58 1395 79 1420; x_wconf 76' lang='lat' dir='ltr'><strong>li:</strong></span> <span class='ocrx_word' id='word_1_426' title='bbox 91 1404 118 1422; x_wconf 64' lang='lat' dir='ltr'><strong>ns</strong></span> <span class='ocrx_word' id='word_1_427' title='bbox 131 1397 234 1424; x_wconf 67' lang='lat' dir='ltr'><strong>imula</strong></span> <span class='ocrx_word' id='word_1_428' title='bbox 250 1404 323 1430; x_wconf 79' lang='lat' dir='ltr'><strong>sunt,</strong></span> <span class='ocrx_word' id='word_1_429' title='bbox 338 1399 402 1425; x_wconf 84' lang='lat' dir='ltr'><strong>mihi</strong></span> <span class='ocrx_word' id='word_1_430' title='bbox 419 1399 617 1430; x_wconf 76' lang='lat' dir='ltr'><strong>interdicerem,</strong></span> <span class='ocrx_word' id='word_1_431' title='bbox 635 1397 668 1425; x_wconf 89' lang='lat' dir='ltr'><strong>ab</strong></span> <span class='ocrx_word' id='word_1_432' title='bbox 687 1404 774 1431; x_wconf 87' lang='lat' dir='ltr'><strong>eoque</strong></span> <span class='ocrx_word' id='word_1_433' title='bbox 788 1404 831 1423; x_wconf 83' lang='lat' dir='ltr'><strong>tne</strong></span> <span class='ocrx_word' id='word_1_434' title='bbox 847 1396 1019 1424; x_wconf 79' lang='lat' dir='ltr'><strong>abducerent.</strong></span> <span class='ocrx_word' id='word_1_435' title='bbox 1046 1396 1089 1424; x_wconf 85' lang='grc'><strong>17.</strong></span> <span class='ocrx_word' id='word_1_436' title='bbox 1122 1396 1254 1424; x_wconf 71' lang='lat' dir='ltr'><strong>Cancrum</strong></span> <span class='ocrx_word' id='word_1_437' title='bbox 1282 1398 1334 1425; x_wconf 90' lang='lat' dir='ltr'><strong>hoc</strong></span> <span class='ocrx_word' id='word_1_438' title='bbox 1350 1398 1481 1433; x_wconf 83' lang='lat' dir='ltr'><strong>cognovi,</strong></span> <span class='ocrx_word' id='word_1_439' title='bbox 1497 1398 1568 1432; x_wconf 86' lang='lat' dir='ltr'><strong>quod</strong></span> <span class='ocrx_word' id='word_1_440' title='bbox 1583 1398 1658 1432; x_wconf 88' lang='lat' dir='ltr'><strong>quis-</strong></span> 
     </span>
    </p>
   </div>
   <div class='ocr_carea' id='block_1_56' title="bbox 57 1440 1536 1479">
    <p class='ocr_par' dir='ltr' id='par_1_56' title="bbox 57 1440 1536 1479">
     <span class='ocr_line' id='line_1_56' title="bbox 57 1440 1536 1479; baseline 0.001 -11"><span class='ocrx_word' id='word_1_441' title='bbox 57 1442 110 1476; x_wconf 90' lang='lat' dir='ltr'><strong>quis</strong></span> <span class='ocrx_word' id='word_1_442' title='bbox 133 1450 159 1469; x_wconf 88' lang='lat' dir='ltr'><strong>se</strong></span> <span class='ocrx_word' id='word_1_443' title='bbox 181 1444 222 1471; x_wconf 84' lang='lat' dir='ltr'><strong>liis</strong></span> <span class='ocrx_word' id='word_1_444' title='bbox 248 1446 328 1471; x_wconf 65' lang='lat' dir='ltr'><strong>rebus</strong></span> <span class='ocrx_word' id='word_1_445' title='bbox 350 1444 549 1479; x_wconf 78' lang='lat' dir='ltr'><strong>inquinaverit,</strong></span> <span class='ocrx_word' id='word_1_446' title='bbox 579 1444 653 1471; x_wconf 89' lang='lat' dir='ltr'><strong>nullo</strong></span> <span class='ocrx_word' id='word_1_447' title='bbox 675 1441 824 1477; x_wconf 87' lang='lat' dir='ltr'><strong>quamlibet</strong></span> <span class='ocrx_word' id='word_1_448' title='bbox 836 1441 916 1476; x_wconf 84' lang='lat' dir='ltr'><strong>longo</strong></span> <span class='ocrx_word' id='word_1_449' title='bbox 935 1440 1038 1474; x_wconf 88' lang='lat' dir='ltr'><strong>labore,</strong></span> <span class='ocrx_word' id='word_1_450' title='bbox 1054 1449 1146 1468; x_wconf 89' lang='lat' dir='ltr'><strong>verum</strong></span> <span class='ocrx_word' id='word_1_451' title='bbox 1160 1442 1260 1468; x_wconf 90' lang='lat' dir='ltr'><strong>bonum</strong></span> <span class='ocrx_word' id='word_1_452' title='bbox 1280 1450 1397 1476; x_wconf 87' lang='lat' dir='ltr'><strong>unquam</strong></span> <span class='ocrx_word' id='word_1_453' title='bbox 1413 1444 1536 1478; x_wconf 74' lang='lat' dir='ltr'><strong>reperiet.</strong></span> 
     </span>
    </p>
   </div>
   <div class='ocr_carea' id='block_1_57' title="bbox 343 1491 523 1518">
    <p class='ocr_par' dir='ltr' id='par_1_57' title="bbox 343 1491 523 1518">
     <span class='ocr_line' id='line_1_57' title="bbox 343 1491 523 1518; baseline 0 0"><span class='ocrx_word' id='word_1_454' title='bbox 343 1491 452 1518; x_wconf 75' lang='grc' dir='ltr'><strong>ΚΕΦΔΛ</strong></span> <span class='ocrx_word' id='word_1_455' title='bbox 460 1511 465 1516; x_wconf 92' lang='grc'>.</span> <span class='ocrx_word' id='word_1_456' title='bbox 484 1491 523 1518; x_wconf 76' lang='grc' dir='ltr'>εν.</span> 
     </span>
    </p>
   </div>
   <div class='ocr_carea' id='block_1_58' title="bbox 88 1535 826 1573">
    <p class='ocr_par' dir='ltr' id='par_1_58' title="bbox 88 1535 826 1573">
     <span class='ocr_line' id='line_1_58' title="bbox 88 1535 826 1573; baseline 0 -10"><span class='ocrx_word' id='word_1_457' title='bbox 88 1535 167 1570; x_wconf 79' lang='grc' dir='ltr'>ᾭμην</span> <span class='ocrx_word' id='word_1_458' title='bbox 192 1536 246 1572; x_wconf 69' lang='grc' dir='ltr'>γὰρ</span> <span class='ocrx_word' id='word_1_459' title='bbox 268 1536 388 1569; x_wconf 71' lang='grc' dir='ltr'>ἅπαντας</span> <span class='ocrx_word' id='word_1_460' title='bbox 406 1538 467 1564; x_wconf 84' lang='grc' dir='ltr'>τότε</span> <span class='ocrx_word' id='word_1_461' title='bbox 487 1537 540 1563; x_wconf 85' lang='grc' dir='ltr'>τῶν</span> <span class='ocrx_word' id='word_1_462' title='bbox 559 1537 648 1563; x_wconf 78' lang='grc' dir='ltr'>αὐτῶν</span> <span class='ocrx_word' id='word_1_463' title='bbox 668 1536 826 1573; x_wconf 74' lang='grc' dir='ltr'><strong>ἀνθρώπους</strong></span> 
     </span>
    </p>
   </div>
   <div class='ocr_carea' id='block_1_59' title="bbox 56 1580 825 1619">
    <p class='ocr_par' dir='ltr' id='par_1_59' title="bbox 56 1580 825 1619">
     <span class='ocr_line' id='line_1_59' title="bbox 56 1580 825 1619; baseline 0.005 -13"><span class='ocrx_word' id='word_1_464' title='bbox 56 1580 188 1614; x_wconf 72' lang='grc' dir='ltr'>ἠξιῶσθαι·</span> <span class='ocrx_word' id='word_1_465' title='bbox 211 1584 259 1609; x_wconf 74' lang='grc' dir='ltr'><strong>καὶ</strong></span> <span class='ocrx_word' id='word_1_466' title='bbox 284 1583 310 1609; x_wconf 67' lang='grc' dir='ltr'>εἴ</span> <span class='ocrx_word' id='word_1_467' title='bbox 332 1584 362 1609; x_wconf 84' lang='grc' dir='ltr'><em>τέ</em></span> <span class='ocrx_word' id='word_1_468' title='bbox 387 1592 427 1615; x_wconf 84' lang='grc' dir='ltr'><strong>τις</strong></span> <span class='ocrx_word' id='word_1_469' title='bbox 454 1584 551 1618; x_wconf 71' lang='grc' dir='ltr'>σοφὸς,</span> <span class='ocrx_word' id='word_1_470' title='bbox 579 1584 752 1619; x_wconf 79' lang='grc' dir='ltr'>δικαιοσύνης</span> <span class='ocrx_word' id='word_1_471' title='bbox 777 1584 825 1618; x_wconf 77' lang='grc' dir='ltr'>μὲν</span> 
     </span>
    </p>
   </div>
   <div class='ocr_carea' id='block_1_60' title="bbox 57 1626 825 1665">
    <p class='ocr_par' dir='ltr' id='par_1_60' title="bbox 57 1626 825 1665">
     <span class='ocr_line' id='line_1_60' title="bbox 57 1626 825 1665; baseline 0.005 -13"><span class='ocrx_word' id='word_1_472' title='bbox 57 1626 211 1663; x_wconf 78' lang='grc' dir='ltr'>ἐπεμελήθη,</span> <span class='ocrx_word' id='word_1_473' title='bbox 226 1628 333 1655; x_wconf 78' lang='grc' dir='ltr'>ἀδικίαν</span> <span class='ocrx_word' id='word_1_474' title='bbox 350 1629 377 1655; x_wconf 78' lang='grc' dir='ltr'><strong>δὲ</strong></span> <span class='ocrx_word' id='word_1_475' title='bbox 397 1628 548 1664; x_wconf 79' lang='grc' dir='ltr'>ἐξετράπη,</span> <span class='ocrx_word' id='word_1_476' title='bbox 570 1630 616 1655; x_wconf 73' lang='grc' dir='ltr'><strong>καὶ</strong></span> <span class='ocrx_word' id='word_1_477' title='bbox 632 1629 728 1665; x_wconf 75' lang='grc' dir='ltr'>ἔχθραν</span> <span class='ocrx_word' id='word_1_478' title='bbox 743 1629 825 1663; x_wconf 45' lang='lat' dir='ltr'><strong>isti-{3</strong></span> 
     </span>
    </p>
   </div>
   <div class='ocr_carea' id='block_1_61' title="bbox 837 1500 858 1528">
    <p class='ocr_par' dir='ltr' id='par_1_61' title="bbox 837 1500 858 1528">
     <span class='ocr_line' id='line_1_61' title="bbox 837 1500 858 1528; baseline 0 0"><span class='ocrx_word' id='word_1_479' title='bbox 837 1500 858 1528; x_wconf 87' lang='lat' dir='ltr'>C</span> 
     </span>
    </p>
   </div>
   <div class='ocr_carea' id='block_1_62' title="bbox 58 1673 824 1712">
    <p class='ocr_par' dir='ltr' id='par_1_62' title="bbox 58 1673 824 1712">
     <span class='ocr_line' id='line_1_62' title="bbox 58 1673 824 1712; baseline 0.001 -11"><span class='ocrx_word' id='word_1_480' title='bbox 58 1673 115 1708; x_wconf 65' lang='grc' dir='ltr'>πρὸς</span> <span class='ocrx_word' id='word_1_481' title='bbox 128 1675 247 1707; x_wconf 78' lang='grc' dir='ltr'>ἅπαντας</span> <span class='ocrx_word' id='word_1_482' title='bbox 265 1674 350 1707; x_wconf 76' lang='grc' dir='ltr'>δεξιὸς</span> <span class='ocrx_word' id='word_1_483' title='bbox 365 1675 418 1707; x_wconf 82' lang='grc' dir='ltr'><strong>ὢν,</strong></span> <span class='ocrx_word' id='word_1_484' title='bbox 438 1676 506 1712; x_wconf 84' lang='grc' dir='ltr'>ὅπερ</span> <span class='ocrx_word' id='word_1_485' title='bbox 523 1676 595 1701; x_wconf 73' lang='grc' dir='ltr'>ἐστὶν</span> <span class='ocrx_word' id='word_1_486' title='bbox 617 1676 730 1711; x_wconf 82' lang='grc' dir='ltr'>ἀρεστὸν</span> <span class='ocrx_word' id='word_1_487' title='bbox 750 1676 824 1712; x_wconf 75' lang='grc' dir='ltr'>Θεῷ,</span> 
     </span>
    </p>
   </div>
   <div class='ocr_carea' id='block_1_63' title="bbox 56 1715 826 1756">
    <p class='ocr_par' dir='ltr' id='par_1_63' title="bbox 56 1715 826 1756">
     <span class='ocr_line' id='line_1_63' title="bbox 56 1715 826 1756; baseline 0.004 -11"><span class='ocrx_word' id='word_1_488' title='bbox 56 1715 122 1751; x_wconf 67' lang='grc' dir='ltr'>οὗτος</span> <span class='ocrx_word' id='word_1_489' title='bbox 145 1723 332 1756; x_wconf 79' lang='grc' dir='ltr'>ματαιοπονείν</span> <span class='ocrx_word' id='word_1_490' title='bbox 351 1722 483 1755; x_wconf 70' lang='grc' dir='ltr'>ἐφαίνετο.</span> <span class='ocrx_word' id='word_1_491' title='bbox 501 1722 583 1753; x_wconf 80' lang='grc' dir='ltr'>Τέλος</span> <span class='ocrx_word' id='word_1_492' title='bbox 599 1722 626 1748; x_wconf 81' lang='grc' dir='ltr'><strong>δὲ</strong></span> <span class='ocrx_word' id='word_1_493' title='bbox 647 1722 676 1748; x_wconf 83' lang='grc' dir='ltr'>ἒν</span> <span class='ocrx_word' id='word_1_494' title='bbox 690 1723 774 1749; x_wconf 73' lang='grc' dir='ltr'>ἐδόκει</span> <span class='ocrx_word' id='word_1_495' title='bbox 789 1722 826 1749; x_wconf 80' lang='grc' dir='ltr'><strong>δι-</strong></span> 
     </span>
    </p>
   </div>
   <div class='ocr_carea' id='block_1_64' title="bbox 57 1765 824 1804">
    <p class='ocr_par' dir='ltr' id='par_1_64' title="bbox 57 1765 824 1804">
     <span class='ocr_line' id='line_1_64' title="bbox 57 1765 824 1804; baseline 0.005 -14"><span class='ocrx_word' id='word_1_496' title='bbox 57 1765 123 1791; x_wconf 77' lang='grc' dir='ltr'>καίου</span> <span class='ocrx_word' id='word_1_497' title='bbox 138 1775 165 1792; x_wconf 88' lang='grc' dir='ltr'><strong>τε</strong></span> <span class='ocrx_word' id='word_1_498' title='bbox 178 1768 224 1793; x_wconf 75' lang='grc' dir='ltr'>καὶ</span> <span class='ocrx_word' id='word_1_499' title='bbox 238 1766 368 1799; x_wconf 77' lang='grc' dir='ltr'>ἁσεῦοὖς,</span> <span class='ocrx_word' id='word_1_500' title='bbox 382 1767 483 1802; x_wconf 79' lang='grc' dir='ltr'>ἀγαθοῦ</span> <span class='ocrx_word' id='word_1_501' title='bbox 495 1776 524 1793; x_wconf 91' lang='grc' dir='ltr'><strong>τε</strong></span> <span class='ocrx_word' id='word_1_502' title='bbox 539 1769 585 1794; x_wconf 80' lang='grc' dir='ltr'><strong>καὶ</strong></span> <span class='ocrx_word' id='word_1_503' title='bbox 595 1768 690 1800; x_wconf 80' lang='grc' dir='ltr'>κακοῦ,</span> <span class='ocrx_word' id='word_1_504' title='bbox 705 1768 824 1804; x_wconf 73' lang='grc' dir='ltr'>καθαροῦ</span> 
     </span>
    </p>
   </div>
   <div class='ocr_carea' id='block_1_65' title="bbox 56 1813 823 1851">
    <p class='ocr_par' dir='ltr' id='par_1_65' title="bbox 56 1813 823 1851">
     <span class='ocr_line' id='line_1_65' title="bbox 56 1813 823 1851; baseline 0.005 -13"><span class='ocrx_word' id='word_1_505' title='bbox 56 1820 80 1837; x_wconf 84' lang='grc' dir='ltr'><strong>τε</strong></span> <span class='ocrx_word' id='word_1_506' title='bbox 95 1813 136 1840; x_wconf 82' lang='grc' dir='ltr'><strong>καὶ</strong></span> <span class='ocrx_word' id='word_1_507' title='bbox 156 1815 329 1850; x_wconf 78' lang='grc' dir='ltr'>ἀκαθάρτου,</span> <span class='ocrx_word' id='word_1_508' title='bbox 347 1816 394 1841; x_wconf 65' lang='grc' dir='ltr'><strong>καὶ</strong></span> <span class='ocrx_word' id='word_1_509' title='bbox 416 1815 481 1842; x_wconf 82' lang='grc' dir='ltr'>Θεὸν</span> <span class='ocrx_word' id='word_1_510' title='bbox 505 1816 680 1850; x_wconf 78' lang='grc' dir='ltr'>ίλασκομὲνου</span> <span class='ocrx_word' id='word_1_511' title='bbox 703 1817 750 1843; x_wconf 68' lang='grc' dir='ltr'><strong>καὶ</strong></span> <span class='ocrx_word' id='word_1_512' title='bbox 777 1818 823 1851; x_wconf 85' lang='grc' dir='ltr'>μή.</span> 
     </span>
    </p>
   </div>
   <div class='ocr_carea' id='block_1_66' title="bbox 57 1857 825 1897">
    <p class='ocr_par' dir='ltr' id='par_1_66' title="bbox 57 1857 825 1897">
     <span class='ocr_line' id='line_1_66' title="bbox 57 1857 825 1897; baseline 0.007 -14"><span class='ocrx_word' id='word_1_513' title='bbox 57 1857 112 1884; x_wconf 81' lang='grc' dir='ltr'>Ὅτε</span> <span class='ocrx_word' id='word_1_514' title='bbox 125 1859 174 1895; x_wconf 78' lang='grc' dir='ltr'><strong>γὰρ</strong></span> <span class='ocrx_word' id='word_1_515' title='bbox 190 1860 283 1892; x_wconf 79' lang='grc' dir='ltr'>ἄδικος</span> <span class='ocrx_word' id='word_1_516' title='bbox 300 1862 345 1887; x_wconf 80' lang='grc' dir='ltr'><strong>καὶ</strong></span> <span class='ocrx_word' id='word_1_517' title='bbox 358 1862 371 1887; x_wconf 85' lang='grc' dir='ltr'>ὁ</span> <span class='ocrx_word' id='word_1_518' title='bbox 384 1861 484 1895; x_wconf 77' lang='grc' dir='ltr'>ἀγαθὸς</span> <span class='ocrx_word' id='word_1_519' title='bbox 496 1881 503 1893; x_wconf 89' lang='grc'><strong>,</strong></span> <span class='ocrx_word' id='word_1_520' title='bbox 525 1862 568 1888; x_wconf 80' lang='grc' dir='ltr'><strong>ὅτε</strong></span> <span class='ocrx_word' id='word_1_521' title='bbox 594 1862 720 1897; x_wconf 79' lang='grc' dir='ltr'>ἐπίορκος</span> <span class='ocrx_word' id='word_1_522' title='bbox 729 1882 736 1894; x_wconf 91' lang='lat'><strong><em>,</em></strong></span> <span class='ocrx_word' id='word_1_523' title='bbox 752 1863 797 1888; x_wconf 67' lang='grc' dir='ltr'>καὶ</span> <span class='ocrx_word' id='word_1_524' title='bbox 811 1863 825 1887; x_wconf 79' lang='grc' dir='ltr'><em>ὁ</em></span> 
     </span>
    </p>
   </div>
   <div class='ocr_carea' id='block_1_67' title="bbox 55 1902 825 1940">
    <p class='ocr_par' dir='ltr' id='par_1_67' title="bbox 55 1902 825 1940">
     <span class='ocr_line' id='line_1_67' title="bbox 55 1902 825 1940; baseline 0.006 -12"><span class='ocrx_word' id='word_1_525' title='bbox 55 1902 134 1929; x_wconf 75' lang='grc' dir='ltr'>τέλεον</span> <span class='ocrx_word' id='word_1_526' title='bbox 149 1905 227 1939; x_wconf 80' lang='grc' dir='ltr'>ὅρκον</span> <span class='ocrx_word' id='word_1_527' title='bbox 242 1904 455 1940; x_wconf 72' lang='grc' dir='ltr'>ἐκτρεπόμενος,</span> <span class='ocrx_word' id='word_1_528' title='bbox 468 1907 506 1937; x_wconf 71' lang='grc' dir='ltr'>εἰς</span> <span class='ocrx_word' id='word_1_529' title='bbox 521 1906 602 1932; x_wconf 80' lang='grc' dir='ltr'>ταὺτὸ</span> <span class='ocrx_word' id='word_1_530' title='bbox 617 1906 692 1937; x_wconf 78' lang='grc' dir='ltr'>τέλος</span> <span class='ocrx_word' id='word_1_531' title='bbox 707 1906 825 1933; x_wconf 78' lang='grc' dir='ltr'>ἐλαύνειν</span> 
     </span>
    </p>
   </div>
   <div class='ocr_carea' id='block_1_68' title="bbox 55 1948 824 1988">
    <p class='ocr_par' dir='ltr' id='par_1_68' title="bbox 55 1948 824 1988">
     <span class='ocr_line' id='line_1_68' title="bbox 55 1948 824 1988; baseline 0.008 -15"><span class='ocrx_word' id='word_1_532' title='bbox 55 1948 184 1982; x_wconf 61' lang='grc' dir='ltr'><strong>⁴ὴλπίζετο,</strong></span> <span class='ocrx_word' id='word_1_533' title='bbox 201 1951 372 1984; x_wconf 76' lang='grc' dir='ltr'>κατάγνωσὶς</span> <span class='ocrx_word' id='word_1_534' title='bbox 390 1951 419 1978; x_wconf 79' lang='grc' dir='ltr'><em>τέ</em></span> <span class='ocrx_word' id='word_1_535' title='bbox 443 1961 485 1983; x_wconf 83' lang='grc' dir='ltr'><strong>τις</strong></span> <span class='ocrx_word' id='word_1_536' title='bbox 508 1952 597 1978; x_wconf 76' lang='grc' dir='ltr'>ὕπεισι</span> <span class='ocrx_word' id='word_1_537' title='bbox 618 1952 665 1978; x_wconf 82' lang='grc' dir='ltr'>τοῦ</span> <span class='ocrx_word' id='word_1_538' title='bbox 686 1954 725 1984; x_wconf 81' lang='grc' dir='ltr'><strong>εἰς</strong></span> <span class='ocrx_word' id='word_1_539' title='bbox 746 1953 824 1988; x_wconf 78' lang='grc' dir='ltr'>ὅμοια</span> 
     </span>
    </p>
   </div>
   <div class='ocr_carea' id='block_1_69' title="bbox 54 1993 825 2034">
    <p class='ocr_par' dir='ltr' id='par_1_69' title="bbox 54 1993 825 2034">
     <span class='ocr_line' id='line_1_69' title="bbox 54 1993 825 2034; baseline 0.008 -15"><span class='ocrx_word' id='word_1_540' title='bbox 54 1993 168 2031; x_wconf 77' lang='grc' dir='ltr'>τελευτᾷν</span> <span class='ocrx_word' id='word_1_541' title='bbox 182 1996 314 2028; x_wconf 68' lang='grc' dir='ltr'>ἃπαντας.</span> <span class='ocrx_word' id='word_1_542' title='bbox 324 1996 450 2023; x_wconf 86' lang='grc' dir='ltr'>Γινώσκω</span> <span class='ocrx_word' id='word_1_543' title='bbox 460 1997 488 2023; x_wconf 80' lang='grc' dir='ltr'><strong>δὲ</strong></span> <span class='ocrx_word' id='word_1_544' title='bbox 502 1997 549 2024; x_wconf 76' lang='grc' dir='ltr'>νῦν</span> <span class='ocrx_word' id='word_1_545' title='bbox 561 1998 598 2030; x_wconf 84' lang='grc' dir='ltr'>ὡς</span> <span class='ocrx_word' id='word_1_546' title='bbox 608 1999 730 2034; x_wconf 74' lang='grc' dir='ltr'>ἀφρόνων</span> <span class='ocrx_word' id='word_1_547' title='bbox 740 1999 825 2026; x_wconf 71' lang='grc' dir='ltr'>ταῦτα</span> 
     </span>
    </p>
   </div>
   <div class='ocr_carea' id='block_1_70' title="bbox 54 2038 826 2077">
    <p class='ocr_par' dir='ltr' id='par_1_70' title="bbox 54 2038 826 2077">
     <span class='ocr_line' id='line_1_70' title="bbox 54 2038 826 2077; baseline 0.009 -13"><span class='ocrx_word' id='word_1_548' title='bbox 54 2038 237 2076; x_wconf 76' lang='grc' dir='ltr'>ἐνθυμήματα,</span> <span class='ocrx_word' id='word_1_549' title='bbox 254 2043 300 2069; x_wconf 83' lang='grc' dir='ltr'><strong>καὶ</strong></span> <span class='ocrx_word' id='word_1_550' title='bbox 325 2043 421 2069; x_wconf 73' lang='grc' dir='ltr'>πλάναι</span> <span class='ocrx_word' id='word_1_551' title='bbox 445 2044 491 2070; x_wconf 75' lang='grc' dir='ltr'>καὶ</span> <span class='ocrx_word' id='word_1_552' title='bbox 515 2043 655 2077; x_wconf 77' lang='grc' dir='ltr'>ἐξαπάται.</span> <span class='ocrx_word' id='word_1_553' title='bbox 673 2046 726 2071; x_wconf 83' lang='grc' dir='ltr'><strong>Καὶ</strong></span> <span class='ocrx_word' id='word_1_554' title='bbox 742 2046 826 2071; x_wconf 74' lang='grc' dir='ltr'>πολλὰ</span> 
     </span>
    </p>
   </div>
   <div class='ocr_carea' id='block_1_71' title="bbox 54 2083 826 2127">
    <p class='ocr_par' dir='ltr' id='par_1_71' title="bbox 54 2083 826 2127">
     <span class='ocr_line' id='line_1_71' title="bbox 54 2083 826 2127; baseline 0.008 -15"><span class='ocrx_word' id='word_1_555' title='bbox 54 2083 179 2119; x_wconf 74' lang='grc' dir='ltr'>λέγουσιν,</span> <span class='ocrx_word' id='word_1_556' title='bbox 194 2088 231 2119; x_wconf 80' lang='grc' dir='ltr'>ὡς</span> <span class='ocrx_word' id='word_1_557' title='bbox 245 2089 259 2114; x_wconf 87' lang='grc' dir='ltr'>ὀ</span> <span class='ocrx_word' id='word_1_558' title='bbox 278 2089 419 2115; x_wconf 81' lang='grc' dir='ltr'>ἀποθανὼν</span> <span class='ocrx_word' id='word_1_559' title='bbox 435 2090 535 2124; x_wconf 76' lang='grc' dir='ltr'>οἴχεται</span> <span class='ocrx_word' id='word_1_560' title='bbox 550 2090 639 2116; x_wconf 81' lang='grc' dir='ltr'>τέλεον</span> <span class='ocrx_word' id='word_1_561' title='bbox 651 2099 658 2106; x_wconf 86' lang='grc'>·</span> <span class='ocrx_word' id='word_1_562' title='bbox 673 2092 718 2118; x_wconf 74' lang='grc' dir='ltr'><strong>καὶ</strong></span> <span class='ocrx_word' id='word_1_563' title='bbox 733 2100 826 2127; x_wconf 79' lang='grc' dir='ltr'>προτι-</span> 
     </span>
    </p>
   </div>
   <div class='ocr_carea' id='block_1_72' title="bbox 56 2132 824 2173">
    <p class='ocr_par' dir='ltr' id='par_1_72' title="bbox 56 2132 824 2173">
     <span class='ocr_line' id='line_1_72' title="bbox 56 2132 824 2173; baseline 0.008 -15"><span class='ocrx_word' id='word_1_564' title='bbox 56 2132 142 2166; x_wconf 77' lang='grc' dir='ltr'>μητέον</span> <span class='ocrx_word' id='word_1_565' title='bbox 167 2134 213 2160; x_wconf 88' lang='grc' dir='ltr'><strong>τὸν</strong></span> <span class='ocrx_word' id='word_1_566' title='bbox 240 2134 330 2165; x_wconf 76' lang='grc' dir='ltr'>ζῶντα</span> <span class='ocrx_word' id='word_1_567' title='bbox 349 2135 395 2160; x_wconf 86' lang='grc' dir='ltr'><strong>τοῦ</strong></span> <span class='ocrx_word' id='word_1_568' title='bbox 416 2135 591 2170; x_wconf 81' lang='grc' dir='ltr'>τεθνηκότος,</span> <span class='ocrx_word' id='word_1_569' title='bbox 613 2136 662 2163; x_wconf 72' lang='grc' dir='ltr'>κᾶν</span> <span class='ocrx_word' id='word_1_570' title='bbox 684 2138 713 2163; x_wconf 79' lang='grc' dir='ltr'><strong>ἐν</strong></span> <span class='ocrx_word' id='word_1_571' title='bbox 737 2138 824 2173; x_wconf 80' lang='grc' dir='ltr'>σκότῳ</span> 
     </span>
    </p>
   </div>
   <div class='ocr_carea' id='block_1_73' title="bbox 53 2171 861 2219">
    <p class='ocr_par' dir='ltr' id='par_1_73' title="bbox 53 2171 861 2219">
     <span class='ocr_line' id='line_1_73' title="bbox 53 2171 861 2219; baseline 0.011 -17"><span class='ocrx_word' id='word_1_572' title='bbox 53 2177 166 2211; x_wconf 70' lang='grc' dir='ltr'>κείμενος</span> <span class='ocrx_word' id='word_1_573' title='bbox 175 2178 202 2215; x_wconf 83' lang='grc' dir='ltr'><strong>ᾗ,</strong></span> <span class='ocrx_word' id='word_1_574' title='bbox 217 2179 269 2206; x_wconf 75' lang='grc' dir='ltr'><strong>κᾶν</strong></span> <span class='ocrx_word' id='word_1_575' title='bbox 284 2180 362 2210; x_wconf 75' lang='grc' dir='ltr'>κυνὸς</span> <span class='ocrx_word' id='word_1_576' title='bbox 374 2181 482 2215; x_wconf 74' lang='grc' dir='ltr'>τρόπον,</span> <span class='ocrx_word' id='word_1_577' title='bbox 494 2182 538 2208; x_wconf 81' lang='grc' dir='ltr'><strong>τὸν</strong></span> <span class='ocrx_word' id='word_1_578' title='bbox 550 2182 605 2217; x_wconf 77' lang='grc' dir='ltr'>βίον</span> <span class='ocrx_word' id='word_1_579' title='bbox 620 2182 822 2219; x_wconf 81' lang='grc' dir='ltr'>διαπορεύηται,</span> <span class='ocrx_word' id='word_1_580' title='bbox 840 2171 861 2198; x_wconf 79' lang='lat' dir='ltr'><strong>D</strong></span> 
     </span>
    </p>
   </div>
   <div class='ocr_carea' id='block_1_74' title="bbox 54 2223 824 2265">
    <p class='ocr_par' dir='ltr' id='par_1_74' title="bbox 54 2223 824 2265">
     <span class='ocr_line' id='line_1_74' title="bbox 54 2223 824 2265; baseline 0.009 -16"><span class='ocrx_word' id='word_1_581' title='bbox 54 2223 119 2258; x_wconf 70' lang='grc' dir='ltr'>παρὰ</span> <span class='ocrx_word' id='word_1_582' title='bbox 133 2225 176 2251; x_wconf 69' lang='grc' dir='ltr'><strong>τὸν</strong></span> <span class='ocrx_word' id='word_1_583' title='bbox 195 2226 291 2252; x_wconf 78' lang='grc' dir='ltr'>λέοντα</span> <span class='ocrx_word' id='word_1_584' title='bbox 312 2226 357 2252; x_wconf 85' lang='grc' dir='ltr'>τὸν</span> <span class='ocrx_word' id='word_1_585' title='bbox 372 2227 529 2259; x_wconf 81' lang='grc' dir='ltr'>τεθνηκότα.</span> <span class='ocrx_word' id='word_1_586' title='bbox 546 2229 576 2254; x_wconf 76' lang='grc' dir='ltr'><strong>Οἱ</strong></span> <span class='ocrx_word' id='word_1_587' title='bbox 593 2229 642 2264; x_wconf 76' lang='grc' dir='ltr'>μὲν</span> <span class='ocrx_word' id='word_1_588' title='bbox 656 2228 709 2265; x_wconf 80' lang='grc' dir='ltr'><strong>γὰρ</strong></span> <span class='ocrx_word' id='word_1_589' title='bbox 724 2229 824 2262; x_wconf 78' lang='grc' dir='ltr'>ζῶντες</span> 
     </span>
    </p>
   </div>
   <div class='ocr_carea' id='block_1_75' title="bbox 53 2267 823 2312">
    <p class='ocr_par' dir='ltr' id='par_1_75' title="bbox 53 2267 823 2312">
     <span class='ocr_line' id='line_1_75' title="bbox 53 2267 823 2312; baseline 0.012 -19"><span class='ocrx_word' id='word_1_590' title='bbox 53 2267 121 2294; x_wconf 73' lang='grc' dir='ltr'>τοῦτο</span> <span class='ocrx_word' id='word_1_591' title='bbox 129 2271 192 2303; x_wconf 76' lang='grc' dir='ltr'>γοῦν</span> <span class='ocrx_word' id='word_1_592' title='bbox 206 2271 375 2304; x_wconf 71' lang='grc' dir='ltr'>ἐπίστανται,</span> <span class='ocrx_word' id='word_1_593' title='bbox 388 2273 429 2298; x_wconf 85' lang='grc' dir='ltr'>ὅτι</span> <span class='ocrx_word' id='word_1_594' title='bbox 443 2273 627 2308; x_wconf 82' lang='grc' dir='ltr'>τεθνήξονται·</span> <span class='ocrx_word' id='word_1_595' title='bbox 641 2275 666 2300; x_wconf 74' lang='grc' dir='ltr'>οι</span> <span class='ocrx_word' id='word_1_596' title='bbox 685 2275 713 2301; x_wconf 85' lang='grc' dir='ltr'><strong>δὲ</strong></span> <span class='ocrx_word' id='word_1_597' title='bbox 732 2278 823 2312; x_wconf 71' lang='grc' dir='ltr'>νεκροὶ</span> 
     </span>
    </p>
   </div>
   <div class='ocr_carea' id='block_1_76' title="bbox 54 2313 824 2358">
    <p class='ocr_par' dir='ltr' id='par_1_76' title="bbox 54 2313 824 2358">
     <span class='ocr_line' id='line_1_76' title="bbox 54 2313 824 2358; baseline 0.01 -18"><span class='ocrx_word' id='word_1_598' title='bbox 54 2313 99 2339; x_wconf 62' lang='grc' dir='ltr'><strong>οὐδ’</strong></span> <span class='ocrx_word' id='word_1_599' title='bbox 118 2316 204 2342; x_wconf 73' lang='grc' dir='ltr'>ὁτιοῦν</span> <span class='ocrx_word' id='word_1_600' title='bbox 227 2316 416 2350; x_wconf 75' lang='grc' dir='ltr'>γινώσκουσιν.</span> <span class='ocrx_word' id='word_1_601' title='bbox 438 2319 562 2353; x_wconf 66' lang='grc' dir='ltr'>Ἀμοιίὲαὶ</span> <span class='ocrx_word' id='word_1_602' title='bbox 585 2320 612 2346; x_wconf 77' lang='grc' dir='ltr'><strong>δὲ</strong></span> <span class='ocrx_word' id='word_1_603' title='bbox 630 2320 735 2352; x_wconf 71' lang='grc' dir='ltr'>οὐδενὸς</span> <span class='ocrx_word' id='word_1_604' title='bbox 757 2322 824 2358; x_wconf 75' lang='grc' dir='ltr'>πρό-</span> 
     </span>
    </p>
   </div>
   <div class='ocr_carea' id='block_1_77' title="bbox 56 2362 824 2404">
    <p class='ocr_par' dir='ltr' id='par_1_77' title="bbox 56 2362 824 2404">
     <span class='ocr_line' id='line_1_77' title="bbox 56 2362 824 2404; baseline 0.014 -20"><span class='ocrx_word' id='word_1_605' title='bbox 56 2367 147 2387; x_wconf 82' lang='grc' dir='ltr'>κεινται</span> <span class='ocrx_word' id='word_1_606' title='bbox 163 2362 232 2397; x_wconf 78' lang='grc' dir='ltr'>μετὰ</span> <span class='ocrx_word' id='word_1_607' title='bbox 245 2363 275 2389; x_wconf 79' lang='grc' dir='ltr'><strong>τὸ</strong></span> <span class='ocrx_word' id='word_1_608' title='bbox 287 2363 482 2399; x_wconf 80' lang='grc' dir='ltr'>ἀποπληρῶσαι</span> <span class='ocrx_word' id='word_1_609' title='bbox 492 2365 521 2391; x_wconf 76' lang='grc' dir='ltr'>τὸ</span> <span class='ocrx_word' id='word_1_610' title='bbox 536 2365 633 2400; x_wconf 84' lang='grc' dir='ltr'>χρεών.</span> <span class='ocrx_word' id='word_1_611' title='bbox 648 2367 682 2392; x_wconf 69' lang='lat' dir='ltr'><strong>&quot;ll</strong></span> <span class='ocrx_word' id='word_1_612' title='bbox 697 2375 726 2393; x_wconf 83' lang='grc' dir='ltr'><strong>τε</strong></span> <span class='ocrx_word' id='word_1_613' title='bbox 741 2367 824 2404; x_wconf 80' lang='grc' dir='ltr'>ἔχθρα</span> 
     </span>
    </p>
   </div>
   <div class='ocr_carea' id='block_1_78' title="bbox 54 2407 824 2449">
    <p class='ocr_par' dir='ltr' id='par_1_78' title="bbox 54 2407 824 2449">
     <span class='ocr_line' id='line_1_78' title="bbox 54 2407 824 2449; baseline 0.01 -17"><span class='ocrx_word' id='word_1_614' title='bbox 54 2407 93 2432; x_wconf 71' lang='grc' dir='ltr'><strong>καὶ</strong></span> <span class='ocrx_word' id='word_1_615' title='bbox 115 2408 131 2442; x_wconf 89' lang='grc' dir='ltr'><strong>ή</strong></span> <span class='ocrx_word' id='word_1_616' title='bbox 158 2409 232 2442; x_wconf 84' lang='grc' dir='ltr'>φιλία</span> <span class='ocrx_word' id='word_1_617' title='bbox 256 2410 272 2444; x_wconf 81' lang='grc' dir='ltr'>ἡ</span> <span class='ocrx_word' id='word_1_618' title='bbox 296 2411 363 2444; x_wconf 80' lang='grc' dir='ltr'>πρὸς</span> <span class='ocrx_word' id='word_1_619' title='bbox 382 2411 445 2442; x_wconf 81' lang='grc' dir='ltr'>τοὺς</span> <span class='ocrx_word' id='word_1_620' title='bbox 463 2410 636 2445; x_wconf 83' lang='grc' dir='ltr'>τεθνηκότας,</span> <span class='ocrx_word' id='word_1_621' title='bbox 659 2413 735 2445; x_wconf 82' lang='grc' dir='ltr'>τέλος</span> <span class='ocrx_word' id='word_1_622' title='bbox 759 2414 824 2449; x_wconf 79' lang='grc' dir='ltr'>ἔχει.</span> 
     </span>
    </p>
   </div>
   <div class='ocr_carea' id='block_1_79' title="bbox 58 2451 825 2496">
    <p class='ocr_par' dir='ltr' id='par_1_79' title="bbox 58 2451 825 2496">
     <span class='ocr_line' id='line_1_79' title="bbox 58 2451 825 2496; baseline 0.014 -20"><span class='ocrx_word' id='word_1_623' title='bbox 58 2451 172 2481; x_wconf 81' lang='grc' dir='ltr'>Ἐκείνων</span> <span class='ocrx_word' id='word_1_624' title='bbox 189 2454 254 2490; x_wconf 75' lang='grc' dir='ltr'>γὰρ,</span> <span class='ocrx_word' id='word_1_625' title='bbox 272 2455 324 2481; x_wconf 74' lang='grc' dir='ltr'>εἴτε</span> <span class='ocrx_word' id='word_1_626' title='bbox 341 2455 419 2491; x_wconf 79' lang='grc' dir='ltr'>ζῆλος</span> <span class='ocrx_word' id='word_1_627' title='bbox 429 2475 437 2487; x_wconf 85' lang='lat'><strong>,</strong></span> <span class='ocrx_word' id='word_1_628' title='bbox 453 2456 575 2488; x_wconf 78' lang='grc' dir='ltr'>ἐξέλιπεν</span> <span class='ocrx_word' id='word_1_629' title='bbox 585 2466 592 2472; x_wconf 93' lang='grc'><strong>·</strong></span> <span class='ocrx_word' id='word_1_630' title='bbox 604 2458 660 2485; x_wconf 80' lang='grc' dir='ltr'>εἴτε</span> <span class='ocrx_word' id='word_1_631' title='bbox 675 2459 739 2494; x_wconf 82' lang='grc' dir='ltr'>βίος,</span> <span class='ocrx_word' id='word_1_632' title='bbox 754 2461 825 2496; x_wconf 62' lang='grc' dir='ltr'><strong>ἠφά-</strong></span> 
     </span>
    </p>
   </div>
   <div class='ocr_carea' id='block_1_80' title="bbox 52 2501 827 2537">
    <p class='ocr_par' dir='ltr' id='par_1_80' title="bbox 52 2501 827 2537">
     <span class='ocr_line' id='line_1_80' title="bbox 52 2501 827 2537; baseline 0.012 -13"><span class='ocrx_word' id='word_1_633' title='bbox 52 2505 137 2525; x_wconf 67' lang='grc' dir='ltr'>νισται.</span> <span class='ocrx_word' id='word_1_634' title='bbox 157 2501 276 2527; x_wconf 78' lang='grc' dir='ltr'>Μέτεστι</span> <span class='ocrx_word' id='word_1_635' title='bbox 293 2501 320 2527; x_wconf 81' lang='grc' dir='ltr'><strong>δὲ</strong></span> <span class='ocrx_word' id='word_1_636' title='bbox 340 2501 444 2534; x_wconf 76' lang='grc' dir='ltr'>οὐδενὸς</span> <span class='ocrx_word' id='word_1_637' title='bbox 465 2502 503 2537; x_wconf 80' lang='grc' dir='ltr'>τῷ</span> <span class='ocrx_word' id='word_1_638' title='bbox 519 2503 591 2535; x_wconf 79' lang='grc' dir='ltr'>ἅπαξ</span> <span class='ocrx_word' id='word_1_639' title='bbox 607 2505 731 2532; x_wconf 75' lang='grc' dir='ltr'>ἐντεῦθεν</span> <span class='ocrx_word' id='word_1_640' title='bbox 749 2507 827 2533; x_wconf 82' lang='grc' dir='ltr'>ἀπελ-</span> 
     </span>
    </p>
   </div>
   <div class='ocr_carea' id='block_1_81' title="bbox 52 2542 825 2584">
    <p class='ocr_par' dir='ltr' id='par_1_81' title="bbox 52 2542 825 2584">
     <span class='ocr_line' id='line_1_81' title="bbox 52 2542 825 2584; baseline 0.017 -17"><span class='ocrx_word' id='word_1_641' title='bbox 52 2542 124 2571; x_wconf 73' lang='grc' dir='ltr'>θόντι.</span> <span class='ocrx_word' id='word_1_642' title='bbox 143 2546 236 2573; x_wconf 82' lang='grc' dir='ltr'>Ταῦτα</span> <span class='ocrx_word' id='word_1_643' title='bbox 259 2548 274 2583; x_wconf 75' lang='grc' dir='ltr'>ἡ</span> <span class='ocrx_word' id='word_1_644' title='bbox 301 2547 388 2583; x_wconf 75' lang='grc' dir='ltr'>πλάνη</span> <span class='ocrx_word' id='word_1_645' title='bbox 407 2549 542 2584; x_wconf 76' lang='grc' dir='ltr'><strong>ἐπᾴδουσα</strong></span> <span class='ocrx_word' id='word_1_646' title='bbox 565 2550 619 2582; x_wconf 77' lang='grc' dir='ltr'>ἔτι,</span> <span class='ocrx_word' id='word_1_647' title='bbox 647 2552 694 2578; x_wconf 85' lang='grc' dir='ltr'><strong>καὶ</strong></span> <span class='ocrx_word' id='word_1_648' title='bbox 715 2553 825 2580; x_wconf 84' lang='grc' dir='ltr'>τοιαῦτα</span> 
     </span>
    </p>
   </div>
   <div class='ocr_carea' id='block_1_82' title="bbox 54 2591 819 2634">
    <p class='ocr_par' dir='ltr' id='par_1_82' title="bbox 54 2591 819 2634">
     <span class='ocr_line' id='line_1_82' title="bbox 54 2591 819 2634; baseline 0.013 -19"><span class='ocrx_word' id='word_1_649' title='bbox 54 2591 228 2623; x_wconf 75' lang='grc' dir='ltr'>συμϐουλεύει·</span> <span class='ocrx_word' id='word_1_650' title='bbox 245 2593 277 2619; x_wconf 90' lang='grc' dir='ltr'>Τί</span> <span class='ocrx_word' id='word_1_651' title='bbox 295 2591 458 2629; x_wconf 76' lang='grc' dir='ltr'>πράττεις,ὦ</span> <span class='ocrx_word' id='word_1_652' title='bbox 474 2591 567 2627; x_wconf 72' lang='grc' dir='ltr'>οὗτος,</span> <span class='ocrx_word' id='word_1_653' title='bbox 591 2598 638 2623; x_wconf 74' lang='grc' dir='ltr'><strong>καὶ</strong></span> <span class='ocrx_word' id='word_1_654' title='bbox 653 2598 683 2623; x_wconf 75' lang='grc' dir='ltr'><strong>ού</strong></span> <span class='ocrx_word' id='word_1_655' title='bbox 695 2600 800 2634; x_wconf 72' lang='grc' dir='ltr'>τρυφᾷς</span> <span class='ocrx_word' id='word_1_656' title='bbox 813 2621 819 2631; x_wconf 86' lang='grc'><strong>,</strong></span> 
     </span>
    </p>
   </div>
   <div class='ocr_carea' id='block_1_83' title="bbox 52 2634 823 2680">
    <p class='ocr_par' dir='ltr' id='par_1_83' title="bbox 52 2634 823 2680">
     <span class='ocr_line' id='line_1_83' title="bbox 52 2634 823 2680; baseline 0.014 -21"><span class='ocrx_word' id='word_1_657' title='bbox 52 2634 103 2660; x_wconf 69' lang='grc' dir='ltr'><strong>οὐδὲ</strong></span> <span class='ocrx_word' id='word_1_658' title='bbox 117 2637 219 2673; x_wconf 59' lang='grc' dir='ltr'>ἐμφορῇ</span> <span class='ocrx_word' id='word_1_659' title='bbox 233 2639 282 2673; x_wconf 78' lang='grc' dir='ltr'><strong>μὲν</strong></span> <span class='ocrx_word' id='word_1_660' title='bbox 297 2639 450 2674; x_wconf 77' lang='grc' dir='ltr'>ἐδεσμάτων</span> <span class='ocrx_word' id='word_1_661' title='bbox 465 2641 685 2674; x_wconf 79' lang='grc' dir='ltr'>παντοίων,οἵν;ιυ</span> <span class='ocrx_word' id='word_1_662' title='bbox 700 2643 728 2670; x_wconf 82' lang='grc' dir='ltr'>δὲ</span> <span class='ocrx_word' id='word_1_663' title='bbox 744 2645 823 2680; x_wconf 83' lang='grc' dir='ltr'>ὑπερ-</span> 
     </span>
    </p>
   </div>
   <div class='ocr_carea' id='block_1_84' title="bbox 53 2681 822 2722">
    <p class='ocr_par' dir='ltr' id='par_1_84' title="bbox 53 2681 822 2722">
     <span class='ocr_line' id='line_1_84' title="bbox 53 2681 822 2722; baseline 0.013 -15"><span class='ocrx_word' id='word_1_664' title='bbox 53 2681 225 2716; x_wconf 81' lang='grc' dir='ltr'>εμπίπλασαι;</span> <span class='ocrx_word' id='word_1_665' title='bbox 241 2685 297 2711; x_wconf 71' lang='grc' dir='ltr'><strong>Οὐκ</strong></span> <span class='ocrx_word' id='word_1_666' title='bbox 309 2685 424 2722; x_wconf 79' lang='grc' dir='ltr'>αἰσθάνῃ</span> <span class='ocrx_word' id='word_1_667' title='bbox 433 2707 440 2718; x_wconf 88' lang='grc'><strong>,</strong></span> <span class='ocrx_word' id='word_1_668' title='bbox 452 2686 488 2718; x_wconf 81' lang='grc' dir='ltr'>ὡς</span> <span class='ocrx_word' id='word_1_669' title='bbox 500 2688 532 2713; x_wconf 79' lang='grc' dir='ltr'>ἐκ</span> <span class='ocrx_word' id='word_1_670' title='bbox 545 2687 611 2714; x_wconf 79' lang='grc' dir='ltr'>Θεοῦ</span> <span class='ocrx_word' id='word_1_671' title='bbox 626 2690 707 2716; x_wconf 82' lang='grc' dir='ltr'>ταυτὶ</span> <span class='ocrx_word' id='word_1_672' title='bbox 720 2690 822 2718; x_wconf 80' lang='grc' dir='ltr'>δέδοται</span> 
     </span>
    </p>
   </div>
   <div class='ocr_carea' id='block_1_85' title="bbox 52 2726 822 2772">
    <p class='ocr_par' dir='ltr' id='par_1_85' title="bbox 52 2726 822 2772">
     <span class='ocr_line' id='line_1_85' title="bbox 52 2726 822 2772; baseline 0.013 -19"><span class='ocrx_word' id='word_1_673' title='bbox 52 2726 111 2760; x_wconf 69' lang='grc' dir='ltr'>πρὸς</span> <span class='ocrx_word' id='word_1_674' title='bbox 136 2729 282 2757; x_wconf 80' lang='grc' dir='ltr'>ἀπόλαυσιν</span> <span class='ocrx_word' id='word_1_675' title='bbox 305 2731 522 2765; x_wconf 73' lang='grc' dir='ltr'>ἀνεπικώλυτον;</span> <span class='ocrx_word' id='word_1_676' title='bbox 546 2734 695 2770; x_wconf 77' lang='grc' dir='ltr'>Περιϐαλοῦ</span> <span class='ocrx_word' id='word_1_677' title='bbox 723 2736 822 2772; x_wconf 77' lang='grc' dir='ltr'>ἐσθῆτα</span> 
     </span>
    </p>
   </div>
   <div class='ocr_carea' id='block_1_86' title="bbox 1171 1487 1346 1514">
    <p class='ocr_par' dir='ltr' id='par_1_86' title="bbox 1171 1487 1346 1514">
     <span class='ocr_line' id='line_1_86' title="bbox 1171 1487 1346 1514; baseline 0 0"><span class='ocrx_word' id='word_1_678' title='bbox 1171 1487 1284 1514; x_wconf 70' lang='lat' dir='ltr'><strong>CAPUT</strong></span> <span class='ocrx_word' id='word_1_679' title='bbox 1302 1487 1346 1514; x_wconf 80' lang='lat' dir='ltr'><strong>lX.</strong></span> 
     </span>
    </p>
   </div>
   <div class='ocr_carea' id='block_1_87' title="bbox 912 1542 1659 1571">
    <p class='ocr_par' dir='ltr' id='par_1_87' title="bbox 912 1542 1659 1571">
     <span class='ocr_line' id='line_1_87' title="bbox 912 1542 1659 1571; baseline 0.001 -3"><span class='ocrx_word' id='word_1_680' title='bbox 912 1542 937 1568; x_wconf 88' lang='lat' dir='ltr'><strong>l.</strong></span> <span class='ocrx_word' id='word_1_681' title='bbox 957 1542 1025 1569; x_wconf 92' lang='lat' dir='ltr'><strong>Tum</strong></span> <span class='ocrx_word' id='word_1_682' title='bbox 1049 1543 1120 1569; x_wconf 88' lang='lat' dir='ltr'><strong>enim</strong></span> <span class='ocrx_word' id='word_1_683' title='bbox 1145 1543 1269 1570; x_wconf 87' lang='lat' dir='ltr'><strong>homines</strong></span> <span class='ocrx_word' id='word_1_684' title='bbox 1290 1551 1384 1570; x_wconf 88' lang='lat' dir='ltr'><strong>omnes</strong></span> <span class='ocrx_word' id='word_1_685' title='bbox 1406 1543 1501 1571; x_wconf 82' lang='lat' dir='ltr'><strong>iisdem</strong></span> <span class='ocrx_word' id='word_1_686' title='bbox 1524 1543 1604 1571; x_wconf 86' lang='lat' dir='ltr'><strong>rebus</strong></span> <span class='ocrx_word' id='word_1_687' title='bbox 1617 1543 1659 1570; x_wconf 91' lang='lat' dir='ltr'><strong>di-</strong></span> 
     </span>
    </p>
   </div>
   <div class='ocr_carea' id='block_1_88' title="bbox 875 1587 1660 1624">
    <p class='ocr_par' dir='ltr' id='par_1_88' title="bbox 875 1587 1660 1624">
     <span class='ocr_line' id='line_1_88' title="bbox 875 1587 1660 1624; baseline 0.004 -11"><span class='ocrx_word' id='word_1_688' title='bbox 875 1595 943 1621; x_wconf 78' lang='lat' dir='ltr'><strong>gnos</strong></span> <span class='ocrx_word' id='word_1_689' title='bbox 961 1587 1067 1614; x_wconf 89' lang='lat' dir='ltr'><strong>habitos</strong></span> <span class='ocrx_word' id='word_1_690' title='bbox 1078 1595 1138 1615; x_wconf 85' lang='lat' dir='ltr'><strong>esse</strong></span> <span class='ocrx_word' id='word_1_691' title='bbox 1152 1589 1292 1622; x_wconf 85' lang='lat' dir='ltr'><strong>putabam.</strong></span> <span class='ocrx_word' id='word_1_692' title='bbox 1318 1589 1358 1615; x_wconf 77' lang='lat' dir='ltr'><strong>Ac</strong></span> <span class='ocrx_word' id='word_1_693' title='bbox 1376 1589 1398 1615; x_wconf 91' lang='lat' dir='ltr'><strong>si</strong></span> <span class='ocrx_word' id='word_1_694' title='bbox 1418 1590 1480 1624; x_wconf 85' lang='lat' dir='ltr'><strong>quis</strong></span> <span class='ocrx_word' id='word_1_695' title='bbox 1493 1589 1600 1623; x_wconf 83' lang='lat' dir='ltr'><strong>sapiens</strong></span> <span class='ocrx_word' id='word_1_696' title='bbox 1615 1589 1660 1623; x_wconf 91' lang='lat' dir='ltr'><strong>ju-</strong></span> 
     </span>
    </p>
   </div>
   <div class='ocr_carea' id='block_1_89' title="bbox 876 1632 1661 1669">
    <p class='ocr_par' dir='ltr' id='par_1_89' title="bbox 876 1632 1661 1669">
     <span class='ocr_line' id='line_1_89' title="bbox 876 1632 1661 1669; baseline 0.005 -11"><span class='ocrx_word' id='word_1_697' title='bbox 876 1632 977 1658; x_wconf 84' lang='lat' dir='ltr'><strong>stitiam</strong></span> <span class='ocrx_word' id='word_1_698' title='bbox 999 1632 1119 1659; x_wconf 82' lang='lat' dir='ltr'><strong>studiose</strong></span> <span class='ocrx_word' id='word_1_699' title='bbox 1149 1633 1278 1660; x_wconf 81' lang='lat' dir='ltr'><strong>coluisset</strong></span> <span class='ocrx_word' id='word_1_700' title='bbox 1304 1636 1386 1668; x_wconf 86' lang='lat' dir='ltr'><strong>atque</strong></span> <span class='ocrx_word' id='word_1_701' title='bbox 1409 1634 1444 1660; x_wconf 92' lang='lat' dir='ltr'><strong>ab</strong></span> <span class='ocrx_word' id='word_1_702' title='bbox 1463 1634 1594 1669; x_wconf 82' lang='lat' dir='ltr'><strong>injustitia</strong></span> <span class='ocrx_word' id='word_1_703' title='bbox 1619 1643 1661 1662; x_wconf 83' lang='lat' dir='ltr'><strong>re-</strong></span> 
     </span>
    </p>
   </div>
   <div class='ocr_carea' id='block_1_90' title="bbox 876 1679 1659 1713">
    <p class='ocr_par' dir='ltr' id='par_1_90' title="bbox 876 1679 1659 1713">
     <span class='ocr_line' id='line_1_90' title="bbox 876 1679 1659 1713; baseline 0.004 -8"><span class='ocrx_word' id='word_1_704' title='bbox 876 1679 1012 1711; x_wconf 76' lang='lat' dir='ltr'><strong>cessisset,</strong></span> <span class='ocrx_word' id='word_1_705' title='bbox 1029 1679 1167 1713; x_wconf 87' lang='lat' dir='ltr'><strong>animique</strong></span> <span class='ocrx_word' id='word_1_706' title='bbox 1177 1679 1336 1707; x_wconf 80' lang='lat' dir='ltr'><strong>dexteritate</strong></span> <span class='ocrx_word' id='word_1_707' title='bbox 1352 1684 1378 1707; x_wconf 87' lang='lat' dir='ltr'><strong>ct</strong></span> <span class='ocrx_word' id='word_1_708' title='bbox 1394 1679 1523 1707; x_wconf 88' lang='lat' dir='ltr'><strong>facilitate</strong></span> <span class='ocrx_word' id='word_1_709' title='bbox 1539 1681 1659 1708; x_wconf 89' lang='lat' dir='ltr'><strong>onmium</strong></span> 
     </span>
    </p>
   </div>
   <div class='ocr_carea' id='block_1_91' title="bbox 876 1723 1660 1761">
    <p class='ocr_par' dir='ltr' id='par_1_91' title="bbox 876 1723 1660 1761">
     <span class='ocr_line' id='line_1_91' title="bbox 876 1723 1660 1761; baseline 0.005 -11"><span class='ocrx_word' id='word_1_710' title='bbox 876 1725 967 1751; x_wconf 82' lang='lat' dir='ltr'><strong>odium</strong></span> <span class='ocrx_word' id='word_1_711' title='bbox 981 1723 1092 1758; x_wconf 72' lang='lat' dir='ltr'><strong>fugisset</strong></span> <span class='ocrx_word' id='word_1_712' title='bbox 1108 1724 1190 1759; x_wconf 87' lang='lat' dir='ltr'><strong>(quod</strong></span> <span class='ocrx_word' id='word_1_713' title='bbox 1208 1725 1316 1759; x_wconf 87' lang='lat' dir='ltr'><strong>quidem</strong></span> <span class='ocrx_word' id='word_1_714' title='bbox 1336 1725 1391 1752; x_wconf 88' lang='lat' dir='ltr'><strong>Deo</strong></span> <span class='ocrx_word' id='word_1_715' title='bbox 1407 1731 1512 1760; x_wconf 70' lang='lat' dir='ltr'><strong>gratum</strong></span> <span class='ocrx_word' id='word_1_716' title='bbox 1525 1727 1597 1761; x_wconf 85' lang='lat' dir='ltr'><strong>est);</strong></span> <span class='ocrx_word' id='word_1_717' title='bbox 1617 1727 1660 1754; x_wconf 88' lang='lat' dir='ltr'><strong>hic</strong></span> 
     </span>
    </p>
   </div>
   <div class='ocr_carea' id='block_1_92' title="bbox 877 1770 1661 1806">
    <p class='ocr_par' dir='ltr' id='par_1_92' title="bbox 877 1770 1661 1806">
     <span class='ocr_line' id='line_1_92' title="bbox 877 1770 1661 1806; baseline 0.004 -10"><span class='ocrx_word' id='word_1_718' title='bbox 877 1770 943 1796; x_wconf 87' lang='lat' dir='ltr'><strong>mihi</strong></span> <span class='ocrx_word' id='word_1_719' title='bbox 969 1770 1076 1796; x_wconf 85' lang='lat' dir='ltr'><strong>inanem</strong></span> <span class='ocrx_word' id='word_1_720' title='bbox 1094 1770 1215 1797; x_wconf 87' lang='lat' dir='ltr'><strong>laborem</strong></span> <span class='ocrx_word' id='word_1_721' title='bbox 1237 1772 1376 1806; x_wconf 83' lang='lat' dir='ltr'><strong>suscipere</strong></span> <span class='ocrx_word' id='word_1_722' title='bbox 1399 1772 1548 1799; x_wconf 86' lang='lat' dir='ltr'><strong>videbatur.</strong></span> <span class='ocrx_word' id='word_1_723' title='bbox 1568 1773 1594 1799; x_wconf 74' lang='grc'><strong>2.</strong></span> <span class='ocrx_word' id='word_1_724' title='bbox 1611 1773 1661 1799; x_wconf 88' lang='lat' dir='ltr'><strong>De-</strong></span> 
     </span>
    </p>
   </div>
   <div class='ocr_carea' id='block_1_93' title="bbox 877 1816 1661 1852">
    <p class='ocr_par' dir='ltr' id='par_1_93' title="bbox 877 1816 1661 1852">
     <span class='ocr_line' id='line_1_93' title="bbox 877 1816 1661 1852; baseline 0.003 -10"><span class='ocrx_word' id='word_1_725' title='bbox 877 1816 959 1849; x_wconf 89' lang='lat' dir='ltr'><strong>nique</strong></span> <span class='ocrx_word' id='word_1_726' title='bbox 971 1823 1056 1842; x_wconf 87' lang='lat' dir='ltr'><strong>unum</strong></span> <span class='ocrx_word' id='word_1_727' title='bbox 1075 1816 1253 1851; x_wconf 85' lang='lat' dir='ltr'><strong>cumdemque</strong></span> <span class='ocrx_word' id='word_1_728' title='bbox 1264 1816 1343 1843; x_wconf 83' lang='lat' dir='ltr'><strong>linem</strong></span> <span class='ocrx_word' id='word_1_729' title='bbox 1357 1825 1416 1844; x_wconf 85' lang='lat' dir='ltr'><strong>esse</strong></span> <span class='ocrx_word' id='word_1_730' title='bbox 1430 1817 1581 1844; x_wconf 84' lang='lat' dir='ltr'><strong>arbitrabar</strong></span> <span class='ocrx_word' id='word_1_731' title='bbox 1593 1818 1661 1852; x_wconf 89' lang='lat' dir='ltr'><strong>justi</strong></span> 
     </span>
    </p>
   </div>
   <div class='ocr_carea' id='block_1_94' title="bbox 876 1861 1662 1899">
    <p class='ocr_par' dir='ltr' id='par_1_94' title="bbox 876 1861 1662 1899">
     <span class='ocr_line' id='line_1_94' title="bbox 876 1861 1662 1899; baseline 0.005 -12"><span class='ocrx_word' id='word_1_732' title='bbox 876 1866 903 1888; x_wconf 86' lang='lat' dir='ltr'><strong>et</strong></span> <span class='ocrx_word' id='word_1_733' title='bbox 917 1861 1022 1896; x_wconf 84' lang='lat' dir='ltr'><strong>injusti,</strong></span> <span class='ocrx_word' id='word_1_734' title='bbox 1036 1862 1101 1888; x_wconf 88' lang='lat' dir='ltr'><strong>boni</strong></span> <span class='ocrx_word' id='word_1_735' title='bbox 1113 1866 1140 1888; x_wconf 91' lang='lat' dir='ltr'><strong>et</strong></span> <span class='ocrx_word' id='word_1_736' title='bbox 1152 1862 1226 1895; x_wconf 86' lang='lat' dir='ltr'><strong>mali,</strong></span> <span class='ocrx_word' id='word_1_737' title='bbox 1241 1863 1303 1897; x_wconf 85' lang='lat' dir='ltr'><strong>puri</strong></span> <span class='ocrx_word' id='word_1_738' title='bbox 1317 1870 1343 1890; x_wconf 85' lang='lat' dir='ltr'><strong>et</strong></span> <span class='ocrx_word' id='word_1_739' title='bbox 1357 1863 1473 1898; x_wconf 80' lang='lat' dir='ltr'><strong>impuri,</strong></span> <span class='ocrx_word' id='word_1_740' title='bbox 1491 1864 1546 1891; x_wconf 87' lang='lat' dir='ltr'><strong>Deo</strong></span> <span class='ocrx_word' id='word_1_741' title='bbox 1559 1865 1662 1899; x_wconf 91' lang='lat' dir='ltr'><strong>suppli-</strong></span> 
     </span>
    </p>
   </div>
   <div class='ocr_carea' id='block_1_95' title="bbox 876 1908 1660 1945">
    <p class='ocr_par' dir='ltr' id='par_1_95' title="bbox 876 1908 1660 1945">
     <span class='ocr_line' id='line_1_95' title="bbox 876 1908 1660 1945; baseline 0.004 -11"><span class='ocrx_word' id='word_1_742' title='bbox 876 1908 963 1935; x_wconf 82' lang='lat' dir='ltr'><strong>cantis</strong></span> <span class='ocrx_word' id='word_1_743' title='bbox 979 1908 1145 1942; x_wconf 87' lang='lat' dir='ltr'><strong>minimeque</strong></span> <span class='ocrx_word' id='word_1_744' title='bbox 1173 1908 1361 1943; x_wconf 84' lang='lat' dir='ltr'><strong>supplicantis.</strong></span> <span class='ocrx_word' id='word_1_745' title='bbox 1391 1910 1417 1936; x_wconf 74' lang='grc' dir='ltr'>ὅ.</span> <span class='ocrx_word' id='word_1_746' title='bbox 1430 1909 1497 1936; x_wconf 86' lang='lat' dir='ltr'><strong>Nam</strong></span> <span class='ocrx_word' id='word_1_747' title='bbox 1513 1919 1574 1937; x_wconf 87' lang='lat' dir='ltr'><strong>cum</strong></span> <span class='ocrx_word' id='word_1_748' title='bbox 1589 1911 1660 1945; x_wconf 92' lang='lat' dir='ltr'><strong>inju-</strong></span> 
     </span>
    </p>
   </div>
   <div class='ocr_carea' id='block_1_96' title="bbox 875 1964 1659 2000">
    <p class='ocr_par' dir='ltr' id='par_1_96' title="bbox 875 1964 1659 2000">
     <span class='ocr_line' id='line_1_96' title="bbox 875 1964 1659 2000; baseline 0.005 -10"><span class='ocrx_word' id='word_1_749' title='bbox 875 1968 935 1991; x_wconf 70' lang='grc' dir='ltr'>ειυς</span> <span class='ocrx_word' id='word_1_750' title='bbox 950 1969 977 1990; x_wconf 88' lang='lat' dir='ltr'><strong>et</strong></span> <span class='ocrx_word' id='word_1_751' title='bbox 990 1964 1101 1998; x_wconf 84' lang='lat' dir='ltr'><strong>probus,</strong></span> <span class='ocrx_word' id='word_1_752' title='bbox 1119 1964 1254 1999; x_wconf 86' lang='lat' dir='ltr'><strong>pejerator</strong></span> <span class='ocrx_word' id='word_1_753' title='bbox 1268 1969 1295 1992; x_wconf 88' lang='lat' dir='ltr'><strong>ct</strong></span> <span class='ocrx_word' id='word_1_754' title='bbox 1305 1965 1497 2000; x_wconf 85' lang='lat' dir='ltr'><strong>jusjurandum</strong></span> <span class='ocrx_word' id='word_1_755' title='bbox 1518 1974 1598 1994; x_wconf 87' lang='lat' dir='ltr'><strong>omne</strong></span> <span class='ocrx_word' id='word_1_756' title='bbox 1615 1966 1659 1994; x_wconf 92' lang='lat' dir='ltr'><strong>fu-</strong></span> 
     </span>
    </p>
   </div>
   <div class='ocr_carea' id='block_1_97' title="bbox 875 2009 1659 2046">
    <p class='ocr_par' dir='ltr' id='par_1_97' title="bbox 875 2009 1659 2046">
     <span class='ocr_line' id='line_1_97' title="bbox 875 2009 1659 2046; baseline 0.005 -11"><span class='ocrx_word' id='word_1_757' title='bbox 875 2009 950 2043; x_wconf 78' lang='lat' dir='ltr'><strong>gietis</strong></span> <span class='ocrx_word' id='word_1_758' title='bbox 963 2029 969 2041; x_wconf 94' lang='lat'><strong>,</strong></span> <span class='ocrx_word' id='word_1_759' title='bbox 996 2010 1029 2036; x_wconf 85' lang='lat' dir='ltr'><strong>ad</strong></span> <span class='ocrx_word' id='word_1_760' title='bbox 1052 2010 1178 2037; x_wconf 86' lang='lat' dir='ltr'><strong>eumdem</strong></span> <span class='ocrx_word' id='word_1_761' title='bbox 1202 2011 1280 2037; x_wconf 86' lang='lat' dir='ltr'><strong>tinem</strong></span> <span class='ocrx_word' id='word_1_762' title='bbox 1296 2019 1343 2045; x_wconf 89' lang='lat' dir='ltr'><strong>spe</strong></span> <span class='ocrx_word' id='word_1_763' title='bbox 1356 2016 1438 2046; x_wconf 88' lang='lat' dir='ltr'><strong>atque</strong></span> <span class='ocrx_word' id='word_1_764' title='bbox 1459 2013 1585 2046; x_wconf 89' lang='lat' dir='ltr'><strong>opinione</strong></span> <span class='ocrx_word' id='word_1_765' title='bbox 1600 2021 1659 2040; x_wconf 86' lang='lat' dir='ltr'><strong>mea</strong></span> 
     </span>
    </p>
   </div>
   <div class='ocr_carea' id='block_1_98' title="bbox 875 2055 1658 2092">
    <p class='ocr_par' dir='ltr' id='par_1_98' title="bbox 875 2055 1658 2092">
     <span class='ocr_line' id='line_1_98' title="bbox 875 2055 1658 2092; baseline 0.003 -10"><span class='ocrx_word' id='word_1_766' title='bbox 875 2055 1087 2088; x_wconf 83' lang='lat' dir='ltr'><strong>contenderent;</strong></span> <span class='ocrx_word' id='word_1_767' title='bbox 1117 2056 1226 2083; x_wconf 86' lang='lat' dir='ltr'><strong>subibat</strong></span> <span class='ocrx_word' id='word_1_768' title='bbox 1250 2057 1359 2084; x_wconf 79' lang='lat' dir='ltr'><strong>sinistra</strong></span> <span class='ocrx_word' id='word_1_769' title='bbox 1383 2058 1505 2092; x_wconf 71' lang='lat' dir='ltr'><strong>quaedam</strong></span> <span class='ocrx_word' id='word_1_770' title='bbox 1521 2059 1658 2092; x_wconf 76' lang='lat' dir='ltr'><strong>cogitatio,</strong></span> 
     </span>
    </p>
   </div>
   <div class='ocr_carea' id='block_1_99' title="bbox 876 2101 1658 2137">
    <p class='ocr_par' dir='ltr' id='par_1_99' title="bbox 876 2101 1658 2137">
     <span class='ocr_line' id='line_1_99' title="bbox 876 2101 1658 2137; baseline 0.003 -10"><span class='ocrx_word' id='word_1_771' title='bbox 876 2108 970 2128; x_wconf 88' lang='lat' dir='ltr'><strong>omnes</strong></span> <span class='ocrx_word' id='word_1_772' title='bbox 994 2101 1021 2127; x_wconf 91' lang='lat' dir='ltr'><strong>in</strong></span> <span class='ocrx_word' id='word_1_773' title='bbox 1047 2102 1139 2128; x_wconf 80' lang='lat' dir='ltr'><strong>cadent</strong></span> <span class='ocrx_word' id='word_1_774' title='bbox 1164 2102 1300 2130; x_wconf 87' lang='lat' dir='ltr'><strong>desinere.</strong></span> <span class='ocrx_word' id='word_1_775' title='bbox 1321 2102 1397 2130; x_wconf 87' lang='lat' dir='ltr'><strong>Nunc</strong></span> <span class='ocrx_word' id='word_1_776' title='bbox 1413 2111 1474 2130; x_wconf 86' lang='lat' dir='ltr'><strong>vero</strong></span> <span class='ocrx_word' id='word_1_777' title='bbox 1489 2108 1658 2137; x_wconf 76' lang='lat' dir='ltr'><strong>perspectum</strong></span> 
     </span>
    </p>
   </div>
   <div class='ocr_carea' id='block_1_100' title="bbox 878 2146 1659 2182">
    <p class='ocr_par' dir='ltr' id='par_1_100' title="bbox 878 2146 1659 2182">
     <span class='ocr_line' id='line_1_100' title="bbox 878 2146 1659 2182; baseline 0.001 -11"><span class='ocrx_word' id='word_1_778' title='bbox 878 2146 963 2172; x_wconf 85' lang='lat' dir='ltr'><strong>habeo</strong></span> <span class='ocrx_word' id='word_1_779' title='bbox 974 2165 981 2178; x_wconf 91' lang='lat'><strong><em>,</em></strong></span> <span class='ocrx_word' id='word_1_780' title='bbox 1000 2146 1142 2173; x_wconf 90' lang='lat' dir='ltr'><strong>stultorum</strong></span> <span class='ocrx_word' id='word_1_781' title='bbox 1160 2154 1219 2173; x_wconf 87' lang='lat' dir='ltr'><strong>esse</strong></span> <span class='ocrx_word' id='word_1_782' title='bbox 1233 2147 1281 2173; x_wconf 91' lang='lat' dir='ltr'><strong>has</strong></span> <span class='ocrx_word' id='word_1_783' title='bbox 1297 2147 1472 2182; x_wconf 78' lang='lat' dir='ltr'><strong>cogitationes</strong></span> <span class='ocrx_word' id='word_1_784' title='bbox 1483 2168 1490 2179; x_wconf 87' lang='lat'><em>,</em></span> <span class='ocrx_word' id='word_1_785' title='bbox 1507 2154 1538 2173; x_wconf 87' lang='lat' dir='ltr'><strong>ac</strong></span> <span class='ocrx_word' id='word_1_786' title='bbox 1552 2147 1659 2172; x_wconf 82' lang='lat' dir='ltr'><strong>fraudes</strong></span> 
     </span>
    </p>
   </div>
   <div class='ocr_carea' id='block_1_101' title="bbox 876 2191 1656 2225">
    <p class='ocr_par' dir='ltr' id='par_1_101' title="bbox 876 2191 1656 2225">
     <span class='ocr_line' id='line_1_101' title="bbox 876 2191 1656 2225; baseline 0.001 -8"><span class='ocrx_word' id='word_1_787' title='bbox 876 2195 903 2218; x_wconf 86' lang='lat' dir='ltr'><strong>et</strong></span> <span class='ocrx_word' id='word_1_788' title='bbox 923 2191 1098 2225; x_wconf 84' lang='lat' dir='ltr'><strong>impusturas.</strong></span> <span class='ocrx_word' id='word_1_789' title='bbox 1125 2192 1152 2218; x_wconf 77' lang='grc'><strong>4.</strong></span> <span class='ocrx_word' id='word_1_790' title='bbox 1169 2191 1207 2218; x_wconf 82' lang='lat' dir='ltr'><strong>Ae</strong></span> <span class='ocrx_word' id='word_1_791' title='bbox 1222 2192 1313 2219; x_wconf 88' lang='lat' dir='ltr'><strong>multis</strong></span> <span class='ocrx_word' id='word_1_792' title='bbox 1332 2193 1419 2219; x_wconf 86' lang='lat' dir='ltr'><strong>verbis</strong></span> <span class='ocrx_word' id='word_1_793' title='bbox 1432 2192 1495 2219; x_wconf 92' lang='lat' dir='ltr'><strong>illud</strong></span> <span class='ocrx_word' id='word_1_794' title='bbox 1521 2193 1656 2225; x_wconf 89' lang='lat' dir='ltr'><strong>occinunt,</strong></span> 
     </span>
    </p>
   </div>
   <div class='ocr_carea' id='block_1_102' title="bbox 875 2237 1658 2271">
    <p class='ocr_par' dir='ltr' id='par_1_102' title="bbox 875 2237 1658 2271">
     <span class='ocr_line' id='line_1_102' title="bbox 875 2237 1658 2271; baseline 0.003 -9"><span class='ocrx_word' id='word_1_795' title='bbox 875 2244 937 2263; x_wconf 84' lang='lat' dir='ltr'><strong>eum</strong></span> <span class='ocrx_word' id='word_1_796' title='bbox 952 2237 996 2271; x_wconf 88' lang='lat' dir='ltr'><strong>qui</strong></span> <span class='ocrx_word' id='word_1_797' title='bbox 1014 2243 1127 2263; x_wconf 87' lang='lat' dir='ltr'><strong>mortem</strong></span> <span class='ocrx_word' id='word_1_798' title='bbox 1151 2237 1227 2268; x_wconf 83' lang='lat' dir='ltr'><strong>obiit,</strong></span> <span class='ocrx_word' id='word_1_799' title='bbox 1255 2238 1360 2271; x_wconf 82' lang='lat' dir='ltr'><strong>penitus</strong></span> <span class='ocrx_word' id='word_1_800' title='bbox 1377 2237 1500 2270; x_wconf 82' lang='lat' dir='ltr'><strong>interire;</strong></span> <span class='ocrx_word' id='word_1_801' title='bbox 1521 2245 1553 2264; x_wconf 88' lang='lat' dir='ltr'><strong>ac</strong></span> <span class='ocrx_word' id='word_1_802' title='bbox 1567 2238 1658 2264; x_wconf 84' lang='lat' dir='ltr'><strong>viven-</strong></span> 
     </span>
    </p>
   </div>
   <div class='ocr_carea' id='block_1_103' title="bbox 876 2283 1658 2317">
    <p class='ocr_par' dir='ltr' id='par_1_103' title="bbox 876 2283 1658 2317">
     <span class='ocr_line' id='line_1_103' title="bbox 876 2283 1658 2317; baseline 0.003 -9"><span class='ocrx_word' id='word_1_803' title='bbox 876 2286 929 2309; x_wconf 82' lang='lat' dir='ltr'><strong>tem</strong></span> <span class='ocrx_word' id='word_1_804' title='bbox 952 2287 1060 2309; x_wconf 91' lang='lat' dir='ltr'><strong>mortuo</strong></span> <span class='ocrx_word' id='word_1_805' title='bbox 1082 2283 1277 2317; x_wconf 59' lang='lat' dir='ltr'><strong>praeferendum</strong></span> <span class='ocrx_word' id='word_1_806' title='bbox 1301 2291 1380 2315; x_wconf 84' lang='lat' dir='ltr'><strong>esse,</strong></span> <span class='ocrx_word' id='word_1_807' title='bbox 1408 2283 1514 2310; x_wconf 82' lang='lat' dir='ltr'><strong>etiamsi</strong></span> <span class='ocrx_word' id='word_1_808' title='bbox 1540 2284 1658 2311; x_wconf 87' lang='lat' dir='ltr'><strong>tenebris</strong></span> 
     </span>
    </p>
   </div>
   <div class='ocr_carea' id='block_1_104' title="bbox 875 2328 1657 2363">
    <p class='ocr_par' dir='ltr' id='par_1_104' title="bbox 875 2328 1657 2363">
     <span class='ocr_line' id='line_1_104' title="bbox 875 2328 1657 2363; baseline 0 -8"><span class='ocrx_word' id='word_1_809' title='bbox 875 2329 980 2356; x_wconf 91' lang='lat' dir='ltr'><strong>obsitus</strong></span> <span class='ocrx_word' id='word_1_810' title='bbox 1000 2329 1105 2363; x_wconf 84' lang='lat' dir='ltr'><strong>jaceat,</strong></span> <span class='ocrx_word' id='word_1_811' title='bbox 1129 2329 1235 2356; x_wconf 88' lang='lat' dir='ltr'><strong>etiamsi</strong></span> <span class='ocrx_word' id='word_1_812' title='bbox 1253 2329 1352 2356; x_wconf 87' lang='lat' dir='ltr'><strong>canino</strong></span> <span class='ocrx_word' id='word_1_813' title='bbox 1368 2336 1442 2355; x_wconf 84' lang='lat' dir='ltr'><strong>more</strong></span> <span class='ocrx_word' id='word_1_814' title='bbox 1457 2328 1518 2355; x_wconf 76' lang='lat' dir='ltr'><strong>vitae</strong></span> <span class='ocrx_word' id='word_1_815' title='bbox 1539 2329 1588 2355; x_wconf 85' lang='lat' dir='ltr'><strong>iter</strong></span> <span class='ocrx_word' id='word_1_816' title='bbox 1603 2333 1657 2355; x_wconf 87' lang='lat' dir='ltr'><strong>tra-</strong></span> 
     </span>
    </p>
   </div>
   <div class='ocr_carea' id='block_1_105' title="bbox 875 2373 1657 2408">
    <p class='ocr_par' dir='ltr' id='par_1_105' title="bbox 875 2373 1657 2408">
     <span class='ocr_line' id='line_1_105' title="bbox 875 2373 1657 2408; baseline 0 -8"><span class='ocrx_word' id='word_1_817' title='bbox 875 2373 974 2406; x_wconf 79' lang='lat' dir='ltr'><strong>ducat,</strong></span> <span class='ocrx_word' id='word_1_818' title='bbox 998 2382 1080 2408; x_wconf 88' lang='lat' dir='ltr'><strong>supra</strong></span> <span class='ocrx_word' id='word_1_819' title='bbox 1095 2375 1199 2401; x_wconf 87' lang='lat' dir='ltr'><strong>leonem</strong></span> <span class='ocrx_word' id='word_1_820' title='bbox 1217 2380 1364 2401; x_wconf 84' lang='lat' dir='ltr'><strong>mOrtuum.</strong></span> <span class='ocrx_word' id='word_1_821' title='bbox 1387 2373 1413 2400; x_wconf 82' lang='grc'><strong>5.</strong></span> <span class='ocrx_word' id='word_1_822' title='bbox 1431 2374 1535 2400; x_wconf 77' lang='lat' dir='ltr'><strong>Etenim</strong></span> <span class='ocrx_word' id='word_1_823' title='bbox 1551 2381 1597 2400; x_wconf 85' lang='lat' dir='ltr'><strong>eos</strong></span> <span class='ocrx_word' id='word_1_824' title='bbox 1610 2374 1657 2408; x_wconf 88' lang='lat' dir='ltr'><strong>qui</strong></span> 
     </span>
    </p>
   </div>
   <div class='ocr_carea' id='block_1_106' title="bbox 875 2419 1655 2454">
    <p class='ocr_par' dir='ltr' id='par_1_106' title="bbox 875 2419 1655 2454">
     <span class='ocr_line' id='line_1_106' title="bbox 875 2419 1655 2454; baseline 0 -8"><span class='ocrx_word' id='word_1_825' title='bbox 875 2420 929 2446; x_wconf 89' lang='lat' dir='ltr'><strong>vita</strong></span> <span class='ocrx_word' id='word_1_826' title='bbox 945 2419 1080 2452; x_wconf 86' lang='lat' dir='ltr'><strong>fruuntur,</strong></span> <span class='ocrx_word' id='word_1_827' title='bbox 1098 2420 1149 2446; x_wconf 87' lang='lat' dir='ltr'><strong>hoc</strong></span> <span class='ocrx_word' id='word_1_828' title='bbox 1160 2421 1254 2447; x_wconf 86' lang='lat' dir='ltr'><strong>saltem</strong></span> <span class='ocrx_word' id='word_1_829' title='bbox 1268 2420 1347 2452; x_wconf 83' lang='lat' dir='ltr'><strong>scire,</strong></span> <span class='ocrx_word' id='word_1_830' title='bbox 1358 2421 1429 2454; x_wconf 89' lang='lat' dir='ltr'><strong>quod</strong></span> <span class='ocrx_word' id='word_1_831' title='bbox 1445 2419 1569 2446; x_wconf 86' lang='lat' dir='ltr'><strong>morituri</strong></span> <span class='ocrx_word' id='word_1_832' title='bbox 1583 2420 1636 2446; x_wconf 86' lang='lat' dir='ltr'><strong>sint</strong></span> <span class='ocrx_word' id='word_1_833' title='bbox 1649 2429 1655 2446; x_wconf 93' lang='lat'><strong>:</strong></span> 
     </span>
    </p>
   </div>
   <div class='ocr_carea' id='block_1_107' title="bbox 873 2465 1657 2500">
    <p class='ocr_par' dir='ltr' id='par_1_107' title="bbox 873 2465 1657 2500">
     <span class='ocr_line' id='line_1_107' title="bbox 873 2465 1657 2500; baseline 0 -8"><span class='ocrx_word' id='word_1_834' title='bbox 873 2473 920 2492; x_wconf 86' lang='lat' dir='ltr'><strong>eos</strong></span> <span class='ocrx_word' id='word_1_835' title='bbox 936 2471 1024 2492; x_wconf 87' lang='lat' dir='ltr'><strong>autem</strong></span> <span class='ocrx_word' id='word_1_836' title='bbox 1043 2465 1090 2499; x_wconf 89' lang='lat' dir='ltr'><strong>qui</strong></span> <span class='ocrx_word' id='word_1_837' title='bbox 1106 2465 1161 2492; x_wconf 89' lang='lat' dir='ltr'><strong>vita</strong></span> <span class='ocrx_word' id='word_1_838' title='bbox 1184 2465 1270 2493; x_wconf 87' lang='lat' dir='ltr'><strong>functi</strong></span> <span class='ocrx_word' id='word_1_839' title='bbox 1294 2471 1373 2499; x_wconf 84' lang='lat' dir='ltr'><strong>sunt,</strong></span> <span class='ocrx_word' id='word_1_840' title='bbox 1398 2466 1465 2493; x_wconf 91' lang='lat' dir='ltr'><strong>nihil</strong></span> <span class='ocrx_word' id='word_1_841' title='bbox 1485 2473 1596 2500; x_wconf 87' lang='lat' dir='ltr'><strong>prorsus</strong></span> <span class='ocrx_word' id='word_1_842' title='bbox 1612 2474 1657 2492; x_wconf 87' lang='lat' dir='ltr'><strong>co-</strong></span> 
     </span>
    </p>
   </div>
   <div class='ocr_carea' id='block_1_108' title="bbox 873 2511 1657 2547">
    <p class='ocr_par' dir='ltr' id='par_1_108' title="bbox 873 2511 1657 2547">
     <span class='ocr_line' id='line_1_108' title="bbox 873 2511 1657 2547; baseline -0.001 -8"><span class='ocrx_word' id='word_1_843' title='bbox 873 2519 1012 2546; x_wconf 85' lang='lat' dir='ltr'><strong>gnoscere.</strong></span> <span class='ocrx_word' id='word_1_844' title='bbox 1044 2511 1157 2538; x_wconf 67' lang='lat' dir='ltr'><strong>Praemia</strong></span> <span class='ocrx_word' id='word_1_845' title='bbox 1175 2520 1256 2544; x_wconf 88' lang='lat' dir='ltr'><strong>porro</strong></span> <span class='ocrx_word' id='word_1_846' title='bbox 1273 2520 1421 2547; x_wconf 60' lang='lat' dir='ltr'><strong>poenasque</strong></span> <span class='ocrx_word' id='word_1_847' title='bbox 1435 2512 1523 2539; x_wconf 87' lang='lat' dir='ltr'><strong>nullas</strong></span> <span class='ocrx_word' id='word_1_848' title='bbox 1539 2515 1598 2546; x_wconf 87' lang='lat' dir='ltr'><strong>post</strong></span> <span class='ocrx_word' id='word_1_849' title='bbox 1610 2519 1657 2538; x_wconf 75' lang='lat' dir='ltr'><strong>ex-</strong></span> 
     </span>
    </p>
   </div>
   <div class='ocr_carea' id='block_1_109' title="bbox 873 2557 1657 2592">
    <p class='ocr_par' dir='ltr' id='par_1_109' title="bbox 873 2557 1657 2592">
     <span class='ocr_line' id='line_1_109' title="bbox 873 2557 1657 2592; baseline -0.001 -7"><span class='ocrx_word' id='word_1_850' title='bbox 873 2558 973 2592; x_wconf 86' lang='lat' dir='ltr'><strong>pletum</strong></span> <span class='ocrx_word' id='word_1_851' title='bbox 991 2558 1050 2584; x_wconf 69' lang='lat' dir='ltr'><strong>vitae</strong></span> <span class='ocrx_word' id='word_1_852' title='bbox 1066 2565 1175 2584; x_wconf 88' lang='lat' dir='ltr'><strong>cursum</strong></span> <span class='ocrx_word' id='word_1_853' title='bbox 1190 2558 1314 2592; x_wconf 88' lang='lat' dir='ltr'><strong>proponi.</strong></span> <span class='ocrx_word' id='word_1_854' title='bbox 1348 2558 1374 2586; x_wconf 86' lang='lat'><strong>6.</strong></span> <span class='ocrx_word' id='word_1_855' title='bbox 1391 2557 1488 2586; x_wconf 88' lang='lat' dir='ltr'><strong>Odium</strong></span> <span class='ocrx_word' id='word_1_856' title='bbox 1506 2558 1615 2592; x_wconf 87' lang='lat' dir='ltr'><strong>insuper</strong></span> <span class='ocrx_word' id='word_1_857' title='bbox 1631 2563 1657 2584; x_wconf 90' lang='lat' dir='ltr'><strong>et</strong></span> 
     </span>
    </p>
   </div>
   <div class='ocr_carea' id='block_1_110' title="bbox 874 2603 1655 2639">
    <p class='ocr_par' dir='ltr' id='par_1_110' title="bbox 874 2603 1655 2639">
     <span class='ocr_line' id='line_1_110' title="bbox 874 2603 1655 2639; baseline 0.003 -9"><span class='ocrx_word' id='word_1_858' title='bbox 874 2603 1087 2631; x_wconf 85' lang='lat' dir='ltr'><strong>benevolentiam</strong></span> <span class='ocrx_word' id='word_1_859' title='bbox 1107 2611 1169 2639; x_wconf 80' lang='lat' dir='ltr'><strong>erga</strong></span> <span class='ocrx_word' id='word_1_860' title='bbox 1190 2612 1237 2631; x_wconf 88' lang='lat' dir='ltr'><strong>eos</strong></span> <span class='ocrx_word' id='word_1_861' title='bbox 1250 2605 1297 2638; x_wconf 86' lang='lat' dir='ltr'><strong>qui</strong></span> <span class='ocrx_word' id='word_1_862' title='bbox 1310 2605 1392 2631; x_wconf 85' lang='lat' dir='ltr'><strong>vitam</strong></span> <span class='ocrx_word' id='word_1_863' title='bbox 1407 2613 1468 2632; x_wconf 92' lang='lat' dir='ltr'><strong>cum</strong></span> <span class='ocrx_word' id='word_1_864' title='bbox 1485 2610 1570 2632; x_wconf 86' lang='lat' dir='ltr'><strong>morte</strong></span> <span class='ocrx_word' id='word_1_865' title='bbox 1582 2612 1655 2632; x_wconf 84' lang='lat' dir='ltr'><strong>eom-</strong></span> 
     </span>
    </p>
   </div>
   <div class='ocr_carea' id='block_1_111' title="bbox 875 2649 1656 2680">
    <p class='ocr_par' dir='ltr' id='par_1_111' title="bbox 875 2649 1656 2680">
     <span class='ocr_line' id='line_1_111' title="bbox 875 2649 1656 2680; baseline 0.004 -5"><span class='ocrx_word' id='word_1_866' title='bbox 875 2653 1024 2680; x_wconf 87' lang='lat' dir='ltr'><strong>mularunt,</strong></span> <span class='ocrx_word' id='word_1_867' title='bbox 1041 2649 1120 2677; x_wconf 86' lang='lat' dir='ltr'><strong>ﬁnem</strong></span> <span class='ocrx_word' id='word_1_868' title='bbox 1136 2649 1245 2676; x_wconf 88' lang='lat' dir='ltr'><strong>habere.</strong></span> <span class='ocrx_word' id='word_1_869' title='bbox 1264 2649 1363 2676; x_wconf 83' lang='lat' dir='ltr'><strong>Eorum</strong></span> <span class='ocrx_word' id='word_1_870' title='bbox 1374 2651 1445 2677; x_wconf 90' lang='lat' dir='ltr'><strong>enim</strong></span> <span class='ocrx_word' id='word_1_871' title='bbox 1459 2655 1514 2677; x_wconf 89' lang='lat' dir='ltr'><strong>tum</strong></span> <span class='ocrx_word' id='word_1_872' title='bbox 1529 2651 1656 2678; x_wconf 85' lang='lat' dir='ltr'><strong>invidiam</strong></span> 
     </span>
    </p>
   </div>
   <div class='ocr_carea' id='block_1_112' title="bbox 875 2693 1657 2727">
    <p class='ocr_par' dir='ltr' id='par_1_112' title="bbox 875 2693 1657 2727">
     <span class='ocr_line' id='line_1_112' title="bbox 875 2693 1657 2727; baseline 0.003 -7"><span class='ocrx_word' id='word_1_873' title='bbox 875 2699 957 2727; x_wconf 88' lang='lat' dir='ltr'><strong>atque</strong></span> <span class='ocrx_word' id='word_1_874' title='bbox 979 2694 1177 2720; x_wconf 69' lang='lat' dir='ltr'><strong>aemulationem</strong></span> <span class='ocrx_word' id='word_1_875' title='bbox 1190 2693 1336 2726; x_wconf 82' lang='lat' dir='ltr'><strong>defecisse,</strong></span> <span class='ocrx_word' id='word_1_876' title='bbox 1362 2699 1418 2721; x_wconf 89' lang='lat' dir='ltr'><strong>tum</strong></span> <span class='ocrx_word' id='word_1_877' title='bbox 1433 2697 1514 2722; x_wconf 80' lang='lat' dir='ltr'><strong>vitam</strong></span> <span class='ocrx_word' id='word_1_878' title='bbox 1528 2697 1657 2724; x_wconf 83' lang='lat' dir='ltr'><strong>obscura-</strong></span> 
     </span>
    </p>
   </div>
   <div class='ocr_carea' id='block_1_113' title="bbox 876 2737 1656 2772">
    <p class='ocr_par' dir='ltr' id='par_1_113' title="bbox 876 2737 1656 2772">
     <span class='ocr_line' id='line_1_113' title="bbox 876 2737 1656 2772; baseline 0.003 -7"><span class='ocrx_word' id='word_1_879' title='bbox 876 2743 929 2765; x_wconf 83' lang='lat' dir='ltr'><strong>tam</strong></span> <span class='ocrx_word' id='word_1_880' title='bbox 956 2743 1037 2772; x_wconf 89' lang='lat' dir='ltr'><strong>atque</strong></span> <span class='ocrx_word' id='word_1_881' title='bbox 1062 2738 1223 2766; x_wconf 83' lang='lat' dir='ltr'><strong>exstinctam</strong></span> <span class='ocrx_word' id='word_1_882' title='bbox 1242 2746 1311 2768; x_wconf 82' lang='lat' dir='ltr'><strong>esse.</strong></span> <span class='ocrx_word' id='word_1_883' title='bbox 1341 2737 1480 2766; x_wconf 86' lang='lat' dir='ltr'><strong>Postremo</strong></span> <span class='ocrx_word' id='word_1_884' title='bbox 1495 2740 1597 2767; x_wconf 80' lang='lat' dir='ltr'><strong>nullius</strong></span> <span class='ocrx_word' id='word_1_885' title='bbox 1618 2740 1656 2767; x_wconf 74' lang='lat' dir='ltr'><strong>rei</strong></span> 
     </span>
    </p>
   </div>
   <div class='ocr_carea' id='block_1_114' title="bbox 82 2807 823 2854">
    <p class='ocr_par' dir='ltr' id='par_1_114' title="bbox 82 2807 823 2852">
     <span class='ocr_line' id='line_1_114' title="bbox 82 2807 823 2852; baseline 0.012 -18"><span class='ocrx_word' id='word_1_886' title='bbox 82 2807 134 2843; x_wconf 69' lang='lat'><strong>(2&#39;2)</strong></span> <span class='ocrx_word' id='word_1_887' title='bbox 161 2808 246 2842; x_wconf 78' lang='grc' dir='ltr'>Παρὰ</span> <span class='ocrx_word' id='word_1_888' title='bbox 267 2809 319 2836; x_wconf 70' lang='grc' dir='ltr'><strong>τὸν</strong></span> <span class='ocrx_word' id='word_1_889' title='bbox 335 2811 416 2842; x_wconf 77' lang='grc' dir='ltr'>βίον.</span> <span class='ocrx_word' id='word_1_890' title='bbox 441 2811 506 2839; x_wconf 81' lang='lat' dir='ltr'><strong>Cod.</strong></span> <span class='ocrx_word' id='word_1_891' title='bbox 534 2813 626 2841; x_wconf 78' lang='lat' dir='ltr'><strong>Medic.</strong></span> <span class='ocrx_word' id='word_1_892' title='bbox 641 2835 648 2848; x_wconf 89' lang='lat'><strong>,</strong></span> <span class='ocrx_word' id='word_1_893' title='bbox 666 2816 738 2852; x_wconf 75' lang='grc' dir='ltr'>παρὰ</span> <span class='ocrx_word' id='word_1_894' title='bbox 756 2817 799 2842; x_wconf 85' lang='grc' dir='ltr'><strong>τὸν</strong></span> <span class='ocrx_word' id='word_1_895' title='bbox 822 2836 823 2839; x_wconf 59' lang='grc' dir='ltr'><strong>η</strong></span> 
     </span>
    </p>
   </div>
   <div class='ocr_carea' id='block_1_115' title="bbox 912 2807 1076 2854">
    <p class='ocr_par' dir='ltr' id='par_1_115' title="bbox 912 2817 1076 2854">
     <span class='ocr_line' id='line_1_115' title="bbox 912 2817 1076 2854; baseline 0 -10"><span class='ocrx_word' id='word_1_896' title='bbox 912 2819 918 2844; x_wconf 68' lang='lat' dir='ltr'><strong>i</strong></span> <span class='ocrx_word' id='word_1_897' title='bbox 931 2818 995 2854; x_wconf 67' lang='grc' dir='ltr'>βίον.</span> <span class='ocrx_word' id='word_1_898' title='bbox 1013 2817 1076 2845; x_wconf 84' lang='lat' dir='ltr'><strong>Duc.</strong></span> 
     </span>
    </p>
   </div>
  </div>
