1857 3047
227 98 276 125 991

788 99 816 127 S.
837 98 1000 127 GRECORII
1019 94 1270 124 TllAUM-ATURGI

1795 93 1841 120 992

229 157 311 188 alias,
335 156 386 183 alia
419 165 546 184 a‘rumtuc
574 158 734 190 occasione,
752 157 852 184 frustra
874 156 1000 184 involuto.

1088 163 1141 181 νων
1154 152 1309 189 παραϐολάς
1322 160 1351 177 τε
1365 152 1481 178 συνεῖναι
1491 151 1538 178 καὶ
1555 151 1731 186 πραγμάτων
1743 151 1839 185 φύσεις.

229 203 273 230 Μ.
291 203 391 237 Spiritu
410 208 497 229 autem
517 204 670 238 prodigiose
694 208 720 230 ct
733 203 901 230 exsecrando
916 202 1008 229 omnia

229 249 286 275 lure
304 248 430 276 inferiora
446 249 524 283 plena
545 254 622 281 sunt;
639 250 681 276 15.
694 250 761 276 adeo
783 254 813 276 ut
828 257 860 276 ea
882 248 1009 282 colligere

229 300 308 320 nemo
335 297 432 328 queat;
449 294 504 320 imo
535 300 568 321 tte
598 296 709 322 otnnino
731 295 840 330 quidem
871 294 1008 328 cogitare,

1065 199 1163 235 ᾮήοην
1179 198 1208 225 δὲ
1222 197 1359 232 τηνάλλως
1377 196 1422 222 ἐπὶ
1437 196 1523 231 τούτῳ
1540 195 1684 231 φέρεσθαι,
1708 196 1755 222 καὶ
1767 197 1840 231 ωςὶᾳ

1062 246 1110 280 μὲν
1127 244 1226 279 γνῶσιν
1247 242 1377 274 ἕπεσθαι,
1403 241 1501 276 γνώσει
1527 241 1555 268 δὲ
1579 241 1677 273 πόνους
1698 242 1840 268 inducim-

1061 291 1127 318 θεῖν.

227 344 327 375 quanta
344 349 387 368 res
413 341 546 369 httmanas
563 342 715 370 absurditas
743 342 881 370 invaserit.
904 341 947 368 16.
974 339 1041 367 Nam
1068 346 1130 367 cum
1159 344 1264 364 mecum
1290 337 1347 372 ipse
1379 336 1523 370 aliquando
1547 340 1736 370 reputassem,
1765 340 1839 370 atque

227 388 440 421 existimassem,
455 396 498 416 me
520 389 646 416 omnibus
661 390 707 424 qui
731 394 793 416 ante
813 396 856 416 me
872 388 996 420 fuissent,
1027 386 1079 412 hac
1108 385 1134 411 in
1159 391 1189 411 re
1220 383 1410 418 sapientiorem
1428 390 1510 415 esse;
1537 382 1580 409 17.
1615 382 1778 409 inanimum
1799 382 1838 408 in-

226 434 302 467 duxi,
316 439 371 461 tum
387 435 529 469 parabolas
541 436 699 471 intelligere,
710 441 765 463 tum
778 444 868 464 rerum
882 439 1004 462 naturas.
1032 432 1076 459 18.
1090 431 1222 459 Ca‘terum
1241 431 1376 457 incassum
1400 430 1466 458 mihi
1489 429 1521 456 ad
1546 437 1604 456 eam
1634 436 1692 456 rem
1723 429 1837 456 animum

226 482 350 510 conferre
366 483 440 510 visus
458 491 540 516 sum;
557 484 641 518 quod,
661 490 690 511 ιιι
710 484 872 519 sapientiam
895 482 1009 510 scientia
1029 480 1164 515 sequitur,
1180 478 1216 506 ita
1233 478 1353 506 scientia:
1364 477 1477 505 comites
1489 476 1544 503 sint
1556 476 1670 503 labores.

533 530 648 558 CAPUT
668 531 701 558 ll.

261 575 286 601 Ι.
303 574 365 602 Haec
388 575 470 609 igitur
485 576 517 603 ad
540 577 612 604 hunc
633 577 744 604 modum
770 584 798 604 se
817 577 918 604 habere
935 576 1007 604 arbi-

226 623 327 652 tratus,
345 621 460 648 alterum
486 622 548 648 vita!
573 630 658 656 genus
690 629 831 656 capessere
858 622 1004 657 proposui,

224 665 383 700 deliciisque
406 672 505 694 memet
532 668 656 700 tradere,
684 668 828 702 variasque
853 669 1006 703 voluptates

225 711 350 745 experiri.
369 711 467 739 Verttm
483 720 556 740 nunc
577 713 669 740 omnia
685 713 743 740 haec
759 721 828 740 vana
851 721 911 741 esse
927 713 1005 740 intel-

224 756 277 783 lexi
299 766 306 784 :
333 757 360 784 2.
384 757 472 791 Atque
488 758 552 785 hinc
579 758 663 785 risum
687 759 824 792 solutum,
851 763 1004 794 temereque

225 807 365 836 vagantem
388 803 561 836 compescui;
583 803 646 830 hinc
663 803 827 838 voluptatem
844 804 878 831 ad
902 809 1004 838 tempe-

225 847 339 874 rantiam
363 849 487 879 coercui,
516 848 665 882 acerbeque
689 848 714 875 ei
739 849 891 876 succcnsni.
917 849 944 876 5.
963 850 1003 876 Ad

224 893 291 925 haec,
320 901 382 920 cum
406 901 465 920 eam
493 893 545 920 vim
573 901 633 921 esse
656 894 753 921 animae
781 895 958 930 cogitassem,
975 901 1004 922 ιιι

224 938 398 966 temulentam
420 940 543 974 corporis
569 943 694 966 naturam
726 945 807 975 atque
835 941 922 968 instar
948 942 1003 968 viui

223 984 404 1016 dimuentem,
428 985 524 1012 sistere
549 986 634 1020 possit
661 993 810 1021 rursusque
839 987 1003 1015 continentia

222 1031 397 1065 cupiditatem
410 1031 507 1066 subjici
528 1039 561 1059 ac
577 1032 707 1059 servitute
722 1032 823 1067 premi;
836 1033 1002 1068 perspicien-r

223 1077 286 1103 dum
303 1077 368 1103 mihi
387 1084 448 1104 esse
468 1078 615 1109 constittti,
634 1078 764 1114 quidnam
786 1079 893 1107 tandem
916 1080 1003 1107 homi-

223 1123 303 1150 nibus
320 1124 486 1158 propositum
512 1125 547 1151 sit
571 1125 689 1158 serium,
713 1133 829 1160 vereque
855 1126 955 1153 bonum
976 1131 1003 1154 et

224 1169 377 1202 honestum,
391 1171 463 1205 quod
476 1171 502 1198 in
514 1171 565 1198 hac
580 1171 634 1198 vita
646 1171 801 1198 conﬁciant.
815 1171 883 1199 Nam
898 1173 1001 1208 reliqua

221 1214 330 1248 omnia,
353 1223 414 1250 qua}
436 1216 564 1250 przeclara
585 1222 612 1244 et
634 1217 814 1245 admiratione
833 1218 912 1253 digna
936 1227 1002 1246 cen-

221 1265 326 1294 sentur,
344 1262 480 1295 percurri;
493 1261 521 1288 4.
537 1261 616 1289 Velut
633 1263 883 1290 excelsissimarum
902 1264 999 1291 aedium

221 1306 381 1340 erectiones,
397 1312 422 1334 et
433 1308 527 1335 vitium
541 1308 726 1341 consitiones;
750 1310 775 1336 5.
789 1310 877 1344 Atque
890 1310 1001 1345 insuper

221 1352 541 1385 hortorum'strueturas,
554 1353 800 1390 frugiferarumque
813 1356 902 1383 omnis
920 1364 1001 1391 gene-

220 1397 258 1423 ris
270 1397 397 1424 arborum
411 1398 606 1432 possessiones,
616 1399 805 1433 studiosasque
817 1399 998 1432 excultiones;

221 1442 247 1469 6.
263 1441 313 1469 Ubi
327 1443 408 1469 etiatn
430 1443 551 1477 ingentes
568 1443 642 1471 lacus
661 1444 693 1470 ad
715 1451 845 1478 aquarum
862 1443 998 1478 exceptio-

220 1496 268 1516 nes
283 1488 400 1516 confecti
419 1494 492 1521 sunt,
505 1490 537 1516 ad
557 1490 665 1517 uberem
679 1495 704 1517 et
717 1491 855 1525 copiosam
871 1490 997 1517 arborum
1013 1500 1034 1527 ο

219 1535 378 1569 rigatiouem
393 1535 540 1562 distributi.
561 1535 586 1562 7.
603 1534 662 1562 1am
678 1544 741 1563 vero
756 1535 919 1563 famulorum
933 1544 1000 1571 quo-

219 1588 272 1615 que
295 1581 401 1615 agmine
423 1586 514 1615 septus
540 1581 577 1608 l'ui
591 1602 597 1613 ,
617 1586 672 1608 tum
693 1583 778 1610 servis
801 1587 859 1609 tum
880 1583 999 1616 ancillis;

219 1635 322 1662 eoaque
339 1627 436 1662 partim
451 1632 561 1654 externe
573 1628 739 1662 comparavi,
759 1628 855 1662 partim
872 1629 942 1663 apud
958 1637 1002 1656 me

220 1678 299 1701 natos
313 1673 431 1708 possedi.
448 1673 602 1706 Quinetiam
616 1674 707 1708 plures
722 1673 927 1707 quadrupedum
943 1675 1002 1702 ani-

220 1718 352 1745 mantium
382 1726 496 1753 greges,
514 1722 572 1745 tum
595 1718 677 1746 boum
702 1724 758 1745 tum
790 1719 939 1754 pecudum,
973 1721 1000 1747 in

221 1771 321 1797 meam,
341 1771 423 1798 quam
439 1764 464 1790 in
483 1764 644 1799 cujusquam
660 1771 754 1791 eorum
773 1765 819 1799 qui
834 1765 898 1792 olim
916 1767 1001 1793 exsti-

220 1814 327 1842 terunt,
351 1814 509 1844 potestatem
524 1815 665 1837 venerunt.
691 1810 717 1837 8.
732 1809 783 1838 Sed
796 1816 822 1838 et
839 1812 897 1838 auri
913 1817 940 1839 et
955 1820 1000 1839 ar-

219 1857 292 1891 genti
320 1857 439 1884 thesauri
456 1857 522 1884 milti
552 1857 714 1888 afﬂuebant,
739 1862 831 1892 utpote
855 1859 900 1893 qui
925 1867 1000 1894 reges

220 1910 315 1928 omnes
331 1909 364 1928 eo
378 1901 562 1934 adduxissem,
576 1905 605 1928 ut
618 1902 684 1928 mihi
697 1907 724 1930 et
737 1911 848 1930 munera
860 1904 998 1938 all'errent,

219 1952 246 1973 et
263 1947 364 1973 tributa
384 1946 579 1981 persolverent.
599 1945 731 1974 Prteterca
751 1948 827 1975 chori
848 1949 999 1983 complures

219 1992 252 2019 ad
265 2000 352 2019 meam
366 1993 573 2020 oblectationem
588 1993 767 2027 agitabantur,
783 1993 903 2021 virorum
919 1995 1000 2022 simul

219 2044 246 2066 et
262 2037 437 2071 feminarum,
456 2037 698 2065 concinnissimttm
712 2044 821 2066 cantum
836 2044 863 2066 et
878 2040 1001 2067 modula-

220 2085 355 2112 tissimum
376 2084 559 2111 efﬁcientium.
579 2083 710 2111 Convivia
723 2092 803 2119 porro
817 2089 842 2112 et
857 2085 1000 2119 pincernas

219 2131 296 2166 (nam
310 2139 341 2158 ea
358 2131 383 2157 in
407 2131 474 2157 hanc
495 2130 640 2165 voluptatis
661 2136 765 2165 partem
786 2131 944 2167 retuleram)
964 2140 996 2159 ex

1358 525 1480 551 ΚΕΦΛΛ.
1505 524 1542 550 B'.

1093 571 1179 598 Τοῦτο
1200 571 1231 606 δὴ
1253 570 1325 597 τοῦθ’
1341 570 1426 601 οὕτως
1448 569 1520 604 ἔχειν
1541 569 1672 604 νομίσας,
1691 569 1776 602 ἔγνων
1795 568 1838 594 ἐπὶ

1058 617 1154 653 ἑτέραν
1186 617 1256 644 ἰδέαν
1280 615 1431 652 τραπέσθαι
1462 615 1536 650 βίου,
1569 615 1615 641 καὶ
1644 615 1768 641 ἐκδοῦναι
1793 614 1839 649 μὲν

1056 662 1175 697 ἐμαυτὸν
1191 662 1291 697 τρυφῇ,
1312 661 1408 696 πεῖραν
1425 659 1454 685 δὲ
1469 659 1559 685 λαὸεἶν
1579 659 1682 693 ἡδονῶν
1703 659 1838 684 ποικίλων.

1056 707 1112 734 Νῦν
1127 708 1217 734 τοίνυν
1235 707 1339 741 συνῆκα
1359 705 1396 736 ὡς
1415 705 1449 731 τὰ
1462 704 1572 731 τοιαῦτα
1593 704 1696 739 μάταια
1721 703 1840 738 σύμπαν-

1054 762 1088 780 τα
1098 763 1104 769 ·
1117 754 1163 780 καὶ
1177 753 1282 788 γέλωτα
1300 752 1348 788 μὲν
1359 751 1423 786 εἰκῆ
1437 751 1587 786 φερόμενον
1600 751 1728 785 ἐπέσχον,
1748 751 1839 785 ἡδονὴν

1055 799 1083 826 δὲ
1098 799 1165 834 πρὸς
1184 798 1213 825 τὸ
1233 798 1379 834 σωφρονεῖν
1398 797 1524 830 ἐκόλασα,
1546 796 1652 832 πικρῶς
1674 797 1839 831 ἐπιτιμήσας

1053 844 1132 878 αὐτῇ.
1162 843 1345 878 Λογισάμενος
1378 841 1422 872 δὲ,
1444 841 1485 867 ὅτι
1507 840 1580 876 ψυχὴ
1604 840 1715 866 δύναται
1746 840 1838 874 στῆςαι

1056 887 1206 923 μεθύουσαν
1223 888 1271 914 καὶ
1289 886 1402 922 ῥέουσαν
1413 885 1506 921 ὥσπερ
1520 883 1590 912 οἶνον
1611 885 1738 920 σώματος
1751 885 1837 919 φύσιν,

1053 934 1200 969 ἐγκράτεια
1223 933 1251 959 δὲ
1276 931 1416 959 δουλοῦται
1450 931 1611 967 ἐπιθυμίαν·
1646 931 1837 966 προεθυμήθην

1052 979 1180 1011 κατιδεῖν,
1195 978 1220 1005 τι
1240 987 1304 1004 ποτε
1325 976 1367 1013 εἴη
1389 977 1567 1013 προκείμενον
1588 976 1744 1012 ἀνθρώποις
1761 985 1838 1002 amr

1052 1025 1134 1057 δαῖον,
1146 1026 1193 1051 καὶ
1204 1024 1243 1060 τῷ
1255 1024 1311 1050 δντι
1329 1024 1409 1050 καλὸν
1423 1024 1437 1050 ὃ
1454 1023 1674 1058 καταπράξονται
1691 1022 1769 1058 παρὰ
1782 1031 1837 1049 του-

1052 1070 1109 1098 τονὶ
1121 1069 1167 1095 τὸν
1190 1068 1256 1104 βίον.
1277 1067 1456 1102 Διεξελήλυθα
1470 1067 1523 1103 γὰρ
1543 1067 1577 1093 τὰ
1591 1067 1674 1094 λοιπὰ
1696 1068 1836 1102 σύμπαντα

1051 1115 1089 1142 Ba"
1101 1115 1251 1149 αξιάγαστα
1262 1114 1412 1149 νομίζεται,
1427 1115 1506 1141 οἴκων
1519 1122 1548 1140 τε
1565 1113 1751 1149 ὑπερνᾴήλων
1764 1115 1838 1149 ἀνορ-

1051 1160 1148 1192 (idmst;
1171 1161 1218 1187 καὶ
1239 1160 1350 1195 φυτείας
1377 1160 1525 1195 ἀμπέλων,
1549 1159 1588 1185 ἔτι
1612 1159 1641 1186 δὲ
1667 1160 1836 1195 παραδείσων

1050 1205 1222 1237 κατασκευὰς
1237 1225 1244 1237 ,
1276 1205 1323 1232 καὶ
1348 1205 1481 1232 παντοίων
1512 1205 1627 1240 δένδρων
1654 1205 1836 1240 καρποφόροι-ι

1052 1254 1160 1289 κτήσεις
1185 1253 1232 1279 καὶ
1258 1251 1430 1286 ἐπιμελείας·
1463 1252 1529 1277 ὅπου
1562 1251 1591 1277 δὲ
1621 1251 1668 1277 καὶ
1696 1250 1836 1285 δεξαμεναὶ

1053 1297 1166 1333 μεγάλαι
1188 1297 1256 1332 πρὸς
1281 1296 1414 1331 ὑποδοχὰς
1433 1296 1536 1323 ὑδάτων
1559 1296 1835 1330 κατεσκευάσθησαν.

1050 1346 1090 1376 εἰς
1106 1343 1203 1378 δαψιλῆ
1219 1342 1328 1378 ἀρδείαν
1346 1342 1400 1368 τῶν
1417 1341 1507 1377 φυτῶν
1521 1341 1772 1376 ἀπονενεμημέναι.
1790 1341 1835 1368 Πε-

1051 1389 1213 1425 ριεόαλόμην
1230 1388 1259 1414 δὲ
1271 1389 1318 1414 καὶ
1338 1387 1450 1414 οἰκετῶν
1468 1387 1584 1422 πλῆθος,
1604 1386 1775 1422 θεράποντας
1794 1388 1836 1412 καὶ

1049 1435 1231 1471 θεραπαίνας·
1247 1434 1341 1466 ἄλλους
1359 1434 1407 1470 μὲν
1423 1433 1522 1465 ἔξωθεν
1546 1433 1728 1469 κτησάμενος,
1745 1434 1835 1463 ἄλλους

1049 1481 1078 1508 δὲ
1092 1482 1138 1508 καὶ
1158 1482 1222 1516 παρ’
1235 1480 1346 1516 ἐμαυτῷ
1362 1479 1524 1514 γενομένους
1542 1479 1596 1514 (91)
1608 1480 1835 1514 καρπωσάμενος.

1051 1525 1131 1552 Ζώων
1142 1525 1171 1552 δὲ
1187 1525 1357 1561 τετραπόδων
1378 1524 1483 1558 ἀγέλαι,
1500 1523 1596 1550 πολλαὶ
1610 1524 1658 1558 μὲν
1679 1524 1836 1558 βουκολῐων.

1051 1570 1146 1598 πολλαὶ
1165 1571 1193 1597 δὲ
1213 1571 1345 1606 ποιμνίων
1370 1570 1423 1596 ὑπὸ
1446 1570 1496 1605 τὴν
1520 1569 1589 1605 ἐμὴν
1611 1567 1693 1605 ἦλθον
1715 1570 1837 1602 ἐξουσίαν

1051 1617 1115 1653 παρ’
1132 1616 1252 1644 ὁντινοῦν
1264 1616 1318 1643 τῶν
1329 1615 1421 1642 πάλαι.
1437 1615 1574 1650 Θησαυροί
1587 1623 1615 1640 τε
1629 1615 1732 1650 χρυσοῦ
1745 1624 1778 1642 τε
1794 1616 1837 1641 καὶ

1050 1663 1171 1699 ἀργύρου
1195 1662 1379 1698 προσέρρεον,
1403 1661 1566 1697 δορυφόρους
1586 1661 1642 1696 (9'2)
1666 1661 1697 1687 τέ
1725 1670 1773 1696 μοι
1795 1662 1837 1687 καὶ

1049 1709 1255 1745 δασμοφόρους,
1275 1709 1337 1739 τοὺς
1360 1708 1485 1734 ἁπάντων
1503 1707 1621 1741 βασιλεῖς
1647 1708 1836 1743 πεποιημένῳ.

1049 1755 1132 1789 Χοροί
1157 1763 1186 1781 τε
1208 1753 1417 1789 συνεκροτοῦντο
1442 1752 1634 1788 παμπληθεῖς,
1657 1753 1786 1788 ἀρρένων
1812 1754 1835 1779 δέ

1049 1809 1079 1827 τε
1093 1801 1146 1836 (93)
1160 1800 1226 1836 ὁμοῦ
1240 1799 1287 1827 καὶ
1299 1799 1410 1835 Θηλειῶν
1419 1799 1459 1831 εἰς
1468 1799 1516 1834 τὴν
1528 1799 1597 1834 ἐμὴν
1609 1799 1717 1834 τέρᾷιν,
1728 1808 1832 1835 παναρ-

1051 1846 1138 1882 μόνιον
1163 1845 1346 1872 ὲκπονοὺντων
1375 1845 1455 1880 ᾠδήν.
1503 1844 1645 1879 Συμπόσιά
1664 1853 1696 1878 γε
1720 1845 1776 1880 μὴν
1793 1846 1835 1871 καὶ

1049 1892 1182 1927 οἰνοχόους
1203 1893 1243 1923 εἰς
1263 1891 1343 1918 τοῦτο
1369 1889 1492 1923 ἀπέταξα
1505 1890 1555 1926 τῆς
1576 1890 1683 1924 τρυφῆς
1702 1890 1789 1925 μέρος
1810 1890 1836 1921 ἐξ

1049 1938 1177 1973 ἑκατέρου
1203 1937 1297 1972 γένους
1321 1936 1470 1972 ἀνθρώπων
1495 1935 1717 1970 ἐξειλεγμένους,
1732 1936 1788 1962 0w
1806 1937 1834 1962 ἄν

1049 1984 1209 2017 καταλέγειν
1221 1983 1321 2018 ἔχοιμι,
1333 1982 1459 2009 τοσοῦτον
1473 1981 1639 2017 ὑπερέϐαλον
1653 1980 1763 2013 τούτοις
1777 1983 1835 2012 τοὺς

1049 2030 1101 2065 πρὸ
1123 2029 1190 2065 ὲμοῦ
1218 2029 1428 2064 βασιλεύσαντας
1462 2027 1647 2063 Ἰερουσαλήμ..
1667 2025 1736 2054 Εἶτα
1764 2027 1835 2054 συνέ-

1049 2076 1134 2107 ϐαινε,
1150 2075 1184 2102 τὰ
1199 2075 1247 2111 μὲν
1259 2076 1308 2110 τῆς
1320 2075 1414 2109 σοφίας
1427 2083 1472 2110 μοι
1487 2074 1673 2105 ἐλαττοῦσθαι,
1691 2074 1832 2109 πληθύνειν

1048 2122 1076 2148 δὲ
1087 2121 1120 2148 τὰ
1131 2122 1180 2156 τῆς
1195 2121 1246 2148 οὐκ
1260 2121 1364 2156 ἀγαθῆς
1383 2120 1539 2155 ἐπιθυμίας.
1561 2120 1647 2146 Παντὶ
1663 2119 1719 2155 γὰρ
1736 2119 1832 2153 ὀφθαλ-

219 2182 336 2212 ntroqne
357 2177 498 2203 hominum
522 2184 586 2204 sexu
607 2176 743 2207 delectos,
768 2183 794 2204 et
810 2178 942 2210 eximios,
963 2186 997 2205 tte

1088 2176 1106 2193 ιν
1118 2175 1147 2193 τε
1165 2167 1342 2200 δελεάσματι,
1363 2169 1410 2192 καὶ
1433 2165 1545 2201 καρδίας
1575 2165 1706 2200 ἀκράτοις
1738 2166 1832 2200 ὁρμαῖς

219 2229 333 2248 numero
363 2221 472 2255 quidem
494 2221 635 2259 complecti
654 2221 773 2255 possim;
796 2222 822 2248 9.
835 2223 910 2249 Adeo
934 2223 995 2255 his.

219 2274 314 2294 omnes
333 2266 380 2301 qui
399 2272 461 2293 ante
480 2274 522 2294 me
536 2266 730 2302 Hierosolymis
751 2273 906 2303 regnarunt,
922 2274 997 2296 ante-

219 2313 308 2340 cellui.
324 2311 392 2339 Hinc
409 2317 499 2339 autetn
521 2313 709 2347 contingebat,
725 2318 755 2341 ut
769 2314 834 2341 tnihi
853 2319 879 2341 et
893 2307 998 2349 sapien-i

219 2358 254 2384 tia
280 2357 504 2388 imminueretur,
526 2362 552 2384 et
576 2359 673 2386 vitiosa
692 2359 826 2393 cupiditas
854 2364 995 2387 cresceret.

220 2402 338 2430 10.Nam
350 2411 412 2430 cum
427 2404 554 2431 omnibus
563 2404 703 2431 oculorum
719 2405 861 2437 illecebris,
873 2411 899 2432 et
912 2405 998 2440 impo-

218 2449 339 2476 tentibus
359 2448 597 2484 petulantibusque
608 2451 698 2478 cordis
713 2451 855 2478 desideriis
879 2451 997 2486 undique

219 2495 434 2527 incursantibus,
448 2500 518 2523 totas
535 2496 655 2524 habenas
669 2498 864 2532 permisissem,
877 2505 908 2524 ac
922 2497 996 2525 volu-

234 2593 310 2635 _(9l)
330 2594 524 2629 Γενομένους.
555 2595 620 2622 Cod.
647 2595 759 2627 Medic,
783 2594 918 2629 γενέσθαι.
944 2594 998 2622 DU-

218 2636 300 2656 (ZEUS.

256 2664 311 2699 (θῖ)
331 2666 527 2700 Δορυερόροινς.
543 2665 694 2700 Scripserat
710 2667 735 2692 in
749 2666 869 2700 trargine
881 2665 941 2692 libri
954 2665 996 2691 sui

221 2699 332 2727 Basilete
347 2701 438 2737 ext-usi
463 2700 575 2728 Dillius:
601 2699 670 2734 Quid
693 2702 716 2727 si
736 2699 926 2737 δωροῷόρουςῖ
949 2700 996 2727 sed

219 2739 372 2762 transversa
385 2736 455 2762 linea
469 2737 652 2770 conjecturam
668 2744 743 2763 suam
755 2736 900 2770 jugularat.
916 2743 996 2769 quam

221 2775 311 2806 tamen
327 2771 354 2806 in
375 2778 423 2797 stta
444 2771 664 2804 interpretatione
683 2776 791 2798 secutus
807 2777 856 2797 est.
879 2771 907 2797 Si
922 2770 998 2806 δορυ-

222 2804 317 2840 ιίόρους
332 2805 414 2839 legas,
430 2805 555 2833 satellites
570 2807 609 2834 vel
623 2807 784 2841 apparitores
804 2804 997 2841 intelligeSIAt

1047 2214 1133 2247 ἐφιεὶς
1149 2213 1316 2247 πανταχόθεν
1338 2211 1587 2247 προσπιπτούσαις,
1608 2211 1712 2245 ἡδονῶν
1731 2211 1833 2237 ἐλπίσιν

1047 2257 1161 2292 ἐμαυτὸν
1191 2256 1360 2288 ἐκδεδωκώς·
1387 2257 1434 2283 καὶ
1466 2257 1565 2288 πάσαις
1590 2257 1710 2291 τρυφαῖς
1739 2256 1833 2282 δειλαί-

1047 2313 1090 2336 αις
1112 2303 1192 2339 (94),
1227 2304 1277 2339 τὴν
1309 2303 1427 2338 ἐμαυτοῦ
1462 2303 1628 2337 ἐγκατέδησα
1662 2303 1830 2338 προαίρεσιν.

1047 2350 1124 2376 Οὕτω
1149 2350 1203 2385 γάρ
1232 2358 1281 2384 μου
1313 2350 1340 2375 αἱ
1376 2349 1559 2383 ἐνθυμήσεις,
1593 2349 1633 2379 εἰς
1663 2348 1832 2384 δυσπραγίαν

1047 2394 1214 2429 ἠνέχθησαν,
1230 2393 1268 2426 ὡς
1290 2393 1376 2420 ταῦτα
1401 2393 1451 2429 μὲν
1472 2390 1541 2419 εἶναι
1575 2392 1663 2423 καλὰ,
1691 2393 1782 2419 ταῦτα
1808 2392 1832 2418 δέ

1049 2449 1092 2476 μοι
1119 2442 1265 2475 προσήκειν
1293 2438 1504 2474 διαπράττεσθαι
1528 2439 1659 2474 νομίζειν.
1683 2438 1752 2466 Εἶτα
1774 2438 1832 2465 ποτὲ

1047 2486 1183 2521 ἀνανήψας
1206 2485 1260 2520 ἐγὼ
1286 2485 1331 2512 καὶ
1355 2485 1526 2519 ἀναϐλέψας,
1558 2484 1682 2511 κατεῖδον
1708 2486 1784 2521 ἆπερ
1807 2485 1832 2510 ἐν

1047 2594 1210 2630 suﬁragatur
1223 2594 1299 2621 alteri
1313 2594 1422 2621 lectioni
1437 2593 1578 2630 Scriptura
1593 2593 1624 2620 lli
1640 2593 1713 2630 Reg.
1728 2603 1768 2626 ix,
1781 2595 1831 2622 '25:

1048 2629 1081 2656 Et
1098 2629 1184 2656 omnes
1202 2638 1272 2664 reges
1291 2635 1366 2656 teme
1385 2631 1534 2664 querebanl
1556 2629 1651 2663 facient
1667 2629 1830 2661 Salomonis,

1046 2669 1071 2692 et
1083 2665 1199 2699 ferebant
1212 2665 1290 2691 dona.
1308 2664 1345 2691 In.

1083 2700 1140 2739 (_9_5)
1164 2699 1302 2739 Ἆρῤένωγ
1316 2700 1349 2739 ᾷέ
1362 2708 1404 2727 τε.
1426 2699 1521 2726 Medic.
1538 2699 1598 2726 cod.
1619 2699 1712 2727 deleto
1726 2700 1757 2727 δὲ
1772 2700 1831 2735 legit

1048 2735 1082 2771 ὰῤ
1104 2735 1169 2761 ένων
1182 2743 1211 2761 τε
1225 2734 1303 2770 ὁμοῦ.
1318 2734 1355 2761 In.
1424 2742 1431 2749 '
1802 2734 1808 2735 ί

1049 2804 1065 2808 _
1083 2736 1138 2808 filii)
1159 2770 1314 2808 Aedat‘atg:
1338 2769 1430 2808 §avilii
1446 2770 1528 2808 cedes
1549 2769 1828 2808 Attplictts_5sﬂaw¢.

1049 2804 1131 2833 Paulo
1146 2809 1207 2840 post
1220 2813 1272 2832 ms.
1289 2805 1396 2838 Medic.,
1410 2805 1533 2840 μοχθηρά
1544 2812 1572 2831 τε
1589 2804 1666 2839 ὁμοῦ.
1686 2804 1725 2833 In.
