1857 3047
23 128 35 145 )

23 177 79 204 »σὶν
112 175 204 213 εἶχον,
230 177 363 213 ’μοχθηρά
397 177 464 213 ὁμοῦ
503 177 550 204 καὶ

23 223 146 258 εύματος
159 223 207 250 οὐκ
225 223 326 258 ἀγαθοῦ
346 224 493 258 ποιήματα.
509 223 592 249 Οὐδὲν
608 222 661 258 γὰρ
686 221 774 248 ὁτιοῦν

23 269 29 279 ⁸
54 268 211 303 ἀνθρώπων
232 269 381 305 ᾑρημένον,
402 268 550 294 ἀποδεκτὺν
570 266 638 294 εἷναί
660 275 704 302 μοι
727 266 774 293 νῦν

23 315 186 348 ταφαίνεται
211 314 256 340 καὶ
283 314 513 350 περισπούδαστον
539 313 610 349 ὀρθῷ
643 311 772 347 λογισμῷ.

23 360 220 394 λλογισάμενος
244 356 290 386 οὖν
313 358 348 385 τά
370 367 398 385 τε
422 358 517 392 σοφίας
540 357 645 392 ἀγαθὰ,
669 356 716 383 καὶ
740 356 775 382 τὰ

25 406 146 441 ροσύνης
164 405 244 436 κακὰ,
260 405 371 437 εἰκότως
387 405 419 432 ἂν
435 404 534 435 ἱκανῶς
551 403 714 439 θαυμάζοιμι
729 402 776 430 ἄν·

23 461 37 477 α
58 452 197 484 τοιοῦτον,
211 451 240 482 ὃς
255 460 297 482 τις
309 451 457 486 φερόμενος
471 449 589 484 ἀλόγως’
603 449 698 475 ἔπειτα
717 449 775 474 ἐαυ-

23 497 33 522 3
47 496 217 531 λαϐόμενος,
238 496 277 526 είς
290 496 320 521 τὸ
339 495 398 521 δέον
420 494 577 530 ἐπιστρέψει
592 493 656 529 (95).
671 493 774 529 Φρονη-

23 551 53 572 υς
67 541 124 577 γὰρ
141 542 189 568 καὶ
202 540 357 576 ἀφροσύνης
385 540 498 588 rebus?)
514 540 607 588 μέσον,
619 538 733 588 διαφορά
746 538 775 564 δὲ

23 589 85 622 ηφοίν
101 586 233 622 τοσαύτη,
245 587 294 622 ὅση
311 595 363 621 περ
377 585 482 622 ἡμέρας
497 585 564 621 πρὸς
579 585 672 611 νύκτα.
683 585 774 611 Ἐοικε

23 634 73 659 ῖνυν
85 653 92 665 ,
109 634 124 659 ό
143 633 192 667 μὲν
210 632 309 668 ἀρετὴν
325 631 461 667 ᾑρημένος
472 651 479 662 ,
493 631 600 666 τρανῶς
621 639 651 657 τε
672 630 774 657 ἐκαστα

23 677 99 704 tivo)
115 676 240 712 βλέποντι
250 684 256 690 ·
273 676 335 711 τῆς’
350 684 381 701 τε
396 675 492 702 ἐαυτοῦ
505 675 634 710 πορείας,
649 675 774 710 λαμπρο-

23 732 64 748 του
87 723 208 758 φέγγους
231 722 320 758 καιρῷ
345 721 539 757 πεποιημένῳ·
561 722 575 747 ό
594 721 617 748 δ’
641 720 674 747 αὖ
691 721 775 756 κακίᾳ.

25 768 228 804 πεπλεγμένος,
240 769 287 794 καὶ
299 767 384 803 πλάνῃ
399 767 512 802 παντοίᾳ
527 767 563 798 ὡς
576 767 606 793 ὲν
622 768 774 802 σκοτομήνῃ

23 814 160 848 νανωμένῳ
172 834 180 847 ,
197 813 295 847 τυφλός
311 821 341 839 τε
357 812 394 839 ῶν
415 813 465 848 τὴν
489 811 637 848 πρόσοψιν,
659 811 707 838 καὶ
722 811 774 838 ὑπὸ

23 859 35 886 ὖ
52 860 166 891 σκότους
181 859 234 886 τῶν
248 859 417 896 πραγμάτων
427 858 602 895 ἀφῃρημένος
615 858 680 893 (96).
693 858 774 890 Τέλος

31 906 179 940 ἐπινοήσας
196 906 326 941 ἐκατέρου
341 905 394 931 τῶν
412 904 476 939 βίων
492 904 594 930 τούτων
609 903 704 938 ἐγὼ⁸τὺ
715 903 773 930 διά-

27 958 78 985 ρον.
92 947 279 986 εὗρονοὺδέν,
296 950 343 977 καὶ
357 950 394 981 ὡς
410 949 536 977 κοινωνὸν
549 950 672 985 ἀφρόνων
690 951 774 985 ἐμαυ-

23 1005 33 1021 ν
50 997 224 1032 καταστήσας
235 1015 242 1027 ,
259 996 293 1023 τὰ
316 996 366 1031 τῆς
383 996 538 1032 ἀφροσύνης
560 995 684 1032 ἐπίχειρα
703 995 774 1028 δέξο-

23 1050 49 1068 ιι.
69 1042 101 1068 Τί
113 1042 171 1078 γάρ
191 1043 207 1078 ἢ
228 1042 282 1069 τῶν
299 1043 473 1077 σοφισμάτων
487 1042 598 1068 ἐκείνων
619 1041 720 1076 ἀγαθὸν
731 1061 738 1073 ,
755 1043 772 1078 ἢ

23 1087 53 1113 ria.
65 1087 158 1123 δνησις
171 1088 225 1114 τῶν
241 1087 346 1115 πολλῶν
357 1088 454 1122 λόγων,
466 1088 533 1115 ὅπου
546 1096 579 1122 γε
593 1087 627 1114 τὰ
642 1087 774 1124 φλυαρίας

26 1133 120 1167 ύματα,
140 1133 235 1168 ὥσπερ
250 1134 282 1160 ἐκ
297 1133 388 1168 πηγῆς
401 1135 517 1169 ὁρμᾶται
534 1134 585 1169 τῆς
604 1134 772 1170 ἀφροσύνης;

23 1179 67 1213 icti)
79 1179 107 1205 δὲ
121 1179 170 1205 καὶ⁵
184 1179 281 1214 ἄφρονι
295 1179 383 1206 κοινὸν
390 1174 481 1211 ὀὺδὲν,
497 1180 528 1206 οὐ
543 1179 612 1206 κατά
624 1179 773 1216 ἀνθρώπων

23 1224 108 1258 ιήμην,
120 1224 151 1249 οὐ
165 1223 236 1250 κατά
246 1223 313 1250 Θεοῦ
329 1224 456 1260 ἀμοιὸήν.
471 1224 532 1251 Τῶν
544 1225 565 1251 δ’
580 1226 609 1251 ὲν
621 1224 773 1261 ἀνθρώποις

23 1270 157 1304 ραγμάτων
167 1290 174 1303 ,
192 1269 232 1296 ἔτι
246 1270 378 1305 ἄρχεσθαι
394 1270 542 1297 δοκούντων
552 1290 560 1303 ,
577 1271 625 1306 ἤδη
648 1271 678 1297 τὺ
696 1271 773 1303 τέλος

23 1315 169 1350 mnsam;
188 1316 327 1343 ἁπάντων.
351 1316 436 1351 Σοφὸς
452 1317 480 1343 δὲ
503 1316 630 1343 οὐδέποτε
651 1317 773 1352 ἀσυνέτῳ

23 1361 41 1387 δῦ
54 1362 131 1388 αὑτοῦ
146 1363 271 1388 κοινωνεῖ
290 1362 393 1394 τέλους.
414 1362 547 1398 Ἐμίσησα
561 1362 651 1388 τοίνυν
666 1362 712 1389 καὶ
728 1362 773 1389 τὸν

23 1406 135 1441 ἆμπαντά
149 1416 200 1443 μου
212 1408 278 1443 βίον,
286 1408 331 1434 τὸν
343 1409 372 1434 ἐν
386 1409 442 1440 τοῖς
453 1408 576 1443 ματαίοις
588 1408 771 1441 ἀναλωθέντα,

23 1453 158 1489 ιδιήγαγον
174 1456 232 1486 τοῖς
247 1455 312 1489 περὶ
326 1454 379 1489 γῆν
396 1455 487 1486 πόνοις
507 1454 707 1490 προστετηκὼς.
730 1454 773 1486 Ὧς

23 1499 48 1534 ‘zp
73 1500 205 1527 συνελόντι
236 1500 336 1535 φάναι,
364 1500 452 1527 πάντα
479 1509 522 1536 μοι
542 1500 669 1536 λυπηρῶς
691 1501 807 1543 ἐκμε-ρ

24 1545 120 1580 όχθηται
135 1547 226 1582 ὁρμῆς
245 1546 385 1581 ἀλογίστου
407 1547 538 1582 γενόμενα
554 1547 693 1582 ποιήματα
703 1555 710 1562 ·
727 1546 772 1573 καὶ

24 1593 135 1625 αδέξεταί
150 1603 196 1626 τις
211 1594 280 1621 αὺτά
297 1595 400 1629 ἕτερος,
412 1595 466 1620 εἴτε
484 1594 574 1628 σοφὸς,
591 1594 644 1620 εἴτε
658 1594 770 1629 ἠλίθιος,

24 1637 46 1669 ὰς
64 1639 163 1676 ψυχρὰς
178 1639 232 1667 τῶν
256 1639 330 1675 ἐμῶν
345 1640 476 1675 καμάτων
492 1640 667 1675 ἐπικαρπίας.
695 1641 773 1667 Ἀπο-

25 1682 130 1720 ιϐομένῳ
149 1685 179 1711 δέ
196 1693 241 1720 μοι
256 1684 343 1711 ταῦτα
359 1684 406 1711 καὶ
421 1684 618 1720 ἀπορρίψαντι,
634 1685 771 1721 κατεφάνη

25 1727 80 1764 ὶτῷ
94 1729 146 1757 δντι
163 1730 255 1765 ἀγαθὰ
275 1730 441 1766 προκείμενα
463 1730 613 1765 ἀνθρώπῳ,
631 1731 724 1766 σοφίας
742 1740 772 1758 τε

25 1773 108 1808 νῶσις,
124 1777 170 1802 καὶ
186 1776 282 1811 κτῆσις
303 1775 436 1812 ἀνδρείας.
454 1776 485 1802 Εἰ
503 1775 531 1802 δέ
547 1785 589 1807 τις
605 1776 705 1804 τούτων
723 1776 772 1813 μὲν

26 1819 49 1845 in
72 1821 234 1856 ἐφρόντισεν,
252 1821 352 1857 ἑτέρων
366 1821 394 1847 δὲ
408 1821 547 1856 ἐπτόηται,
566 1822 580 1847 ὁ
595 1821 712 1854 τοιοῦτος
736 1823 773 1849 εἵ-

26 1874 57 1892 ετο
73 1868 117 1902 μὲν
138 1867 245 1904 πονηρὰ
265 1868 326 1894 ἀντὶ
347 1867 455 1901 ἀγαθῶν
467 1886 475 1898 ,
503 1867 616 1903 μετῆλθε
630 1867 659 1894 δὲ
674 1869 772 1896 κακίαν

26 1913 58 1938 ντὶ
69 1914 255 1950 χρηστότητος,
264 1913 311 1940 καὶ
322 1913 420 1949 μόχθον
434 1913 490 1940 ἀνθ’
504 1913 626 1948 ἡσυχίας,
643 1913 771 1949 ταράχοις

27 1958 121 1991 οικῐλοις
139 1960 347 1996 περιελκόμενος
358 1979 366 1991 ,
382 1958 489 1995 νύκτωρ
503 1967 533 1985 τε
555 1959 602 1986 καὶ
626 1959 684 1995 μεθ’
705 1959 771 1995 ἡμέη

27 2012 51 2029 ιν
65 2007 233 2042 συνεχόμενος
248 2006 291 2032 ἀεὶ
302 2026 309 2038 ,
335 2004 460 2041 σώματός
481 2014 511 2032 τε
527 2005 665 2039 ἐπείγουσι
680 2005 772 2040 καμάα

27 2058 68 2081 κς,
83 2052 125 2078 καὶ
139 2053 228 2088 ψυχῆς
248 2052 387 2088 φροντίσιν
409 2051 605 2083 ἀδιαλείπτοις,
622 2050 771 2086 σφαδαζού-

28 2103 52 2129 ης
70 2097 136 2132 αὑτῷ
152 2098 202 2132 τῆς
223 2097 350 2133 καρδίας,
375 2097 524 2124 ἀλλοκότων
540 2097 620 2123 ἕνεκα
645 2096 771 2132 πραγμά-

28 2150 62 2168 ων.
81 2142 114 2168 Οὺ
129 2143 182 2179 γὰρ
197 2143 228 2169 τὸ
241 2143 343 2169 τέλειον
359 2142 460 2177 ἀγαθὸν
483 2143 545 2178 περὶ
562 2142 661 2178 βρῶσίν
675 2151 705 2169 τε
724 2142 770 2169 καὶ

29 2184 75 2211 όπιν
89 2187 181 2219 ἱζάνει·
201 2189 226 2214 εί
240 2188 287 2215 καὶ
305 2187 419 2223 μάλιστα
432 2188 464 2214 ἐκ
479 2187 544 2214 Θεοῦ
559 2188 711 2224 ἀνθρώποις
726 2187 767 2222 γί-
784 2181 806 2211 ί)

29 2238 84 2258 tvm
94 2234 119 2259 αι
131 2234 229 2270 τροφαί
239 2242 246 2249 ⁸
262 2234 337 2260 οὐδὲν
347 2233 400 2270 γὰρ
413 2233 466 2260 τῶν
479 2234 547 2270 πρὸς
560 2234 693 2269 σωτηρίαν
703 2234 767 2269 ἡμῖν

29 2276 137 2312 ἰδομένων
151 2281 202 2314 ἔξω
218 2281 267 2317 τῆς
282 2280 364 2308 αὐτοῦ
381 2281 498 2316 ὑπάρχει
515 2280 650 2316 προνοίας.
673 2280 740 2306 Ἀλλ’
754 2281 768 2307 ό

30 2321 53 2347 ὲν
65 2324 154 2358 ἀγαθὸς
169 2326 247 2362 ἀνὴρ,
260 2326 354 2360 σοφίας
364 2327 396 2352 ἐκ
410 2325 476 2352 Θεοῦ
492 2325 590 2361 τυχὼν,
603 2325 768 2361 εὐφροσύνης

30 2374 89 2402 τδχεν
101 2371 220 2407 οὐρανίου
231 2380 238 2387 ’
250 2374 264 2398 ό
278 2372 299 2397 δ’
313 2369 346 2398 αὖ
363 2371 479 2407 πονηρὸς
488 2391 496 2404 ,
512 2371 651 2406 θεηλάτοις
662 2371 768 2398 ἐλαυνό-

30 2419 79 2445 svo;
91 2419 194 2450 κακοῖς,
211 2416 367 2449 πλεονεξίαν
382 2417 477 2447 νοσῶν,
493 2415 576 2443 πολλά
594 2425 623 2442 τε
645 2416 767 2452 ἀθροῖσαι

31 2460 154 2496 πουδάξει,
170 2464 217 2491 καὶ
232 2463 278 2490 τὸν
300 2464 352 2490 ὑπὸ
368 2462 434 2490 Θεοῦ
458 2463 637 2498 τετιμημένον
650 2462 768 2489 ἐναντίον

31 2503 52 2528 οὗ
61 2504 154 2534 πάντων
175 2509 308 2536 Δεσπότου
322 2509 448 2536 ὀνειδίσαι
471 2508 597 2539 σπεύδει,
613 2507 686 2543 δῶρα
703 2516 768 2543 προ-

31 2549 91 2577 ίίνων
112 2553 245 2591 ἄχρηστα,
271 2555 366 2591 δολερὰ
387 2564 416 2581 τε
436 2553 504 2590 ὁμοῦ
526 2554 572 2580 καὶ
595 2553 697 2589 μάταια
719 2553 769 2588 τῆς

32 2597 94 2623 ιυτοῦ
108 2599 194 2633 ἀθλίας
208 2601 297 2636 ψυχῆς
312 2601 506 2636 σπουδάσματα
519 2599 710 2634 πεποιημένος.

47 2648 52 2662 ¹
66 2649 206 2688 Prov.xvn,
218 2655 268 2689 24;
285 2654 373 2683 Eccle.
388 2662 446 2688 vni,
462 2655 488 2682 1.

33 2704 92 2746 η(9⁵)
105 2709 202 2746 Ἄνδρα
214 2712 380 2740 τοιοῦτον...
391 2711 572 2746 ἐπιστρέψει.
590 2710 655 2738 Mss.
669 2718 725 2745 reg.
742 2715 770 2738 et

41 2739 210 2783 linanqﬁvépa
226 2747 328 2774 τοῦτον.
344 2739 404 2774 Mox
421 2739 485 2774 vero
501 2739 562 2774 cod.
577 2746 671 2774 Medic.
683 2766 690 2778 ,
700 2739 768 2772 υὲπι-

33 2775 245 2818 ττξθέῇίῃρῃυυοὶιιυε.

51 2810 268 2852 (πίτυςολόςγτε
281 2818 355 2846 ὢν...
374 2818 573 2854 ἀφῃρημένος.
594 2816 703 2844 Minime
719 2816 768 2844 du-

524 114 765 143 METAPHBASIS
785 114 819 142 IN
838 114 1103 144 ECCLESIASTEN.

605 176 765 212 παγχάλεπα
774 197 781 209 ,
798 178 820 207 Α
834 181 937 210 ptatum
949 177 1005 211 spei
1019 185 1062 204 me
1075 178 1162 212 ipsum
1174 177 1336 205 dedidissem

876 181 937 203 tum
949 177 1005 211 spei
1019 185 1062 204 me
1075 178 1162 212 ipsum
1174 177 1352 210 dedidissem;
1367 178 1473 206 miseris
1484 179 1609 207 omnibus

1556 119 1610 148 91H

824 222 926 250 deliciis
949 223 1033 250 animi
1056 223 1218 250 voluntatem
1245 220 1367 250 aStrinxi.
1400 223 1462 251 Mea:
1493 232 1610 259 namque

824 267 1001 301 cogitationes
1024 275 1057 295 eo
1081 267 1247 295 infelicitatis
1263 269 1395 304 prolapsze
1408 273 1488 303 sunt,
1507 274 1536 297 ut
1552 271 1609 299 haec

826 314 939 341 honesta
955 319 981 340 et
997 317 1114 350 egregia,
1132 315 1267 350 dignaque
1282 323 1342 350 quae
1357 315 1474 342 facerem
1490 317 1608 344 arbitra-

824 366 878 386 rer.
909 359 951 387 11.
969 359 1088 387 Tandem
1105 367 1169 387 vero
1185 360 1399 395 expergefactus,
1426 365 1507 396 atque
1522 362 1608 389 oculis

825 406 982 436 restitutus.
1008 413 1039 432 ea
1056 414 1117 440 qua:
1132 406 1159 432 in
1172 406 1298 433 manibus
1314 406 1457 439 habebam,
1474 407 1607 442 ﬂagitiosa

825 449 905 476 simul
928 450 1137 484 acerbitatisque
1166 451 1245 485 plena
1274 459 1334 478 esse
1355 452 1496 486 perspexi,
1526 452 1607 486 spiri-

825 499 920 530 tusque
930 503 981 522 non
991 496 1053 523 boni
1062 496 1178 530 opiticia.
1188 495 1280 531 Neque
1290 497 1361 523 enim
1371 497 1454 524 ullum
1466 497 1607 525 hominum

824 541 942 569 studium
967 541 1082 576 vitaeque
1104 542 1257 569 institutum
1282 543 1511 577 comprobandum
1540 545 1606 571 mihi

823 595 896 614 nunc
911 587 1026 619 videtur,
1055 595 1104 614 nec
1130 592 1203 615 recto
1222 588 1324 622 judicio
1349 590 1541 623 expetendum.
1561 591 1605 618 12.

823 632 938 660 Proinde
951 637 1039 659 mente
1052 633 1172 660 collectis
1183 637 1210 660 et
1222 634 1362 668 sapientia:
1379 635 1459 662 bonis
1475 642 1502 663 et
1517 636 1607 663 stulti-

824 678 868 705 tia:
882 678 971 710 malis,
989 685 1085 712 magna
1098 677 1170 706 hunc
1184 678 1272 705 virum
1287 679 1465 707 admiratione
1476 688 1605 715 prosecu-

825 728 867 751 tus
892 723 1008 754 fuerint.
1033 723 1080 758 qui
1103 731 1164 750 cum
1188 731 1307 758 princeps
1319 724 1434 752 ferretur
1454 729 1607 761 temereque

824 773 976 804 vagaretur,
999 774 1091 803 postea
1116 775 1205 796 mente
1220 774 1339 804 recepta,
1361 771 1394 797 ad
1407 771 1534 799 virtutem
1549 772 1607 799 olli-

823 814 950 849 ciumque
973 814 1061 841 rediit.
1091 814 1135 841 15.
1154 814 1300 842 Prudentia
1323 816 1395 842 enim
1420 820 1447 843 et
1470 817 1606 845 dementia

824 868 921 895 magno
938 859 1082 887 interstitio
1103 859 1244 894 disjunctte
1259 865 1333 893 sunt,
1357 869 1407 888 nec
1423 861 1514 889 minus
1535 862 1606 890 inter

824 911 966 942 utramque
986 910 1028 933 est
1049 906 1215 934 discriminis
1236 915 1320 941 quam
1342 907 1412 934 inter
1432 908 1502 935 diem
1515 913 1541 935 et
1556 917 1605 935 no-

823 957 904 979 ctem.
924 951 968 978 H.
981 951 1112 984 Quocirca
1126 951 1172 986 qui
1183 951 1309 979 virtutem
1321 953 1460 987 amplexus
1471 958 1522 986 est,
1535 953 1606 981 haud

823 997 889 1023 mihi
906 997 939 1023 ab
955 1003 988 1023 eo
1002 996 1110 1023 differre
1124 996 1240 1028 videtur.
1258 997 1306 1032 qui
1318 1005 1375 1024 rem
1388 1005 1607 1034 unamquamque

823 1042 965 1078 perspicue
986 1042 1084 1074 cernit,
1105 1049 1268 1077 sursumque
1294 1048 1462 1078 prospectat,
1487 1044 1607 1072 clarissi-

823 1093 927 1120 mzeque
940 1085 1008 1113 lucis
1026 1090 1145 1120 tempore
1158 1086 1209 1114 iter
1221 1087 1285 1114 facit
1299 1088 1317 1114 ¹.
1345 1087 1446 1115 Contra
1459 1089 1505 1123 qui
1521 1097 1550 1116 se
1565 1090 1606 1116 vi-

824 1131 861 1158 tio
878 1131 1007 1167 implicuit
1024 1131 1167 1166 omnisque
1181 1133 1288 1167 generis
1302 1134 1452 1166 erroribus,
1471 1134 1544 1161 haud
1561 1136 1607 1162 ab-

823 1176 920 1204 similis
947 1181 988 1203 est
1010 1176 1113 1203 homini
1134 1177 1160 1204 in
1182 1177 1316 1211 profunda
1333 1179 1446 1213 caligine
1459 1179 1605 1211 oberranti,

823 1222 921 1257 quippe
947 1222 993 1257 qui
1016 1223 1136 1250 caecitate
1161 1223 1273 1251 all‘ectus
1297 1225 1342 1257 sit,
1360 1229 1441 1259 atque
1456 1225 1606 1260 aitegotio-

822 1275 883 1295 rum
909 1267 1026 1295 tenebris
1050 1267 1219 1295 exoculatus.
1251 1269 1294 1297 15.
1319 1269 1439 1305 Denique
1464 1270 1607 1306 utriusque

823 1312 920 1340 harum
933 1313 1049 1340 vitarum
1063 1313 1242 1341 differentiam
1254 1315 1346 1342 animo
1368 1319 1525 1347 assecutus,
1538 1317 1605 1343 nihil

823 1364 917 1395 postea
941 1361 1028 1395 reperi
1040 1379 1048 1393 ,
1075 1361 1140 1395 quin
1157 1361 1222 1388 illud
1242 1363 1331 1396 potius
1352 1361 1422 1395 fore,
1435 1367 1464 1390 ut
1478 1363 1500 1391 si
1517 1371 1559 1390 me
1572 1364 1605 1390 ad

823 1406 968 1434 stultorum
995 1406 1150 1434 societatem
1178 1415 1211 1435 ac
1233 1407 1389 1435 sodalitium
1419 1409 1604 1442 contulissem,

823 1453 944 1480 stultitiae
960 1453 1070 1488 praemia
1086 1454 1264 1489 perciperetn.
1294 1454 1363 1487 Quid
1383 1455 1453 1482 enim
1474 1463 1506 1483 ex
1526 1463 1606 1491 argu-

824 1499 870 1526 tiis
889 1499 943 1526 illis
958 1499 1093 1526 commodi
1109 1500 1222 1534 referri,
1240 1504 1288 1528 aut
1300 1500 1364 1535 quid
1379 1499 1484 1529 fructus
1494 1508 1528 1529 ex
1542 1509 1606 1536 pro-

822 1545 885 1572 lixis
896 1545 1068 1572 sermonibus
1083 1545 1172 1580 colligi
1188 1550 1294 1580 potest;
1311 1553 1373 1573 cum
1389 1546 1496 1580 quidem
1509 1546 1607 1580 loqua-

822 1591 912 1618 citatis
938 1591 1097 1625 importunae
1120 1591 1231 1618 ﬂumina
1257 1591 1291 1618 ab
1314 1591 1469 1627 insipientia
1490 1592 1563 1619 velut
1589 1601 1604 1619 a

822 1637 897 1664 fonte
920 1637 1061 1664 oriantur?
1084 1636 1127 1664 16.
1145 1636 1264 1672 Sapienti
1285 1646 1364 1672 porro
1385 1642 1412 1665 et
1425 1638 1523 1667 stolido
1537 1639 1604 1666 nihii

822 1690 965 1710 commune
986 1687 1044 1716 est,
1068 1691 1116 1710 nec
1141 1688 1272 1718 quantum
1295 1683 1330 1711 ad
1345 1683 1483 1711 hominum
1502 1692 1605 1712 memo-

822 1729 910 1762 riam,
935 1737 985 1756 nec
1007 1733 1138 1764 quantum
1160 1730 1193 1756 ad
1207 1729 1253 1756 Dei
1267 1730 1522 1757 remunerationem.
1551 1729 1605 1758 Res

822 1780 912 1803 autem
929 1775 1062 1803 humanas
1078 1783 1140 1803 eum
1155 1776 1243 1803 adhuc
1259 1776 1325 1803 oriri
1339 1776 1480 1808 videntur,
1504 1777 1559 1811 jam
1573 1777 1605 1804 ii-

821 1818 864 1846 nis
879 1819 982 1852 arripit.
1015 1818 1128 1853 Sapiens
1143 1827 1223 1852 porro
1239 1819 1359 1855 ejusdem
1382 1828 1444 1847 cum
1460 1821 1559 1848 stolido
1573 1821 1605 1848 fi—

822 1864 864 1891 nis
878 1872 1015 1899 nunquam
1028 1869 1068 1893 est
1078 1865 1223 1900 particeps.
1246 1866 1288 1893 l7.
1301 1865 1391 1899 Quare
1402 1866 1483 1894 vitam
1496 1874 1602 1894 omnem

821 1918 910 1938 meam
927 1912 1063 1939 exsecrari
1079 1912 1147 1946 coepi
1158 1932 1166 1944 ,
1182 1920 1262 1947 quam
1278 1913 1304 1940 in
1322 1913 1405 1940 rebus
1420 1913 1496 1941 vanis
1513 1913 1600 1942 tradu-

821 1964 913 1983 xeram
927 1961 1008 1992 atque
1019 1964 1240 1992 eonsumpseram
1250 1978 1258 1991 ,
1283 1959 1396 1986 terrenis
1410 1959 1547 1986 laboribus
1560 1959 1602 1985 in-

821 2002 973 2030 tabescens.
1002 2002 1044 2029 18.
1062 2002 1166 2030 Etenim
1190 2007 1220 2030 ut
1244 2011 1298 2030 uno
1322 2004 1406 2031 verbo
1429 2004 1602 2039 complectar,

820 2047 911 2074 omnia
936 2046 1003 2074 mihi
1020 2054 1117 2082 magna
1135 2055 1197 2075 eum
1223 2048 1345 2075 molestia
1369 2048 1508 2075 elaborata
1528 2052 1602 2079 sunt,

821 2093 951 2127 praecipiti
983 2093 1065 2120 animi
1090 2094 1190 2128 impetu
1211 2093 1246 2120 ita
1272 2101 1314 2120 me
1341 2093 1529 2128 pertrahente;
1558 2093 1601 2120 19.

820 2138 908 2172 Atque
924 2146 955 2166 ea
971 2138 1041 2166 alius
1056 2144 1217 2173 excepturus
1229 2142 1280 2171 est,
1297 2138 1404 2172 sapiens
1421 2145 1454 2164 an
1468 2145 1562 2165 excors
1576 2141 1603 2164 et

820 2185 945 2217 stolidus,
958 2185 1060 2218 nescio;
1078 2185 1200 2220 frigidos,
1213 2184 1335 2219 inquam,
1346 2183 1468 2211 lab‘orum
1479 2191 1601 2211 meorum

820 2230 936 2258 fructus.
965 2230 1012 2258 His
1025 2235 1115 2258 autem
1137 2230 1260 2257 excussis
1276 2234 1356 2264 atque
1369 2229 1513 2264 proiectis,
1534 2229 1602 2256 mihi

819 2283 883 2303 vera
900 2275 970 2303 bona
987 2275 1143 2303 hominibus
1170 2276 1306 2310 proposita
1324 2278 1522 2309 apparuerunt;
1549 2273 1602 2301 hoc

819 2326 871 2355 est,
885 2322 1023 2357 sapientiae
1033 2322 1197 2357 cognitio,et
1208 2319 1378 2348 fortitudinis
1393 2319 1509 2354 adeptio.
1524 2317 1601 2351 Quod

821 2367 843 2395 si
860 2367 920 2401 quis
937 2366 1032 2394 harum
1056 2374 1122 2394 cura
1145 2365 1266 2400 neglecta
1277 2385 1285 2398 ,
1313 2365 1382 2392 alius
1395 2363 1546 2398 cuiuspiam
1562 2363 1600 2390 rei

820 2412 965 2448 cupiditate
978 2412 1121 2445 incitatur;
1136 2411 1180 2438 hic
1192 2415 1219 2438 et
1234 2410 1305 2437 mala
1321 2410 1400 2437 bonis
1412 2407 1561 2443 anteponit,
1575 2412 1602 2435 ct

821 2459 916 2486 vitium
935 2465 984 2493 pro
1000 2457 1163 2493 benignitate
1185 2461 1211 2484 et
1233 2456 1331 2483 virtute
1348 2459 1536 2488 consectatur;
1554 2453 1599 2481 20.

821 2505 854 2533 Et
875 2512 1022 2532 aerumnam
1039 2511 1087 2539 pro
1100 2504 1200 2538 quiete,
1216 2502 1299 2530 variis
1327 2502 1488 2530 tumultibus
1502 2501 1599 2528 distra-

821 2556 890 2584 ctus,
907 2555 985 2578 noctu
999 2556 1078 2585 atque
1093 2549 1210 2576 interdiu
1235 2548 1387 2581 divexatus,
1405 2552 1462 2575 tum
1479 2547 1600 2583 urgenti-

821 2597 872 2625 bus
892 2597 1014 2632 corp0ris
1040 2595 1187 2628 laboribus,
1212 2599 1270 2622 tum
1295 2594 1432 2629 perpetuis
1446 2594 1543 2621 anima:
1554 2601 1602 2621 eu-

821 2709 895 2737 biuni
908 2713 950 2736 est
960 2709 1026 2743 quin
1042 2708 1185 2739 legendum
1199 2708 1244 2741 sit.
1259 2707 1358 2743 τυφλός
1373 2700 1403 2733 τε
1420 2706 1471 2743 ὢν,
1489 2707 1535 2733 καὶ
1552 2706 1602 2740 τὴν

822 2744 952 2784 πρόσοψιν
969 2743 1020 2770 ὑπὸ
1039 2744 1085 2770 τοῦ
1095 2745 1247 2784 ¹σκότους...
1265 2742 1448 2784 ἀφῃρημένος.
1464 2742 1492 2768 ln
1507 2747 1602 2780 pycte—

822 2779 882 2841 ti‘i'tis
894 2779 966 2806 enim
982 2780 1137 2808 accusativo
1161 2787 1267 2815 semper
1283 2779 1407 2814 jungitur
1423 2779 1602 2812 ἀφαιροῦμαι.

845 2822 939 2842 iLLIus.
