1857 3047
250 103 303 129 ωδ

808 100 837 128 S.
858 99 1024 128 GREGOIH
1040 98 1296 128 TBAUHATURGI

1803 100 1841 127 996

248 163 298 196 ris,
315 169 421 199 pectore
437 163 474 190 illi
490 163 525 190 ob
539 162 655 190 absurda
672 161 778 197 negotia
794 161 987 196 ingemiscente
1004 165 1031 187 et
1053 159 1209 194 palpitante.
1229 159 1274 186 ει.
1299 158 1394 194 Neque
1415 159 1488 186 enim
1509 166 1648 187 summum
1670 164 1698 186 et
1714 157 1837 193 perfectum

249 212 350 241 bonum
384 211 410 238 in
442 210 587 237 esculentis
609 214 636 237 et
657 209 808 244 poculentis
830 207 970 239 consistit;
992 207 1044 233 etsi
1067 205 1167 240 alioqui
1184 205 1302 232 maximo
1322 204 1368 232 Dei
1398 204 1528 232 beneficio
1547 205 1680 232 alimenta
1709 206 1841 232 mortalibus

251 260 420 294 contingunt.
450 257 522 285 Nihil
544 257 615 284 enim
631 264 724 284 eorum
741 264 801 291 quae
826 255 905 282 nobis
930 255 963 281 ad
992 254 1106 280 salutem
1129 254 1190 280 data
1220 257 1300 286 sunt,
1323 252 1390 280 citra
1422 252 1507 286 ipsius
1528 252 1729 286 providentiam
1750 253 1841 279 elsistit.

248 304 292 331 22.
322 303 418 331 Verum
433 303 532 338 probus
550 301 658 336 quidem
676 301 730 333 vir,
757 301 971 334 sapientiamque
988 298 1034 324 Dei
1055 297 1128 324 dono
1143 301 1316 329 consecutus,
1333 297 1434 324 cmlesti
1456 298 1593 332 voluptate
1614 297 1734 329 fruitur;
1754 297 1793 325 25.
1810 298 1843 325 hu.

248 349 350 384 probus
373 353 463 376 autem
481 348 560 375 malis
574 347 703 374 divinitus
723 345 854 373 immissis
877 344 1031 372 stimulatus
1044 341 1216 377 avaritiaque
1232 341 1327 369 morbo
1353 347 1505 377 correptus,
1533 343 1620 369 multa
1648 350 1788 377 congerere
1801 350 1842 370 stu-

248 398 308 430 det;
334 396 377 423 Μ.
399 397 486 430 Atque
502 404 563 422 eum
577 403 656 430 quem
675 395 746 422 Deus
759 395 863 421 honore
889 392 994 422 affecit,
1012 391 1039 418 in
1061 390 1182 417 omnium
1201 389 1305 416 Domini
1325 395 1469 425 conspectu
1494 390 1602 425 probris
1629 390 1766 418 incessere
1786 391 1843 419 festi-

245 447 304 475 nat,
318 443 389 470 dona
403 442 507 470 inutilia
521 442 673 477 porrigens,
689 441 818 468 insidiosa
830 439 911 467 simul
925 442 951 466 et
960 444 1028 464 vana
1042 436 1139 463 animae
1152 443 1208 463 sua:
1223 435 1329 463 misera:
1345 435 1433 463 studia
1446 435 1559 463 faciens.

537 487 651 515 CAPUT
688 486 732 514 Ill.

279 534 305 560 Ι.
326 533 470 560 Enimvero
486 533 537 560 hoc
548 537 654 567 tempus
665 553 673 565 ,
689 532 769 559 rebus
783 532 853 558 inter
868 538 897 558 se
912 529 1029 557 maxime

244 579 387 606 contrariis
404 579 511 613 plenum
525 582 586 612 est;
611 579 637 605 2.
651 578 748 605 Partus
770 582 798 604 et
817 576 929 608 mortis,
954 579 1029 602 ortus

245 625 368 659 stirpium
392 629 418 651 et
449 623 599 651 aversionis
625 628 706 658 atque
729 622 854 650 interitus
870 642 877 654 ,
902 621 1030 648 ἵλεω-δ-

245 670 350 696 tionum
363 673 390 696 et
405 669 517 696 czedium
528 689 535 700 ,
555 668 748 696 exstructionis
770 667 866 695 aedium
884 670 911 694 et
923 666 1029 694 destru-

245 715 352 748 ctionis,
379 715 405 742 4,
419 715 541 742 Gemitus
566 719 592 742 et
602 715 689 746 risus,
714 714 839 749 planctus
859 717 885 740 et
905 713 1027 740 saltatio-

244 769 321 788 num.
352 761 378 788 5.
399 760 475 788 Nunc
489 766 566 788 terra:
581 760 684 788 fruetus
702 761 799 795 aliquis
820 760 937 795 colligit,
955 767 1027 788 nunc

243 814 340 834 rursus
354 806 440 842 ejicit;
457 814 529 833 nunc
544 806 684 833 mulierem
701 806 812 840 deperit,
832 810 912 840 atque
930 806 1026 833 insano

243 859 337 879 amore
358 852 561 886 complectitur;
592 859 664 878 nunc
687 851 807 886 impense
831 858 890 878 eam
918 851 975 878 odit
1000 856 1026 878 et

243 901 398 929 aversatur;
424 896 451 923 6.
476 896 554 924 Nunc
575 897 676 931 aliquid
697 897 803 931 qumrit,
824 905 896 924 nunc
908 897 1023 930 amittit;

244 950 317 969 nunc
329 942 470 976 diligenter
485 947 616 975 asservat,
626 950 696 970 nunc
710 942 831 976 projicit;
853 943 878 970 7.
892 942 969 970 Nunc
983 943 1024 970 in-

242 987 350 1020 terﬁcit,
369 995 440 1014 nunc
454 988 645 1021 obtruncatur;
664 996 736 1015 nunc
748 988 884 1024 loquitur,
902 997 973 1016 nunc
988 997 1025 1017 5|-

243 1033 326 1060 lentio
347 1033 509 1067 acquiescit;
534 1033 561 1061 8.
577 1032 654 1061 Nunc
676 1038 763 1065 amat,
788 1041 861 1061 nunc
877 1035 938 1061 odio
954 1034 1024 1061 inse-

242 1083 340 1105 ctatur.
371 1078 425 1106 Res
439 1079 510 1106 enim
527 1079 662 1113 humana,
686 1087 759 1106 nunc
772 1079 841 1106 bello
851 1079 1022 1111 alllictantur,

243 1133 315 1152 nunc
328 1126 479 1160 tranquillae
491 1129 517 1153 et
534 1130 635 1160 pacata:
648 1129 726 1158 sunt;
740 1129 867 1160 tantaque
878 1130 919 1153 est
929 1133 1021 1153 earum

1043 486 1067 512 A

1374 481 1496 507 ΚΕΦΑΛ.
1528 482 1564 507 Γ¹.

1117 527 1218 563 Χρόνος
1243 526 1272 553 δὲ
1294 524 1369 558 οὗτος
1383 527 1502 564 Δπάντων
1525 527 1606 562 γέμει
1627 527 1685 553 τῶν
1707 528 1843 564 ἐναντιωτή-

1078 581 1132 599 των
1144 560 1209 607 (97),
1222 573 1352 604 τοκετῶν,
1363 560 1420 598 egra
1432 560 1566 604 θανάτων,
1577 572 1751 609 βλαστήσεως
1763 560 1844 607 (potiri,

1078 615 1138 644 εἶτα
1162 619 1332 653 ἀνατροπῆς·
1356 618 1450 645 ίάσεων
1468 619 1513 645 καὶ
1536 619 1721 654 ἀναιρέσεων,
1738 620 1811 647 οἴκων
1824 630 1844 647 τε

1078 663 1248 699 εὐορθώσεως
1269 665 1316 691 καὶ
1334 664 1521 696 καταλύσεως,
1548 664 1697 700 κλαυθμῶν
1721 667 1766 692 καὶ
1779 668 1845 700 τελε..

1076 717 1139 741 των,
1157 709 1277 736 κοπετῶν
1293 710 1339 736 καὶ
1362 710 1534 746 ὀρχημάτων.
1552 710 1609 736 Νῦν
1626 711 1675 745 μὲν
1697 712 1801 745 συνάγει
1814 721 1845 743 τις

1075 755 1110 781 τὰ
1133 755 1187 782 ἀπὸ
1209 755 1277 790 γῆς,
1291 755 1338 782 νῦν
1358 756 1386 782 δὲ
1406 755 1532 788 ἐξέϐαλε·
1555 757 1603 783 καὶ
1619 757 1685 782 ποτὲ
1705 758 1754 792 μὲν
1769 758 1846 792 ἐπιμέ-

1078 809 1145 836 μηνε
1155 801 1278 836 γυναικὶ,
1288 801 1353 828 ποτὲ
1366 802 1393 828 δὲ
1410 802 1493 837 αὐτὴν
1505 802 1664 837 ἀποστυχεῐ.
1683 803 1740 829 Καὶ
1754 803 1797 829 νῦν
1809 804 1846 838 μὲν

1075 847 1188 883 ἐζήτησὲ
1203 857 1246 879 τις
1260 848 1359 880 ὁτιοῦν,
1385 848 1432 875 νῦν
1456 848 1485 875 δὲ
1510 849 1647 875 ἀπώλεσε⁶
1674 849 1722 875 καὶ
1744 849 1789 876 νῦν
1809 851 1845 884 μὲν

1075 893 1190 928 ἐφύλαξε
1198 914 1205 926 ,
1214 894 1261 920 νῦν
1271 894 1299 920 δὲ
1308 895 1446 930 προήκατο
1457 903 1463 910 ·
1474 894 1567 921 ἄλλοτε
1582 895 1758 926 ἀπέκτεινεν,
1770 896 1845 922 dum:

1074 939 1205 975 ἑφονεύθη
1216 948 1223 955 ·
1239 939 1378 975 ἐλάλησεν,
1391 939 1448 967 εἶτα
1464 941 1599 976 ἡσύχασεν
1610 949 1617 955 ·
1632 941 1787 976 ἠγάπησεν,
1799 940 1845 967 εἴτι

1074 984 1198 1021 ἐμίσησε.
1214 985 1254 1012 Τὰ
1274 985 1328 1021 γὰρ
1342 987 1371 1012 ἐν
1388 986 1540 1022 ἀνθρώποις
1555 986 1708 1022 πράγματα
1807 989 1843 1022 μὲν

1075 1031 1245 1066 πολεμεῖται,
1267 1032 1359 1059 ἄλλοτε
1374 1032 1402 1058 δὲ
1421 1032 1588 1067 είρηνεύεται
1598 1052 1605 1063 ,
1634 1033 1793 1068 ὀξυρῤόπως
1807 1034 1844 1059 τῶν

1075 1077 1243 1112 πραγμάτων
1259 1077 1288 1109 ἐξ
1309 1077 1416 1112 ἀγαθῶν
1438 1075 1506 1104 εἶναι
1529 1077 1680 1104 δοκούντων
1703 1079 1744 1110 εἰς
1767 1079 1844 1113 ὀμόλιε

1073 1122 1191 1157 γούμενα
1205 1123 1277 1149 κακὰ
1291 1123 1520 1158 μεταπιπτόντων.
1535 1123 1711 1160 Παυσώμεθα
1726 1126 1811 1152 τοίνυν
1825 1126 1845 1156 ἐξ

242 1169 423 1197 inconstantia
433 1190 441 1204 ,
462 1175 492 1197 ut
505 1178 564 1205 quae
581 1170 660 1198 modo
676 1171 802 1198 secundae
815 1178 875 1198 esse
888 1171 1002 1198 videntui

1078 1168 1206 1204 ὶνονήτων
1223 1168 1337 1204 μόχθων.
1353 1167 1444 1195 Ταῦτα
1459 1169 1512 1205 γὰρ
1529 1169 1648 1200 ἅπαντα,
1665 1169 1707 1201 ὦς
1722 1172 1756 1204 γὲ
1770 1180 1809 1206 μοι
1819 1171 1846 1197 ὃς·

241 1215 320 1242 celeri
344 1221 481 1243 momento
501 1216 527 1243 in
543 1217 693 1244 certissima
715 1217 786 1243 mala
802 1217 973 1243 delabantur.
995 1216 1021 1245 9.

241 1259 280 1286 Ac
297 1260 408 1295 proinde
422 1261 500 1288 vanis
513 1261 651 1288 laboribus
664 1262 783 1289 exerceri
795 1261 958 1289 desinamus.
979 1261 1021 1288 10.

239 1303 303 1332 llaec
316 1306 388 1333 enim
405 1307 511 1340 omnia,
530 1311 560 1334 ut
574 1307 638 1334 mihi
654 1307 761 1342 quidem
774 1307 896 1340 videtur,
923 1308 957 1334 ad
974 1308 1020 1335 ho-

240 1351 327 1379 mines
351 1352 491 1380 virulentis
515 1352 616 1381 aculeis
637 1353 814 1381 concitandos
835 1354 923 1388 posita
947 1358 1019 1381 sunt.

239 1397 283 1424 Η.
307 1397 394 1432 Atque
428 1406 570 1433 perversus
589 1399 697 1434 quidem
725 1400 878 1434 explorator
899 1401 1021 1429 occasio-

239 1443 336 1478 Izisque
352 1448 473 1479 captator
492 1445 555 1472 huic
574 1445 672 1473 saculo
689 1445 784 1479 inhiat,
803 1446 849 1473 Dei
864 1446 1019 1481 ﬁgmentum

238 1489 327 1517 delere
351 1497 383 1517 ac
405 1491 516 1525 perdere
540 1493 612 1518 omni
630 1492 802 1519 contentione
825 1492 967 1524 annitens,
990 1496 1020 1520 ut

238 1535 285 1570 qui
303 1543 318 1562 a
335 1536 468 1571 principio
482 1536 516 1564 ad
533 1541 684 1564 extremum
703 1545 789 1572 usque
803 1545 864 1565 cum
877 1546 910 1565 eo
925 1538 1019 1565 conlli-

238 1589 301 1614 gere
317 1581 474 1609 instituerit.
506 1582 548 1608 l2.
564 1581 726 1610 Persuasum
741 1582 830 1617 itaque
847 1584 942 1615 habeo,
959 1584 1019 1610 ani-

238 1627 274 1653 mi
289 1627 468 1661 hilaritatem,
497 1627 539 1654 f3.
563 1632 590 1655 et
602 1627 816 1660 beneficentiam,
838 1628 956 1655 maxima
969 1629 1018 1656 ho-

238 1673 304 1700 mini
323 1674 393 1700 bona
406 1681 481 1706 esse;
500 1673 542 1700 M.
561 1677 641 1708 atque
652 1674 718 1700 adeo
729 1673 836 1701 brevem
849 1674 918 1702 hanc
931 1675 1016 1702 solam

238 1719 404 1753 voluptatem
428 1719 558 1746 divinitus
584 1719 725 1751 obvenire,
748 1719 771 1747 si
794 1721 874 1748 rebus
894 1722 1016 1756 gerendis

234 1763 341 1798 justitia
356 1769 465 1799 praeeat.
495 1765 538 1792 15.
556 1767 588 1791 At
603 1772 666 1792 vero
681 1770 840 1793 aeternarum
855 1774 944 1793 rerum
961 1772 1016 1794 sta-

239 1809 276 1835 tui
293 1809 530 1844 corruptionisque
547 1810 708 1844 expertium,
725 1817 792 1844 quas
809 1810 878 1838 Deus
894 1811 1015 1839 llrmissi-
1028 1833 1048 1860 Ο

237 1862 280 1881 me
304 1855 460 1887 constituit,
487 1863 537 1882 nec
551 1855 650 1890 aliquid
669 1856 825 1889 detrahere,
850 1864 899 1884 nec
916 1857 1014 1885 addere

236 1900 379 1934 quisquam
393 1904 490 1935 potest.
511 1900 554 1928 16.
582 1899 680 1927 Verum
698 1900 878 1929 formidolosa:
893 1902 973 1929 simul
988 1908 1016 1930 et

236 1945 409 1972 admirabiles
426 1945 477 1973 illa:
498 1950 579 1979 sunt;
603 1951 684 1981 atque
704 1954 742 1974 ear
764 1947 872 1982 quidem
885 1955 945 1983 qua
956 1948 1012 1983 jam

237 1990 355 2024 fuerunt,
372 1991 482 2019 stabiles
504 1996 627 2025 manent;
651 2001 710 2028 qua:
726 1998 814 2021 autem
828 1993 925 2021 futura:
939 2000 1011 2029 sunt,

233 2036 288 2070 jam
302 2036 450 2064 secundum
467 2037 663 2071 praescientiam
682 2038 852 2065 exstiterunt.
879 2038 1010 2066 Caeterum

235 2082 258 2109 is
272 2081 318 2116 qui
334 2081 432 2114 injuste
448 2082 528 2109 laesus
544 2086 595 2114 est,
610 2082 664 2109 Deo
678 2083 838 2110 auxiliatore
852 2084 946 2111 utitur.
967 2084 1011 2112 17.

235 2127 319 2154 Porro
344 2128 372 2155 in
395 2127 489 2155 inferis
502 2128 623 2162 partibus
637 2128 759 2163 supplicii
774 2129 931 2157 barathrum
944 2130 1011 2161 vidi,

234 2173 332 2208 impios
347 2173 499 2208 excipiens;
517 2173 568 2208 piis
583 2178 686 2207 contra,
703 2174 794 2201 sedem
806 2174 917 2202 alteram
937 2179 1012 2210 pate-

233 2217 342 2245 factam.
370 2218 414 2245 lS.
428 2217 494 2245 Illud
513 2225 621 2253 quoque
634 2219 765 2254 cogitavi,
787 2219 858 2254 apud
874 2218 957 2247 Deum
974 2228 1010 2248 ae-

233 2263 323 2297 qualia
338 2263 428 2290 omnia
442 2271 511 2295 esse.
522 2264 669 2292 existimari
681 2269 708 2292 et
719 2264 849 2299 judicari;
867 2265 935 2292 idem
950 2273 1010 2294 esse

230 2307 320 2341 justos
334 2312 360 2335 et
372 2308 505 2342 iniustos;
521 2309 590 2336 idem
604 2309 731 2337 animalia
750 2312 854 2337 ratione
869 2309 972 2338 u'tcntia
983 2316 1010 2339 et

231 2353 320 2380 bruta.
348 2354 391 2381 i9.
405 2353 522 2388 Tempus
536 2355 606 2381 enim
619 2355 745 2383 omnibus
757 2363 833 2390 mque
847 2356 1006 2384 admensum

231 2405 303 2430 esse,
326 2404 353 2425 et
374 2404 488 2426 mortem
507 2399 674 2433 impendere;
693 2400 816 2436 idemque
836 2401 906 2435 apud
923 2401 1006 2429 Deum

230 2452 301 2478 esse,
318 2444 457 2471 hominum
472 2449 499 2472 et
509 2445 694 2480 jumentorum
716 2454 815 2481 genus,
831 2447 888 2474 sola
902 2451 1005 2474 tantum

230 2490 371 2517 articulata
389 2490 462 2518 vocis
476 2491 626 2525 prolatione
639 2491 709 2518 inter
723 2499 752 2519 se
765 2492 889 2526 differre;
904 2493 1005 2527 reliqua
1023 2496 1043 2524 Ι)

266 2597 325 2637 (9η
346 2599 584 2632 Ἐναιιτιωτήτων.
607 2601 736 2637 Anglicus
750 2602 822 2634 cod.,
844 2603 1004 2630 ἐναντιωτά-

228 2641 290 2659 των.
308 2641 372 2661 UUC.

264 2667 318 2708 (Q8)
341 2668 401 2708 ζῶν
413 2669 556 2708 πράξεων.
573 2670 625 2708 Ms.
640 2671 752 2708 Medic.,
769 2672 822 2699 τῶν
836 2673 1004 2708 πραγμάτων

228 2703 409 2744 ἠγοξξρᾈῐξιίς.
422 2713 429 2736 ;
445 2707 522 2744 etsic
534 2706 686 2744 legendum,
699 2703 968 2744 vel,_évav1tocfﬁwv.

263 2738 317 2774 (99)
331 2738 425 2776 οςᾷδὲίν
439 2738 588 2773 μᾶλλονᾷ
609 2741 655 2766 ἐπ’
672 2741 852 2776 ἀνθρώπους.
870 2738 924 2770 Nec
937 2751 1005 2769 mor-

228 2777 277 2798 tem
298 2774 387 2811 magis~
404 2774 430 2800 in
444 2780 548 2811 cetera
575 2776 714 2811 animalia,
726 2774 814 2811 'quam
832 2774 865 2804 ιη
888 2779 1002 2804 homines

227 2809 352 2842 grauari.
368 2808 422 2836 Iloc
435 2809 514 2843 dicit,
536 2811 623 2845 inquit
642 2808 820 2847 Hieronymus
833 2832 839 2844 ,
863 2821 915 2840 non
932 2815 1002 2848 quod

1073 1215 1132 1245 κεῖ,
1146 1213 1267 1250 κέντροις
1289 1214 1401 1245 ἱοὸόλοις
1424 1214 1582 1250 ἀνθρώπους
1598 1215 1752 1251 ἐξοιπρεῖν
1773 1217 1844 1250 ἐτέθη.

1072 1260 1258 1295 Καιροσκόπος
1273 1259 1303 1295 δή
1320 1269 1362 1291 τις
1379 1261 1494 1296 πονηρὸς
1508 1261 1553 1287 τὸν
1569 1261 1656 1288 αἰῶνα
1668 1261 1768 1288 τοῦτον
1785 1271 1845 1297 περι-

1072 1305 1199 1341 κέχηνεν,
1222 1305 1349 1340 ἀφανίσαι
1376 1306 1643 1342 ὑπερδιατεινόμενος
1665 1307 1699 1333 τὸ
1724 1308 1772 1346 τοῦ
1793 1308 1845 1334 Θεςῦ

1071 1351 1190 1386 πλάσμα,
1206 1351 1234 1385 ἐξ
1250 1352 1336 1387 ἀρχῆς
1351 1352 1425 1387 αὐτῷ
1440 1352 1521 1388 μέχρι
1535 1352 1630 1384 τέλους
1644 1353 1779 1389 πολεμεῖν

1071 1397 1161 1432 μένος.
1174 1397 1325 1432 Πέπεισμαι
1337 1397 1426 1424 τοίνυν
1437 1396 1470 1423 τὰ
1486 1397 1601 1432 μέγιστα
1615 1398 1711 1432 ἀγαθὰ
1726 1398 1846 1434 ἀνθρώπῳ

1069 1442 1199 1478 εὐθυμίαν
1212 1443 1259 1470 καὶ
1273 1443 1394 1470 εὐποιΐαν
1410 1444 1551 1479 ὑπάρχειν,
1564 1444 1611 1470 καὶ
1628 1445 1680 1479 μέν
1694 1453 1739 1471 τοι
1754 1446 1800 1471 καὶ
1809 1446 1845 1479 τὴν

1069 1489 1233 1525 πρόσκαιρον
1247 1490 1346 1524 ταύτην
1362 1489 1510 1516 ἀπόλαυσιν
1523 1491 1554 1516 ἐκ
1569 1490 1637 1516 Θεοῦ
1652 1491 1846 1526 παραγενέσθαι

1070 1534 1162 1570 μόνον,
1180 1536 1204 1561 εἰ
1219 1535 1373 1572 δικαιοσύνη
1389 1536 1442 1562 τῶν
1455 1535 1581 1571 πράξεων
1597 1536 1652 1572 (98)
1666 1538 1776 1572 ἡγοῖτο.
1799 1538 1845 1563 Τὼ

1066 1580 1094 1606 δὲ
1114 1581 1228 1607 αἰωνίων
1244 1582 1289 1608 καὶ
1303 1581 1447 1616 ἀφθάρτων
1462 1581 1634 1617 πραγμάτων
1648 1600 1657 1614 ,
1679 1582 1733 1609 ὅσα
1761 1584 1775 1609 ὁ

1067 1629 1171 1659 παγίως
1184 1625 1296 1661 ὥρισεν,
1314 1625 1376 1653 οὔτε
1389 1635 1414 1653 τι
1431 1627 1555 1660 ἀφελεῖν,
1570 1627 1635 1653 οὔτε
1651 1636 1681 1654 τι
1698 1628 1845 1663 προσθεῐνιι

1066 1671 1183 1699 δυνατόν.
1203 1669 1237 1707 ᾯ
1256 1681 1308 1699 τινι
1330 1670 1375 1699 οὖν
1387 1693 1394 1704 ,
1411 1673 1468 1699 ἀλλ’
1483 1673 1571 1704 ἐστιν,
1589 1674 1685 1701 ἐκεῖνα
1710 1674 1813 1710 φοϐερὰ
1826 1681 1848 1699 τι

1065 1716 1132 1752 όμοῦ
1148 1717 1194 1744 καὶ
1208 1717 1366 1753 θαυμαστά·
1386 1719 1432 1745 καὶ
1454 1719 1488 1745 τὰ
1506 1719 1554 1754 μὲν
1570 1720 1724 1755 γενόμενα,
1741 1721 1845 1755 ἕστηκε·

1064 1763 1098 1789 τὰ
1111 1763 1139 1789 δὲ
1154 1763 1279 1798 ἐσόμενα,
1292 1764 1342 1800 ἤδη
1359 1765 1429 1791 κατὰ
1443 1764 1473 1791 τὸ
1490 1764 1683 1799 προεγνῶσθαι
1699 1766 1845 1801 γεγένητεε.

1065 1809 1122 1844 Θεῷ
1135 1809 1162 1835 δὲ
1175 1809 1304 1845 κέχρηται
1318 1811 1332 1836 ό
1350 1809 1523 1844 ἀδικούμενος
1541 1810 1638 1845 βοηθῷ.
1653 1809 1735 1837 Εἶδον
1753 1812 1783 1838 ἐν
1803 1812 1847 1841 1:1;

1065 1855 1139 1881 κάτω
1155 1856 1259 1890 μέρεσι,
1271 1855 1407 1887 κολάσεως
1419 1856 1466 1891 μὲν
1480 1855 1616 1891 βάραθρον
1630 1850 1698 1888 τοὺς
1715 1857 1847 1886 δυσσεϐεῖς

1064 1901 1219 1936 δεχόμενον,
1250 1901 1372 1928 εὐσεϐέσι
1404 1901 1432 1927 δὲ
1457 1901 1544 1937 χῶρον
1568 1901 1663 1938 ἕτερον
1700 1904 1846 1938 ἀνειμὲ-ει.

1070 1947 1248 1982 Ἐλογισάμην
1270 1947 1298 1974 δὲ
1319 1947 1407 1974 πάντα
1429 1947 1508 1983 ὅμοια
1536 1949 1671 1983 ὑπάρχειν
1695 1950 1776 1985 παρᾶ
1799 1949 1846 1982 Θεῷ

1063 1993 1216 2029 νομίζεσθαι
1232 1994 1278 2020 καὶ
1298 1993 1452 2030 κρίνεσθαι,
1467 1994 1563 2020 ταυτὸν
1578 1992 1648 2021 εἶναι
1665 1995 1795 2026 δικαίους
1808 1996 1846 2021 7.1".

1063 2039 1184 2071 ἀδίκους,
1205 2039 1300 2074 λογικὰ
1323 2040 1371 2066 καὶ
1393 2039 1487 2073 ἄλογα.
1508 2039 1608 2074 Χρόνον
1630 2048 1661 2066 τε
1679 2041 1737 2076 γὰρ
1755 2042 1845 2067 imm

1062 2084 1161 2119 ὁμοίως
1185 2084 1435 2120 ὲπιμεμετρῆσθαι,
1461 2085 1506 2111 καὶ
1520 2084 1635 2111 θάνατον
1655 2085 1844 2121 ἐπηρτῆσθαι.

1061 2130 1156 2156 ταυτόν
1170 2138 1200 2156 τε
1216 2128 1283 2156 εἶναι
1299 2130 1374 2164 παρὰ
1387 2129 1446 2165 Θεῷ
1467 2130 1571 2165 κτηνῶν
1586 2139 1616 2156 τε
1631 2131 1682 2157 καὶ
1699 2131 1844 2167 ἀνθρώπων

1061 2176 1132 2211 φῦλα
1141 2197 1148 2207 ,
1163 2177 1300 2212 διαφέρειν
1314 2178 1342 2204 δὲ
1357 2177 1477 2213 ἀλλήλων
1487 2196 1494 2207 ,
1513 2177 1584 2212 μόνῳ
1597 2176 1638 2212 τῷ
1651 2177 1786 2213 ὲνάρορῳ
1806 2177 1845 2210 τῖες

1061 2221 1151 2255 φωνῆς
1162 2229 1169 2235 ·
1193 2221 1350 2256 συμϐαίνειν
1364 2222 1391 2248 δὲ
1407 2221 1496 2252 αὐτοῖς
1513 2222 1620 2248 ἅπαντα
1646 2223 1845 2258 παραπλήσια.

1059 2267 1106 2293 καὶ
1119 2267 1164 2293 τὸν
1180 2266 1292 2293 θάνατον
1311 2269 1423 2303 χωρεῖν,
1440 2267 1515 2294 οὐδὲν
1534 2267 1634 2302 μᾶλλον
1649 2268 1701 2294 ἐπὶ
1717 2268 1754 2294 τὰ
1773 2266 1845 2293 λεπτὰ

1058 2312 1112 2339 τῶν
1135 2312 1225 2345 ζώων,
1243 2313 1315 2349 ἥπερ
1338 2314 1385 2340 καὶ
1404 2314 1446 2339 ἐπ’
1461 2312 1620 2347 ἀνθρώπους
1642 2313 1715 2347 (99).
1740 2313 1846 2347 Πνεῦμι

1058 2358 1112 2394 γὰρ
1127 2360 1209 2385 πᾶσιν
1224 2360 1315 2394 ὅμοιον
1330 2357 1397 2385 εἶναι
1407 2379 1414 2391 ,
1431 2360 1477 2386 καὶ
1493 2359 1572 2386 πλέον
1595 2359 1738 2395 ὑπάρχειν
1756 2362 1786 2387 ἐν
1804 2361 1844 2386 ἁν-

1058 2404 1175 2440 θρώποις
1192 2405 1271 2440 μηδὲν
1281 2424 1288 2437 ,
1303 2404 1369 2431 ἀλλὰ
1383 2405 1469 2432 πάντα
1490 2405 1530 2431 ἐνὶ
1546 2404 1618 2440 λόγῳ
1633 2403 1710 2432 εἶναι
1727 2407 1827 2441 μάταια
1837 2424 1843 2433 .

1057 2450 1111 2476 ἀπὸ
1126 2451 1175 2485 τῆς
1194 2450 1279 2485 αὐτῆς
1301 2451 1351 2486 γῆς
1371 2450 1486 2477 λαϐόντα
1499 2450 1548 2485 τὴν
1572 2449 1709 2478 σύστασιν
1721 2471 1730 2483 ,
1747 2452 1796 2478 καὶ
1811 2451 1843 2479 είς

1057 2497 1106 2532 τὴν
1119 2496 1200 2530 αὐτὴν
1210 2497 1260 2532 γῆν
1275 2495 1368 2528 ἕξοντα
1378 2496 1426 2531 τὴν
1437 2495 1573 2522 ἀνάλυσιν.
1582 2495 1704 2531 Ἄδηλον
1715 2498 1752 2531 γὰ
1755 2506 1772 2532 ρ
1782 2494 1842 2522 εἶναι

1059 2606 1174 2633 animam
1186 2610 1261 2641 putet
1272 2606 1358 2641 perire
1368 2614 1428 2633 cum
1443 2614 1572 2641 corpore;
1584 2607 1626 2634 vel
1642 2615 1734 2634 unum
1750 2607 1842 2635 bestiis

1055 2647 1080 2667 et
1103 2641 1257 2668 hominibus
1270 2641 1413 2676 prazparari
1436 2641 1543 2668 lacum:
1559 2642 1606 2668 sed
1622 2643 1700 2676 quod
1716 2648 1783 2669 ante
1797 2643 1841 2668 ad-

1056 2680 1164 2702 ventum
1182 2676 1281 2703 Christi
1303 2676 1393 2704 omnia
1413 2677 1446 2703 ad
1465 2676 1566 2703 inferos
1582 2678 1690 2711 pariter
1705 2678 1839 2704 ducerenr

1055 2715 1108 2737 tur.
1126 2711 1201 2742 Quod
1217 2719 1249 2738 ne
1262 2716 1386 2745 putemus
1397 2711 1449 2738 dici
1463 2712 1543 2738 etiam
1557 2711 1591 2738 de
1607 2712 1716 2743 anima.
1730 2712 1839 2738 intulit:

1057 2745 1151 2772 Omnia
1173 2746 1243 2779 facta
1256 2751 1316 2772 sunt
1328 2747 1359 2772 de
1373 2751 1452 2776 terra,
1467 2752 1491 2772 et
1509 2751 1672 2773 revertentur
1685 2748 1715 2772 in
1728 2752 1839 2772 terras.

1058 2780 1092 2806 De
1109 2786 1177 2806 terra
1192 2786 1276 2807 autem
1293 2781 1359 2807 m'ln'l
1373 2782 1423 2807 nisi
1438 2788 1530 2815 corpus
1548 2781 1648 2815 factum
1660 2786 1703 2808 est
1727 2781 1809 2808 Βιιι.
