  <div class='ocr_page' id='page_1' title='image "/cluster/home/n/w/nwhite01/storage/ocr_20150623/10/njp.32101077772406/552.png"; bbox 0 0 1857 3047; ppageno 0'>
   <div class='ocr_carea' id='block_1_1' title="bbox 46 108 1632 142">
    <p class='ocr_par' dir='ltr' id='par_1_1' title="bbox 46 108 1632 142">
     <span class='ocr_line' id='line_1_1' title="bbox 46 108 1632 142; baseline -0.002 -3"><span class='ocrx_word' id='word_1_1' title='bbox 46 114 88 142; x_wconf 66' lang='lat'><strong>991</strong></span> <span class='ocrx_word' id='word_1_2' title='bbox 537 109 777 137; x_wconf 79' lang='lat' dir='ltr'><strong>METAPHRASIS</strong></span> <span class='ocrx_word' id='word_1_3' title='bbox 795 109 828 137; x_wconf 82' lang='lat' dir='ltr'><strong>IN</strong></span> <span class='ocrx_word' id='word_1_4' title='bbox 849 108 1113 137; x_wconf 74' lang='lat' dir='ltr'><strong>ECCLESIASTEN.</strong></span> <span class='ocrx_word' id='word_1_5' title='bbox 1580 109 1632 137; x_wconf 76' lang='lat'><strong>993</strong></span> 
     </span>
    </p>
   </div>
   <div class='ocr_carea' id='block_1_2' title="bbox 45 168 800 207">
    <p class='ocr_par' dir='ltr' id='par_1_2' title="bbox 45 168 800 207">
     <span class='ocr_line' id='line_1_2' title="bbox 45 168 800 207; baseline -0.003 -10"><span class='ocrx_word' id='word_1_6' title='bbox 45 171 98 207; x_wconf 84' lang='grc' dir='ltr'>περί</span> <span class='ocrx_word' id='word_1_7' title='bbox 110 178 136 197; x_wconf 85' lang='grc' dir='ltr'><strong>τε</strong></span> <span class='ocrx_word' id='word_1_8' title='bbox 149 169 199 196; x_wconf 87' lang='grc' dir='ltr'><strong>τῶν</strong></span> <span class='ocrx_word' id='word_1_9' title='bbox 212 168 386 204; x_wconf 83' lang='grc' dir='ltr'><strong>ἀνθρωπίνων</strong></span> <span class='ocrx_word' id='word_1_10' title='bbox 401 168 504 204; x_wconf 84' lang='grc' dir='ltr'>ψυχῶν,</span> <span class='ocrx_word' id='word_1_11' title='bbox 515 170 539 195; x_wconf 81' lang='grc' dir='ltr'><strong>εί</strong></span> <span class='ocrx_word' id='word_1_12' title='bbox 552 169 752 203; x_wconf 86' lang='grc' dir='ltr'>ἀναπτήσονται</span> <span class='ocrx_word' id='word_1_13' title='bbox 763 168 800 203; x_wconf 91' lang='lat' dir='ltr'><strong>(l)</strong></span> 
     </span>
    </p>
   </div>
   <div class='ocr_carea' id='block_1_3' title="bbox 877 168 1633 207">
    <p class='ocr_par' dir='ltr' id='par_1_3' title="bbox 877 168 1633 204">
     <span class='ocr_line' id='line_1_3' title="bbox 877 168 1633 204; baseline 0.003 -9"><span class='ocrx_word' id='word_1_14' title='bbox 877 172 942 196; x_wconf 79' lang='lat' dir='ltr'><strong>item</strong></span> <span class='ocrx_word' id='word_1_15' title='bbox 967 169 1058 196; x_wconf 85' lang='lat' dir='ltr'><strong>omnia</strong></span> <span class='ocrx_word' id='word_1_16' title='bbox 1083 169 1147 204; x_wconf 87' lang='lat' dir='ltr'><strong>ipsis</strong></span> <span class='ocrx_word' id='word_1_17' title='bbox 1165 168 1259 196; x_wconf 88' lang='lat' dir='ltr'><strong>eodem</strong></span> <span class='ocrx_word' id='word_1_18' title='bbox 1280 168 1361 197; x_wconf 90' lang='lat' dir='ltr'><strong>modo</strong></span> <span class='ocrx_word' id='word_1_19' title='bbox 1384 169 1558 204; x_wconf 68' lang='lat' dir='ltr'><strong>contingere;</strong></span> <span class='ocrx_word' id='word_1_20' title='bbox 1587 170 1633 197; x_wconf 76' lang='lat'><strong>20.</strong></span> 
     </span>
    </p>
   </div>
   <div class='ocr_carea' id='block_1_4' title="bbox 43 214 800 251">
    <p class='ocr_par' dir='ltr' id='par_1_4' title="bbox 43 214 800 250">
     <span class='ocr_line' id='line_1_4' title="bbox 43 214 800 250; baseline -0.004 -7"><span class='ocrx_word' id='word_1_21' title='bbox 43 217 97 247; x_wconf 81' lang='grc' dir='ltr'>ἀνω,</span> <span class='ocrx_word' id='word_1_22' title='bbox 111 215 222 250; x_wconf 76' lang='grc' dir='ltr'>καὶπερὶ</span> <span class='ocrx_word' id='word_1_23' title='bbox 234 215 288 241; x_wconf 84' lang='grc' dir='ltr'>τῶν</span> <span class='ocrx_word' id='word_1_24' title='bbox 302 214 401 242; x_wconf 82' lang='grc' dir='ltr'>λοιπῶν</span> <span class='ocrx_word' id='word_1_25' title='bbox 414 214 446 246; x_wconf 73' lang='grc' dir='ltr'>ἃς</span> <span class='ocrx_word' id='word_1_26' title='bbox 460 214 494 241; x_wconf 82' lang='grc' dir='ltr'>τὰ</span> <span class='ocrx_word' id='word_1_27' title='bbox 509 214 592 249; x_wconf 80' lang='grc' dir='ltr'><strong>ἄλογα</strong></span> <span class='ocrx_word' id='word_1_28' title='bbox 605 215 764 250; x_wconf 80' lang='grc' dir='ltr'>κέκτηνται,</span> <span class='ocrx_word' id='word_1_29' title='bbox 778 214 800 240; x_wconf 86' lang='grc' dir='ltr'><strong>εί</strong></span> 
     </span>
    </p>
   </div>
   <div class='ocr_carea' id='block_1_5' title="bbox 877 214 1636 251">
    <p class='ocr_par' dir='ltr' id='par_1_5' title="bbox 877 215 1636 251">
     <span class='ocr_line' id='line_1_5' title="bbox 877 215 1636 251; baseline 0.003 -9"><span class='ocrx_word' id='word_1_30' title='bbox 877 223 904 242; x_wconf 88' lang='lat' dir='ltr'><strong>ec</strong></span> <span class='ocrx_word' id='word_1_31' title='bbox 921 220 1035 242; x_wconf 89' lang='lat' dir='ltr'><strong>mortem</strong></span> <span class='ocrx_word' id='word_1_32' title='bbox 1054 215 1140 250; x_wconf 79' lang='lat' dir='ltr'><strong>magis</strong></span> <span class='ocrx_word' id='word_1_33' title='bbox 1159 215 1185 242; x_wconf 91' lang='lat' dir='ltr'><strong>in</strong></span> <span class='ocrx_word' id='word_1_34' title='bbox 1201 219 1296 242; x_wconf 57' lang='lat' dir='ltr'><strong>caetera</strong></span> <span class='ocrx_word' id='word_1_35' title='bbox 1310 216 1436 243; x_wconf 84' lang='lat' dir='ltr'><strong>animalia</strong></span> <span class='ocrx_word' id='word_1_36' title='bbox 1448 224 1530 251; x_wconf 87' lang='lat' dir='ltr'><strong>quam</strong></span> <span class='ocrx_word' id='word_1_37' title='bbox 1545 217 1572 244; x_wconf 93' lang='lat' dir='ltr'><strong>in</strong></span> <span class='ocrx_word' id='word_1_38' title='bbox 1588 217 1636 244; x_wconf 91' lang='lat' dir='ltr'><strong>ho-</strong></span> 
     </span>
    </p>
   </div>
   <div class='ocr_carea' id='block_1_6' title="bbox 43 259 800 297">
    <p class='ocr_par' dir='ltr' id='par_1_6' title="bbox 43 260 800 297">
     <span class='ocr_line' id='line_1_6' title="bbox 43 260 800 297; baseline -0.004 -8"><span class='ocrx_word' id='word_1_39' title='bbox 43 263 105 289; x_wconf 82' lang='grc' dir='ltr'>κάτω</span> <span class='ocrx_word' id='word_1_40' title='bbox 115 260 323 297; x_wconf 75' lang='grc' dir='ltr'>διαρῤυήσονται.</span> <span class='ocrx_word' id='word_1_41' title='bbox 348 260 403 287; x_wconf 76' lang='grc' dir='ltr'><strong>Καὶ</strong></span> <span class='ocrx_word' id='word_1_42' title='bbox 418 260 432 286; x_wconf 83' lang='grc' dir='ltr'><strong>ὃ</strong></span> <span class='ocrx_word' id='word_1_43' title='bbox 448 268 492 295; x_wconf 90' lang='grc' dir='ltr'><strong>μοι</strong></span> <span class='ocrx_word' id='word_1_44' title='bbox 506 260 594 286; x_wconf 79' lang='grc' dir='ltr'>ἐδόκει</span> <span class='ocrx_word' id='word_1_45' title='bbox 615 260 696 295; x_wconf 69' lang='grc' dir='ltr'>μηδὲν</span> <span class='ocrx_word' id='word_1_46' title='bbox 711 260 800 295; x_wconf 82' lang='grc' dir='ltr'>ἓτερον</span> 
     </span>
    </p>
   </div>
   <div class='ocr_carea' id='block_1_7' title="bbox 877 259 1636 297">
    <p class='ocr_par' dir='ltr' id='par_1_7' title="bbox 881 259 1636 296">
     <span class='ocr_line' id='line_1_7' title="bbox 881 259 1636 296; baseline 0.003 -9"><span class='ocrx_word' id='word_1_47' title='bbox 881 260 939 287; x_wconf 89' lang='lat' dir='ltr'><strong>ines</strong></span> <span class='ocrx_word' id='word_1_48' title='bbox 955 261 1084 295; x_wconf 76' lang='lat' dir='ltr'><strong>grassari.</strong></span> <span class='ocrx_word' id='word_1_49' title='bbox 1113 260 1159 288; x_wconf 76' lang='grc'><strong>21.</strong></span> <span class='ocrx_word' id='word_1_50' title='bbox 1177 259 1310 288; x_wconf 76' lang='lat' dir='ltr'><strong>Omnibus</strong></span> <span class='ocrx_word' id='word_1_51' title='bbox 1324 261 1395 288; x_wconf 90' lang='lat' dir='ltr'><strong>enim</strong></span> <span class='ocrx_word' id='word_1_52' title='bbox 1410 262 1540 296; x_wconf 76' lang='lat' dir='ltr'><strong>aequalem</strong></span> <span class='ocrx_word' id='word_1_53' title='bbox 1556 263 1636 296; x_wconf 90' lang='lat' dir='ltr'><strong>spiri-</strong></span> 
     </span>
    </p>
   </div>
   <div class='ocr_carea' id='block_1_8' title="bbox 43 305 800 342">
    <p class='ocr_par' dir='ltr' id='par_1_8' title="bbox 43 305 800 342">
     <span class='ocr_line' id='line_1_8' title="bbox 43 305 800 342; baseline -0.004 -8"><span class='ocrx_word' id='word_1_54' title='bbox 43 307 156 342; x_wconf 76' lang='grc' dir='ltr'><strong>ὑπάρχειν</strong></span> <span class='ocrx_word' id='word_1_55' title='bbox 178 305 293 340; x_wconf 75' lang='grc' dir='ltr'>ἀγαθον,</span> <span class='ocrx_word' id='word_1_56' title='bbox 313 306 337 332; x_wconf 89' lang='grc' dir='ltr'><strong>εί</strong></span> <span class='ocrx_word' id='word_1_57' title='bbox 362 305 399 341; x_wconf 86' lang='grc' dir='ltr'>μὴ</span> <span class='ocrx_word' id='word_1_58' title='bbox 422 306 511 340; x_wconf 81' lang='grc' dir='ltr'>τρυφὴ</span> <span class='ocrx_word' id='word_1_59' title='bbox 531 305 647 332; x_wconf 76' lang='grc' dir='ltr'>καὶτῶν</span> <span class='ocrx_word' id='word_1_60' title='bbox 663 305 800 340; x_wconf 77' lang='grc' dir='ltr'>παρόντων</span> 
     </span>
    </p>
   </div>
   <div class='ocr_carea' id='block_1_9' title="bbox 877 305 1636 342">
    <p class='ocr_par' dir='ltr' id='par_1_9' title="bbox 877 305 1636 342">
     <span class='ocr_line' id='line_1_9' title="bbox 877 305 1636 342; baseline 0.005 -10"><span class='ocrx_word' id='word_1_61' title='bbox 877 313 909 332; x_wconf 83' lang='grc' dir='ltr'>ιηι</span> <span class='ocrx_word' id='word_1_62' title='bbox 924 313 1003 339; x_wconf 86' lang='lat' dir='ltr'><strong>esse,</strong></span> <span class='ocrx_word' id='word_1_63' title='bbox 1024 313 1073 333; x_wconf 70' lang='lat' dir='ltr'><strong>nec</strong></span> <span class='ocrx_word' id='word_1_64' title='bbox 1086 305 1234 341; x_wconf 88' lang='lat' dir='ltr'><strong>quidquam</strong></span> <span class='ocrx_word' id='word_1_65' title='bbox 1256 307 1368 334; x_wconf 89' lang='lat' dir='ltr'><strong>omnino</strong></span> <span class='ocrx_word' id='word_1_66' title='bbox 1379 308 1495 342; x_wconf 83' lang='lat' dir='ltr'><strong>amplius</strong></span> <span class='ocrx_word' id='word_1_67' title='bbox 1511 308 1636 336; x_wconf 83' lang='lat' dir='ltr'><strong>homines</strong></span> 
     </span>
    </p>
   </div>
   <div class='ocr_carea' id='block_1_10' title="bbox 42 349 800 388">
    <p class='ocr_par' dir='ltr' id='par_1_10' title="bbox 42 349 800 388">
     <span class='ocr_line' id='line_1_10' title="bbox 42 349 800 388; baseline -0.003 -9"><span class='ocrx_word' id='word_1_68' title='bbox 42 353 132 388; x_wconf 81' lang='grc' dir='ltr'>χρῆσις.</span> <span class='ocrx_word' id='word_1_69' title='bbox 153 352 187 378; x_wconf 85' lang='grc' dir='ltr'><strong>Οὐ</strong></span> <span class='ocrx_word' id='word_1_70' title='bbox 210 351 263 387; x_wconf 80' lang='grc' dir='ltr'>γὰρ</span> <span class='ocrx_word' id='word_1_71' title='bbox 284 349 352 377; x_wconf 78' lang='grc' dir='ltr'>εἶναι</span> <span class='ocrx_word' id='word_1_72' title='bbox 374 350 455 377; x_wconf 77' lang='grc' dir='ltr'>πάλιν</span> <span class='ocrx_word' id='word_1_73' title='bbox 468 351 580 387; x_wconf 84' lang='grc' dir='ltr'>ᾠήθην.</span> <span class='ocrx_word' id='word_1_74' title='bbox 596 351 643 377; x_wconf 77' lang='grc' dir='ltr'>ἐπὶ</span> <span class='ocrx_word' id='word_1_75' title='bbox 663 350 712 386; x_wconf 82' lang='grc' dir='ltr'>τὴν</span> <span class='ocrx_word' id='word_1_76' title='bbox 732 350 800 377; x_wconf 88' lang='grc' dir='ltr'>ἁπό-</span> 
     </span>
    </p>
   </div>
   <div class='ocr_carea' id='block_1_11' title="bbox 877 349 1636 388">
    <p class='ocr_par' dir='ltr' id='par_1_11' title="bbox 877 350 1636 385">
     <span class='ocr_line' id='line_1_11' title="bbox 877 350 1636 385; baseline 0.005 -8"><span class='ocrx_word' id='word_1_77' title='bbox 877 350 971 384; x_wconf 82' lang='lat' dir='ltr'><strong>abere;</strong></span> <span class='ocrx_word' id='word_1_78' title='bbox 989 351 1035 378; x_wconf 90' lang='lat' dir='ltr'><strong>sed</strong></span> <span class='ocrx_word' id='word_1_79' title='bbox 1048 355 1157 383; x_wconf 83' lang='lat' dir='ltr'><strong>cuncta,</strong></span> <span class='ocrx_word' id='word_1_80' title='bbox 1175 355 1206 378; x_wconf 94' lang='lat' dir='ltr'><strong>ut</strong></span> <span class='ocrx_word' id='word_1_81' title='bbox 1218 359 1272 378; x_wconf 93' lang='lat' dir='ltr'><strong>uno</strong></span> <span class='ocrx_word' id='word_1_82' title='bbox 1286 353 1368 380; x_wconf 84' lang='lat' dir='ltr'><strong>verbo</strong></span> <span class='ocrx_word' id='word_1_83' title='bbox 1382 353 1481 385; x_wconf 88' lang='lat' dir='ltr'><strong>dicam,</strong></span> <span class='ocrx_word' id='word_1_84' title='bbox 1493 361 1562 381; x_wconf 84' lang='lat' dir='ltr'><strong>vana</strong></span> <span class='ocrx_word' id='word_1_85' title='bbox 1575 361 1636 382; x_wconf 90' lang='lat' dir='ltr'><strong>esse</strong></span> 
     </span>
    </p>
   </div>
   <div class='ocr_carea' id='block_1_12' title="bbox 41 395 800 433">
    <p class='ocr_par' dir='ltr' id='par_1_12' title="bbox 41 395 800 433">
     <span class='ocr_line' id='line_1_12' title="bbox 41 395 800 433; baseline -0.003 -9"><span class='ocrx_word' id='word_1_86' title='bbox 41 399 119 425; x_wconf 81' lang='grc' dir='ltr'>λαυσιν</span> <span class='ocrx_word' id='word_1_87' title='bbox 132 397 226 424; x_wconf 86' lang='grc' dir='ltr'>τούτων</span> <span class='ocrx_word' id='word_1_88' title='bbox 241 397 327 424; x_wconf 91' lang='grc' dir='ltr'>ἐλθεῖν</span> <span class='ocrx_word' id='word_1_89' title='bbox 342 396 452 424; x_wconf 76' lang='grc' dir='ltr'>δυνατὸν</span> <span class='ocrx_word' id='word_1_90' title='bbox 462 417 470 430; x_wconf 92' lang='grc'><strong>,</strong></span> <span class='ocrx_word' id='word_1_91' title='bbox 487 396 559 429; x_wconf 76' lang='grc' dir='ltr'>ἅπαξ</span> <span class='ocrx_word' id='word_1_92' title='bbox 575 395 710 433; x_wconf 80' lang='grc' dir='ltr'><strong>ἀνθρώπῳ</strong></span> <span class='ocrx_word' id='word_1_93' title='bbox 722 395 800 423; x_wconf 89' lang='grc' dir='ltr'>θανά-</span> 
     </span>
    </p>
   </div>
   <div class='ocr_carea' id='block_1_13' title="bbox 877 395 1636 433">
    <p class='ocr_par' dir='ltr' id='par_1_13' title="bbox 877 396 1636 433">
     <span class='ocr_line' id='line_1_13' title="bbox 877 396 1636 433; baseline 0.005 -10"><span class='ocrx_word' id='word_1_94' title='bbox 877 397 888 423; x_wconf 72' lang='lat' dir='ltr'><strong>to</strong></span> <span class='ocrx_word' id='word_1_95' title='bbox 901 396 997 424; x_wconf 85' lang='lat' dir='ltr'><strong>eadem.</strong></span> <span class='ocrx_word' id='word_1_96' title='bbox 1007 401 1079 424; x_wconf 88' lang='lat' dir='ltr'><strong>terra</strong></span> <span class='ocrx_word' id='word_1_97' title='bbox 1092 399 1350 432; x_wconf 81' lang='lat' dir='ltr'><strong>coagmentationem</strong></span> <span class='ocrx_word' id='word_1_98' title='bbox 1362 398 1497 431; x_wconf 77' lang='lat' dir='ltr'><strong>habentia.</strong></span> <span class='ocrx_word' id='word_1_99' title='bbox 1514 405 1593 433; x_wconf 85' lang='lat' dir='ltr'><strong>atque</strong></span> <span class='ocrx_word' id='word_1_100' title='bbox 1607 400 1636 426; x_wconf 88' lang='lat' dir='ltr'><strong>in</strong></span> 
     </span>
    </p>
   </div>
   <div class='ocr_carea' id='block_1_14' title="bbox 41 441 800 480">
    <p class='ocr_par' dir='ltr' id='par_1_14' title="bbox 41 443 252 480">
     <span class='ocr_line' id='line_1_14' title="bbox 41 443 252 480; baseline -0.005 -10"><span class='ocrx_word' id='word_1_101' title='bbox 41 453 79 470; x_wconf 85' lang='grc' dir='ltr'><strong>του</strong></span> <span class='ocrx_word' id='word_1_102' title='bbox 91 443 252 480; x_wconf 48' lang='grc' dir='ltr'>γευσαμένῳ..</span> 
     </span>
    </p>
   </div>
   <div class='ocr_carea' id='block_1_15' title="bbox 877 441 1635 480">
    <p class='ocr_par' dir='ltr' id='par_1_15' title="bbox 877 441 1635 478">
     <span class='ocr_line' id='line_1_15' title="bbox 877 441 1635 478; baseline 0.005 -10"><span class='ocrx_word' id='word_1_103' title='bbox 877 441 977 469; x_wconf 72' lang='lat' dir='ltr'><strong>imdem</strong></span> <span class='ocrx_word' id='word_1_104' title='bbox 1003 446 1103 469; x_wconf 86' lang='lat' dir='ltr'><strong>terram</strong></span> <span class='ocrx_word' id='word_1_105' title='bbox 1126 442 1274 477; x_wconf 87' lang='lat' dir='ltr'><strong>dilapsura.</strong></span> <span class='ocrx_word' id='word_1_106' title='bbox 1309 444 1444 471; x_wconf 88' lang='lat' dir='ltr'><strong>Incertum</strong></span> <span class='ocrx_word' id='word_1_107' title='bbox 1468 445 1540 472; x_wconf 92' lang='lat' dir='ltr'><strong>enim</strong></span> <span class='ocrx_word' id='word_1_108' title='bbox 1564 452 1635 478; x_wconf 88' lang='lat' dir='ltr'><strong>esse,</strong></span> 
     </span>
    </p>
   </div>
   <div class='ocr_carea' id='block_1_16' title="bbox 40 487 1634 523">
    <p class='ocr_par' dir='ltr' id='par_1_16' title="bbox 40 487 1634 523">
     <span class='ocr_line' id='line_1_16' title="bbox 40 487 1634 523; baseline 0.002 -7"><span class='ocrx_word' id='word_1_109' title='bbox 40 494 88 517; x_wconf 90' lang='lat' dir='ltr'><strong>tum</strong></span> <span class='ocrx_word' id='word_1_110' title='bbox 102 490 133 517; x_wconf 88' lang='lat' dir='ltr'><strong>de</strong></span> <span class='ocrx_word' id='word_1_111' title='bbox 146 489 270 517; x_wconf 86' lang='lat' dir='ltr'><strong>humanis</strong></span> <span class='ocrx_word' id='word_1_112' title='bbox 289 489 441 522; x_wconf 83' lang='lat' dir='ltr'><strong>animabus,</strong></span> <span class='ocrx_word' id='word_1_113' title='bbox 456 496 491 516; x_wconf 86' lang='lat' dir='ltr'><strong>an</strong></span> <span class='ocrx_word' id='word_1_114' title='bbox 512 495 620 516; x_wconf 89' lang='lat' dir='ltr'><strong>sursum</strong></span> <span class='ocrx_word' id='word_1_115' title='bbox 635 488 816 515; x_wconf 69' lang='lat' dir='ltr'><strong>convolaturte</strong></span> <span class='ocrx_word' id='word_1_116' title='bbox 838 487 907 520; x_wconf 83' lang='lat' dir='ltr'><strong>sint;</strong></span> <span class='ocrx_word' id='word_1_117' title='bbox 925 492 981 514; x_wconf 91' lang='lat' dir='ltr'><strong>tum</strong></span> <span class='ocrx_word' id='word_1_118' title='bbox 995 488 1029 515; x_wconf 89' lang='lat' dir='ltr'><strong>de</strong></span> <span class='ocrx_word' id='word_1_119' title='bbox 1050 488 1162 523; x_wconf 84' lang='lat' dir='ltr'><strong>reliquis</strong></span> <span class='ocrx_word' id='word_1_120' title='bbox 1180 497 1247 523; x_wconf 88' lang='lat' dir='ltr'><strong>quas</strong></span> <span class='ocrx_word' id='word_1_121' title='bbox 1260 490 1387 517; x_wconf 82' lang='lat' dir='ltr'><strong>animalia</strong></span> <span class='ocrx_word' id='word_1_122' title='bbox 1401 491 1505 519; x_wconf 86' lang='lat' dir='ltr'><strong>ratione</strong></span> <span class='ocrx_word' id='word_1_123' title='bbox 1516 493 1634 520; x_wconf 72' lang='lat' dir='ltr'><strong>carentia</strong></span> 
     </span>
    </p>
   </div>
   <div class='ocr_carea' id='block_1_17' title="bbox 41 535 1636 573">
    <p class='ocr_par' dir='ltr' id='par_1_17' title="bbox 41 535 1636 573">
     <span class='ocr_line' id='line_1_17' title="bbox 41 535 1636 573; baseline 0.003 -10"><span class='ocrx_word' id='word_1_124' title='bbox 41 540 192 571; x_wconf 74' lang='lat' dir='ltr'><strong>acceperunt,</strong></span> <span class='ocrx_word' id='word_1_125' title='bbox 203 544 236 563; x_wconf 89' lang='lat' dir='ltr'><strong>an</strong></span> <span class='ocrx_word' id='word_1_126' title='bbox 246 536 374 563; x_wconf 88' lang='lat' dir='ltr'><strong>deorsum</strong></span> <span class='ocrx_word' id='word_1_127' title='bbox 386 535 538 563; x_wconf 70' lang='lat' dir='ltr'><strong>dillluxura:</strong></span> <span class='ocrx_word' id='word_1_128' title='bbox 550 535 621 568; x_wconf 86' lang='lat' dir='ltr'><strong>sint;</strong></span> <span class='ocrx_word' id='word_1_129' title='bbox 637 535 682 562; x_wconf 61' lang='grc' dir='ltr'><strong>Ξῖ.</strong></span> <span class='ocrx_word' id='word_1_130' title='bbox 696 535 735 562; x_wconf 88' lang='lat' dir='ltr'><strong>Ac</strong></span> <span class='ocrx_word' id='word_1_131' title='bbox 747 535 812 562; x_wconf 86' lang='lat' dir='ltr'><strong>mihi</strong></span> <span class='ocrx_word' id='word_1_132' title='bbox 829 535 932 562; x_wconf 92' lang='lat' dir='ltr'><strong>nullum</strong></span> <span class='ocrx_word' id='word_1_133' title='bbox 960 535 1032 562; x_wconf 88' lang='lat' dir='ltr'><strong>aliud</strong></span> <span class='ocrx_word' id='word_1_134' title='bbox 1065 535 1165 562; x_wconf 84' lang='lat' dir='ltr'><strong>bonum</strong></span> <span class='ocrx_word' id='word_1_135' title='bbox 1186 543 1246 563; x_wconf 87' lang='lat' dir='ltr'><strong>esse</strong></span> <span class='ocrx_word' id='word_1_136' title='bbox 1265 536 1415 569; x_wconf 85' lang='lat' dir='ltr'><strong>videbatur.</strong></span> <span class='ocrx_word' id='word_1_137' title='bbox 1434 546 1516 573; x_wconf 87' lang='lat' dir='ltr'><strong>quam</strong></span> <span class='ocrx_word' id='word_1_138' title='bbox 1533 539 1636 568; x_wconf 69' lang='lat' dir='ltr'><strong>delicia:</strong></span> 
     </span>
    </p>
   </div>
   <div class='ocr_carea' id='block_1_18' title="bbox 40 581 1634 621">
    <p class='ocr_par' dir='ltr' id='par_1_18' title="bbox 40 581 1634 621">
     <span class='ocr_line' id='line_1_18' title="bbox 40 581 1634 621; baseline 0.003 -11"><span class='ocrx_word' id='word_1_139' title='bbox 40 583 231 618; x_wconf 67' lang='lat' dir='ltr'><strong>etprazsentium</strong></span> <span class='ocrx_word' id='word_1_140' title='bbox 246 584 450 611; x_wconf 87' lang='lat' dir='ltr'><strong>commodorum</strong></span> <span class='ocrx_word' id='word_1_141' title='bbox 462 591 538 611; x_wconf 91' lang='lat' dir='ltr'><strong>usus.</strong></span> <span class='ocrx_word' id='word_1_142' title='bbox 561 582 653 618; x_wconf 77' lang='lat' dir='ltr'><strong>Neque</strong></span> <span class='ocrx_word' id='word_1_143' title='bbox 680 583 751 610; x_wconf 88' lang='lat' dir='ltr'><strong>enim</strong></span> <span class='ocrx_word' id='word_1_144' title='bbox 769 582 826 609; x_wconf 79' lang='lat' dir='ltr'><strong>ﬁeri</strong></span> <span class='ocrx_word' id='word_1_145' title='bbox 848 589 928 617; x_wconf 87' lang='lat' dir='ltr'><strong>posse</strong></span> <span class='ocrx_word' id='word_1_146' title='bbox 951 581 1054 617; x_wconf 84' lang='lat' dir='ltr'><strong>putavi,</strong></span> <span class='ocrx_word' id='word_1_147' title='bbox 1077 586 1105 609; x_wconf 86' lang='lat' dir='ltr'><strong>ut</strong></span> <span class='ocrx_word' id='word_1_148' title='bbox 1119 582 1263 618; x_wconf 87' lang='lat' dir='ltr'><strong>quisquam</strong></span> <span class='ocrx_word' id='word_1_149' title='bbox 1286 591 1381 612; x_wconf 87' lang='lat' dir='ltr'><strong>rursus</strong></span> <span class='ocrx_word' id='word_1_150' title='bbox 1396 585 1429 612; x_wconf 87' lang='lat' dir='ltr'><strong>ad</strong></span> <span class='ocrx_word' id='word_1_151' title='bbox 1448 586 1634 621; x_wconf 73' lang='lat' dir='ltr'><strong>percipiendas</strong></span> 
     </span>
    </p>
   </div>
   <div class='ocr_carea' id='block_1_19' title="bbox 40 629 916 666">
    <p class='ocr_par' dir='ltr' id='par_1_19' title="bbox 40 629 916 666">
     <span class='ocr_line' id='line_1_19' title="bbox 40 629 916 666; baseline -0.001 -9"><span class='ocrx_word' id='word_1_152' title='bbox 40 630 172 664; x_wconf 71' lang='lat' dir='ltr'><strong>voluptates</strong></span> <span class='ocrx_word' id='word_1_153' title='bbox 186 630 312 664; x_wconf 78' lang='lat' dir='ltr'><strong>accedat,</strong></span> <span class='ocrx_word' id='word_1_154' title='bbox 341 635 515 666; x_wconf 85' lang='lat' dir='ltr'><strong>posteaquam</strong></span> <span class='ocrx_word' id='word_1_155' title='bbox 533 635 647 658; x_wconf 89' lang='lat' dir='ltr'><strong>mortem</strong></span> <span class='ocrx_word' id='word_1_156' title='bbox 662 630 744 658; x_wconf 87' lang='lat' dir='ltr'><strong>semel</strong></span> <span class='ocrx_word' id='word_1_157' title='bbox 758 629 916 666; x_wconf 73' lang='lat' dir='ltr'><strong>degustarit.</strong></span> 
     </span>
    </p>
   </div>
   <div class='ocr_carea' id='block_1_20' title="bbox 316 678 496 705">
    <p class='ocr_par' dir='ltr' id='par_1_20' title="bbox 316 678 496 705">
     <span class='ocr_line' id='line_1_20' title="bbox 316 678 496 705; baseline 0.006 -1"><span class='ocrx_word' id='word_1_158' title='bbox 316 678 441 705; x_wconf 79' lang='grc' dir='ltr'><strong>ΚΕΦΑΛ.</strong></span> <span class='ocrx_word' id='word_1_159' title='bbox 461 679 496 705; x_wconf 90' lang='grc' dir='ltr'><strong>Δ¹.</strong></span> 
     </span>
    </p>
   </div>
   <div class='ocr_carea' id='block_1_21' title="bbox 71 720 798 759">
    <p class='ocr_par' dir='ltr' id='par_1_21' title="bbox 71 720 798 759">
     <span class='ocr_line' id='line_1_21' title="bbox 71 720 798 759; baseline 0.004 -12"><span class='ocrx_word' id='word_1_160' title='bbox 71 720 129 747; x_wconf 78' lang='grc' dir='ltr'><strong>Ἀπὸ</strong></span> <span class='ocrx_word' id='word_1_161' title='bbox 140 721 166 748; x_wconf 79' lang='grc' dir='ltr'>δὲ</span> <span class='ocrx_word' id='word_1_162' title='bbox 179 721 280 748; x_wconf 86' lang='grc' dir='ltr'>τούτων</span> <span class='ocrx_word' id='word_1_163' title='bbox 297 722 409 749; x_wconf 82' lang='grc' dir='ltr'>ἀπασῶν</span> <span class='ocrx_word' id='word_1_164' title='bbox 426 723 543 758; x_wconf 78' lang='grc' dir='ltr'>ἐμαυτὸν</span> <span class='ocrx_word' id='word_1_165' title='bbox 558 723 724 759; x_wconf 70' lang='grc' dir='ltr'><strong>ἐπιστρέψας</strong></span> <span class='ocrx_word' id='word_1_166' title='bbox 745 723 798 750; x_wconf 82' lang='grc' dir='ltr'><strong>τῶν</strong></span> 
     </span>
    </p>
   </div>
   <div class='ocr_carea' id='block_1_22' title="bbox 38 767 797 805">
    <p class='ocr_par' dir='ltr' id='par_1_22' title="bbox 38 767 797 805">
     <span class='ocr_line' id='line_1_22' title="bbox 38 767 797 805; baseline 0.001 -11"><span class='ocrx_word' id='word_1_167' title='bbox 38 767 131 794; x_wconf 79' lang='grc' dir='ltr'>ἐννοιῶν</span> <span class='ocrx_word' id='word_1_168' title='bbox 150 768 358 804; x_wconf 72' lang='grc' dir='ltr'>κατεσκεψάμην</span> <span class='ocrx_word' id='word_1_169' title='bbox 379 768 424 795; x_wconf 85' lang='grc' dir='ltr'><strong>καὶ</strong></span> <span class='ocrx_word' id='word_1_170' title='bbox 440 769 617 805; x_wconf 81' lang='grc' dir='ltr'><strong>ἀπεστράφην</strong></span> <span class='ocrx_word' id='word_1_171' title='bbox 637 770 723 797; x_wconf 86' lang='grc' dir='ltr'>πάντα</span> <span class='ocrx_word' id='word_1_172' title='bbox 741 769 797 805; x_wconf 78' lang='grc' dir='ltr'>εἴδη</span> 
     </span>
    </p>
   </div>
   <div class='ocr_carea' id='block_1_23' title="bbox 38 812 799 851">
    <p class='ocr_par' dir='ltr' id='par_1_23' title="bbox 38 812 799 851">
     <span class='ocr_line' id='line_1_23' title="bbox 38 812 799 851; baseline 0.003 -12"><span class='ocrx_word' id='word_1_173' title='bbox 38 813 204 847; x_wconf 70' lang='grc' dir='ltr'>συκοφαντιῶν</span> <span class='ocrx_word' id='word_1_174' title='bbox 227 814 262 841; x_wconf 83' lang='grc' dir='ltr'>τὰ</span> <span class='ocrx_word' id='word_1_175' title='bbox 286 815 315 841; x_wconf 85' lang='grc' dir='ltr'><strong>ἐν</strong></span> <span class='ocrx_word' id='word_1_176' title='bbox 333 814 486 851; x_wconf 85' lang='grc' dir='ltr'>ἀνθρώποις</span> <span class='ocrx_word' id='word_1_177' title='bbox 509 815 685 851; x_wconf 77' lang='grc' dir='ltr'>πλαζόμενα,</span> <span class='ocrx_word' id='word_1_178' title='bbox 710 815 740 848; x_wconf 81' lang='grc' dir='ltr'>ἐξ</span> <span class='ocrx_word' id='word_1_179' title='bbox 762 812 799 842; x_wconf 84' lang='grc' dir='ltr'>ὧν</span> 
     </span>
    </p>
   </div>
   <div class='ocr_carea' id='block_1_24' title="bbox 37 859 801 898">
    <p class='ocr_par' dir='ltr' id='par_1_24' title="bbox 37 859 801 898">
     <span class='ocr_line' id='line_1_24' title="bbox 37 859 801 898; baseline 0.004 -13"><span class='ocrx_word' id='word_1_180' title='bbox 37 862 96 891; x_wconf 69' lang='grc' dir='ltr'>τινες</span> <span class='ocrx_word' id='word_1_181' title='bbox 113 859 158 895; x_wconf 89' lang='grc' dir='ltr'><strong>μέν</strong></span> <span class='ocrx_word' id='word_1_182' title='bbox 173 860 343 896; x_wconf 75' lang='grc' dir='ltr'>ἀδικούμενοι</span> <span class='ocrx_word' id='word_1_183' title='bbox 359 861 504 897; x_wconf 79' lang='grc' dir='ltr'><strong>δακρύουσι</strong></span> <span class='ocrx_word' id='word_1_184' title='bbox 526 862 573 888; x_wconf 79' lang='grc' dir='ltr'>καὶ</span> <span class='ocrx_word' id='word_1_185' title='bbox 591 861 737 898; x_wconf 84' lang='grc' dir='ltr'>θρηνοῦσι,</span> <span class='ocrx_word' id='word_1_186' title='bbox 756 861 801 897; x_wconf 82' lang='grc' dir='ltr'><strong>βίᾳ</strong></span> 
     </span>
    </p>
   </div>
   <div class='ocr_carea' id='block_1_25' title="bbox 31 906 800 944">
    <p class='ocr_par' dir='ltr' id='par_1_25' title="bbox 31 906 800 944">
     <span class='ocr_line' id='line_1_25' title="bbox 31 906 800 944; baseline 0.005 -12"><span class='ocrx_word' id='word_1_187' title='bbox 31 906 249 942; x_wconf 66' lang='grc' dir='ltr'><strong>¹καταϐεϐλημένα</strong></span> <span class='ocrx_word' id='word_1_188' title='bbox 263 907 318 934; x_wconf 87' lang='grc' dir='ltr'><strong>τῶν</strong></span> <span class='ocrx_word' id='word_1_189' title='bbox 336 908 528 943; x_wconf 88' lang='grc' dir='ltr'>ἐπαμυνόντων</span> <span class='ocrx_word' id='word_1_190' title='bbox 544 908 582 942; x_wconf 67' lang='grc' dir='ltr'><strong>(ἓ)</strong></span> <span class='ocrx_word' id='word_1_191' title='bbox 595 928 601 941; x_wconf 89' lang='grc'><strong>,</strong></span> <span class='ocrx_word' id='word_1_192' title='bbox 624 909 640 944; x_wconf 85' lang='grc' dir='ltr'>ἢ</span> <span class='ocrx_word' id='word_1_193' title='bbox 664 908 732 940; x_wconf 86' lang='grc' dir='ltr'>ὅλως</span> <span class='ocrx_word' id='word_1_194' title='bbox 748 918 800 935; x_wconf 87' lang='grc' dir='ltr'>πα-</span> 
     </span>
    </p>
   </div>
   <div class='ocr_carea' id='block_1_26' title="bbox 36 952 802 989">
    <p class='ocr_par' dir='ltr' id='par_1_26' title="bbox 36 952 802 989">
     <span class='ocr_line' id='line_1_26' title="bbox 36 952 802 989; baseline 0.001 -11"><span class='ocrx_word' id='word_1_195' title='bbox 36 952 247 988; x_wconf 74' lang='grc' dir='ltr'>ραμυθησομένων</span> <span class='ocrx_word' id='word_1_196' title='bbox 261 953 359 984; x_wconf 77' lang='grc' dir='ltr'>αὐτοὺς</span> <span class='ocrx_word' id='word_1_197' title='bbox 373 953 465 989; x_wconf 83' lang='grc' dir='ltr'>πάσης</span> <span class='ocrx_word' id='word_1_198' title='bbox 482 952 649 987; x_wconf 82' lang='grc' dir='ltr'>πανταχόθεν</span> <span class='ocrx_word' id='word_1_199' title='bbox 673 953 802 988; x_wconf 84' lang='grc' dir='ltr'>κατεχού-</span> 
     </span>
    </p>
   </div>
   <div class='ocr_carea' id='block_1_27' title="bbox 36 998 800 1035">
    <p class='ocr_par' dir='ltr' id='par_1_27' title="bbox 36 998 800 1035">
     <span class='ocr_line' id='line_1_27' title="bbox 36 998 800 1035; baseline 0.001 -11"><span class='ocrx_word' id='word_1_200' title='bbox 36 1006 77 1032; x_wconf 81' lang='grc' dir='ltr'><strong>σης</strong></span> <span class='ocrx_word' id='word_1_201' title='bbox 91 998 213 1034; x_wconf 79' lang='grc' dir='ltr'><strong>ἀπορίας·</strong></span> <span class='ocrx_word' id='word_1_202' title='bbox 231 999 255 1025; x_wconf 83' lang='grc' dir='ltr'><strong>οί</strong></span> <span class='ocrx_word' id='word_1_203' title='bbox 271 999 299 1025; x_wconf 83' lang='grc' dir='ltr'>δὲ</span> <span class='ocrx_word' id='word_1_204' title='bbox 313 999 461 1035; x_wconf 82' lang='grc' dir='ltr'>χειροδίκαι</span> <span class='ocrx_word' id='word_1_205' title='bbox 481 1000 521 1031; x_wconf 86' lang='grc' dir='ltr'><strong>είς</strong></span> <span class='ocrx_word' id='word_1_206' title='bbox 535 999 600 1033; x_wconf 74' lang='grc' dir='ltr'>ὕψος</span> <span class='ocrx_word' id='word_1_207' title='bbox 619 999 754 1035; x_wconf 74' lang='grc' dir='ltr'>αἴρονται,</span> <span class='ocrx_word' id='word_1_208' title='bbox 771 999 800 1032; x_wconf 80' lang='grc' dir='ltr'><strong>ἐξ</strong></span> 
     </span>
    </p>
   </div>
   <div class='ocr_carea' id='block_1_28' title="bbox 35 1041 801 1082">
    <p class='ocr_par' dir='ltr' id='par_1_28' title="bbox 35 1041 801 1082">
     <span class='ocr_line' id='line_1_28' title="bbox 35 1041 801 1082; baseline 0.004 -13"><span class='ocrx_word' id='word_1_209' title='bbox 35 1041 59 1070; x_wconf 71' lang='grc' dir='ltr'>οὗ</span> <span class='ocrx_word' id='word_1_210' title='bbox 71 1044 112 1070; x_wconf 74' lang='grc' dir='ltr'>καὶ</span> <span class='ocrx_word' id='word_1_211' title='bbox 126 1045 276 1072; x_wconf 78' lang='grc' dir='ltr'>πεσοῦνται.</span> <span class='ocrx_word' id='word_1_212' title='bbox 289 1045 348 1072; x_wconf 89' lang='grc' dir='ltr'><strong>Τῶν</strong></span> <span class='ocrx_word' id='word_1_213' title='bbox 359 1045 387 1072; x_wconf 79' lang='grc' dir='ltr'>δὲ</span> <span class='ocrx_word' id='word_1_214' title='bbox 396 1045 495 1072; x_wconf 85' lang='grc' dir='ltr'>ἀδίκων</span> <span class='ocrx_word' id='word_1_215' title='bbox 510 1046 557 1073; x_wconf 79' lang='grc' dir='ltr'><strong>καὶ</strong></span> <span class='ocrx_word' id='word_1_216' title='bbox 571 1046 703 1082; x_wconf 82' lang='grc' dir='ltr'>θρασέων,</span> <span class='ocrx_word' id='word_1_217' title='bbox 712 1046 735 1072; x_wconf 80' lang='grc' dir='ltr'>οἱ</span> <span class='ocrx_word' id='word_1_218' title='bbox 752 1045 801 1081; x_wconf 81' lang='grc' dir='ltr'>μὲν</span> 
     </span>
    </p>
   </div>
   <div class='ocr_carea' id='block_1_29' title="bbox 36 1089 802 1127">
    <p class='ocr_par' dir='ltr' id='par_1_29' title="bbox 36 1089 802 1127">
     <span class='ocr_line' id='line_1_29' title="bbox 36 1089 802 1127; baseline 0.001 -11"><span class='ocrx_word' id='word_1_219' title='bbox 36 1090 207 1122; x_wconf 84' lang='grc' dir='ltr'>ἀποθανόντες,</span> <span class='ocrx_word' id='word_1_220' title='bbox 232 1091 342 1126; x_wconf 81' lang='grc' dir='ltr'>ἄμεινον</span> <span class='ocrx_word' id='word_1_221' title='bbox 363 1091 438 1127; x_wconf 83' lang='grc' dir='ltr'>παρὰ</span> <span class='ocrx_word' id='word_1_222' title='bbox 459 1091 521 1123; x_wconf 78' lang='grc' dir='ltr'>τοὺς</span> <span class='ocrx_word' id='word_1_223' title='bbox 542 1091 621 1127; x_wconf 86' lang='grc' dir='ltr'>μέχρι</span> <span class='ocrx_word' id='word_1_224' title='bbox 637 1090 684 1117; x_wconf 77' lang='grc' dir='ltr'>νῦν</span> <span class='ocrx_word' id='word_1_225' title='bbox 700 1089 802 1123; x_wconf 83' lang='grc' dir='ltr'>ζῶντας</span> 
     </span>
    </p>
   </div>
   <div class='ocr_carea' id='block_1_30' title="bbox 36 1133 802 1170">
    <p class='ocr_par' dir='ltr' id='par_1_30' title="bbox 36 1133 802 1170">
     <span class='ocr_line' id='line_1_30' title="bbox 36 1133 802 1170; baseline 0 -10"><span class='ocrx_word' id='word_1_226' title='bbox 36 1133 150 1169; x_wconf 76' lang='grc' dir='ltr'>ἔπραξαν.</span> <span class='ocrx_word' id='word_1_227' title='bbox 158 1134 342 1170; x_wconf 79' lang='grc' dir='ltr'>Δίρετώτερος</span> <span class='ocrx_word' id='word_1_228' title='bbox 351 1135 379 1161; x_wconf 87' lang='grc' dir='ltr'>δὲ</span> <span class='ocrx_word' id='word_1_229' title='bbox 388 1134 490 1162; x_wconf 84' lang='grc' dir='ltr'>τούτων</span> <span class='ocrx_word' id='word_1_230' title='bbox 503 1134 673 1170; x_wconf 79' lang='grc' dir='ltr'>ἀμφοτέρων,</span> <span class='ocrx_word' id='word_1_231' title='bbox 687 1133 700 1159; x_wconf 84' lang='grc' dir='ltr'><strong>ὁ</strong></span> <span class='ocrx_word' id='word_1_232' title='bbox 711 1135 802 1169; x_wconf 78' lang='grc' dir='ltr'>ὅμοιος</span> 
     </span>
    </p>
   </div>
   <div class='ocr_carea' id='block_1_31' title="bbox 34 1179 802 1217">
    <p class='ocr_par' dir='ltr' id='par_1_31' title="bbox 34 1179 802 1217">
     <span class='ocr_line' id='line_1_31' title="bbox 34 1179 802 1217; baseline -0.001 -10"><span class='ocrx_word' id='word_1_233' title='bbox 34 1182 112 1213; x_wconf 78' lang='grc' dir='ltr'>αὐτοῖς</span> <span class='ocrx_word' id='word_1_234' title='bbox 131 1181 266 1217; x_wconf 80' lang='grc' dir='ltr'>ἐσόμενος,</span> <span class='ocrx_word' id='word_1_235' title='bbox 291 1181 402 1216; x_wconf 85' lang='grc' dir='ltr'>μηδέπω</span> <span class='ocrx_word' id='word_1_236' title='bbox 416 1181 444 1207; x_wconf 83' lang='grc' dir='ltr'>δὲ</span> <span class='ocrx_word' id='word_1_237' title='bbox 461 1180 498 1216; x_wconf 81' lang='grc'><strong>(5)</strong></span> <span class='ocrx_word' id='word_1_238' title='bbox 523 1179 650 1214; x_wconf 85' lang='grc' dir='ltr'>γεγονὼς,</span> <span class='ocrx_word' id='word_1_239' title='bbox 672 1180 713 1206; x_wconf 81' lang='grc' dir='ltr'>ὅτι</span> <span class='ocrx_word' id='word_1_240' title='bbox 727 1179 802 1206; x_wconf 78' lang='grc' dir='ltr'>οὔπω</span> 
     </span>
    </p>
   </div>
   <div class='ocr_carea' id='block_1_32' title="bbox 34 1226 802 1263">
    <p class='ocr_par' dir='ltr' id='par_1_32' title="bbox 34 1226 802 1263">
     <span class='ocr_line' id='line_1_32' title="bbox 34 1226 802 1263; baseline 0 -11"><span class='ocrx_word' id='word_1_241' title='bbox 34 1227 75 1261; x_wconf 76' lang='grc' dir='ltr'>τῆς</span> <span class='ocrx_word' id='word_1_242' title='bbox 87 1227 151 1254; x_wconf 83' lang='grc' dir='ltr'><strong>κατά</strong></span> <span class='ocrx_word' id='word_1_243' title='bbox 160 1226 318 1263; x_wconf 80' lang='grc' dir='ltr'>ἀνθρώπους</span> <span class='ocrx_word' id='word_1_244' title='bbox 331 1227 419 1262; x_wconf 72' lang='grc' dir='ltr'>ἥψατο</span> <span class='ocrx_word' id='word_1_245' title='bbox 435 1226 574 1262; x_wconf 83' lang='grc' dir='ltr'>πονηρίας.</span> <span class='ocrx_word' id='word_1_246' title='bbox 588 1226 704 1262; x_wconf 75' lang='grc' dir='ltr'>Φανερὺν</span> <span class='ocrx_word' id='word_1_247' title='bbox 717 1226 745 1252; x_wconf 85' lang='grc' dir='ltr'><strong>δέ</strong></span> <span class='ocrx_word' id='word_1_248' title='bbox 758 1235 802 1261; x_wconf 91' lang='grc' dir='ltr'><strong>μοι</strong></span> 
     </span>
    </p>
   </div>
   <div class='ocr_carea' id='block_1_33' title="bbox 33 1272 802 1308">
    <p class='ocr_par' dir='ltr' id='par_1_33' title="bbox 33 1272 802 1308">
     <span class='ocr_line' id='line_1_33' title="bbox 33 1272 802 1308; baseline 0 -10"><span class='ocrx_word' id='word_1_249' title='bbox 33 1273 126 1305; x_wconf 76' lang='grc' dir='ltr'>ἐγένετο</span> <span class='ocrx_word' id='word_1_250' title='bbox 148 1273 194 1299; x_wconf 80' lang='grc' dir='ltr'>καὶ</span> <span class='ocrx_word' id='word_1_251' title='bbox 218 1273 317 1304; x_wconf 83' lang='grc' dir='ltr'>ὁπόσος</span> <span class='ocrx_word' id='word_1_252' title='bbox 339 1273 417 1308; x_wconf 77' lang='grc' dir='ltr'>ἀνδρὶ</span> <span class='ocrx_word' id='word_1_253' title='bbox 438 1272 533 1307; x_wconf 80' lang='grc' dir='ltr'>φθόνος</span> <span class='ocrx_word' id='word_1_254' title='bbox 555 1272 629 1308; x_wconf 86' lang='grc' dir='ltr'>παρὰ</span> <span class='ocrx_word' id='word_1_255' title='bbox 651 1272 704 1299; x_wconf 83' lang='grc' dir='ltr'><strong>τῶν</strong></span> <span class='ocrx_word' id='word_1_256' title='bbox 718 1272 802 1303; x_wconf 82' lang='grc' dir='ltr'>πέλας</span> 
     </span>
    </p>
   </div>
   <div class='ocr_carea' id='block_1_34' title="bbox 33 1316 803 1354">
    <p class='ocr_par' dir='ltr' id='par_1_34' title="bbox 33 1316 803 1354">
     <span class='ocr_line' id='line_1_34' title="bbox 33 1316 803 1354; baseline 0.004 -13"><span class='ocrx_word' id='word_1_257' title='bbox 33 1316 124 1347; x_wconf 73' lang='grc' dir='ltr'>ἕπεται,</span> <span class='ocrx_word' id='word_1_258' title='bbox 144 1316 251 1354; x_wconf 81' lang='grc' dir='ltr'>οἶστρος</span> <span class='ocrx_word' id='word_1_259' title='bbox 273 1317 402 1354; x_wconf 77' lang='grc' dir='ltr'>ὑπάρχων</span> <span class='ocrx_word' id='word_1_260' title='bbox 425 1317 541 1353; x_wconf 87' lang='grc' dir='ltr'>πονηροῦ</span> <span class='ocrx_word' id='word_1_261' title='bbox 562 1317 714 1353; x_wconf 80' lang='grc' dir='ltr'>πνεύματος</span> <span class='ocrx_word' id='word_1_262' title='bbox 730 1326 737 1332; x_wconf 88' lang='grc'><strong>·</strong></span> <span class='ocrx_word' id='word_1_263' title='bbox 756 1317 803 1344; x_wconf 75' lang='grc' dir='ltr'>καὶ</span> 
     </span>
    </p>
   </div>
   <div class='ocr_carea' id='block_1_35' title="bbox 32 1361 803 1399">
    <p class='ocr_par' dir='ltr' id='par_1_35' title="bbox 32 1361 803 1399">
     <span class='ocr_line' id='line_1_35' title="bbox 32 1361 803 1399; baseline 0.003 -12"><span class='ocrx_word' id='word_1_264' title='bbox 32 1361 66 1387; x_wconf 73' lang='grc' dir='ltr'>ὅτι</span> <span class='ocrx_word' id='word_1_265' title='bbox 78 1363 90 1388; x_wconf 89' lang='grc' dir='ltr'><strong>ό</strong></span> <span class='ocrx_word' id='word_1_266' title='bbox 103 1362 296 1398; x_wconf 79' lang='grc' dir='ltr'>ὑποδεξάμενός</span> <span class='ocrx_word' id='word_1_267' title='bbox 310 1371 339 1389; x_wconf 88' lang='grc' dir='ltr'><strong>τε</strong></span> <span class='ocrx_word' id='word_1_268' title='bbox 352 1362 443 1393; x_wconf 80' lang='grc' dir='ltr'>αὑτὸν,</span> <span class='ocrx_word' id='word_1_269' title='bbox 458 1363 505 1389; x_wconf 80' lang='grc' dir='ltr'>καὶ</span> <span class='ocrx_word' id='word_1_270' title='bbox 515 1363 595 1389; x_wconf 78' lang='grc' dir='ltr'>οίονεὶ</span> <span class='ocrx_word' id='word_1_271' title='bbox 610 1362 803 1399; x_wconf 83' lang='grc' dir='ltr'>προστερνισά-</span> 
     </span>
    </p>
   </div>
   <div class='ocr_carea' id='block_1_36' title="bbox 34 1408 802 1445">
    <p class='ocr_par' dir='ltr' id='par_1_36' title="bbox 34 1408 802 1445">
     <span class='ocr_line' id='line_1_36' title="bbox 34 1408 802 1445; baseline 0.003 -12"><span class='ocrx_word' id='word_1_272' title='bbox 34 1415 111 1441; x_wconf 77' lang='grc' dir='ltr'>μενος,</span> <span class='ocrx_word' id='word_1_273' title='bbox 127 1408 200 1436; x_wconf 82' lang='grc' dir='ltr'>οὐδὲν</span> <span class='ocrx_word' id='word_1_274' title='bbox 220 1410 314 1445; x_wconf 74' lang='grc' dir='ltr'>ἕτερον</span> <span class='ocrx_word' id='word_1_275' title='bbox 334 1409 399 1445; x_wconf 71' lang='grc' dir='ltr'>ἔχει,</span> <span class='ocrx_word' id='word_1_276' title='bbox 421 1409 438 1444; x_wconf 80' lang='grc' dir='ltr'><strong>ἢ</strong></span> <span class='ocrx_word' id='word_1_277' title='bbox 458 1409 489 1436; x_wconf 78' lang='grc' dir='ltr'><strong>τὸ</strong></span> <span class='ocrx_word' id='word_1_278' title='bbox 501 1408 626 1435; x_wconf 83' lang='grc' dir='ltr'>διεσθίειν</span> <span class='ocrx_word' id='word_1_279' title='bbox 642 1409 690 1444; x_wconf 87' lang='grc' dir='ltr'><strong>τὴν</strong></span> <span class='ocrx_word' id='word_1_280' title='bbox 706 1408 802 1435; x_wconf 82' lang='grc' dir='ltr'>ἐαυτοῦ</span> 
     </span>
    </p>
   </div>
   <div class='ocr_carea' id='block_1_37' title="bbox 31 1452 802 1491">
    <p class='ocr_par' dir='ltr' id='par_1_37' title="bbox 31 1452 802 1491">
     <span class='ocr_line' id='line_1_37' title="bbox 31 1452 802 1491; baseline 0.004 -13"><span class='ocrx_word' id='word_1_281' title='bbox 31 1452 116 1488; x_wconf 73' lang='grc' dir='ltr'>ψυχὴν,</span> <span class='ocrx_word' id='word_1_282' title='bbox 132 1455 176 1481; x_wconf 78' lang='grc' dir='ltr'>καὶ</span> <span class='ocrx_word' id='word_1_283' title='bbox 192 1455 329 1491; x_wconf 88' lang='grc' dir='ltr'>διαπρίειν</span> <span class='ocrx_word' id='word_1_284' title='bbox 339 1463 369 1481; x_wconf 89' lang='grc' dir='ltr'><strong>τε</strong></span> <span class='ocrx_word' id='word_1_285' title='bbox 383 1455 429 1481; x_wconf 82' lang='grc' dir='ltr'>καὶ</span> <span class='ocrx_word' id='word_1_286' title='bbox 438 1455 558 1490; x_wconf 82' lang='grc' dir='ltr'>δαπανᾷν</span> <span class='ocrx_word' id='word_1_287' title='bbox 572 1454 639 1490; x_wconf 87' lang='grc' dir='ltr'>μετὰ</span> <span class='ocrx_word' id='word_1_288' title='bbox 652 1454 699 1481; x_wconf 82' lang='grc' dir='ltr'>τοῦ</span> <span class='ocrx_word' id='word_1_289' title='bbox 715 1454 802 1490; x_wconf 86' lang='grc' dir='ltr'>σώμα-</span> 
     </span>
    </p>
   </div>
   <div class='ocr_carea' id='block_1_38' title="bbox 32 1491 837 1546">
    <p class='ocr_par' dir='ltr' id='par_1_38' title="bbox 32 1491 837 1546">
     <span class='ocr_line' id='line_1_38' title="bbox 32 1491 837 1546; baseline 0.005 -22"><span class='ocrx_word' id='word_1_290' title='bbox 32 1507 68 1530; x_wconf 82' lang='grc' dir='ltr'><strong>τος</strong></span> <span class='ocrx_word' id='word_1_291' title='bbox 91 1500 181 1527; x_wconf 86' lang='grc' dir='ltr'>ἑαυτοῦ</span> <span class='ocrx_word' id='word_1_292' title='bbox 203 1491 298 1537; x_wconf 78' lang='grc' dir='ltr'>λύπην</span> <span class='ocrx_word' id='word_1_293' title='bbox 324 1501 548 1537; x_wconf 86' lang='grc' dir='ltr'>ἀπαραμύθητον,</span> <span class='ocrx_word' id='word_1_294' title='bbox 575 1501 624 1537; x_wconf 86' lang='grc' dir='ltr'>τὴν</span> <span class='ocrx_word' id='word_1_295' title='bbox 646 1501 700 1528; x_wconf 85' lang='grc' dir='ltr'><strong>τῶν</strong></span> <span class='ocrx_word' id='word_1_296' title='bbox 715 1501 802 1529; x_wconf 79' lang='grc' dir='ltr'>ἄλλων</span> <span class='ocrx_word' id='word_1_297' title='bbox 816 1517 837 1546; x_wconf 77' lang='lat' dir='ltr'><strong>C</strong></span> 
     </span>
    </p>
   </div>
   <div class='ocr_carea' id='block_1_39' title="bbox 31 1545 800 1584">
    <p class='ocr_par' dir='ltr' id='par_1_39' title="bbox 31 1545 800 1584">
     <span class='ocr_line' id='line_1_39' title="bbox 31 1545 800 1584; baseline 0.004 -13"><span class='ocrx_word' id='word_1_298' title='bbox 31 1545 168 1581; x_wconf 74' lang='grc' dir='ltr'>εὐπραγίαν</span> <span class='ocrx_word' id='word_1_299' title='bbox 185 1547 328 1583; x_wconf 83' lang='grc' dir='ltr'>τιθέμενον</span> <span class='ocrx_word' id='word_1_300' title='bbox 340 1547 387 1584; x_wconf 72' lang='grc'>(4).</span> <span class='ocrx_word' id='word_1_301' title='bbox 405 1547 509 1574; x_wconf 84' lang='grc' dir='ltr'>’Έλοιτο</span> <span class='ocrx_word' id='word_1_302' title='bbox 523 1548 545 1575; x_wconf 82' lang='grc' dir='ltr'>δ’</span> <span class='ocrx_word' id='word_1_303' title='bbox 558 1548 590 1575; x_wconf 81' lang='grc' dir='ltr'>ἄν</span> <span class='ocrx_word' id='word_1_304' title='bbox 603 1556 645 1579; x_wconf 86' lang='grc' dir='ltr'><strong>τις</strong></span> <span class='ocrx_word' id='word_1_305' title='bbox 654 1546 683 1574; x_wconf 80' lang='grc' dir='ltr'>εὖ</span> <span class='ocrx_word' id='word_1_306' title='bbox 696 1548 800 1584; x_wconf 82' lang='grc' dir='ltr'>φρονῶν</span> 
     </span>
    </p>
   </div>
   <div class='ocr_carea' id='block_1_40' title="bbox 32 1591 800 1630">
    <p class='ocr_par' dir='ltr' id='par_1_40' title="bbox 32 1591 800 1630">
     <span class='ocr_line' id='line_1_40' title="bbox 32 1591 800 1630; baseline 0.007 -13"><span class='ocrx_word' id='word_1_307' title='bbox 32 1591 132 1628; x_wconf 81' lang='grc' dir='ltr'>θατέραν</span> <span class='ocrx_word' id='word_1_308' title='bbox 155 1594 296 1629; x_wconf 80' lang='grc' dir='ltr'>ἐμπλῆσαι</span> <span class='ocrx_word' id='word_1_309' title='bbox 320 1594 374 1620; x_wconf 85' lang='grc' dir='ltr'>τῶν</span> <span class='ocrx_word' id='word_1_310' title='bbox 399 1593 508 1630; x_wconf 83' lang='grc' dir='ltr'>χειρῶν,</span> <span class='ocrx_word' id='word_1_311' title='bbox 535 1595 582 1621; x_wconf 85' lang='grc' dir='ltr'><strong>σὺν</strong></span> <span class='ocrx_word' id='word_1_312' title='bbox 608 1593 731 1630; x_wconf 72' lang='grc' dir='ltr'>ῥᾳστώνῃ</span> <span class='ocrx_word' id='word_1_313' title='bbox 754 1595 800 1622; x_wconf 78' lang='grc' dir='ltr'><strong>καὶ</strong></span> 
     </span>
    </p>
   </div>
   <div class='ocr_carea' id='block_1_41' title="bbox 31 1639 800 1677">
    <p class='ocr_par' dir='ltr' id='par_1_41' title="bbox 31 1639 800 1677">
     <span class='ocr_line' id='line_1_41' title="bbox 31 1639 800 1677; baseline 0.003 -13"><span class='ocrx_word' id='word_1_314' title='bbox 31 1639 158 1675; x_wconf 81' lang='grc' dir='ltr'>πραότητι,</span> <span class='ocrx_word' id='word_1_315' title='bbox 179 1640 252 1677; x_wconf 78' lang='grc' dir='ltr'>ἢπερ</span> <span class='ocrx_word' id='word_1_316' title='bbox 272 1640 428 1676; x_wconf 78' lang='grc' dir='ltr'>ἀμφοτέρας</span> <span class='ocrx_word' id='word_1_317' title='bbox 453 1640 500 1666; x_wconf 82' lang='grc' dir='ltr'><strong>σὺν</strong></span> <span class='ocrx_word' id='word_1_318' title='bbox 518 1639 617 1675; x_wconf 82' lang='grc' dir='ltr'><strong>μόχθῳ,</strong></span> <span class='ocrx_word' id='word_1_319' title='bbox 633 1640 680 1667; x_wconf 83' lang='grc' dir='ltr'>καὶ</span> <span class='ocrx_word' id='word_1_320' title='bbox 692 1640 800 1676; x_wconf 81' lang='grc' dir='ltr'>δολεροῦ</span> 
     </span>
    </p>
   </div>
   <div class='ocr_carea' id='block_1_42' title="bbox 31 1683 800 1721">
    <p class='ocr_par' dir='ltr' id='par_1_42' title="bbox 31 1683 800 1721">
     <span class='ocr_line' id='line_1_42' title="bbox 31 1683 800 1721; baseline 0.004 -12"><span class='ocrx_word' id='word_1_321' title='bbox 31 1683 168 1720; x_wconf 77' lang='grc' dir='ltr'>πνεύματος</span> <span class='ocrx_word' id='word_1_322' title='bbox 182 1686 346 1721; x_wconf 81' lang='grc' dir='ltr'>πανουργίᾳ.</span> <span class='ocrx_word' id='word_1_323' title='bbox 368 1686 445 1712; x_wconf 85' lang='grc' dir='ltr'>Ἔστι</span> <span class='ocrx_word' id='word_1_324' title='bbox 460 1685 488 1711; x_wconf 83' lang='grc' dir='ltr'><strong>δέ</strong></span> <span class='ocrx_word' id='word_1_325' title='bbox 503 1694 529 1711; x_wconf 90' lang='grc' dir='ltr'><strong>τι</strong></span> <span class='ocrx_word' id='word_1_326' title='bbox 545 1685 591 1712; x_wconf 75' lang='grc' dir='ltr'><strong>καὶ</strong></span> <span class='ocrx_word' id='word_1_327' title='bbox 607 1685 715 1721; x_wconf 77' lang='grc' dir='ltr'>ἕτερον,</span> <span class='ocrx_word' id='word_1_328' title='bbox 733 1686 800 1721; x_wconf 76' lang='grc' dir='ltr'>ὅπερ</span> 
     </span>
    </p>
   </div>
   <div class='ocr_carea' id='block_1_43' title="bbox 31 1727 800 1767">
    <p class='ocr_par' dir='ltr' id='par_1_43' title="bbox 31 1727 800 1767">
     <span class='ocr_line' id='line_1_43' title="bbox 31 1727 800 1767; baseline 0.005 -13"><span class='ocrx_word' id='word_1_329' title='bbox 31 1727 77 1756; x_wconf 76' lang='grc' dir='ltr'>οἴδα</span> <span class='ocrx_word' id='word_1_330' title='bbox 103 1731 249 1765; x_wconf 77' lang='grc' dir='ltr'>συμϐαῖνον</span> <span class='ocrx_word' id='word_1_331' title='bbox 275 1731 351 1767; x_wconf 81' lang='grc' dir='ltr'>παρὰ</span> <span class='ocrx_word' id='word_1_332' title='bbox 374 1730 404 1758; x_wconf 82' lang='grc' dir='ltr'>τὸ</span> <span class='ocrx_word' id='word_1_333' title='bbox 431 1730 576 1766; x_wconf 76' lang='grc' dir='ltr'>προσῆκον,</span> <span class='ocrx_word' id='word_1_334' title='bbox 603 1730 697 1767; x_wconf 77' lang='grc' dir='ltr'>ἀνδρὸς</span> <span class='ocrx_word' id='word_1_335' title='bbox 720 1731 800 1758; x_wconf 74' lang='grc' dir='ltr'>ἕνεκα</span> 
     </span>
    </p>
   </div>
   <div class='ocr_carea' id='block_1_44' title="bbox 31 1775 799 1811">
    <p class='ocr_par' dir='ltr' id='par_1_44' title="bbox 31 1775 799 1811">
     <span class='ocr_line' id='line_1_44' title="bbox 31 1775 799 1811; baseline 0.003 -11"><span class='ocrx_word' id='word_1_336' title='bbox 31 1775 200 1809; x_wconf 80' lang='grc' dir='ltr'>προαιρέσεως</span> <span class='ocrx_word' id='word_1_337' title='bbox 209 1775 262 1802; x_wconf 78' lang='grc' dir='ltr'>οὐκ</span> <span class='ocrx_word' id='word_1_338' title='bbox 272 1775 386 1810; x_wconf 85' lang='grc' dir='ltr'>ἀγαθῆς.</span> <span class='ocrx_word' id='word_1_339' title='bbox 401 1776 448 1806; x_wconf 86' lang='grc' dir='ltr'><strong>’⁸ος</strong></span> <span class='ocrx_word' id='word_1_340' title='bbox 462 1775 649 1811; x_wconf 82' lang='grc' dir='ltr'>μεμονωμένος</span> <span class='ocrx_word' id='word_1_341' title='bbox 659 1775 799 1808; x_wconf 82' lang='grc' dir='ltr'>πάντοθεν,</span> 
     </span>
    </p>
   </div>
   <div class='ocr_carea' id='block_1_45' title="bbox 31 1818 800 1856">
    <p class='ocr_par' dir='ltr' id='par_1_45' title="bbox 31 1818 800 1856">
     <span class='ocr_line' id='line_1_45' title="bbox 31 1818 800 1856; baseline 0.007 -13"><span class='ocrx_word' id='word_1_342' title='bbox 31 1818 68 1843; x_wconf 77' lang='grc' dir='ltr'>καὶ</span> <span class='ocrx_word' id='word_1_343' title='bbox 83 1818 139 1846; x_wconf 74' lang='grc' dir='ltr'>οὔτε</span> <span class='ocrx_word' id='word_1_344' title='bbox 154 1820 268 1854; x_wconf 85' lang='grc' dir='ltr'>ἀδελφὸν</span> <span class='ocrx_word' id='word_1_345' title='bbox 282 1820 360 1856; x_wconf 73' lang='grc' dir='ltr'>ἔχων,</span> <span class='ocrx_word' id='word_1_346' title='bbox 374 1819 434 1847; x_wconf 78' lang='grc' dir='ltr'>οὔτε</span> <span class='ocrx_word' id='word_1_347' title='bbox 446 1820 513 1853; x_wconf 88' lang='grc' dir='ltr'>υίδν,</span> <span class='ocrx_word' id='word_1_348' title='bbox 525 1822 645 1856; x_wconf 86' lang='grc' dir='ltr'>κτήμασι</span> <span class='ocrx_word' id='word_1_349' title='bbox 657 1821 684 1848; x_wconf 81' lang='grc' dir='ltr'>δὲ</span> <span class='ocrx_word' id='word_1_350' title='bbox 695 1821 800 1854; x_wconf 77' lang='grc' dir='ltr'>πολλοῖς</span> 
     </span>
    </p>
   </div>
   <div class='ocr_carea' id='block_1_46' title="bbox 31 1863 800 1902">
    <p class='ocr_par' dir='ltr' id='par_1_46' title="bbox 31 1863 800 1902">
     <span class='ocr_line' id='line_1_46' title="bbox 31 1863 800 1902; baseline 0.005 -13"><span class='ocrx_word' id='word_1_351' title='bbox 31 1863 222 1901; x_wconf 69' lang='grc' dir='ltr'>εὖθηνούμενος,</span> <span class='ocrx_word' id='word_1_352' title='bbox 247 1866 384 1902; x_wconf 78' lang='grc' dir='ltr'>ἀπληστίᾳ</span> <span class='ocrx_word' id='word_1_353' title='bbox 402 1865 501 1898; x_wconf 79' lang='grc' dir='ltr'>συζῶν,</span> <span class='ocrx_word' id='word_1_354' title='bbox 519 1867 680 1902; x_wconf 82' lang='grc' dir='ltr'>χρηστότητι</span> <span class='ocrx_word' id='word_1_355' title='bbox 706 1867 800 1894; x_wconf 71' lang='grc' dir='ltr'>ἑαυτὸν</span> 
     </span>
    </p>
   </div>
   <div class='ocr_carea' id='block_1_47' title="bbox 31 1909 800 1944">
    <p class='ocr_par' dir='ltr' id='par_1_47' title="bbox 31 1909 800 1944">
     <span class='ocr_line' id='line_1_47' title="bbox 31 1909 800 1944; baseline 0.007 -10"><span class='ocrx_word' id='word_1_356' title='bbox 31 1909 75 1935; x_wconf 64' lang='lat'><strong>250&#39;</strong></span> <span class='ocrx_word' id='word_1_357' title='bbox 90 1911 154 1943; x_wconf 78' lang='grc' dir='ltr'>ὅλως</span> <span class='ocrx_word' id='word_1_358' title='bbox 167 1911 259 1938; x_wconf 81' lang='grc' dir='ltr'>ὁτιοῦν</span> <span class='ocrx_word' id='word_1_359' title='bbox 278 1911 415 1939; x_wconf 80' lang='grc' dir='ltr'>ἐπιδοῦναι</span> <span class='ocrx_word' id='word_1_360' title='bbox 430 1912 512 1940; x_wconf 88' lang='grc' dir='ltr'>θέλει.</span> <span class='ocrx_word' id='word_1_361' title='bbox 535 1912 631 1944; x_wconf 86' lang='grc' dir='ltr'>Ἡδέως</span> <span class='ocrx_word' id='word_1_362' title='bbox 647 1910 693 1939; x_wconf 77' lang='grc' dir='ltr'><strong>οὖν</strong></span> <span class='ocrx_word' id='word_1_363' title='bbox 706 1912 739 1939; x_wconf 82' lang='grc' dir='ltr'><strong>ἂν</strong></span> <span class='ocrx_word' id='word_1_364' title='bbox 751 1913 800 1939; x_wconf 82' lang='grc' dir='ltr'>αὐ-</span> 
     </span>
    </p>
   </div>
   <div class='ocr_carea' id='block_1_48' title="bbox 31 1955 800 1994">
    <p class='ocr_par' dir='ltr' id='par_1_48' title="bbox 31 1955 800 1994">
     <span class='ocr_line' id='line_1_48' title="bbox 31 1955 800 1994; baseline 0.005 -13"><span class='ocrx_word' id='word_1_365' title='bbox 31 1955 66 1981; x_wconf 60' lang='lat' dir='ltr'><strong>Ei”</strong></span> <span class='ocrx_word' id='word_1_366' title='bbox 85 1957 205 1993; x_wconf 86' lang='grc' dir='ltr'>ἐροίμην,</span> <span class='ocrx_word' id='word_1_367' title='bbox 230 1957 291 1984; x_wconf 83' lang='grc' dir='ltr'>ὅτου</span> <span class='ocrx_word' id='word_1_368' title='bbox 314 1957 393 1993; x_wconf 82' lang='grc' dir='ltr'>χάριν</span> <span class='ocrx_word' id='word_1_369' title='bbox 408 1959 422 1984; x_wconf 87' lang='grc' dir='ltr'><strong>ό</strong></span> <span class='ocrx_word' id='word_1_370' title='bbox 437 1958 556 1990; x_wconf 82' lang='grc' dir='ltr'>τοιοῦτος</span> <span class='ocrx_word' id='word_1_371' title='bbox 579 1958 687 1994; x_wconf 76' lang='grc' dir='ltr'><strong>μοχθεῗ⁷</strong></span> <span class='ocrx_word' id='word_1_372' title='bbox 704 1958 734 1985; x_wconf 84' lang='grc' dir='ltr'><strong>τὸ</strong></span> <span class='ocrx_word' id='word_1_373' title='bbox 752 1959 800 1994; x_wconf 83' lang='grc' dir='ltr'><strong>μὲν</strong></span> 
     </span>
    </p>
   </div>
   <div class='ocr_carea' id='block_1_49' title="bbox 31 2000 801 2040">
    <p class='ocr_par' dir='ltr' id='par_1_49' title="bbox 31 2000 801 2040">
     <span class='ocr_line' id='line_1_49' title="bbox 31 2000 801 2040; baseline 0.004 -12"><span class='ocrx_word' id='word_1_374' title='bbox 31 2000 115 2034; x_wconf 68' lang='grc' dir='ltr'>Ξγαθόν</span> <span class='ocrx_word' id='word_1_375' title='bbox 129 2011 154 2029; x_wconf 84' lang='grc' dir='ltr'><strong>τι</strong></span> <span class='ocrx_word' id='word_1_376' title='bbox 171 2003 270 2039; x_wconf 80' lang='grc' dir='ltr'>δρᾶσαι</span> <span class='ocrx_word' id='word_1_377' title='bbox 296 2003 486 2040; x_wconf 86' lang='grc' dir='ltr'>προτροπάδην</span> <span class='ocrx_word' id='word_1_378' title='bbox 498 2004 615 2039; x_wconf 86' lang='grc' dir='ltr'><strong>φεύγων,</strong></span> <span class='ocrx_word' id='word_1_379' title='bbox 626 2004 760 2036; x_wconf 87' lang='grc' dir='ltr'>ποικίλαις</span> <span class='ocrx_word' id='word_1_380' title='bbox 772 2005 801 2031; x_wconf 82' lang='grc' dir='ltr'>δὲ</span> 
     </span>
    </p>
   </div>
   <div class='ocr_carea' id='block_1_50' title="bbox 31 2046 799 2086">
    <p class='ocr_par' dir='ltr' id='par_1_50' title="bbox 31 2046 799 2086">
     <span class='ocr_line' id='line_1_50' title="bbox 31 2046 799 2086; baseline 0.008 -15"><span class='ocrx_word' id='word_1_381' title='bbox 31 2046 66 2072; x_wconf 72' lang='grc' dir='ltr'><strong>τοῦ</strong></span> <span class='ocrx_word' id='word_1_382' title='bbox 79 2049 300 2083; x_wconf 79' lang='grc' dir='ltr'>χρηματίσασθαί</span> <span class='ocrx_word' id='word_1_383' title='bbox 325 2049 405 2076; x_wconf 91' lang='grc' dir='ltr'>ποθεν</span> <span class='ocrx_word' id='word_1_384' title='bbox 430 2049 586 2086; x_wconf 77' lang='grc' dir='ltr'>ἐπιθυμίαις</span> <span class='ocrx_word' id='word_1_385' title='bbox 605 2049 799 2086; x_wconf 80' lang='grc' dir='ltr'>διασπώμενος.</span> 
     </span>
    </p>
   </div>
   <div class='ocr_carea' id='block_1_51' title="bbox 31 2091 801 2131">
    <p class='ocr_par' dir='ltr' id='par_1_51' title="bbox 31 2091 801 2131">
     <span class='ocr_line' id='line_1_51' title="bbox 31 2091 801 2131; baseline 0.008 -15"><span class='ocrx_word' id='word_1_386' title='bbox 31 2091 107 2127; x_wconf 79' lang='grc' dir='ltr'>Πολλῷ</span> <span class='ocrx_word' id='word_1_387' title='bbox 118 2093 145 2120; x_wconf 84' lang='grc' dir='ltr'>δὲ</span> <span class='ocrx_word' id='word_1_388' title='bbox 155 2094 253 2121; x_wconf 85' lang='grc' dir='ltr'>τούτου</span> <span class='ocrx_word' id='word_1_389' title='bbox 266 2094 384 2129; x_wconf 84' lang='grc' dir='ltr'>βελτίους</span> <span class='ocrx_word' id='word_1_390' title='bbox 395 2095 419 2121; x_wconf 84' lang='grc' dir='ltr'>οἳ</span> <span class='ocrx_word' id='word_1_391' title='bbox 429 2095 570 2122; x_wconf 87' lang='grc' dir='ltr'>κοινωνίαν</span> <span class='ocrx_word' id='word_1_392' title='bbox 583 2095 641 2131; x_wconf 76' lang='grc' dir='ltr'><strong>ἅμα</strong></span> <span class='ocrx_word' id='word_1_393' title='bbox 650 2095 708 2130; x_wconf 81' lang='grc' dir='ltr'>βίου</span> <span class='ocrx_word' id='word_1_394' title='bbox 718 2095 801 2121; x_wconf 82' lang='grc' dir='ltr'>ἐστεί-</span> 
     </span>
    </p>
   </div>
   <div class='ocr_carea' id='block_1_52' title="bbox 31 2138 801 2176">
    <p class='ocr_par' dir='ltr' id='par_1_52' title="bbox 31 2138 801 2176">
     <span class='ocr_line' id='line_1_52' title="bbox 31 2138 801 2176; baseline 0.004 -12"><span class='ocrx_word' id='word_1_395' title='bbox 31 2144 104 2171; x_wconf 70' lang='grc' dir='ltr'>λαντο,</span> <span class='ocrx_word' id='word_1_396' title='bbox 111 2140 139 2174; x_wconf 87' lang='grc' dir='ltr'>ἐξ</span> <span class='ocrx_word' id='word_1_397' title='bbox 146 2138 180 2176; x_wconf 81' lang='grc' dir='ltr'>ἧς</span> <span class='ocrx_word' id='word_1_398' title='bbox 190 2141 339 2176; x_wconf 72' lang='grc' dir='ltr'>καρποῖντο</span> <span class='ocrx_word' id='word_1_399' title='bbox 345 2140 377 2167; x_wconf 80' lang='grc' dir='ltr'>ἄν</span> <span class='ocrx_word' id='word_1_400' title='bbox 384 2140 417 2167; x_wconf 80' lang='grc' dir='ltr'>τὰ</span> <span class='ocrx_word' id='word_1_401' title='bbox 425 2140 549 2175; x_wconf 85' lang='grc' dir='ltr'>βέλτιστα</span> <span class='ocrx_word' id='word_1_402' title='bbox 557 2140 619 2176; x_wconf 70' lang='grc'><strong>(4“);</strong></span> <span class='ocrx_word' id='word_1_403' title='bbox 630 2140 681 2167; x_wconf 90' lang='grc' dir='ltr'><strong>Δύο</strong></span> <span class='ocrx_word' id='word_1_404' title='bbox 688 2139 741 2176; x_wconf 83' lang='grc' dir='ltr'>γὰρ</span> <span class='ocrx_word' id='word_1_405' title='bbox 754 2141 801 2168; x_wconf 85' lang='grc' dir='ltr'>ἀν-</span> 
     </span>
    </p>
   </div>
   <div class='ocr_carea' id='block_1_53' title="bbox 817 838 837 865">
    <p class='ocr_par' dir='ltr' id='par_1_53' title="bbox 817 838 837 865">
     <span class='ocr_line' id='line_1_53' title="bbox 817 838 837 865; baseline 0 0"><span class='ocrx_word' id='word_1_406' title='bbox 817 838 837 865; x_wconf 87' lang='grc' dir='ltr'><strong><em>Β</em></strong></span> 
     </span>
    </p>
   </div>
   <div class='ocr_carea' id='block_1_54' title="bbox 1145 677 1336 705">
    <p class='ocr_par' dir='ltr' id='par_1_54' title="bbox 1145 677 1336 705">
     <span class='ocr_line' id='line_1_54' title="bbox 1145 677 1336 705; baseline -0.005 0"><span class='ocrx_word' id='word_1_407' title='bbox 1145 677 1257 705; x_wconf 80' lang='lat' dir='ltr'><strong>CAPUT</strong></span> <span class='ocrx_word' id='word_1_408' title='bbox 1293 677 1336 704; x_wconf 84' lang='lat' dir='ltr'><strong>IV.</strong></span> 
     </span>
    </p>
   </div>
   <div class='ocr_carea' id='block_1_55' title="bbox 887 722 1635 758">
    <p class='ocr_par' dir='ltr' id='par_1_55' title="bbox 887 722 1635 758">
     <span class='ocr_line' id='line_1_55' title="bbox 887 722 1635 758; baseline 0.008 -10"><span class='ocrx_word' id='word_1_409' title='bbox 887 722 912 748; x_wconf 77' lang='grc'>1.</span> <span class='ocrx_word' id='word_1_410' title='bbox 926 722 967 749; x_wconf 84' lang='lat' dir='ltr'><strong>Ab</strong></span> <span class='ocrx_word' id='word_1_411' title='bbox 976 722 1009 750; x_wconf 89' lang='lat' dir='ltr'><strong>iis</strong></span> <span class='ocrx_word' id='word_1_412' title='bbox 1018 723 1144 751; x_wconf 91' lang='lat' dir='ltr'><strong>omnibus</strong></span> <span class='ocrx_word' id='word_1_413' title='bbox 1153 724 1362 758; x_wconf 73' lang='lat' dir='ltr'><strong>cogitationibus</strong></span> <span class='ocrx_word' id='word_1_414' title='bbox 1370 725 1492 753; x_wconf 86' lang='lat' dir='ltr'><strong>animum</strong></span> <span class='ocrx_word' id='word_1_415' title='bbox 1503 734 1635 755; x_wconf 83' lang='lat' dir='ltr'><strong>rcvocans</strong></span> 
     </span>
    </p>
   </div>
   <div class='ocr_carea' id='block_1_56' title="bbox 852 768 1636 808">
    <p class='ocr_par' dir='ltr' id='par_1_56' title="bbox 852 768 1636 808">
     <span class='ocr_line' id='line_1_56' title="bbox 852 768 1636 808; baseline 0.009 -14"><span class='ocrx_word' id='word_1_416' title='bbox 852 768 1031 802; x_wconf 88' lang='lat' dir='ltr'><strong>consideravi,</strong></span> <span class='ocrx_word' id='word_1_417' title='bbox 1047 774 1129 804; x_wconf 90' lang='lat' dir='ltr'><strong>atque</strong></span> <span class='ocrx_word' id='word_1_418' title='bbox 1142 775 1282 798; x_wconf 80' lang='lat' dir='ltr'><strong>aversatus</strong></span> <span class='ocrx_word' id='word_1_419' title='bbox 1297 778 1358 798; x_wconf 86' lang='lat' dir='ltr'><strong>sum</strong></span> <span class='ocrx_word' id='word_1_420' title='bbox 1375 772 1465 798; x_wconf 83' lang='lat' dir='ltr'><strong>omnia</strong></span> <span class='ocrx_word' id='word_1_421' title='bbox 1482 773 1636 808; x_wconf 77' lang='lat' dir='ltr'><strong>sycophan-</strong></span> 
     </span>
    </p>
   </div>
   <div class='ocr_carea' id='block_1_57' title="bbox 852 814 1634 851">
    <p class='ocr_par' dir='ltr' id='par_1_57' title="bbox 852 814 1634 851">
     <span class='ocr_line' id='line_1_57' title="bbox 852 814 1634 851; baseline 0.006 -10"><span class='ocrx_word' id='word_1_422' title='bbox 852 814 950 841; x_wconf 87' lang='lat' dir='ltr'><strong>tiarum</strong></span> <span class='ocrx_word' id='word_1_423' title='bbox 966 822 1063 849; x_wconf 70' lang='lat' dir='ltr'><strong>genera</strong></span> <span class='ocrx_word' id='word_1_424' title='bbox 1078 815 1148 842; x_wconf 85' lang='lat' dir='ltr'><strong>inter</strong></span> <span class='ocrx_word' id='word_1_425' title='bbox 1163 816 1288 844; x_wconf 87' lang='lat' dir='ltr'><strong>homines</strong></span> <span class='ocrx_word' id='word_1_426' title='bbox 1302 817 1437 851; x_wconf 84' lang='lat' dir='ltr'><strong>errantia,</strong></span> <span class='ocrx_word' id='word_1_427' title='bbox 1451 818 1550 851; x_wconf 90' lang='lat' dir='ltr'><strong>quibus</strong></span> <span class='ocrx_word' id='word_1_428' title='bbox 1565 827 1634 846; x_wconf 89' lang='lat' dir='ltr'><strong>non-</strong></span> 
     </span>
    </p>
   </div>
   <div class='ocr_carea' id='block_1_58' title="bbox 852 859 1635 900">
    <p class='ocr_par' dir='ltr' id='par_1_58' title="bbox 852 859 1635 900">
     <span class='ocr_line' id='line_1_58' title="bbox 852 859 1635 900; baseline 0.006 -14"><span class='ocrx_word' id='word_1_429' title='bbox 852 860 917 887; x_wconf 89' lang='lat' dir='ltr'><strong>nulli</strong></span> <span class='ocrx_word' id='word_1_430' title='bbox 927 859 1019 894; x_wconf 86' lang='lat' dir='ltr'><strong>iniquc</strong></span> <span class='ocrx_word' id='word_1_431' title='bbox 1032 860 1210 888; x_wconf 87' lang='lat' dir='ltr'><strong>circumventi</strong></span> <span class='ocrx_word' id='word_1_432' title='bbox 1220 869 1252 889; x_wconf 86' lang='lat' dir='ltr'><strong>ac</strong></span> <span class='ocrx_word' id='word_1_433' title='bbox 1259 870 1307 896; x_wconf 87' lang='lat' dir='ltr'><strong>per</strong></span> <span class='ocrx_word' id='word_1_434' title='bbox 1321 863 1375 889; x_wconf 87' lang='lat' dir='ltr'><strong>vim</strong></span> <span class='ocrx_word' id='word_1_435' title='bbox 1384 863 1490 897; x_wconf 82' lang='lat' dir='ltr'><strong>dejecti,</strong></span> <span class='ocrx_word' id='word_1_436' title='bbox 1500 864 1635 900; x_wconf 81' lang='lat' dir='ltr'><strong>lacrymas</strong></span> 
     </span>
    </p>
   </div>
   <div class='ocr_carea' id='block_1_59' title="bbox 851 904 1635 943">
    <p class='ocr_par' dir='ltr' id='par_1_59' title="bbox 851 904 1635 943">
     <span class='ocr_line' id='line_1_59' title="bbox 851 904 1635 943; baseline 0.009 -13"><span class='ocrx_word' id='word_1_437' title='bbox 851 904 967 931; x_wconf 79' lang='lat' dir='ltr'><strong>fundunt</strong></span> <span class='ocrx_word' id='word_1_438' title='bbox 993 908 1074 939; x_wconf 88' lang='lat' dir='ltr'><strong>atque</strong></span> <span class='ocrx_word' id='word_1_439' title='bbox 1106 905 1306 941; x_wconf 78' lang='lat' dir='ltr'><strong>ingemiscunt;</strong></span> <span class='ocrx_word' id='word_1_440' title='bbox 1335 908 1455 943; x_wconf 85' lang='lat' dir='ltr'><strong>undique</strong></span> <span class='ocrx_word' id='word_1_441' title='bbox 1478 909 1512 935; x_wconf 91' lang='lat' dir='ltr'><strong>ab</strong></span> <span class='ocrx_word' id='word_1_442' title='bbox 1539 909 1635 937; x_wconf 60' lang='lat' dir='ltr'><strong>amicis</strong></span> 
     </span>
    </p>
   </div>
   <div class='ocr_carea' id='block_1_60' title="bbox 850 949 1636 987">
    <p class='ocr_par' dir='ltr' id='par_1_60' title="bbox 850 949 1636 987">
     <span class='ocr_line' id='line_1_60' title="bbox 850 949 1636 987; baseline 0.008 -11"><span class='ocrx_word' id='word_1_443' title='bbox 850 957 962 984; x_wconf 86' lang='lat' dir='ltr'><strong>prorsus</strong></span> <span class='ocrx_word' id='word_1_444' title='bbox 987 949 1097 985; x_wconf 83' lang='lat' dir='ltr'><strong>inopes,</strong></span> <span class='ocrx_word' id='word_1_445' title='bbox 1122 951 1169 986; x_wconf 86' lang='lat' dir='ltr'><strong>qui</strong></span> <span class='ocrx_word' id='word_1_446' title='bbox 1193 960 1286 980; x_wconf 84' lang='lat' dir='ltr'><strong>eorum</strong></span> <span class='ocrx_word' id='word_1_447' title='bbox 1297 961 1407 980; x_wconf 83' lang='lat' dir='ltr'><strong>causam</strong></span> <span class='ocrx_word' id='word_1_448' title='bbox 1432 958 1572 987; x_wconf 75' lang='lat' dir='ltr'><strong>tueantur,</strong></span> <span class='ocrx_word' id='word_1_449' title='bbox 1588 960 1636 982; x_wconf 84' lang='lat' dir='ltr'><strong>aut</strong></span> 
     </span>
    </p>
   </div>
   <div class='ocr_carea' id='block_1_61' title="bbox 851 995 1635 1028">
    <p class='ocr_par' dir='ltr' id='par_1_61' title="bbox 851 995 1635 1028">
     <span class='ocr_line' id='line_1_61' title="bbox 851 995 1635 1028; baseline 0.009 -7"><span class='ocrx_word' id='word_1_450' title='bbox 851 1000 923 1022; x_wconf 85' lang='lat' dir='ltr'><strong>certe</strong></span> <span class='ocrx_word' id='word_1_451' title='bbox 937 995 1051 1023; x_wconf 84' lang='lat' dir='ltr'><strong>aﬂlictos</strong></span> <span class='ocrx_word' id='word_1_452' title='bbox 1063 997 1249 1024; x_wconf 86' lang='lat' dir='ltr'><strong>consolentur.</strong></span> <span class='ocrx_word' id='word_1_453' title='bbox 1264 998 1298 1024; x_wconf 84' lang='lat' dir='ltr'><strong>At</strong></span> <span class='ocrx_word' id='word_1_454' title='bbox 1309 1006 1374 1026; x_wconf 88' lang='lat' dir='ltr'><strong>vero</strong></span> <span class='ocrx_word' id='word_1_455' title='bbox 1387 999 1495 1027; x_wconf 83' lang='lat' dir='ltr'><strong>violenti</strong></span> <span class='ocrx_word' id='word_1_456' title='bbox 1511 1000 1635 1028; x_wconf 83' lang='lat' dir='ltr'><strong>homines</strong></span> 
     </span>
    </p>
   </div>
   <div class='ocr_carea' id='block_1_62' title="bbox 849 1041 1664 1078">
    <p class='ocr_par' dir='ltr' id='par_1_62' title="bbox 849 1041 1664 1078">
     <span class='ocr_line' id='line_1_62' title="bbox 849 1041 1664 1078; baseline 0.006 -11"><span class='ocrx_word' id='word_1_457' title='bbox 849 1041 948 1076; x_wconf 89' lang='lat' dir='ltr'><strong>jusque</strong></span> <span class='ocrx_word' id='word_1_458' title='bbox 958 1041 986 1068; x_wconf 94' lang='lat' dir='ltr'><strong>in</strong></span> <span class='ocrx_word' id='word_1_459' title='bbox 999 1041 1124 1069; x_wconf 89' lang='lat' dir='ltr'><strong>manibus</strong></span> <span class='ocrx_word' id='word_1_460' title='bbox 1134 1042 1273 1076; x_wconf 76' lang='lat' dir='ltr'><strong>habentes,</strong></span> <span class='ocrx_word' id='word_1_461' title='bbox 1283 1044 1310 1070; x_wconf 94' lang='lat' dir='ltr'><strong>in</strong></span> <span class='ocrx_word' id='word_1_462' title='bbox 1321 1045 1436 1072; x_wconf 89' lang='lat' dir='ltr'><strong>sublime</strong></span> <span class='ocrx_word' id='word_1_463' title='bbox 1448 1047 1591 1078; x_wconf 82' lang='lat' dir='ltr'><strong>vehuntur,</strong></span> <span class='ocrx_word' id='word_1_464' title='bbox 1600 1047 1636 1074; x_wconf 90' lang='lat' dir='ltr'><strong>ob</strong></span> <span class='ocrx_word' id='word_1_465' title='bbox 1654 1064 1664 1072; x_wconf 90' lang='lat'><em>.</em></span> 
     </span>
    </p>
   </div>
   <div class='ocr_carea' id='block_1_63' title="bbox 851 1089 1635 1122">
    <p class='ocr_par' dir='ltr' id='par_1_63' title="bbox 851 1089 1635 1122">
     <span class='ocr_line' id='line_1_63' title="bbox 851 1089 1635 1122; baseline 0.009 -8"><span class='ocrx_word' id='word_1_466' title='bbox 851 1095 967 1122; x_wconf 84' lang='lat' dir='ltr'><strong>eamque</strong></span> <span class='ocrx_word' id='word_1_467' title='bbox 982 1095 1091 1116; x_wconf 80' lang='lat' dir='ltr'><strong>causam</strong></span> <span class='ocrx_word' id='word_1_468' title='bbox 1110 1093 1247 1116; x_wconf 88' lang='lat' dir='ltr'><strong>corruent.</strong></span> <span class='ocrx_word' id='word_1_469' title='bbox 1266 1090 1293 1117; x_wconf 78' lang='grc'>2.</span> <span class='ocrx_word' id='word_1_470' title='bbox 1313 1089 1456 1118; x_wconf 83' lang='lat' dir='ltr'><strong>Enimvero</strong></span> <span class='ocrx_word' id='word_1_471' title='bbox 1472 1100 1504 1119; x_wconf 81' lang='lat' dir='ltr'><strong>ex</strong></span> <span class='ocrx_word' id='word_1_472' title='bbox 1520 1100 1635 1120; x_wconf 75' lang='lat' dir='ltr'><strong>consce-</strong></span> 
     </span>
    </p>
   </div>
   <div class='ocr_carea' id='block_1_64' title="bbox 853 1131 1635 1171">
    <p class='ocr_par' dir='ltr' id='par_1_64' title="bbox 853 1131 1635 1171">
     <span class='ocr_line' id='line_1_64' title="bbox 853 1131 1635 1171; baseline 0.009 -13"><span class='ocrx_word' id='word_1_473' title='bbox 853 1131 946 1160; x_wconf 91' lang='lat' dir='ltr'><strong>leratis</strong></span> <span class='ocrx_word' id='word_1_474' title='bbox 960 1136 986 1159; x_wconf 88' lang='lat' dir='ltr'><strong>et</strong></span> <span class='ocrx_word' id='word_1_475' title='bbox 999 1133 1158 1166; x_wconf 88' lang='lat' dir='ltr'><strong>audacibus,</strong></span> <span class='ocrx_word' id='word_1_476' title='bbox 1179 1133 1198 1160; x_wconf 89' lang='lat' dir='ltr'><strong>ii</strong></span> <span class='ocrx_word' id='word_1_477' title='bbox 1219 1134 1266 1168; x_wconf 92' lang='lat' dir='ltr'><strong>qui</strong></span> <span class='ocrx_word' id='word_1_478' title='bbox 1286 1142 1317 1160; x_wconf 82' lang='lat' dir='ltr'><strong>ex</strong></span> <span class='ocrx_word' id='word_1_479' title='bbox 1335 1135 1386 1162; x_wconf 89' lang='lat' dir='ltr'><strong>hac</strong></span> <span class='ocrx_word' id='word_1_480' title='bbox 1401 1136 1453 1163; x_wconf 87' lang='lat' dir='ltr'><strong>vita</strong></span> <span class='ocrx_word' id='word_1_481' title='bbox 1471 1137 1635 1171; x_wconf 69' lang='lat' dir='ltr'><strong>migrarunt,</strong></span> 
     </span>
    </p>
   </div>
   <div class='ocr_carea' id='block_1_65' title="bbox 852 1178 1635 1216">
    <p class='ocr_par' dir='ltr' id='par_1_65' title="bbox 852 1178 1635 1216">
     <span class='ocr_line' id='line_1_65' title="bbox 852 1178 1635 1216; baseline 0.008 -11"><span class='ocrx_word' id='word_1_482' title='bbox 852 1178 962 1205; x_wconf 91' lang='lat' dir='ltr'><strong>meliore</strong></span> <span class='ocrx_word' id='word_1_483' title='bbox 978 1179 1132 1207; x_wconf 88' lang='lat' dir='ltr'><strong>conditione</strong></span> <span class='ocrx_word' id='word_1_484' title='bbox 1152 1185 1229 1212; x_wconf 89' lang='lat' dir='ltr'><strong>sunt,</strong></span> <span class='ocrx_word' id='word_1_485' title='bbox 1252 1189 1334 1216; x_wconf 81' lang='lat' dir='ltr'><strong>qualn</strong></span> <span class='ocrx_word' id='word_1_486' title='bbox 1358 1183 1404 1216; x_wconf 94' lang='lat' dir='ltr'><strong>qui</strong></span> <span class='ocrx_word' id='word_1_487' title='bbox 1424 1184 1571 1210; x_wconf 90' lang='lat' dir='ltr'><strong>etiamnum</strong></span> <span class='ocrx_word' id='word_1_488' title='bbox 1593 1184 1635 1211; x_wconf 76' lang='lat' dir='ltr'><strong>vi-</strong></span> 
     </span>
    </p>
   </div>
   <div class='ocr_carea' id='block_1_66' title="bbox 852 1222 1635 1262">
    <p class='ocr_par' dir='ltr' id='par_1_66' title="bbox 852 1222 1635 1262">
     <span class='ocr_line' id='line_1_66' title="bbox 852 1222 1635 1262; baseline 0.01 -14"><span class='ocrx_word' id='word_1_489' title='bbox 852 1227 929 1250; x_wconf 90' lang='lat' dir='ltr'><strong>vunt.</strong></span> <span class='ocrx_word' id='word_1_490' title='bbox 950 1223 977 1250; x_wconf 71' lang='lat'><strong>5.</strong></span> <span class='ocrx_word' id='word_1_491' title='bbox 993 1222 1121 1258; x_wconf 85' lang='lat' dir='ltr'><strong>Utrisque</strong></span> <span class='ocrx_word' id='word_1_492' title='bbox 1137 1230 1227 1252; x_wconf 91' lang='lat' dir='ltr'><strong>autem</strong></span> <span class='ocrx_word' id='word_1_493' title='bbox 1249 1225 1448 1260; x_wconf 69' lang='lat' dir='ltr'><strong>praeferendus,</strong></span> <span class='ocrx_word' id='word_1_494' title='bbox 1470 1229 1516 1262; x_wconf 90' lang='lat' dir='ltr'><strong>qui</strong></span> <span class='ocrx_word' id='word_1_495' title='bbox 1538 1229 1635 1257; x_wconf 89' lang='lat' dir='ltr'><strong>similis</strong></span> 
     </span>
    </p>
   </div>
   <div class='ocr_carea' id='block_1_67' title="bbox 852 1268 1635 1308">
    <p class='ocr_par' dir='ltr' id='par_1_67' title="bbox 852 1268 1635 1308">
     <span class='ocr_line' id='line_1_67' title="bbox 852 1268 1635 1308; baseline 0.009 -13"><span class='ocrx_word' id='word_1_496' title='bbox 852 1275 946 1295; x_wconf 91' lang='lat' dir='ltr'><strong>eorum</strong></span> <span class='ocrx_word' id='word_1_497' title='bbox 958 1268 1068 1297; x_wconf 78' lang='lat' dir='ltr'><strong>futurus</strong></span> <span class='ocrx_word' id='word_1_498' title='bbox 1082 1275 1133 1302; x_wconf 91' lang='lat' dir='ltr'><strong>est,</strong></span> <span class='ocrx_word' id='word_1_499' title='bbox 1150 1278 1200 1298; x_wconf 90' lang='lat' dir='ltr'><strong>nec</strong></span> <span class='ocrx_word' id='word_1_500' title='bbox 1213 1275 1321 1299; x_wconf 75' lang='lat' dir='ltr'><strong>creatus</strong></span> <span class='ocrx_word' id='word_1_501' title='bbox 1334 1273 1422 1300; x_wconf 90' lang='lat' dir='ltr'><strong>adhuc</strong></span> <span class='ocrx_word' id='word_1_502' title='bbox 1435 1277 1492 1307; x_wconf 86' lang='lat' dir='ltr'><strong>est;</strong></span> <span class='ocrx_word' id='word_1_503' title='bbox 1505 1275 1635 1308; x_wconf 90' lang='lat' dir='ltr'><strong>quoniam</strong></span> 
     </span>
    </p>
   </div>
   <div class='ocr_carea' id='block_1_68' title="bbox 852 1313 1637 1354">
    <p class='ocr_par' dir='ltr' id='par_1_68' title="bbox 852 1313 1637 1354">
     <span class='ocr_line' id='line_1_68' title="bbox 852 1313 1637 1354; baseline 0.01 -15"><span class='ocrx_word' id='word_1_504' title='bbox 852 1313 993 1341; x_wconf 88' lang='lat' dir='ltr'><strong>hominum</strong></span> <span class='ocrx_word' id='word_1_505' title='bbox 1012 1314 1211 1350; x_wconf 76' lang='lat' dir='ltr'><strong>improbitatem</strong></span> <span class='ocrx_word' id='word_1_506' title='bbox 1227 1318 1348 1344; x_wconf 88' lang='lat' dir='ltr'><strong>nondum</strong></span> <span class='ocrx_word' id='word_1_507' title='bbox 1368 1319 1465 1354; x_wconf 79' lang='lat' dir='ltr'><strong>attigit.</strong></span> <span class='ocrx_word' id='word_1_508' title='bbox 1485 1319 1512 1346; x_wconf 73' lang='grc'><strong>4.</strong></span> <span class='ocrx_word' id='word_1_509' title='bbox 1527 1319 1637 1354; x_wconf 88' lang='lat' dir='ltr'><strong>Perspi-</strong></span> 
     </span>
    </p>
   </div>
   <div class='ocr_carea' id='block_1_69' title="bbox 852 1360 1634 1399">
    <p class='ocr_par' dir='ltr' id='par_1_69' title="bbox 852 1360 1634 1399">
     <span class='ocr_line' id='line_1_69' title="bbox 852 1360 1634 1399; baseline 0.009 -14"><span class='ocrx_word' id='word_1_510' title='bbox 852 1366 932 1386; x_wconf 90' lang='lat' dir='ltr'><strong>cuum</strong></span> <span class='ocrx_word' id='word_1_511' title='bbox 947 1360 1014 1387; x_wconf 87' lang='lat' dir='ltr'><strong>mihi</strong></span> <span class='ocrx_word' id='word_1_512' title='bbox 1025 1368 1133 1395; x_wconf 87' lang='lat' dir='ltr'><strong>quoque</strong></span> <span class='ocrx_word' id='word_1_513' title='bbox 1146 1361 1247 1389; x_wconf 83' lang='lat' dir='ltr'><strong>factum</strong></span> <span class='ocrx_word' id='word_1_514' title='bbox 1265 1367 1315 1395; x_wconf 85' lang='lat' dir='ltr'><strong>est,</strong></span> <span class='ocrx_word' id='word_1_515' title='bbox 1332 1369 1431 1397; x_wconf 87' lang='lat' dir='ltr'><strong>quanta</strong></span> <span class='ocrx_word' id='word_1_516' title='bbox 1447 1365 1634 1399; x_wconf 85' lang='lat' dir='ltr'><strong>proximorum</strong></span> 
     </span>
    </p>
   </div>
   <div class='ocr_carea' id='block_1_70' title="bbox 853 1404 1636 1443">
    <p class='ocr_par' dir='ltr' id='par_1_70' title="bbox 853 1404 1636 1443">
     <span class='ocr_line' id='line_1_70' title="bbox 853 1404 1636 1443; baseline 0.009 -12"><span class='ocrx_word' id='word_1_517' title='bbox 853 1404 956 1432; x_wconf 85' lang='lat' dir='ltr'><strong>invidia</strong></span> <span class='ocrx_word' id='word_1_518' title='bbox 973 1406 1087 1440; x_wconf 86' lang='lat' dir='ltr'><strong>probum</strong></span> <span class='ocrx_word' id='word_1_519' title='bbox 1102 1407 1191 1434; x_wconf 80' lang='lat' dir='ltr'><strong>virum</strong></span> <span class='ocrx_word' id='word_1_520' title='bbox 1212 1413 1352 1443; x_wconf 84' lang='lat' dir='ltr'><strong>sequatur,</strong></span> <span class='ocrx_word' id='word_1_521' title='bbox 1368 1414 1481 1437; x_wconf 65' lang='lat' dir='ltr'><strong>oestrum</strong></span> <span class='ocrx_word' id='word_1_522' title='bbox 1501 1410 1636 1438; x_wconf 83' lang='lat' dir='ltr'><strong>exsistens</strong></span> 
     </span>
    </p>
   </div>
   <div class='ocr_carea' id='block_1_71' title="bbox 854 1450 1635 1491">
    <p class='ocr_par' dir='ltr' id='par_1_71' title="bbox 854 1450 1635 1491">
     <span class='ocr_line' id='line_1_71' title="bbox 854 1450 1635 1491; baseline 0.009 -14"><span class='ocrx_word' id='word_1_523' title='bbox 854 1450 953 1486; x_wconf 91' lang='lat' dir='ltr'><strong>impuri</strong></span> <span class='ocrx_word' id='word_1_524' title='bbox 962 1452 1084 1486; x_wconf 87' lang='lat' dir='ltr'><strong>spiritus.</strong></span> <span class='ocrx_word' id='word_1_525' title='bbox 1106 1453 1132 1480; x_wconf 83' lang='lat'><strong>5.</strong></span> <span class='ocrx_word' id='word_1_526' title='bbox 1146 1453 1278 1488; x_wconf 89' lang='lat' dir='ltr'><strong>Quodque</strong></span> <span class='ocrx_word' id='word_1_527' title='bbox 1291 1455 1316 1482; x_wconf 87' lang='lat' dir='ltr'><strong>is</strong></span> <span class='ocrx_word' id='word_1_528' title='bbox 1328 1455 1374 1490; x_wconf 85' lang='lat' dir='ltr'><strong>qui</strong></span> <span class='ocrx_word' id='word_1_529' title='bbox 1390 1456 1460 1483; x_wconf 90' lang='lat' dir='ltr'><strong>hanc</strong></span> <span class='ocrx_word' id='word_1_530' title='bbox 1472 1457 1635 1491; x_wconf 89' lang='lat' dir='ltr'><strong>susceperit,</strong></span> 
     </span>
    </p>
   </div>
   <div class='ocr_carea' id='block_1_72' title="bbox 853 1498 1632 1535">
    <p class='ocr_par' dir='ltr' id='par_1_72' title="bbox 853 1498 1632 1535">
     <span class='ocr_line' id='line_1_72' title="bbox 853 1498 1632 1535; baseline 0.006 -10"><span class='ocrx_word' id='word_1_531' title='bbox 853 1505 886 1525; x_wconf 88' lang='lat' dir='ltr'><strong>ac</strong></span> <span class='ocrx_word' id='word_1_532' title='bbox 899 1498 973 1525; x_wconf 85' lang='lat' dir='ltr'><strong>velut.</strong></span> <span class='ocrx_word' id='word_1_533' title='bbox 984 1502 1091 1533; x_wconf 88' lang='lat' dir='ltr'><strong>pectore</strong></span> <span class='ocrx_word' id='word_1_534' title='bbox 1101 1500 1260 1534; x_wconf 78' lang='lat' dir='ltr'><strong>complexus</strong></span> <span class='ocrx_word' id='word_1_535' title='bbox 1272 1501 1362 1533; x_wconf 81' lang='lat' dir='ltr'><strong>fuerit,</strong></span> <span class='ocrx_word' id='word_1_536' title='bbox 1378 1501 1445 1529; x_wconf 89' lang='lat' dir='ltr'><strong>nihil</strong></span> <span class='ocrx_word' id='word_1_537' title='bbox 1457 1502 1529 1529; x_wconf 88' lang='lat' dir='ltr'><strong>aliud</strong></span> <span class='ocrx_word' id='word_1_538' title='bbox 1541 1502 1632 1535; x_wconf 81' lang='lat' dir='ltr'><strong>habet.</strong></span> 
     </span>
    </p>
   </div>
   <div class='ocr_carea' id='block_1_73' title="bbox 853 1544 1635 1581">
    <p class='ocr_par' dir='ltr' id='par_1_73' title="bbox 853 1544 1635 1581">
     <span class='ocr_line' id='line_1_73' title="bbox 853 1544 1635 1581; baseline 0.008 -11"><span class='ocrx_word' id='word_1_539' title='bbox 853 1551 934 1578; x_wconf 89' lang='lat' dir='ltr'><strong>quam</strong></span> <span class='ocrx_word' id='word_1_540' title='bbox 950 1544 1022 1578; x_wconf 89' lang='lat' dir='ltr'><strong>quod</strong></span> <span class='ocrx_word' id='word_1_541' title='bbox 1041 1544 1159 1572; x_wconf 90' lang='lat' dir='ltr'><strong>animam</strong></span> <span class='ocrx_word' id='word_1_542' title='bbox 1180 1553 1257 1573; x_wconf 89' lang='lat' dir='ltr'><strong>suam</strong></span> <span class='ocrx_word' id='word_1_543' title='bbox 1269 1553 1345 1574; x_wconf 84' lang='lat' dir='ltr'><strong>exest</strong></span> <span class='ocrx_word' id='word_1_544' title='bbox 1355 1552 1381 1574; x_wconf 89' lang='lat' dir='ltr'><strong>et</strong></span> <span class='ocrx_word' id='word_1_545' title='bbox 1396 1547 1523 1581; x_wconf 84' lang='lat' dir='ltr'><strong>dissecat,</strong></span> <span class='ocrx_word' id='word_1_546' title='bbox 1539 1549 1635 1576; x_wconf 84' lang='lat' dir='ltr'><strong>simul-</strong></span> 
     </span>
    </p>
   </div>
   <div class='ocr_carea' id='block_1_74' title="bbox 853 1591 1633 1628">
    <p class='ocr_par' dir='ltr' id='par_1_74' title="bbox 853 1591 1633 1628">
     <span class='ocr_line' id='line_1_74' title="bbox 853 1591 1633 1628; baseline 0.008 -12"><span class='ocrx_word' id='word_1_547' title='bbox 853 1597 906 1624; x_wconf 90' lang='lat' dir='ltr'><strong>que</strong></span> <span class='ocrx_word' id='word_1_548' title='bbox 917 1597 978 1616; x_wconf 93' lang='lat' dir='ltr'><strong>cum</strong></span> <span class='ocrx_word' id='word_1_549' title='bbox 992 1597 1105 1625; x_wconf 86' lang='lat' dir='ltr'><strong>corpore</strong></span> <span class='ocrx_word' id='word_1_550' title='bbox 1116 1591 1251 1625; x_wconf 89' lang='lat' dir='ltr'><strong>absumit;</strong></span> <span class='ocrx_word' id='word_1_551' title='bbox 1261 1600 1404 1620; x_wconf 65' lang='lat' dir='ltr'><strong>maerorem</strong></span> <span class='ocrx_word' id='word_1_552' title='bbox 1416 1594 1633 1628; x_wconf 84' lang='lat' dir='ltr'><strong>acerbissimum.</strong></span> 
     </span>
    </p>
   </div>
   <div class='ocr_carea' id='block_1_75' title="bbox 853 1635 1631 1674">
    <p class='ocr_par' dir='ltr' id='par_1_75' title="bbox 853 1635 1631 1674">
     <span class='ocr_line' id='line_1_75' title="bbox 853 1635 1631 1674; baseline 0.008 -13"><span class='ocrx_word' id='word_1_553' title='bbox 853 1642 903 1662; x_wconf 91' lang='lat' dir='ltr'><strong>nec</strong></span> <span class='ocrx_word' id='word_1_554' title='bbox 914 1635 1011 1662; x_wconf 86' lang='lat' dir='ltr'><strong>solatio</strong></span> <span class='ocrx_word' id='word_1_555' title='bbox 1026 1635 1079 1662; x_wconf 88' lang='lat' dir='ltr'><strong>ullo</strong></span> <span class='ocrx_word' id='word_1_556' title='bbox 1094 1636 1280 1671; x_wconf 80' lang='lat' dir='ltr'><strong>mitigabilem,</strong></span> <span class='ocrx_word' id='word_1_557' title='bbox 1296 1638 1411 1665; x_wconf 91' lang='lat' dir='ltr'><strong>aliorum</strong></span> <span class='ocrx_word' id='word_1_558' title='bbox 1427 1640 1631 1674; x_wconf 83' lang='lat' dir='ltr'><strong>prosperitatem</strong></span> 
     </span>
    </p>
   </div>
   <div class='ocr_carea' id='block_1_76' title="bbox 853 1679 1634 1719">
    <p class='ocr_par' dir='ltr' id='par_1_76' title="bbox 853 1679 1634 1719">
     <span class='ocr_line' id='line_1_76' title="bbox 853 1679 1634 1719; baseline 0.006 -11"><span class='ocrx_word' id='word_1_559' title='bbox 853 1679 1020 1708; x_wconf 78' lang='lat' dir='ltr'><strong>existimans.</strong></span> <span class='ocrx_word' id='word_1_560' title='bbox 1036 1681 1062 1708; x_wconf 88' lang='grc'><strong>6.</strong></span> <span class='ocrx_word' id='word_1_561' title='bbox 1074 1681 1156 1717; x_wconf 84' lang='lat' dir='ltr'><strong>Atqui</strong></span> <span class='ocrx_word' id='word_1_562' title='bbox 1172 1683 1331 1717; x_wconf 72' lang='lat' dir='ltr'><strong>praeoptarit</strong></span> <span class='ocrx_word' id='word_1_563' title='bbox 1347 1684 1387 1710; x_wconf 89' lang='lat' dir='ltr'><strong>vir</strong></span> <span class='ocrx_word' id='word_1_564' title='bbox 1403 1685 1511 1719; x_wconf 89' lang='lat' dir='ltr'><strong>sapiens</strong></span> <span class='ocrx_word' id='word_1_565' title='bbox 1528 1689 1555 1712; x_wconf 86' lang='lat' dir='ltr'><strong>et</strong></span> <span class='ocrx_word' id='word_1_566' title='bbox 1572 1693 1634 1713; x_wconf 87' lang='lat' dir='ltr'><strong>cor-</strong></span> 
     </span>
    </p>
   </div>
   <div class='ocr_carea' id='block_1_77' title="bbox 853 1727 1635 1759">
    <p class='ocr_par' dir='ltr' id='par_1_77' title="bbox 853 1727 1635 1759">
     <span class='ocr_line' id='line_1_77' title="bbox 853 1727 1635 1759; baseline 0.006 -6"><span class='ocrx_word' id='word_1_567' title='bbox 853 1727 942 1759; x_wconf 86' lang='lat' dir='ltr'><strong>datus,</strong></span> <span class='ocrx_word' id='word_1_568' title='bbox 957 1727 1068 1754; x_wconf 86' lang='lat' dir='ltr'><strong>alteram</strong></span> <span class='ocrx_word' id='word_1_569' title='bbox 1081 1735 1192 1756; x_wconf 90' lang='lat' dir='ltr'><strong>manum</strong></span> <span class='ocrx_word' id='word_1_570' title='bbox 1204 1737 1265 1756; x_wconf 88' lang='lat' dir='ltr'><strong>cum</strong></span> <span class='ocrx_word' id='word_1_571' title='bbox 1277 1728 1406 1757; x_wconf 83' lang='lat' dir='ltr'><strong>facilitate</strong></span> <span class='ocrx_word' id='word_1_572' title='bbox 1420 1735 1446 1757; x_wconf 91' lang='lat' dir='ltr'><strong>et</strong></span> <span class='ocrx_word' id='word_1_573' title='bbox 1462 1730 1571 1758; x_wconf 85' lang='lat' dir='ltr'><strong>levitate</strong></span> <span class='ocrx_word' id='word_1_574' title='bbox 1584 1731 1635 1758; x_wconf 91' lang='lat' dir='ltr'><strong>im-</strong></span> 
     </span>
    </p>
   </div>
   <div class='ocr_carea' id='block_1_78' title="bbox 853 1771 1634 1808">
    <p class='ocr_par' dir='ltr' id='par_1_78' title="bbox 853 1771 1634 1808">
     <span class='ocr_line' id='line_1_78' title="bbox 853 1771 1634 1808; baseline 0.008 -10"><span class='ocrx_word' id='word_1_575' title='bbox 853 1771 942 1806; x_wconf 89' lang='lat' dir='ltr'><strong>plere;</strong></span> <span class='ocrx_word' id='word_1_576' title='bbox 960 1780 1042 1807; x_wconf 89' lang='lat' dir='ltr'><strong>quam</strong></span> <span class='ocrx_word' id='word_1_577' title='bbox 1057 1777 1202 1808; x_wconf 86' lang='lat' dir='ltr'><strong>utramque</strong></span> <span class='ocrx_word' id='word_1_578' title='bbox 1216 1782 1276 1801; x_wconf 89' lang='lat' dir='ltr'><strong>cum</strong></span> <span class='ocrx_word' id='word_1_579' title='bbox 1294 1782 1414 1802; x_wconf 76' lang='lat' dir='ltr'><strong>aerumna</strong></span> <span class='ocrx_word' id='word_1_580' title='bbox 1428 1780 1455 1803; x_wconf 88' lang='lat' dir='ltr'><strong>et</strong></span> <span class='ocrx_word' id='word_1_581' title='bbox 1469 1775 1634 1804; x_wconf 82' lang='lat' dir='ltr'><strong>fraudulenti</strong></span> 
     </span>
    </p>
   </div>
   <div class='ocr_carea' id='block_1_79' title="bbox 854 1817 1632 1856">
    <p class='ocr_par' dir='ltr' id='par_1_79' title="bbox 854 1817 1632 1856">
     <span class='ocr_line' id='line_1_79' title="bbox 854 1817 1632 1856; baseline 0.008 -13"><span class='ocrx_word' id='word_1_582' title='bbox 854 1817 966 1851; x_wconf 83' lang='lat' dir='ltr'><strong>spiritus</strong></span> <span class='ocrx_word' id='word_1_583' title='bbox 985 1818 1130 1845; x_wconf 85' lang='lat' dir='ltr'><strong>calliditate</strong></span> <span class='ocrx_word' id='word_1_584' title='bbox 1151 1823 1178 1845; x_wconf 93' lang='lat' dir='ltr'><strong>et</strong></span> <span class='ocrx_word' id='word_1_585' title='bbox 1198 1820 1327 1847; x_wconf 87' lang='lat' dir='ltr'><strong>versutia.</strong></span> <span class='ocrx_word' id='word_1_586' title='bbox 1350 1820 1375 1847; x_wconf 89' lang='lat'><strong>7.</strong></span> <span class='ocrx_word' id='word_1_587' title='bbox 1391 1819 1439 1848; x_wconf 86' lang='lat' dir='ltr'><strong>Est</strong></span> <span class='ocrx_word' id='word_1_588' title='bbox 1459 1825 1486 1848; x_wconf 87' lang='lat' dir='ltr'><strong>et</strong></span> <span class='ocrx_word' id='word_1_589' title='bbox 1504 1822 1632 1856; x_wconf 87' lang='lat' dir='ltr'><strong>quiddam</strong></span> 
     </span>
    </p>
   </div>
   <div class='ocr_carea' id='block_1_80' title="bbox 854 1863 1634 1902">
    <p class='ocr_par' dir='ltr' id='par_1_80' title="bbox 854 1863 1634 1902">
     <span class='ocr_line' id='line_1_80' title="bbox 854 1863 1634 1902; baseline 0.008 -13"><span class='ocrx_word' id='word_1_590' title='bbox 854 1863 936 1894; x_wconf 84' lang='lat' dir='ltr'><strong>aliud.</strong></span> <span class='ocrx_word' id='word_1_591' title='bbox 954 1863 1026 1898; x_wconf 90' lang='lat' dir='ltr'><strong>quod</strong></span> <span class='ocrx_word' id='word_1_592' title='bbox 1042 1869 1138 1898; x_wconf 67' lang='lat' dir='ltr'><strong>praeter</strong></span> <span class='ocrx_word' id='word_1_593' title='bbox 1153 1864 1195 1892; x_wconf 79' lang='lat' dir='ltr'><strong>fas</strong></span> <span class='ocrx_word' id='word_1_594' title='bbox 1206 1869 1233 1892; x_wconf 90' lang='lat' dir='ltr'><strong>et</strong></span> <span class='ocrx_word' id='word_1_595' title='bbox 1246 1873 1354 1900; x_wconf 74' lang='lat' dir='ltr'><strong>:equum</strong></span> <span class='ocrx_word' id='word_1_596' title='bbox 1366 1866 1467 1894; x_wconf 88' lang='lat' dir='ltr'><strong>homini</strong></span> <span class='ocrx_word' id='word_1_597' title='bbox 1482 1868 1517 1895; x_wconf 90' lang='lat' dir='ltr'><strong>ob</strong></span> <span class='ocrx_word' id='word_1_598' title='bbox 1531 1867 1634 1902; x_wconf 67' lang='lat' dir='ltr'><strong>improo</strong></span> 
     </span>
    </p>
   </div>
   <div class='ocr_carea' id='block_1_81' title="bbox 853 1909 1633 1949">
    <p class='ocr_par' dir='ltr' id='par_1_81' title="bbox 853 1909 1633 1949">
     <span class='ocr_line' id='line_1_81' title="bbox 853 1909 1633 1949; baseline 0.006 -13"><span class='ocrx_word' id='word_1_599' title='bbox 853 1909 914 1936; x_wconf 92' lang='lat' dir='ltr'><strong>bam</strong></span> <span class='ocrx_word' id='word_1_600' title='bbox 931 1909 1095 1937; x_wconf 87' lang='lat' dir='ltr'><strong>voluntatem</strong></span> <span class='ocrx_word' id='word_1_601' title='bbox 1119 1911 1274 1946; x_wconf 78' lang='lat' dir='ltr'><strong>contingere</strong></span> <span class='ocrx_word' id='word_1_602' title='bbox 1296 1912 1362 1940; x_wconf 83' lang='lat' dir='ltr'><strong>scio.</strong></span> <span class='ocrx_word' id='word_1_603' title='bbox 1391 1912 1419 1940; x_wconf 89' lang='lat'><strong>8.</strong></span> <span class='ocrx_word' id='word_1_604' title='bbox 1441 1912 1493 1946; x_wconf 88' lang='lat' dir='ltr'><strong>Qui</strong></span> <span class='ocrx_word' id='word_1_605' title='bbox 1514 1914 1633 1949; x_wconf 82' lang='lat' dir='ltr'><strong>undique</strong></span> 
     </span>
    </p>
   </div>
   <div class='ocr_carea' id='block_1_82' title="bbox 854 1952 1633 1990">
    <p class='ocr_par' dir='ltr' id='par_1_82' title="bbox 854 1952 1633 1990">
     <span class='ocr_line' id='line_1_82' title="bbox 854 1952 1633 1990; baseline 0.006 -9"><span class='ocrx_word' id='word_1_606' title='bbox 854 1955 928 1982; x_wconf 85' lang='lat' dir='ltr'><strong>solus</strong></span> <span class='ocrx_word' id='word_1_607' title='bbox 940 1955 1060 1984; x_wconf 86' lang='lat' dir='ltr'><strong>relictus.</strong></span> <span class='ocrx_word' id='word_1_608' title='bbox 1081 1963 1130 1983; x_wconf 86' lang='lat' dir='ltr'><strong>nec</strong></span> <span class='ocrx_word' id='word_1_609' title='bbox 1140 1955 1251 1984; x_wconf 78' lang='lat' dir='ltr'><strong>fratrem</strong></span> <span class='ocrx_word' id='word_1_610' title='bbox 1263 1965 1312 1984; x_wconf 90' lang='lat' dir='ltr'><strong>nec</strong></span> <span class='ocrx_word' id='word_1_611' title='bbox 1323 1957 1407 1984; x_wconf 84' lang='lat' dir='ltr'><strong>ﬁlium</strong></span> <span class='ocrx_word' id='word_1_612' title='bbox 1424 1952 1535 1990; x_wconf 81' lang='lat' dir='ltr'><strong>habens,</strong></span> <span class='ocrx_word' id='word_1_613' title='bbox 1548 1958 1633 1986; x_wconf 78' lang='lat' dir='ltr'><strong>facul-</strong></span> 
     </span>
    </p>
   </div>
   <div class='ocr_carea' id='block_1_83' title="bbox 855 2001 1633 2038">
    <p class='ocr_par' dir='ltr' id='par_1_83' title="bbox 855 2001 1633 2038">
     <span class='ocr_line' id='line_1_83' title="bbox 855 2001 1633 2038; baseline 0.005 -11"><span class='ocrx_word' id='word_1_614' title='bbox 855 2001 955 2028; x_wconf 86' lang='lat' dir='ltr'><strong>tatibus</strong></span> <span class='ocrx_word' id='word_1_615' title='bbox 967 2005 995 2028; x_wconf 88' lang='lat' dir='ltr'><strong>et</strong></span> <span class='ocrx_word' id='word_1_616' title='bbox 1007 2001 1093 2036; x_wconf 89' lang='lat' dir='ltr'><strong>copiis</strong></span> <span class='ocrx_word' id='word_1_617' title='bbox 1111 2001 1233 2036; x_wconf 76' lang='lat' dir='ltr'><strong>afﬂuens,</strong></span> <span class='ocrx_word' id='word_1_618' title='bbox 1254 2002 1408 2038; x_wconf 86' lang='lat' dir='ltr'><strong>inexplebili</strong></span> <span class='ocrx_word' id='word_1_619' title='bbox 1427 2003 1573 2038; x_wconf 85' lang='lat' dir='ltr'><strong>cupiditate</strong></span> <span class='ocrx_word' id='word_1_620' title='bbox 1588 2012 1633 2031; x_wconf 89' lang='lat' dir='ltr'><strong>ar-</strong></span> 
     </span>
    </p>
   </div>
   <div class='ocr_carea' id='block_1_84' title="bbox 853 2047 1631 2085">
    <p class='ocr_par' dir='ltr' id='par_1_84' title="bbox 853 2047 1631 2085">
     <span class='ocr_line' id='line_1_84' title="bbox 853 2047 1631 2085; baseline 0.004 -11"><span class='ocrx_word' id='word_1_621' title='bbox 853 2047 908 2080; x_wconf 86' lang='lat' dir='ltr'><strong>det,</strong></span> <span class='ocrx_word' id='word_1_622' title='bbox 931 2055 981 2075; x_wconf 89' lang='lat' dir='ltr'><strong>nec</strong></span> <span class='ocrx_word' id='word_1_623' title='bbox 1006 2047 1191 2076; x_wconf 69' lang='lat' dir='ltr'><strong>beneﬁcentiae</strong></span> <span class='ocrx_word' id='word_1_624' title='bbox 1217 2053 1298 2084; x_wconf 88' lang='lat' dir='ltr'><strong>atque</strong></span> <span class='ocrx_word' id='word_1_625' title='bbox 1322 2050 1483 2077; x_wconf 87' lang='lat' dir='ltr'><strong>humanitati</strong></span> <span class='ocrx_word' id='word_1_626' title='bbox 1500 2058 1528 2077; x_wconf 89' lang='lat' dir='ltr'><strong>se</strong></span> <span class='ocrx_word' id='word_1_627' title='bbox 1542 2051 1631 2085; x_wconf 86' lang='lat' dir='ltr'><strong>ipsum</strong></span> 
     </span>
    </p>
   </div>
   <div class='ocr_carea' id='block_1_85' title="bbox 854 2093 1632 2131">
    <p class='ocr_par' dir='ltr' id='par_1_85' title="bbox 854 2093 1632 2131">
     <span class='ocr_line' id='line_1_85' title="bbox 854 2093 1632 2131; baseline 0.004 -11"><span class='ocrx_word' id='word_1_628' title='bbox 854 2093 909 2121; x_wconf 92' lang='lat' dir='ltr'><strong>ullo</strong></span> <span class='ocrx_word' id='word_1_629' title='bbox 927 2093 1008 2121; x_wconf 85' lang='lat' dir='ltr'><strong>modo</strong></span> <span class='ocrx_word' id='word_1_630' title='bbox 1028 2094 1133 2121; x_wconf 87' lang='lat' dir='ltr'><strong>tradere</strong></span> <span class='ocrx_word' id='word_1_631' title='bbox 1152 2095 1234 2130; x_wconf 90' lang='lat' dir='ltr'><strong>cupit.</strong></span> <span class='ocrx_word' id='word_1_632' title='bbox 1252 2095 1291 2122; x_wconf 74' lang='lat' dir='ltr'><strong>Ex</strong></span> <span class='ocrx_word' id='word_1_633' title='bbox 1305 2102 1338 2123; x_wconf 91' lang='lat' dir='ltr'><strong>eo</strong></span> <span class='ocrx_word' id='word_1_634' title='bbox 1351 2095 1432 2130; x_wconf 74' lang='lat' dir='ltr'><strong>igitur</strong></span> <span class='ocrx_word' id='word_1_635' title='bbox 1450 2095 1545 2123; x_wconf 85' lang='lat' dir='ltr'><strong>lubens</strong></span> <span class='ocrx_word' id='word_1_636' title='bbox 1558 2104 1632 2131; x_wconf 71' lang='lat' dir='ltr'><strong>quaa—</strong></span> 
     </span>
    </p>
   </div>
   <div class='ocr_carea' id='block_1_86' title="bbox 853 2139 1630 2175">
    <p class='ocr_par' dir='ltr' id='par_1_86' title="bbox 853 2139 1630 2175">
     <span class='ocr_line' id='line_1_86' title="bbox 853 2139 1630 2175; baseline 0.003 -9"><span class='ocrx_word' id='word_1_637' title='bbox 853 2139 973 2173; x_wconf 87' lang='lat' dir='ltr'><strong>siverim,</strong></span> <span class='ocrx_word' id='word_1_638' title='bbox 993 2148 1075 2175; x_wconf 88' lang='lat' dir='ltr'><strong>quam</strong></span> <span class='ocrx_word' id='word_1_639' title='bbox 1100 2141 1135 2168; x_wconf 88' lang='lat' dir='ltr'><strong>oh</strong></span> <span class='ocrx_word' id='word_1_640' title='bbox 1158 2149 1268 2169; x_wconf 90' lang='lat' dir='ltr'><strong>causam</strong></span> <span class='ocrx_word' id='word_1_641' title='bbox 1290 2141 1427 2169; x_wconf 81' lang='lat' dir='ltr'><strong>laboribus</strong></span> <span class='ocrx_word' id='word_1_642' title='bbox 1447 2149 1476 2169; x_wconf 86' lang='lat' dir='ltr'><strong>se</strong></span> <span class='ocrx_word' id='word_1_643' title='bbox 1495 2142 1630 2175; x_wconf 83' lang='lat' dir='ltr'><strong>conﬁciat,</strong></span> 
     </span>
    </p>
   </div>
   <div class='ocr_carea' id='block_1_87' title="bbox 31 2183 800 2223">
    <p class='ocr_par' dir='ltr' id='par_1_87' title="bbox 31 2183 800 2223">
     <span class='ocr_line' id='line_1_87' title="bbox 31 2183 800 2223; baseline 0.005 -13"><span class='ocrx_word' id='word_1_644' title='bbox 31 2183 86 2219; x_wconf 64' lang='grc' dir='ltr'>ἱρῶν</span> <span class='ocrx_word' id='word_1_645' title='bbox 99 2188 154 2219; x_wconf 86' lang='grc' dir='ltr'>τοῖς</span> <span class='ocrx_word' id='word_1_646' title='bbox 166 2187 262 2219; x_wconf 80' lang='grc' dir='ltr'>αὐτοῖς</span> <span class='ocrx_word' id='word_1_647' title='bbox 275 2187 434 2223; x_wconf 85' lang='grc' dir='ltr'>πράγμασιν</span> <span class='ocrx_word' id='word_1_648' title='bbox 449 2187 535 2222; x_wconf 84' lang='grc' dir='ltr'>ὀρθῶς</span> <span class='ocrx_word' id='word_1_649' title='bbox 549 2187 762 2223; x_wconf 83' lang='grc' dir='ltr'>προσκειμένων,</span> <span class='ocrx_word' id='word_1_650' title='bbox 776 2188 800 2214; x_wconf 86' lang='grc' dir='ltr'><strong>εί</strong></span> 
     </span>
    </p>
   </div>
   <div class='ocr_carea' id='block_1_88' title="bbox 877 2183 1630 2223">
    <p class='ocr_par' dir='ltr' id='par_1_88' title="bbox 877 2185 1630 2222">
     <span class='ocr_line' id='line_1_88' title="bbox 877 2185 1630 2222; baseline 0.004 -11"><span class='ocrx_word' id='word_1_651' title='bbox 877 2185 916 2211; x_wconf 73' lang='lat' dir='ltr'><strong>ani</strong></span> <span class='ocrx_word' id='word_1_652' title='bbox 939 2185 1048 2220; x_wconf 93' lang='lat' dir='ltr'><strong>quidem</strong></span> <span class='ocrx_word' id='word_1_653' title='bbox 1075 2186 1178 2221; x_wconf 90' lang='lat' dir='ltr'><strong>aliquid</strong></span> <span class='ocrx_word' id='word_1_654' title='bbox 1205 2186 1294 2214; x_wconf 82' lang='lat' dir='ltr'><strong>facere</strong></span> <span class='ocrx_word' id='word_1_655' title='bbox 1316 2194 1489 2220; x_wconf 86' lang='lat' dir='ltr'><strong>summopere</strong></span> <span class='ocrx_word' id='word_1_656' title='bbox 1512 2186 1630 2222; x_wconf 75' lang='lat' dir='ltr'><strong>fugiens,</strong></span> 
     </span>
    </p>
   </div>
   <div class='ocr_carea' id='block_1_89' title="bbox 31 2231 800 2269">
    <p class='ocr_par' dir='ltr' id='par_1_89' title="bbox 31 2231 800 2269">
     <span class='ocr_line' id='line_1_89' title="bbox 31 2231 800 2269; baseline 0.004 -12"><span class='ocrx_word' id='word_1_657' title='bbox 31 2232 65 2257; x_wconf 78' lang='grc' dir='ltr'>ιαὶ</span> <span class='ocrx_word' id='word_1_658' title='bbox 82 2231 188 2268; x_wconf 88' lang='grc' dir='ltr'>θατέρῳ</span> <span class='ocrx_word' id='word_1_659' title='bbox 211 2233 266 2260; x_wconf 78' lang='grc' dir='ltr'>τινὶ</span> <span class='ocrx_word' id='word_1_660' title='bbox 286 2233 426 2269; x_wconf 87' lang='grc' dir='ltr'>προσπέσῃ</span> <span class='ocrx_word' id='word_1_661' title='bbox 448 2242 487 2259; x_wconf 92' lang='grc' dir='ltr'>τι·</span> <span class='ocrx_word' id='word_1_662' title='bbox 508 2233 576 2260; x_wconf 89' lang='grc' dir='ltr'><strong>ἀλλά</strong></span> <span class='ocrx_word' id='word_1_663' title='bbox 590 2233 643 2269; x_wconf 89' lang='grc' dir='ltr'><strong>μὴν</strong></span> <span class='ocrx_word' id='word_1_664' title='bbox 658 2234 688 2260; x_wconf 86' lang='grc' dir='ltr'>οὺ</span> <span class='ocrx_word' id='word_1_665' title='bbox 700 2233 800 2269; x_wconf 86' lang='grc' dir='ltr'>μικρὰν</span> 
     </span>
    </p>
   </div>
   <div class='ocr_carea' id='block_1_90' title="bbox 31 2278 801 2316">
    <p class='ocr_par' dir='ltr' id='par_1_90' title="bbox 31 2278 801 2316">
     <span class='ocr_line' id='line_1_90' title="bbox 31 2278 801 2316; baseline 0.006 -14"><span class='ocrx_word' id='word_1_666' title='bbox 31 2279 172 2314; x_wconf 78' lang='grc' dir='ltr'>ιπικουρὶαν</span> <span class='ocrx_word' id='word_1_667' title='bbox 193 2279 262 2314; x_wconf 78' lang='grc' dir='ltr'>ἔχει,</span> <span class='ocrx_word' id='word_1_668' title='bbox 281 2279 326 2306; x_wconf 83' lang='grc' dir='ltr'>τὸν</span> <span class='ocrx_word' id='word_1_669' title='bbox 347 2278 421 2314; x_wconf 85' lang='grc' dir='ltr'>αὐτῷ</span> <span class='ocrx_word' id='word_1_670' title='bbox 438 2279 560 2306; x_wconf 84' lang='grc' dir='ltr'>συνόντα.</span> <span class='ocrx_word' id='word_1_671' title='bbox 576 2279 697 2316; x_wconf 85' lang='grc' dir='ltr'>Μεγίστη</span> <span class='ocrx_word' id='word_1_672' title='bbox 712 2279 740 2307; x_wconf 82' lang='grc' dir='ltr'>δὲ</span> <span class='ocrx_word' id='word_1_673' title='bbox 754 2280 801 2307; x_wconf 82' lang='grc' dir='ltr'>καὶ</span> 
     </span>
    </p>
   </div>
   <div class='ocr_carea' id='block_1_91' title="bbox 31 2324 800 2361">
    <p class='ocr_par' dir='ltr' id='par_1_91' title="bbox 31 2324 800 2361">
     <span class='ocr_line' id='line_1_91' title="bbox 31 2324 800 2361; baseline 0.003 -11"><span class='ocrx_word' id='word_1_674' title='bbox 31 2324 141 2359; x_wconf 72' lang='grc' dir='ltr'>ωμφορὰ</span> <span class='ocrx_word' id='word_1_675' title='bbox 157 2325 295 2361; x_wconf 85' lang='grc' dir='ltr'>ἀνθρώπῳ</span> <span class='ocrx_word' id='word_1_676' title='bbox 307 2324 517 2361; x_wconf 77' lang='grc' dir='ltr'>δυσπραγοῦντι.</span> <span class='ocrx_word' id='word_1_677' title='bbox 538 2325 584 2352; x_wconf 76' lang='grc' dir='ltr'>καὶ</span> <span class='ocrx_word' id='word_1_678' title='bbox 601 2326 617 2361; x_wconf 84' lang='grc' dir='ltr'>ἡ</span> <span class='ocrx_word' id='word_1_679' title='bbox 638 2325 739 2361; x_wconf 80' lang='grc' dir='ltr'>ἐρημία</span> <span class='ocrx_word' id='word_1_680' title='bbox 753 2325 800 2352; x_wconf 81' lang='grc' dir='ltr'>τοῦ</span> 
     </span>
    </p>
   </div>
   <div class='ocr_carea' id='block_1_92' title="bbox 31 2369 801 2409">
    <p class='ocr_par' dir='ltr' id='par_1_92' title="bbox 31 2369 801 2409">
     <span class='ocr_line' id='line_1_92' title="bbox 31 2369 801 2409; baseline 0.005 -14"><span class='ocrx_word' id='word_1_681' title='bbox 31 2369 249 2407; x_wconf 75' lang='grc' dir='ltr'>ινακτησομένου.</span> <span class='ocrx_word' id='word_1_682' title='bbox 265 2372 297 2398; x_wconf 75' lang='lat' dir='ltr'><strong>Ut</strong></span> <span class='ocrx_word' id='word_1_683' title='bbox 315 2372 337 2398; x_wconf 86' lang='grc' dir='ltr'>δ’</span> <span class='ocrx_word' id='word_1_684' title='bbox 351 2369 384 2399; x_wconf 84' lang='grc' dir='ltr'>αὖ</span> <span class='ocrx_word' id='word_1_685' title='bbox 399 2372 557 2407; x_wconf 85' lang='grc' dir='ltr'><strong>όμοδίαιτοι⁹</strong></span> <span class='ocrx_word' id='word_1_686' title='bbox 570 2372 617 2398; x_wconf 73' lang='grc' dir='ltr'><strong>καὶ</strong></span> <span class='ocrx_word' id='word_1_687' title='bbox 633 2371 680 2408; x_wconf 82' lang='grc' dir='ltr'><strong>τὴν</strong></span> <span class='ocrx_word' id='word_1_688' title='bbox 698 2372 801 2409; x_wconf 83' lang='grc' dir='ltr'>εὐπρα-</span> 
     </span>
    </p>
   </div>
   <div class='ocr_carea' id='block_1_93' title="bbox 31 2413 801 2454">
    <p class='ocr_par' dir='ltr' id='par_1_93' title="bbox 31 2413 801 2454">
     <span class='ocr_line' id='line_1_93' title="bbox 31 2413 801 2454; baseline 0.001 -11"><span class='ocrx_word' id='word_1_689' title='bbox 31 2415 78 2448; x_wconf 63' lang='grc' dir='ltr'>ξίαν</span> <span class='ocrx_word' id='word_1_690' title='bbox 94 2417 187 2449; x_wconf 78' lang='grc' dir='ltr'>αὐτοῖς</span> <span class='ocrx_word' id='word_1_691' title='bbox 207 2413 408 2449; x_wconf 80' lang='grc' dir='ltr'>ἐδιπλασίασαν,</span> <span class='ocrx_word' id='word_1_692' title='bbox 431 2418 479 2444; x_wconf 78' lang='grc' dir='ltr'>καὶ</span> <span class='ocrx_word' id='word_1_693' title='bbox 501 2418 669 2453; x_wconf 87' lang='grc' dir='ltr'>πραγμάτων</span> <span class='ocrx_word' id='word_1_694' title='bbox 686 2418 801 2454; x_wconf 78' lang='grc' dir='ltr'>ἀϐουλή-</span> 
     </span>
    </p>
   </div>
   <div class='ocr_carea' id='block_1_94' title="bbox 31 2462 801 2499">
    <p class='ocr_par' dir='ltr' id='par_1_94' title="bbox 31 2462 801 2499">
     <span class='ocr_line' id='line_1_94' title="bbox 31 2462 801 2499; baseline 0.003 -11"><span class='ocrx_word' id='word_1_695' title='bbox 31 2468 70 2487; x_wconf 72' lang='grc' dir='ltr'>των</span> <span class='ocrx_word' id='word_1_696' title='bbox 87 2463 210 2498; x_wconf 81' lang='grc' dir='ltr'>χειμῶνα</span> <span class='ocrx_word' id='word_1_697' title='bbox 231 2463 476 2499; x_wconf 83' lang='grc' dir='ltr'>παρεμυθήσαντο·</span> <span class='ocrx_word' id='word_1_698' title='bbox 499 2462 569 2489; x_wconf 84' lang='grc' dir='ltr'>ὥστε</span> <span class='ocrx_word' id='word_1_699' title='bbox 583 2463 630 2490; x_wconf 85' lang='grc' dir='ltr'><strong>καὶ</strong></span> <span class='ocrx_word' id='word_1_700' title='bbox 647 2463 801 2499; x_wconf 83' lang='grc' dir='ltr'>μεθημέραν</span> 
     </span>
    </p>
   </div>
   <div class='ocr_carea' id='block_1_95' title="bbox 31 2508 801 2544">
    <p class='ocr_par' dir='ltr' id='par_1_95' title="bbox 31 2508 801 2544">
     <span class='ocr_line' id='line_1_95' title="bbox 31 2508 801 2544; baseline 0.004 -12"><span class='ocrx_word' id='word_1_701' title='bbox 31 2508 51 2540; x_wconf 72' lang='grc' dir='ltr'><strong>τῇ</strong></span> <span class='ocrx_word' id='word_1_702' title='bbox 66 2509 106 2534; x_wconf 81' lang='grc' dir='ltr'>ἐπ’</span> <span class='ocrx_word' id='word_1_703' title='bbox 120 2508 248 2544; x_wconf 81' lang='grc' dir='ltr'>ἀλλήλοις</span> <span class='ocrx_word' id='word_1_704' title='bbox 259 2508 464 2544; x_wconf 79' lang='grc' dir='ltr'>λαμπρύνεσθαι</span> <span class='ocrx_word' id='word_1_705' title='bbox 478 2508 627 2544; x_wconf 75' lang='grc' dir='ltr'>παρρησίᾳ,</span> <span class='ocrx_word' id='word_1_706' title='bbox 639 2509 685 2535; x_wconf 79' lang='grc' dir='ltr'><strong>καὶ</strong></span> <span class='ocrx_word' id='word_1_707' title='bbox 695 2508 801 2544; x_wconf 86' lang='grc' dir='ltr'>νύκτωρ</span> 
     </span>
    </p>
   </div>
   <div class='ocr_carea' id='block_1_96' title="bbox 54 2585 799 2621">
    <p class='ocr_par' dir='ltr' id='par_1_96' title="bbox 54 2585 799 2621">
     <span class='ocr_line' id='line_1_96' title="bbox 54 2585 799 2621; baseline 0.003 -8"><span class='ocrx_word' id='word_1_708' title='bbox 54 2585 88 2620; x_wconf 84' lang='lat' dir='ltr'><strong>(l)</strong></span> <span class='ocrx_word' id='word_1_709' title='bbox 124 2585 369 2618; x_wconf 76' lang='grc' dir='ltr'>Ἆναπτήσονται.</span> <span class='ocrx_word' id='word_1_710' title='bbox 392 2585 505 2614; x_wconf 89' lang='lat' dir='ltr'><strong>Codices</strong></span> <span class='ocrx_word' id='word_1_711' title='bbox 532 2586 599 2621; x_wconf 77' lang='lat' dir='ltr'><strong>regii</strong></span> <span class='ocrx_word' id='word_1_712' title='bbox 622 2591 648 2613; x_wconf 89' lang='lat' dir='ltr'><strong>et</strong></span> <span class='ocrx_word' id='word_1_713' title='bbox 675 2585 799 2620; x_wconf 83' lang='lat' dir='ltr'><strong>Thnan.,</strong></span> 
     </span>
    </p>
   </div>
   <div class='ocr_carea' id='block_1_97' title="bbox 31 2620 304 2648">
    <p class='ocr_par' dir='ltr' id='par_1_97' title="bbox 31 2620 304 2648">
     <span class='ocr_line' id='line_1_97' title="bbox 31 2620 304 2648; baseline 0.015 -4"><span class='ocrx_word' id='word_1_714' title='bbox 31 2620 225 2648; x_wconf 76' lang='grc' dir='ltr'>ιναστήσονται.</span> <span class='ocrx_word' id='word_1_715' title='bbox 240 2621 304 2648; x_wconf 84' lang='lat' dir='ltr'><strong>Duc.</strong></span> 
     </span>
    </p>
   </div>
   <div class='ocr_carea' id='block_1_98' title="bbox 53 2655 802 2698">
    <p class='ocr_par' dir='ltr' id='par_1_98' title="bbox 53 2655 802 2698">
     <span class='ocr_line' id='line_1_98' title="bbox 53 2655 802 2698; baseline 0.004 -16"><span class='ocrx_word' id='word_1_716' title='bbox 53 2655 89 2698; x_wconf 70' lang='lat'><strong>(2)</strong></span> <span class='ocrx_word' id='word_1_717' title='bbox 103 2655 164 2698; x_wconf 47' lang='grc' dir='ltr'>,Βία</span> <span class='ocrx_word' id='word_1_718' title='bbox 174 2656 426 2698; x_wconf 55' lang='grc' dir='ltr'>καταϐερρῃμέιςοι</span> <span class='ocrx_word' id='word_1_719' title='bbox 438 2655 724 2698; x_wconf 48' lang='grc' dir='ltr'>τῶις-ἐπαμρνόῂτωις.</span> <span class='ocrx_word' id='word_1_720' title='bbox 736 2656 802 2698; x_wconf 78' lang='lat' dir='ltr'><strong>Post</strong></span> 
     </span>
    </p>
   </div>
   <div class='ocr_carea' id='block_1_99' title="bbox 31 2691 799 2727">
    <p class='ocr_par' dir='ltr' id='par_1_99' title="bbox 31 2691 799 2727">
     <span class='ocr_line' id='line_1_99' title="bbox 31 2691 799 2727; baseline 0.003 -11"><span class='ocrx_word' id='word_1_721' title='bbox 31 2691 190 2727; x_wconf 68' lang='lat' dir='ltr'><strong>iarticipium</strong></span> <span class='ocrx_word' id='word_1_722' title='bbox 204 2692 357 2727; x_wconf 79' lang='grc' dir='ltr'>κατασεόλη</span> <span class='ocrx_word' id='word_1_723' title='bbox 362 2692 436 2726; x_wconf 84' lang='grc' dir='ltr'>μένοι</span> <span class='ocrx_word' id='word_1_724' title='bbox 451 2691 608 2727; x_wconf 82' lang='lat' dir='ltr'><strong>collocanda</strong></span> <span class='ocrx_word' id='word_1_725' title='bbox 622 2696 664 2718; x_wconf 84' lang='lat' dir='ltr'><strong>est</strong></span> <span class='ocrx_word' id='word_1_726' title='bbox 685 2692 799 2726; x_wconf 74' lang='lat' dir='ltr'><strong>virgula,</strong></span> 
     </span>
    </p>
   </div>
   <div class='ocr_carea' id='block_1_100' title="bbox 31 2723 800 2762">
    <p class='ocr_par' dir='ltr' id='par_1_100' title="bbox 31 2723 800 2762">
     <span class='ocr_line' id='line_1_100' title="bbox 31 2723 800 2762; baseline 0.001 -10"><span class='ocrx_word' id='word_1_727' title='bbox 31 2730 49 2752; x_wconf 82' lang='lat' dir='ltr'><strong>It</strong></span> <span class='ocrx_word' id='word_1_728' title='bbox 65 2723 201 2761; x_wconf 80' lang='lat' dir='ltr'><strong>genitivus</strong></span> <span class='ocrx_word' id='word_1_729' title='bbox 226 2734 342 2762; x_wconf 88' lang='lat' dir='ltr'><strong>sequens</strong></span> <span class='ocrx_word' id='word_1_730' title='bbox 352 2723 675 2762; x_wconf 50' lang='grc' dir='ltr'>’ἐπαμυνὸντωντθειξιυι-</span> <span class='ocrx_word' id='word_1_731' title='bbox 694 2733 709 2753; x_wconf 89' lang='lat' dir='ltr'><strong>a</strong></span> <span class='ocrx_word' id='word_1_732' title='bbox 722 2723 800 2762; x_wconf 53' lang='lat' dir='ltr'><strong>g&#39;enié</strong></span> 
     </span>
    </p>
   </div>
   <div class='ocr_carea' id='block_1_101' title="bbox 34 2761 799 2797">
    <p class='ocr_par' dir='ltr' id='par_1_101' title="bbox 34 2761 799 2797">
     <span class='ocr_line' id='line_1_101' title="bbox 34 2761 799 2797; baseline 0.001 -10"><span class='ocrx_word' id='word_1_733' title='bbox 34 2761 73 2787; x_wconf 82' lang='lat' dir='ltr'><strong>ivo</strong></span> <span class='ocrx_word' id='word_1_734' title='bbox 84 2762 203 2797; x_wconf 80' lang='grc' dir='ltr'>ἀπορίας</span> <span class='ocrx_word' id='word_1_735' title='bbox 215 2781 223 2793; x_wconf 93' lang='grc'><strong>,</strong></span> <span class='ocrx_word' id='word_1_736' title='bbox 241 2761 294 2789; x_wconf 88' lang='lat' dir='ltr'><strong>non</strong></span> <span class='ocrx_word' id='word_1_737' title='bbox 311 2766 400 2789; x_wconf 83' lang='lat' dir='ltr'><strong>autem</strong></span> <span class='ocrx_word' id='word_1_738' title='bbox 416 2769 431 2788; x_wconf 89' lang='lat' dir='ltr'><strong>a</strong></span> <span class='ocrx_word' id='word_1_739' title='bbox 446 2762 537 2789; x_wconf 89' lang='lat' dir='ltr'><strong>dativo</strong></span> <span class='ocrx_word' id='word_1_740' title='bbox 552 2761 607 2797; x_wconf 68' lang='grc' dir='ltr'><strong>βίᾳζ</strong></span> <span class='ocrx_word' id='word_1_741' title='bbox 621 2761 713 2795; x_wconf 77' lang='lat' dir='ltr'><strong>Neque</strong></span> <span class='ocrx_word' id='word_1_742' title='bbox 725 2761 799 2788; x_wconf 89' lang='lat' dir='ltr'><strong>enim</strong></span> 
     </span>
    </p>
   </div>
   <div class='ocr_carea' id='block_1_102' title="bbox 31 2796 797 2832">
    <p class='ocr_par' dir='ltr' id='par_1_102' title="bbox 31 2796 797 2832">
     <span class='ocr_line' id='line_1_102' title="bbox 31 2796 797 2832; baseline 0 -10"><span class='ocrx_word' id='word_1_743' title='bbox 31 2796 45 2821; x_wconf 64' lang='lat' dir='ltr'><strong>ni</strong></span> <span class='ocrx_word' id='word_1_744' title='bbox 61 2796 208 2832; x_wconf 84' lang='lat' dir='ltr'><strong>dejicintur</strong></span> <span class='ocrx_word' id='word_1_745' title='bbox 227 2797 260 2823; x_wconf 88' lang='lat' dir='ltr'><strong>ab</strong></span> <span class='ocrx_word' id='word_1_746' title='bbox 281 2797 314 2824; x_wconf 89' lang='lat' dir='ltr'><strong>iis</strong></span> <span class='ocrx_word' id='word_1_747' title='bbox 328 2797 374 2832; x_wconf 88' lang='lat' dir='ltr'><strong>qtti</strong></span> <span class='ocrx_word' id='word_1_748' title='bbox 393 2797 471 2823; x_wconf 87' lang='lat' dir='ltr'><strong>nobis</strong></span> <span class='ocrx_word' id='word_1_749' title='bbox 487 2796 669 2824; x_wconf 73' lang='lat' dir='ltr'><strong>succurrunt:</strong></span> <span class='ocrx_word' id='word_1_750' title='bbox 684 2796 797 2830; x_wconf 76' lang='grc' dir='ltr'>ἐπαμυ-</span> 
     </span>
    </p>
   </div>
   <div class='ocr_carea' id='block_1_103' title="bbox 31 2832 799 2872">
    <p class='ocr_par' dir='ltr' id='par_1_103' title="bbox 31 2832 799 2872">
     <span class='ocr_line' id='line_1_103' title="bbox 31 2832 799 2872; baseline 0.001 -14"><span class='ocrx_word' id='word_1_751' title='bbox 31 2833 130 2859; x_wconf 54' lang='grc' dir='ltr'>εόγτων</span> <span class='ocrx_word' id='word_1_752' title='bbox 142 2837 237 2860; x_wconf 82' lang='lat' dir='ltr'><strong>autem</strong></span> <span class='ocrx_word' id='word_1_753' title='bbox 245 2832 303 2859; x_wconf 76' lang='grc' dir='ltr'>ἀντὶ</span> <span class='ocrx_word' id='word_1_754' title='bbox 312 2832 357 2859; x_wconf 82' lang='grc' dir='ltr'>τοῦ</span> <span class='ocrx_word' id='word_1_755' title='bbox 368 2832 531 2872; x_wconf 65' lang='grc' dir='ltr'>ἐπαμύνειις</span> <span class='ocrx_word' id='word_1_756' title='bbox 538 2832 718 2872; x_wconf 60' lang='grc' dir='ltr'>ὀφειλόντων</span> <span class='ocrx_word' id='word_1_757' title='bbox 724 2832 799 2869; x_wconf 21' lang='grc' dir='ltr'>πεί-ν</span> 
     </span>
    </p>
   </div>
   <div class='ocr_carea' id='block_1_104' title="bbox 852 2231 1630 2267">
    <p class='ocr_par' dir='ltr' id='par_1_104' title="bbox 852 2231 1630 2267">
     <span class='ocr_line' id='line_1_104' title="bbox 852 2231 1630 2267; baseline 0.004 -10"><span class='ocrx_word' id='word_1_758' title='bbox 852 2231 1047 2266; x_wconf 85' lang='lat' dir='ltr'><strong>multiplicibus</strong></span> <span class='ocrx_word' id='word_1_759' title='bbox 1064 2236 1154 2259; x_wconf 81' lang='lat' dir='ltr'><strong>autem</strong></span> <span class='ocrx_word' id='word_1_760' title='bbox 1174 2237 1293 2267; x_wconf 63' lang='lat' dir='ltr'><strong>quaestus</strong></span> <span class='ocrx_word' id='word_1_761' title='bbox 1314 2232 1438 2259; x_wconf 88' lang='lat' dir='ltr'><strong>alicunde</strong></span> <span class='ocrx_word' id='word_1_762' title='bbox 1453 2232 1567 2259; x_wconf 79' lang='lat' dir='ltr'><strong>faciendi</strong></span> <span class='ocrx_word' id='word_1_763' title='bbox 1580 2240 1630 2260; x_wconf 91' lang='lat' dir='ltr'><strong>cu-</strong></span> 
     </span>
    </p>
   </div>
   <div class='ocr_carea' id='block_1_105' title="bbox 851 2277 1631 2311">
    <p class='ocr_par' dir='ltr' id='par_1_105' title="bbox 851 2277 1631 2311">
     <span class='ocr_line' id='line_1_105' title="bbox 851 2277 1631 2311; baseline 0.001 -8"><span class='ocrx_word' id='word_1_764' title='bbox 851 2277 1008 2311; x_wconf 84' lang='lat' dir='ltr'><strong>piditatibus</strong></span> <span class='ocrx_word' id='word_1_765' title='bbox 1027 2277 1183 2305; x_wconf 88' lang='lat' dir='ltr'><strong>distractus.</strong></span> <span class='ocrx_word' id='word_1_766' title='bbox 1207 2278 1233 2305; x_wconf 84' lang='lat'><strong>9.</strong></span> <span class='ocrx_word' id='word_1_767' title='bbox 1259 2277 1366 2310; x_wconf 87' lang='lat' dir='ltr'><strong>Quanto</strong></span> <span class='ocrx_word' id='word_1_768' title='bbox 1387 2277 1493 2305; x_wconf 86' lang='lat' dir='ltr'><strong>tandem</strong></span> <span class='ocrx_word' id='word_1_769' title='bbox 1506 2277 1558 2305; x_wconf 91' lang='lat' dir='ltr'><strong>hoc</strong></span> <span class='ocrx_word' id='word_1_770' title='bbox 1573 2285 1631 2304; x_wconf 89' lang='lat' dir='ltr'><strong>me-</strong></span> 
     </span>
    </p>
   </div>
   <div class='ocr_carea' id='block_1_106' title="bbox 851 2321 1630 2357">
    <p class='ocr_par' dir='ltr' id='par_1_106' title="bbox 851 2321 1630 2357">
     <span class='ocr_line' id='line_1_106' title="bbox 851 2321 1630 2357; baseline 0.001 -9"><span class='ocrx_word' id='word_1_771' title='bbox 851 2321 943 2356; x_wconf 90' lang='lat' dir='ltr'><strong>liores,</strong></span> <span class='ocrx_word' id='word_1_772' title='bbox 956 2322 1003 2357; x_wconf 90' lang='lat' dir='ltr'><strong>qui</strong></span> <span class='ocrx_word' id='word_1_773' title='bbox 1013 2323 1076 2350; x_wconf 66' lang='lat' dir='ltr'><strong>vitae</strong></span> <span class='ocrx_word' id='word_1_774' title='bbox 1086 2323 1241 2350; x_wconf 84' lang='lat' dir='ltr'><strong>societatem</strong></span> <span class='ocrx_word' id='word_1_775' title='bbox 1256 2323 1383 2355; x_wconf 85' lang='lat' dir='ltr'><strong>inierunt,</strong></span> <span class='ocrx_word' id='word_1_776' title='bbox 1398 2329 1430 2349; x_wconf 79' lang='lat' dir='ltr'><strong>ex</strong></span> <span class='ocrx_word' id='word_1_777' title='bbox 1446 2330 1499 2357; x_wconf 89' lang='lat' dir='ltr'><strong>qua</strong></span> <span class='ocrx_word' id='word_1_778' title='bbox 1513 2322 1630 2357; x_wconf 83' lang='lat' dir='ltr'><strong>optimos</strong></span> 
     </span>
    </p>
   </div>
   <div class='ocr_carea' id='block_1_107' title="bbox 851 2368 1630 2404">
    <p class='ocr_par' dir='ltr' id='par_1_107' title="bbox 851 2368 1630 2404">
     <span class='ocr_line' id='line_1_107' title="bbox 851 2368 1630 2404; baseline 0.001 -9"><span class='ocrx_word' id='word_1_779' title='bbox 851 2368 956 2397; x_wconf 79' lang='lat' dir='ltr'><strong>fructus</strong></span> <span class='ocrx_word' id='word_1_780' title='bbox 979 2369 1122 2404; x_wconf 87' lang='lat' dir='ltr'><strong>decerpere</strong></span> <span class='ocrx_word' id='word_1_781' title='bbox 1141 2369 1259 2404; x_wconf 82' lang='lat' dir='ltr'><strong>queant?</strong></span> <span class='ocrx_word' id='word_1_782' title='bbox 1274 2368 1317 2399; x_wconf 81' lang='grc'>10.</span> <span class='ocrx_word' id='word_1_783' title='bbox 1336 2368 1447 2396; x_wconf 90' lang='lat' dir='ltr'><strong>Duobus</strong></span> <span class='ocrx_word' id='word_1_784' title='bbox 1475 2368 1547 2396; x_wconf 88' lang='lat' dir='ltr'><strong>enim</strong></span> <span class='ocrx_word' id='word_1_785' title='bbox 1563 2369 1630 2396; x_wconf 79' lang='lat' dir='ltr'><strong>viris</strong></span> 
     </span>
    </p>
   </div>
   <div class='ocr_carea' id='block_1_108' title="bbox 850 2414 1629 2447">
    <p class='ocr_par' dir='ltr' id='par_1_108' title="bbox 850 2414 1629 2447">
     <span class='ocr_line' id='line_1_108' title="bbox 850 2414 1629 2447; baseline -0.001 -5"><span class='ocrx_word' id='word_1_786' title='bbox 850 2415 932 2443; x_wconf 88' lang='lat' dir='ltr'><strong>rebus</strong></span> <span class='ocrx_word' id='word_1_787' title='bbox 956 2415 1051 2443; x_wconf 88' lang='lat' dir='ltr'><strong>iisdem</strong></span> <span class='ocrx_word' id='word_1_788' title='bbox 1077 2419 1150 2442; x_wconf 82' lang='lat' dir='ltr'><strong>recte</strong></span> <span class='ocrx_word' id='word_1_789' title='bbox 1172 2414 1401 2447; x_wconf 88' lang='lat' dir='ltr'><strong>incumbentibus,</strong></span> <span class='ocrx_word' id='word_1_790' title='bbox 1424 2415 1530 2442; x_wconf 85' lang='lat' dir='ltr'><strong>etiamsi</strong></span> <span class='ocrx_word' id='word_1_791' title='bbox 1552 2415 1629 2442; x_wconf 83' lang='lat' dir='ltr'><strong>alteri</strong></span> 
     </span>
    </p>
   </div>
   <div class='ocr_carea' id='block_1_109' title="bbox 851 2461 1627 2497">
    <p class='ocr_par' dir='ltr' id='par_1_109' title="bbox 851 2461 1627 2497">
     <span class='ocr_line' id='line_1_109' title="bbox 851 2461 1627 2497; baseline 0 -9"><span class='ocrx_word' id='word_1_792' title='bbox 851 2461 989 2497; x_wconf 81' lang='lat' dir='ltr'><strong>quidpiam</strong></span> <span class='ocrx_word' id='word_1_793' title='bbox 1010 2461 1116 2490; x_wconf 86' lang='lat' dir='ltr'><strong>adversi</strong></span> <span class='ocrx_word' id='word_1_794' title='bbox 1133 2461 1247 2494; x_wconf 85' lang='lat' dir='ltr'><strong>accidat,</strong></span> <span class='ocrx_word' id='word_1_795' title='bbox 1262 2465 1354 2488; x_wconf 87' lang='lat' dir='ltr'><strong>tamen</strong></span> <span class='ocrx_word' id='word_1_796' title='bbox 1369 2461 1440 2488; x_wconf 88' lang='lat' dir='ltr'><strong>haud</strong></span> <span class='ocrx_word' id='word_1_797' title='bbox 1464 2462 1521 2488; x_wconf 90' lang='lat' dir='ltr'><strong>lcve</strong></span> <span class='ocrx_word' id='word_1_798' title='bbox 1537 2461 1627 2488; x_wconf 90' lang='lat' dir='ltr'><strong>subsi-</strong></span> 
     </span>
    </p>
   </div>
   <div class='ocr_carea' id='block_1_110' title="bbox 851 2506 1629 2542">
    <p class='ocr_par' dir='ltr' id='par_1_110' title="bbox 851 2506 1629 2542">
     <span class='ocr_line' id='line_1_110' title="bbox 851 2506 1629 2542; baseline -0.001 -8"><span class='ocrx_word' id='word_1_799' title='bbox 851 2507 926 2535; x_wconf 90' lang='lat' dir='ltr'><strong>dium</strong></span> <span class='ocrx_word' id='word_1_800' title='bbox 947 2507 974 2534; x_wconf 91' lang='lat' dir='ltr'><strong>in</strong></span> <span class='ocrx_word' id='word_1_801' title='bbox 997 2508 1082 2535; x_wconf 88' lang='lat' dir='ltr'><strong>sodali</strong></span> <span class='ocrx_word' id='word_1_802' title='bbox 1099 2513 1126 2536; x_wconf 90' lang='lat' dir='ltr'><strong>et</strong></span> <span class='ocrx_word' id='word_1_803' title='bbox 1145 2507 1329 2535; x_wconf 88' lang='lat' dir='ltr'><strong>contubernali</strong></span> <span class='ocrx_word' id='word_1_804' title='bbox 1345 2514 1396 2534; x_wconf 88' lang='lat' dir='ltr'><strong>suo</strong></span> <span class='ocrx_word' id='word_1_805' title='bbox 1408 2507 1526 2542; x_wconf 91' lang='lat' dir='ltr'><strong>positum</strong></span> <span class='ocrx_word' id='word_1_806' title='bbox 1537 2506 1629 2534; x_wconf 89' lang='lat' dir='ltr'><strong>habet.</strong></span> 
     </span>
    </p>
   </div>
   <div class='ocr_carea' id='block_1_111' title="bbox 851 2583 1627 2621">
    <p class='ocr_par' dir='ltr' id='par_1_111' title="bbox 851 2583 1627 2621">
     <span class='ocr_line' id='line_1_111' title="bbox 851 2583 1627 2621; baseline -0.005 -7"><span class='ocrx_word' id='word_1_807' title='bbox 851 2594 924 2621; x_wconf 84' lang='lat' dir='ltr'><strong>pere,</strong></span> <span class='ocrx_word' id='word_1_808' title='bbox 937 2592 967 2614; x_wconf 89' lang='lat' dir='ltr'><strong>ut</strong></span> <span class='ocrx_word' id='word_1_809' title='bbox 978 2586 1137 2621; x_wconf 74' lang='lat' dir='ltr'><strong>Woliangus</strong></span> <span class='ocrx_word' id='word_1_810' title='bbox 1152 2586 1216 2613; x_wconf 78' lang='lat' dir='ltr'><strong>facit</strong></span> <span class='ocrx_word' id='word_1_811' title='bbox 1226 2605 1233 2618; x_wconf 91' lang='lat'><strong>,</strong></span> <span class='ocrx_word' id='word_1_812' title='bbox 1255 2585 1336 2612; x_wconf 90' lang='lat' dir='ltr'><strong>nimis</strong></span> <span class='ocrx_word' id='word_1_813' title='bbox 1350 2584 1498 2613; x_wconf 83' lang='lat' dir='ltr'><strong>violentum</strong></span> <span class='ocrx_word' id='word_1_814' title='bbox 1511 2583 1578 2612; x_wconf 86' lang='lat' dir='ltr'><strong>mihi</strong></span> <span class='ocrx_word' id='word_1_815' title='bbox 1589 2583 1627 2610; x_wconf 23' lang='lat' dir='ltr'><strong>vi,</strong></span> 
     </span>
    </p>
   </div>
   <div class='ocr_carea' id='block_1_112' title="bbox 851 2622 1033 2649">
    <p class='ocr_par' dir='ltr' id='par_1_112' title="bbox 851 2622 1033 2649">
     <span class='ocr_line' id='line_1_112' title="bbox 851 2622 1033 2649; baseline -0.005 0"><span class='ocrx_word' id='word_1_816' title='bbox 851 2623 938 2649; x_wconf 87' lang='lat' dir='ltr'><strong>dctur.</strong></span> <span class='ocrx_word' id='word_1_817' title='bbox 957 2622 1033 2648; x_wconf 80' lang='lat' dir='ltr'><strong>BILL.</strong></span> 
     </span>
    </p>
   </div>
   <div class='ocr_carea' id='block_1_113' title="bbox 886 2654 1622 2692">
    <p class='ocr_par' dir='ltr' id='par_1_113' title="bbox 886 2654 1622 2692">
     <span class='ocr_line' id='line_1_113' title="bbox 886 2654 1622 2692; baseline -0.005 -8"><span class='ocrx_word' id='word_1_818' title='bbox 886 2657 923 2692; x_wconf 82' lang='grc'><strong>(5)</strong></span> <span class='ocrx_word' id='word_1_819' title='bbox 943 2655 1127 2692; x_wconf 22' lang='grc' dir='ltr'>Μηὸἐπωῗδέ.</span> <span class='ocrx_word' id='word_1_820' title='bbox 1144 2655 1238 2684; x_wconf 87' lang='lat' dir='ltr'><strong>Billius</strong></span> <span class='ocrx_word' id='word_1_821' title='bbox 1252 2664 1284 2683; x_wconf 80' lang='lat' dir='ltr'><strong>ex</strong></span> <span class='ocrx_word' id='word_1_822' title='bbox 1305 2655 1366 2683; x_wconf 90' lang='lat' dir='ltr'><strong>cod.</strong></span> <span class='ocrx_word' id='word_1_823' title='bbox 1389 2654 1497 2686; x_wconf 83' lang='lat' dir='ltr'><strong>Mcdic.,</strong></span> <span class='ocrx_word' id='word_1_824' title='bbox 1516 2654 1562 2681; x_wconf 74' lang='grc' dir='ltr'><strong>καὶ</strong></span> <span class='ocrx_word' id='word_1_825' title='bbox 1577 2661 1622 2690; x_wconf 83' lang='grc' dir='ltr'>μη-</span> 
     </span>
    </p>
   </div>
   <div class='ocr_carea' id='block_1_114' title="bbox 850 2691 1141 2726">
    <p class='ocr_par' dir='ltr' id='par_1_114' title="bbox 850 2691 1141 2726">
     <span class='ocr_line' id='line_1_114' title="bbox 850 2691 1141 2726; baseline 0 -8"><span class='ocrx_word' id='word_1_826' title='bbox 850 2692 922 2719; x_wconf 87' lang='grc' dir='ltr'>δέπω</span> <span class='ocrx_word' id='word_1_827' title='bbox 935 2691 1062 2726; x_wconf 86' lang='grc' dir='ltr'>γεγονώς.</span> <span class='ocrx_word' id='word_1_828' title='bbox 1075 2691 1141 2718; x_wconf 86' lang='lat' dir='ltr'><strong>Duc.</strong></span> 
     </span>
    </p>
   </div>
   <div class='ocr_carea' id='block_1_115' title="bbox 886 2723 1539 2761">
    <p class='ocr_par' dir='ltr' id='par_1_115' title="bbox 886 2723 1539 2761">
     <span class='ocr_line' id='line_1_115' title="bbox 886 2723 1539 2761; baseline -0.002 -8"><span class='ocrx_word' id='word_1_829' title='bbox 886 2727 923 2761; x_wconf 70' lang='grc'><strong>(4)</strong></span> <span class='ocrx_word' id='word_1_830' title='bbox 942 2723 1111 2760; x_wconf 73' lang='grc' dir='ltr'>Τίθέμενον.</span> <span class='ocrx_word' id='word_1_831' title='bbox 1132 2725 1197 2754; x_wconf 88' lang='lat' dir='ltr'><strong>Cod.</strong></span> <span class='ocrx_word' id='word_1_832' title='bbox 1215 2725 1323 2758; x_wconf 79' lang='lat' dir='ltr'><strong>Medic.,</strong></span> <span class='ocrx_word' id='word_1_833' title='bbox 1336 2725 1475 2760; x_wconf 85' lang='grc' dir='ltr'>τιθέμενος</span> <span class='ocrx_word' id='word_1_834' title='bbox 1501 2723 1539 2752; x_wconf 82' lang='lat' dir='ltr'><strong>In.</strong></span> 
     </span>
    </p>
   </div>
   <div class='ocr_carea' id='block_1_116' title="bbox 887 2760 1614 2797">
    <p class='ocr_par' dir='ltr' id='par_1_116' title="bbox 887 2760 1614 2797">
     <span class='ocr_line' id='line_1_116' title="bbox 887 2760 1614 2797; baseline -0.004 -8"><span class='ocrx_word' id='word_1_835' title='bbox 887 2760 936 2797; x_wconf 78' lang='grc' dir='ltr'><strong>μ’)</strong></span> <span class='ocrx_word' id='word_1_836' title='bbox 950 2761 989 2788; x_wconf 80' lang='lat' dir='ltr'><strong>Ex</strong></span> <span class='ocrx_word' id='word_1_837' title='bbox 1006 2766 1068 2788; x_wconf 85' lang='lat' dir='ltr'><strong>nota</strong></span> <span class='ocrx_word' id='word_1_838' title='bbox 1089 2761 1280 2797; x_wconf 69' lang='lat' dir='ltr'><strong>interrogativa</strong></span> <span class='ocrx_word' id='word_1_839' title='bbox 1299 2761 1435 2795; x_wconf 85' lang='lat' dir='ltr'><strong>conjicere</strong></span> <span class='ocrx_word' id='word_1_840' title='bbox 1452 2761 1524 2797; x_wconf 84' lang='lat' dir='ltr'><strong>licet,</strong></span> <span class='ocrx_word' id='word_1_841' title='bbox 1539 2760 1614 2794; x_wconf 74' lang='lat' dir='ltr'><strong>legen</strong></span> 
     </span>
    </p>
   </div>
   <div class='ocr_carea' id='block_1_117' title="bbox 850 2795 1616 2832">
    <p class='ocr_par' dir='ltr' id='par_1_117' title="bbox 850 2795 1616 2832">
     <span class='ocr_line' id='line_1_117' title="bbox 850 2795 1616 2832; baseline -0.004 -8"><span class='ocrx_word' id='word_1_842' title='bbox 850 2795 914 2824; x_wconf 85' lang='lat' dir='ltr'><strong>dum</strong></span> <span class='ocrx_word' id='word_1_843' title='bbox 931 2797 1016 2832; x_wconf 84' lang='grc' dir='ltr'>πόσῳ,</span> <span class='ocrx_word' id='word_1_844' title='bbox 1037 2797 1106 2828; x_wconf 81' lang='lat' dir='ltr'><strong>loco,</strong></span> <span class='ocrx_word' id='word_1_845' title='bbox 1123 2795 1298 2832; x_wconf 41' lang='lat' dir='ltr'><strong>annonast</strong></span> <span class='ocrx_word' id='word_1_846' title='bbox 1323 2795 1561 2831; x_wconf 78' lang='lat' dir='ltr'><strong>interrogationem</strong></span> <span class='ocrx_word' id='word_1_847' title='bbox 1582 2801 1616 2822; x_wconf 72' lang='lat' dir='ltr'><strong>ex</strong></span> 
     </span>
    </p>
   </div>
   <div class='ocr_carea' id='block_1_118' title="bbox 851 2831 1282 2866">
    <p class='ocr_par' dir='ltr' id='par_1_118' title="bbox 851 2831 1282 2866">
     <span class='ocr_line' id='line_1_118' title="bbox 851 2831 1282 2866; baseline -0.005 -6"><span class='ocrx_word' id='word_1_848' title='bbox 851 2833 958 2861; x_wconf 61' lang='lat' dir='ltr'><strong>clulcre</strong></span> <span class='ocrx_word' id='word_1_849' title='bbox 975 2831 1060 2866; x_wconf 75' lang='lat' dir='ltr'><strong>magis</strong></span> <span class='ocrx_word' id='word_1_850' title='bbox 1075 2832 1188 2865; x_wconf 77' lang='lat' dir='ltr'><strong>placeat.</strong></span> <span class='ocrx_word' id='word_1_851' title='bbox 1203 2831 1282 2858; x_wconf 82' lang='grc' dir='ltr'>Εοιτ.</span> 
     </span>
    </p>
   </div>
  </div>
