1857 3047
43 128 100 156 1005

546 120 789 150 METAPHRASIS
807 120 842 148 ιΝ
861 120 1125 148 ECCLESIASTEN.

1571 123 1640 150 μιωδ

42 185 109 223 χοροῦ
125 182 268 218 ἀνθρώπων
283 181 390 216 φαύλων
407 181 454 209 καὶ
472 181 607 218 δυστήνων
628 182 743 218 ᾀδόντων
760 188 804 215 γε·

902 180 1070 212 itrahuntur;
1088 179 1232 206 stultorum
1247 183 1336 206 autem
1353 180 1460 213 animae,
1476 180 1568 208 laetitia
1584 183 1640 210 clr

40 232 118 260 νέσθαι
140 229 281 265 ἀκροατήν.
308 227 367 255 Τῶν
390 227 444 264 γὰρ
469 228 593 264 ἀφρόνων
618 227 767 264 ἀνθρώπων
790 228 804 253 ὁ

40 277 122 312 γέλως,
137 274 257 302 ἀκανθῶν
275 273 378 300 πολλῶν
391 273 483 309 λάϐρῳ
498 274 563 309 πυρὶ
583 274 734 308 καιομένων
748 273 805 308 ἤχῳ

40 324 188 360 προσέοικεν.
211 320 318 348 Ἃθλιον
334 321 362 347 δὲ
376 321 422 347 καὶ
436 321 523 352 τοῦτο,
537 321 621 347 κακόν
637 329 668 354 γε
688 320 740 355 μὴν
758 319 805 354 μὲ-

39 377 118 403 γιστον
135 368 149 403 ὴ
167 365 345 400 συκοφαντία·
364 365 432 400 αὕτη
453 365 507 401 γὰρ
529 365 616 399 σοφῶν
639 363 805 390 ἐπιϐουλεύει

38 415 133 450 ψυχαῖς,
153 413 196 440 καὶ
217 413 349 447 ἐπιχειρεῖ
368 411 533 448 διαφθείρειν
550 412 599 446 τὴν
618 411 744 445 γενναίαν
765 410 807 436 ἔν-

40 469 121 487 στασιν
135 459 186 485 τῶν
209 458 327 493 ἀγαθῶν.
346 457 439 492 Λόγων
455 457 483 483 δὲ
503 457 558 493 (15)
574 457 623 483 οὐκ
644 457 823 494 ἀρχόμενονη

37 506 97 534 ἀλλὰ
114 505 261 539 παυόμενον
281 505 399 530 ἐπαινεῖν
421 503 569 539 προσήκει,
588 502 635 529 καὶ
652 502 681 529 τὺ
697 502 806 538 μέτριον

36 552 93 589 ἦθος
116 551 300 586 ἀποδέχεσθαι,
326 551 372 576 καὶ
391 549 428 586 μὴ
452 550 481 576 τὸ
506 549 737 585 μετεωριζόμενον
760 549 807 575 καὶ

36 598 220 633 τετυφωμένον.
236 597 309 623 Πάνυ
325 596 354 623 δὲ
369 596 419 631 χρὴ
437 595 523 631 θυμοῦ
546 595 692 630 φείδεσθαι,
706 595 752 621 κα)¹
769 594 806 630 μή

35 646 69 676 είς
89 644 168 679 ὀργὴν
193 642 344 679 προχείρως
365 640 575 677 καταφέρεσθαι,
599 638 669 678 ᾗτινι
691 641 807 676 ἄφρονες

34 689 198 716 δουλεύουσιν.
222 687 418 723 Ἀμαρτάνουσι
434 687 462 713 δὲ
483 687 508 713 οἰ
530 687 654 721 λέγοντες
669 689 726 718 τοῖς
742 696 808 722 προ-

33 734 111 769 τέροις
131 733 259 768 ἀμείνονα
276 732 396 759 δεδόσθαι
419 732 490 767 βίον,
509 732 555 759 καὶ
571 733 601 759 οὺ
620 733 752 765 συνιᾶσιν,
766 734 807 759 ὅτι

35 779 152 815 πάμπολυ
167 779 290 815 διαφέρει
303 779 382 814 σοφία
409 779 458 814 τῆς
470 779 524 805 τῶν
534 779 683 814 χρημάτων
697 787 808 815 περιου-

32 825 99 856 σίας·
115 824 161 851 καὶ
180 824 306 851 τοσοῦτόν
323 825 381 851 ἐστι
402 825 576 860 φανερωτέρα
593 825 664 859 (16),
683 825 743 852 ὅσον
759 825 808 861 ἆρ-

32 879 105 905 γνρος
118 870 307 906 λαμπρότερος
322 870 445 904 φαίνεται
461 871 510 905 τῆς
527 871 623 897 ἑαυτοῦ
642 872 729 903 σκιᾶς.
748 871 808 907 Ζωὴ

29 916 77 951 γὰρ
95 915 256 951 ἀνθρώπου,
277 916 326 942 οὐκ
344 915 373 949 ἐξ
393 916 525 952 ὲπικήρου
543 916 658 943 πλούτου
676 917 807 953 κτήσεως,

29 961 80 987 ἀλλ’
98 963 129 988 ὲκ
150 961 246 995 σοφίας
267 961 444 997 περιγίνεται.
468 962 516 994 Τίς
540 963 568 989 δὲ
585 963 631 989 καὶ
652 963 807 998 δυνήσεται,

27 1008 80 1034 είπέ
98 1017 152 1043 μοι,
168 1008 220 1043 τὴν
235 1008 368 1044 τοσαύτην
383 1008 431 1035 καὶ
447 1008 516 1034 οὕτω
532 1008 651 1044 χρηστὴν
671 1009 718 1035 τοῦ
742 1009 808 1036 Θεοῦ

28 1054 147 1088 πρόνοιαν
179 1054 317 1087 ὲξειπεῖν;
349 1055 364 1089 ἦ
392 1054 434 1086 τίς
460 1054 677 1082 ἀνακαλέσασθαι
705 1055 740 1081 τὰ
767 1055 810 1082 δο-

25 1099 117 1126 κοῦντα
140 1099 354 1136 παρημελῖμθαι
379 1099 430 1127 ὑπὸ
452 1099 518 1127 Θεοῦ
534 1100 661 1133 δικαίως;
679 1100 810 1135 Πράττων

25 1143 50 1170 δὲ
62 1145 110 1171 οὐκ
126 1145 215 1180 ὀρθῶς
228 1145 360 1181 πρότερον
374 1145 462 1180 ἔγωγε
474 1145 625 1180 κατενόησα
636 1145 670 1172 τὰ
686 1145 810 1182 σύμπαν-

24 1197 64 1220 τα,
80 1189 126 1216 καὶ
137 1190 244 1217 δίκαιον
260 1191 412 1226 ἐμμένοντα
427 1192 459 1226 τῇ
482 1191 648 1228 δικαιοσύνῃ,
664 1192 710 1218 καὶ
728 1191 808 1227 μέχρι

24 1232 134 1262 θανάτου
151 1235 190 1271 μὴ
206 1235 392 1271 ἐξιστάμενον,
410 1236 477 1263 ἀλλὰ
493 1236 540 1262 καὶ
554 1236 587 1263 δι’
603 1237 687 1272 αὐτὴν
700 1237 810 1264 ἐπιϐου-

21 1279 180 1316 λευόμενον,
202 1281 250 1308 καὶ
275 1281 359 1317 ἀσεΕῆ
385 1282 637 1317 συναποθνήσκοντα
658 1284 691 1318 τῇ
713 1283 808 1310 ἑαυτοῦ

23 1326 111 1360 κακίᾳ.
124 1326 186 1362 Χρὴ
203 1326 233 1352 δὲ
248 1326 351 1353 δίκαιον
366 1327 430 1354 δντα
459 1326 494 1361 μὴ
515 1326 585 1352 πάνυ
606 1326 724 1352 τοιοῦτον
740 1324 809 1353 εἶναι

20 1369 113 1402 δοκεῖν,
131 1370 202 1406 μηδὲ
220 1371 290 1405 ἄγαν
306 1371 386 1405 σοφὸν
403 1371 450 1398 καὶ
475 1371 662 1407 ὑπερμέτρως·
680 1372 754 1403 ὅπως
772 1372 808 1407 μή

21 1422 44 1440 τι
62 1415 192 1447 πταίσας,
211 1416 429 1443 πολλαπλασίονα
459 1417 614 1453 ἁμαρτήσῃ.
634 1418 689 1444 Καὶ
706 1417 742 1453 μὴ
761 1418 808 1444 ἔσο

19 1459 150 1496 τολμηρὸς
178 1461 229 1488 καὶ
255 1461 409 1497 προπετὴς,
438 1463 474 1497 μή
502 1471 531 1488 σε
559 1462 671 1495 θάνατος
698 1463 809 1500 ἁρπάσῃ

20 1504 138 1541 ἄκαιρος.
153 1507 297 1541 Μέγιστον
313 1507 342 1533 δὲ
353 1507 453 1541 ἀγαθὸν
469 1507 712 1542 ἀντιλαμϐάνεσθαι
730 1508 805 1539 Θεοῦ,

917 1522 964 1548 per
986 1521 1094 1541 omnem
1122 1514 1183 1540 vitae
1207 1521 1317 1540 cursum
1342 1513 1554 1544 desciscentem,

19 1550 60 1576 καὶ
88 1551 118 1578 ὲν
145 1551 239 1587 τούτῳ
265 1551 331 1578 ὄντα
361 1552 443 1587 μηδὲν
469 1552 644 1588 ἁμαρτάνειν.
668 1552 728 1579 Τῶν
757 1553 810 1588 γὰρ

18 1595 152 1630 ἀμιάντων
169 1598 247 1633 χειρὶ
260 1597 369 1632 ἁνάγνῳ
383 1597 489 1631 ψαύειν,
508 1598 636 1634 μυσαρόν.
659 1598 687 1624 '0
699 1598 727 1624 δὲ
743 1598 811 1633 μετὰ

18 1642 94 1675 φὸὄου
121 1642 193 1670 Θεοῦ
227 1643 349 1670 ὑπείκων
375 1643 481 1670 ἃπαντα
507 1643 644 1678 διαφεύγει
671 1644 808 1671 τάναντία.

16 1686 94 1720 Σοφία
116 1688 146 1714 δὲ
174 1689 317 1724 βοηθείας,
338 1689 449 1723 στίφους
469 1688 572 1724 ἀνδρῶν
592 1689 647 1716 τῶν
662 1690 812 1716 δυνατωτά-

15 1738 65 1758 των
86 1733 116 1760 ὲν
140 1733 225 1760 πόλει
252 1733 362 1769 μείζονα
386 1733 538 1770 δύναται,ἢ
561 1735 608 1762 καὶ
631 1735 810 1770 συγγινώσκει

13 1777 121 1811 δικαίως
158 1780 300 1812 πολλάκις
333 1780 387 1807 τῶν
421 1781 535 1807 δεόντων
567 1782 808 1817 ἀποτυγχάνουσιν.

15 1823 182 1858 ’Λπταιστος
200 1826 261 1861 γάρ
283 1826 357 1852 ἐστιν
378 1826 439 1853 οὐδὲ
460 1824 510 1858 εἷς.
535 1827 653 1854 Ἀσεϐῶν
668 1828 695 1854 δὲ
711 1827 808 1862 λόγοις,

11 1869 62 1895 οὐδ’
76 1871 209 1898 ὁπωσοῦν
235 1880 265 1898 τι
287 1871 339 1908 χρὴ
363 1872 513 1907 προσιέναι,
527 1873 601 1904 ὅπως
619 1872 655 1908 μὴ
671 1873 724 1900 τῶν
741 1874 811 1900 κατὰ

12 1917 55 1944 σοῦ
72 1918 163 1953 λόγων
184 1919 328 1954 αὐτήκοος
341 1919 494 1954 γενόμενος,
510 1919 604 1956 ὥσπερ
617 1920 709 1946 δούλου
729 1929 811 1956 πονη-

11 1963 53 1997 ροῦ
67 1964 224 2000 φλυαρίας-
251 1964 349 1991 ἔπειτα
367 1965 476 2001 δηχθεὶς
488 1965 537 2001 τὴν
551 1966 675 2001 καρδίαν,
698 1966 810 2002 ὕστερον

11 2007 35 2033 ὲν
49 2009 163 2042 πολλαῖς
181 2009 324 2045 πράξεσιν
337 2011 377 2042 εἰς
391 2010 422 2037 τὸ
434 2012 699 2047 ἁντικαταράσασθαι
714 2013 762 2039 καὶ
778 2013 809 2039 σὺ

11 2052 159 2090 ίκτραπῇς.
182 2056 302 2090 Ἔγνων
317 2055 346 2082 δὲ
365 2055 449 2083 ταῦτα
465 2056 519 2091 ἐγὼ
534 2058 651 2090 ἅπαντα,
668 2058 762 2093 σοφίαν
779 2060 811 2085 ὲκ

11 2097 68 2126 θεοῦ
93 2101 203 2133 λαϐὼν,
224 2101 264 2137 ἣν
288 2100 400 2137 ὕστερον
414 2102 574 2135 ἀποϐαλὼν,
592 2104 683 2130 οὐκέτι
709 2101 764 2135 οἶός
780 2113 809 2131 τε

11 2145 74 2181 ίιμην
88 2147 192 2182 ὅμοιος
216 2145 305 2174 εἶναι.
322 2147 425 2182 Ἔφυγε
446 2148 499 2184 γὰρ
522 2149 569 2175 ἀπ’
592 2150 658 2185 ἐμοῦ
676 2149 755 2185 σοφία
770 2151 810 2183 εἰς

11 2190 88 2224 ιὴκος
113 2192 255 2227 ἄπειρον,
284 2192 332 2218 καὶ
353 2193 393 2224 είς
414 2192 495 2228 βάθος
517 2194 686 2230 ἀμέτρητον,
709 2196 747 2227 ὼς
771 2196 808 2231 μὴ
825 2185 846 2212 D

11 2233 66 2263 ῑίναι
81 2238 176 2274 αὐτῆς
192 2238 334 2265 λαϐέσθαι
350 2239 457 2275 μηκέτι.
474 2239 555 2266 ’Ὥστε
572 2241 683 2276 ὕστερον
699 2242 746 2268 καὶ
761 2242 808 2269 τοῦ

13 2282 139 2317 ηπιζητείν
159 2285 272 2320 αὐτὴν,
294 2284 395 2311 τέλειον
409 2285 464 2321 (17)
486 2286 656 2322 ἀπεσχόμηνθ
680 2287 727 2314 καὶ
747 2287 807 2314 οὒτε

11 2328 197 2366 ηνεθυμούμην
229 2330 278 2356 ἔτι
303 2330 349 2356 τοῦ
377 2333 517 2358 κατανοεῖν
545 2331 596 2363 τὰς
623 2331 676 2359 τῶν
703 2322 808 2360 ἀσεϐῶν

12 2376 158 2411 ιφροσύνας
176 2377 233 2404 καὶ
265 2375 365 2410 βουλὰς
392 2377 524 2412 ματαίας,
547 2378 593 2404 καὶ
612 2378 726 2405 ἀλύοντα
741 2379 806 2414 βίον.

12 2420 72 2448 ίῦτω
94 2422 125 2449 δὲ
143 2421 347 2456 διακείμενος.
369 2423 409 2454 είς
431 2422 501 2449 αὐτὰ
522 2423 664 2459 διηνέχθην
679 2423 745 2459 (18),
761 2425 808 2451 καὶ

13 2466 129 2503 πιθυμία
145 2467 308 2502 συσχεθεὶς
322 2466 510 2503 θανατηφόρῳ,
521 2467 605 2501 ἔγνων
619 2468 668 2503 τὴν
680 2470 807 2502 γυναῖκα,

13 2508 44 2544 ἦν
57 2520 120 2539 τινα
139 2512 217 2548 (19),
240 2511 261 2547 ἢ
287 2511 351 2538 εἴτι
371 2511 463 2548 ἕτερον
479 2511 597 2539 τοιοῦτον
621 2513 806 2549 ὑπάρχουσαν.

856 228 889 251 tat
903 224 1102 251 diﬂ‘unduntur.
1135 223 1160 250 6.
1177 224 1259 258 Atqui
1275 225 1360 252 multo
1375 227 1462 262 magis
1479 228 1640 262 optat-dum,

856 270 985 304 sapientis
1003 270 1084 297 unius
1096 270 1315 305 obiurgationem
1331 272 1474 306 excipere,
1499 282 1580 308 quam
1599 279 1640 302 to-

856 318 911 343 tius
934 316 1010 343 chori
1038 317 1223 351 improborum
1251 322 1278 344 ct
1304 318 1469 346 miserorum
1498 319 1640 348 hominum

857 362 1022 389 cantantium
1043 363 1193 389 auditur-em
1211 363 1278 390 ﬁeri.
1310 363 1335 390 7.
1354 364 1520 392 Stolidorum
1541 367 1640 393 etenim

857 411 998 438 hominum
1022 411 1114 440 risus.
1144 411 1284 444 spinarum
1313 412 1460 438 multat-nm
1489 413 1640 440 vehementi

857 457 918 492 igne
932 458 1084 484 ardentium
1105 457 1205 484 sonitui
1230 458 1302 484 haud
1316 458 1449 486 absimilis
1467 463 1517 486 est.
1548 459 1574 486 8.
1591 459 1641 485 Sed

857 502 978 538 profecto
1000 503 1190 538 gravissimum
1219 503 1320 529 malum
1344 507 1385 530 est
1412 504 1547 531 cafumnia
1563 514 1570 531 2
1586 505 1642 532 huc

858 549 930 577 enim
947 549 1099 584 sapientum
1118 549 1262 576 animabus
1277 548 1390 576 insidias
1404 550 1500 582 struit,
1519 558 1550 577 ac
1563 557 1643 584 gene-

858 602 949 621 rosam
975 594 1108 621 bonorum
1133 594 1252 621 virorum
1278 594 1459 621 constantiam
1480 594 1642 622 labctaetare

858 640 978 667 molitur.
997 640 1023 667 9.
1040 639 1127 667 Porro
1141 643 1230 667 autem
1244 640 1317 666 hunc
1330 639 1456 667 laudihus
1468 640 1563 667 eﬂ‘errc
1578 648 1644 667 con-

858 686 948 717 venit.
975 694 1027 712 non
1049 686 1094 721 qui
1117 685 1224 712 initium
1236 707 1243 718 ,
1262 685 1309 712 sed
1326 686 1371 720 qui
1386 686 1492 713 dicendi
1507 687 1587 713 tinem
1601 687 1642 713 fa-

859 731 904 760 cit.
935 731 1039 758 Moram
1055 731 1127 758 enim
1142 731 1294 758 moderatio
1310 731 1436 758 laudibus
1459 732 1642 765 compiectsn—

859 779 905 812 da,
920 787 974 806 non
990 779 1070 806 elatio
1088 782 1114 805 et
1129 778 1293 813 arrogantia.
1316 778 1359 804 10.
1375 777 1488 813 insuper
1501 779 1583 805 animi
1596 778 1641 805 fu~

859 833 947 852 rorem
974 832 1082 852 summo
1106 824 1197 852 51111110
1219 823 1326 851 frenare
1347 828 1373 851 et
1395 831 1519 852 coercere
1532 832 1644 852 necesse

860 875 911 903 est,
926 879 975 899 nec
991 875 1115 907 prompte
1131 875 1157 898 et
1171 875 1272 898 temere
1285 871 1311 897 in
1324 871 1392 898 iram
1409 878 1499 902 ruere,
1515 870 1558 898 cui
1569 871 1644 898 stulti

860 917 990 945 serviunt.
1020 918 1063 944 11.
1088 916 1187 944 Errant
1204 920 1313 949 autem,
1335 916 1382 951 qui
1404 916 1543 944 meliorem
1560 917 1642 943 vitam

860 963 1011 998 majoribus
1029 962 1130 989 nostris
1141 962 1231 988 datam
1248 969 1308 989 esse
1322 961 1457 988 aﬂirmant
1473 971 1479 988 :
1499 969 1548 989 nec
1565 962 1643 989 intel-

859 1010 956 1045 ligunt,
971 1008 1128 1042 sapientiam
1145 1015 1226 1042 opum
1240 1007 1316 1042 copia
1335 1007 1414 1042 longe
1427 1008 1642 1042 praestantiorem

859 1062 936 1088 esse;
964 1054 1008 1082 12.
1041 1057 1172 1087 tantoque
1193 1053 1354 1084 clariorem,
1382 1057 1484 1087 quanto
1502 1058 1643 1088 argentum

860 1100 956 1127 umbra
969 1107 1018 1127 sua
1034 1098 1203 1134 splendidius
1220 1102 1341 1133 apparet.
1371 1098 1413 1126 15.
1430 1097 1490 1126 Vita
1506 1099 1579 1126 enim
1595 1099 1645 1126 ho-

860 1145 956 1179 minis,
984 1152 1037 1171 non
1053 1151 1085 1171 ex
1100 1144 1264 1171 caducarum
1283 1148 1308 1171 et
1328 1143 1465 1179 tragilium
1488 1153 1569 1179 opum
1587 1146 1644 1173 col-

860 1191 976 1219 lectione
999 1195 1026 1217 et
1038 1189 1221 1225 possessione,
1241 1197 1333 1216 verum
1350 1197 1382 1217 ex
1396 1191 1530 1226 sapientia
1543 1199 1645 1227 prore-

860 1237 909 1265 nit.
943 1237 987 1264 M.
1001 1236 1068 1269 Quis
1085 1236 1170 1268 enim,
1195 1243 1244 1263 oro
1261 1240 1297 1269 te,
1322 1240 1423 1263 tantam
1441 1241 1551 1272 tantque
1568 1237 1644 1264 beni—

859 1289 940 1317 gnam
966 1278 1013 1308 Dei
1040 1280 1236 1316 providentiam
1265 1281 1354 1309 verbis
1379 1282 1508 1317 consequi
1524 1282 1645 1317 poterit?

860 1330 906 1357 15.
933 1329 988 1356 Aut
1009 1329 1070 1364 quis
1091 1337 1122 1356 ea
1145 1336 1206 1364 qure
1227 1337 1334 1356 summa
1360 1337 1421 1356 cttm
1439 1329 1545 1356 ratione
1559 1336 1572 1355 a
1589 1328 1644 1355 Deo

861 1376 982 1412 neglecta
1006 1383 1066 1403 esse
1090 1375 1233 1407 videntur,
1258 1375 1403 1402 revocare?
1430 1374 1473 1401 16.
1490 1374 1546 1409 Ego
1568 1382 1642 1407 vero,

860 1422 952 1450 minus
966 1425 1038 1448 recte
1058 1421 1084 1448 id
1099 1421 1207 1455 quidem
1223 1421 1324 1448 faciens
1335 1441 1342 1453 ,
1357 1421 1446 1448 omnia
1460 1421 1639 1453 consideravi,

859 1472 885 1495 et
897 1468 999 1502 justum
1017 1468 1044 1494 in
1055 1467 1159 1502 justitia
1171 1471 1330 1494 constanter
1343 1471 1518 1501 perstantcm_
1545 1474 1594 1493 nec
1609 1467 1644 1493 ab

1589 1513 1643 1540 imo

861 1560 943 1587 etiam
971 1564 1080 1595 propter
1102 1566 1161 1586 eam
1184 1558 1290 1585 insidiis
1307 1558 1419 1593 petitum
1444 1567 1450 1584 :
1468 1562 1494 1585 et
1511 1558 1642 1592 injustum

862 1606 943 1633 simul
967 1613 1026 1633 ettm
1051 1605 1225 1640 improbitate
1250 1612 1298 1632 sua
1312 1605 1484 1632 morientem.
1515 1604 1558 1630 17.
1577 1603 1644 1631 Illud

862 1658 951 1680 atttem
966 1651 1069 1679 homini
1082 1651 1185 1685 justitia
1200 1652 1311 1686 praedito
1325 1650 1469 1678 videndum
1485 1656 1536 1683 est,
1548 1659 1582 1678 ne
1596 1651 1645 1678 ad-

862 1699 972 1726 modum
994 1698 1056 1725 talis
1076 1705 1136 1724 esse
1152 1697 1286 1729 videatur,
1309 1704 1360 1724 nec
1375 1705 1457 1731 supra
1472 1696 1582 1723 modum
1598 1705 1643 1723 sa-

860 1745 956 1779 piens;
983 1751 1015 1770 ne
1034 1742 1056 1770 si
1078 1750 1132 1777 qua
1149 1743 1175 1769 in
1192 1750 1221 1769 rc
1234 1742 1392 1774 oiTendcrit,
1416 1743 1509 1770 multis
1522 1743 1645 1777 partibus

861 1788 997 1822 copiosius
1013 1792 1115 1820 peccet.
1142 1786 1185 1814 18.
1201 1787 1267 1814 Illud
1279 1786 1360 1813 etiam
1375 1787 1423 1814 tibi
1436 1787 1595 1819 cavendum,
1610 1795 1645 1814 ne

861 1833 949 1860 audax
963 1837 990 1860 et.
1003 1833 1163 1860 temerarius
1178 1833 1233 1866 sis;
1251 1840 1285 1860 ne
1301 1832 1401 1867 alioqui
1417 1836 1442 1860 te
1455 1833 1644 1868 intempestiva

860 1884 886 1907 et
899 1885 1062 1915 prtematura
1087 1887 1161 1906 mors
1175 1879 1300 1914 abripiat.
1332 1879 1374 1906 19.
1389 1878 1536 1906 Maximum
1553 1884 1644 1907 autem

861 1925 975 1958 bonum,
989 1925 1074 1953 Deum
1089 1925 1232 1960 complecti
1246 1929 1272 1951 et
1286 1924 1504 1959 apprehendere;
1521 1930 1601 1960 atque
1616 1926 1645 1952 in

860 1978 893 1997 eo
908 1974 1074 2002 manentem.
1091 1970 1125 1997 ab
1143 1969 1217 1997 onmi
1232 1973 1344 2004 peccato
1358 1969 1505 1997 abstinere.
1524 1970 1578 1997 Res
1588 1977 1645 1998 ete-

861 2016 916 2043 nim
931 2015 1045 2042 macula:
1059 2015 1148 2042 omnis
1161 2020 1285 2050 expertes
1302 2015 1409 2050 impura
1433 2023 1516 2042 manu
1534 2020 1643 2043 contre-

861 2063 945 2092 ctare,
961 2057 1095 2085 nefarium
1109 2062 1134 2085 et
1147 2058 1314 2085 exsecrabile
1328 2063 1379 2086 est.
1408 2057 1459 2091 Qui
1475 2062 1564 2085 autem
1579 2067 1643 2086 etnn

861 2103 908 2130 Dei
928 2104 1024 2131 timore
1045 2103 1126 2136 cedit,
1146 2111 1229 2138 seque
1246 2103 1392 2133 submittit.
1418 2103 1531 2131 adversa
1551 2104 1643 2132 omnia

861 2149 964 2185 eﬂ‘ugit.
984 2150 1029 2177 ΞΟ.
1045 2149 1183 2184 Sapientia
1196 2150 1290 2176 auxilii
1305 2150 1331 2177 in
1344 2149 1451 2177 civitate
1465 2151 1525 2185 plus
1542 2154 1642 2185 potest,

860 2204 942 2231 quam
955 2196 1204 2231 potentissimorum
1219 2195 1361 2222 hominum
1374 2196 1463 2229 acies;
1485 2204 1545 2231 quat
1559 2197 1642 2224 etiam

860 2242 1021 2276 plerumque
1037 2241 1082 2274 iis,
1096 2241 1143 2276 qui
1158 2240 1192 2267 ab
1205 2240 1292 2267 otiicio
1304 2240 1473 2272 aberrarunt,
1484 2240 1643 2276 justeigno-

861 2287 923 2315 scit.
953 2286 998 2313 '21.
1011 2285 1097 2314 Nemo
1118 2286 1191 2313 enim
1205 2290 1264 2318 est,
1286 2286 1332 2321 qui
1351 2294 1404 2314 non
1421 2287 1556 2314 interdum
1568 2287 1643 2315 laba-

861 2338 905 2361 tur
915 2333 937 2360 ⁸.
966 2332 1012 2360 22.
1031 2331 1079 2359 Est
1100 2337 1189 2360 autem
1202 2332 1250 2360 tibi
1264 2333 1459 2367 providendum
1472 2353 1479 2365 ,
1498 2341 1532 2360 ne
1545 2333 1576 2360 ad
1591 2334 1643 2361 im-

861 2380 969 2414 piorum
984 2385 1124 2406 sermones
1137 2379 1192 2406 ullo
1208 2379 1289 2406 modo
1303 2378 1432 2412 accedas;
1451 2386 1485 2405 ne
1499 2379 1641 2407 maledicta

862 2425 889 2452 in
910 2429 936 2452 te
949 2425 1023 2459 iacta
1044 2425 1153 2451 tuismet
1167 2424 1280 2451 auribus
1296 2424 1442 2456 hauriens,
1463 2425 1642 2459 quemadmo-

861 2470 926 2498 dum
942 2469 1058 2504 improbi
1073 2469 1143 2496 servi
1160 2468 1371 2503 loquacitatem;
1400 2469 1446 2496 23.
1468 2473 1550 2504 atque
1563 2476 1596 2496 ex
1609 2477 1640 2496 ca

864 2521 893 2540 re
911 2514 1003 2540 animo
1017 2519 1206 2545 cotnmorsus,
1231 2513 1258 2539 in
1274 2513 1368 2540 multis
1384 2517 1477 2548 postea
1490 2513 1642 2541 actionibus

33 2558 43 2573 '
58 2558 92 2585 lll
107 2559 182 2595 Reg.
201 2566 274 2592 vm,
294 2558 345 2592 46;
363 2558 385 2585 ll
400 2559 488 2587 Paral.
503 2568 539 2593 vr,
555 2560 606 2593 56;
624 2559 705 2588 Prov.
719 2569 766 2594 xx,
782 2561 816 2595 9;
832 2560 935 2588 lJoan.
947 2569 966 2588 ι.
984 2561 1011 2588 8.

28 2617 84 2652 (15)
101 2619 221 2652 Λόγων
232 2615 285 2642 δέ.
304 2614 399 2642 Medic.
414 2616 487 2647 cod.,
503 2616 580 2651 λόγον
593 2617 631 2644 δέ,
644 2617 731 2652 Atque
751 2617 802 2644 hoc

14 2651 78 2679 todo'
96 2651 300 2680 scribendum
322 2651 493 2678 existimasse
514 2652 639 2679 videntur
657 2651 703 2679 alii
717 2653 802 2679 inter—

15 2692 90 2716 retes.
104 2687 241 2716 Joannes
264 2695 273 2712 :
289 2684 396 2718 Sermo,
411 2694 462 2712 non
484 2687 512 2712 in
531 2687 670 2721 principio,
686 2688 729 2714 sed
744 2695 803 2713 cum

13 2724 25 2748 ι
40 2726 143 2751 calcem
157 2721 333 2758 pervenerit,
348 2720 497 2758 laudandus
510 2720 558 2748 erit.
573 2720 711 2749 Masculus
724 2730 729 2747 :
743 2721 804 2758 Ser-

15 2765 91 2785 ‘onem
116 2759 245 2785 laudare
271 2757 408 2789 convenit,
432 2764 483 2783 non
509 2758 537 2783 in
561 2757 684 2790 exordio,
707 2757 752 2785 sed
776 2757 803 2784 ίιι

15 2794 67 2822 ilce.
85 2793 158 2822 Duc.

24 2830 79 2865 (ιδ)
99 2825 328 2863 Φανερωτέρα.
353 2825 390 2853 lta
414 2834 481 2854 sane
501 2827 564 2855 cod.
591 2827 666 2856 card.
689 2827 802 2855 Lothar.

858 2617 910 2644 Sed
928 2613 1032 2653 Biltius‘
1045 2616 1190 2653 adnotarat
1212 2616 1238 2643 in
1255 2615 1377 2652 margine
1399 2615 1461 2644 libri
1479 2617 1533 2651 sui,
1549 2618 1642 2653 legen-

858 2653 922 2679 dum
936 2651 1080 2687 φανοτέρα.
1095 2651 1133 2678 lu.
1155 2686 1179 2687 η
1196 2664 1199 2667 -

908 2687 948 2720 17)
967 2686 1091 2714 Τέλεὶον.
1107 2686 1191 2714 Codd.
1210 2694 1265 2721 reg.
1283 2691 1309 2714 et
1326 2686 1445 2718 'l‘huan.,
1460 2687 1561 2714 τέλεον.
1577 2687 1615 2715 In.

905 2722 948 2757 18)
963 2722 1137 2756 Διηνέχθην.
1160 2721 1210 2749 Ms.
1235 2721 1315 2754 Μαίη
1338 2721 1478 2757 δηνέχθην.
1505 2722 1538 2749 Et
1561 2725 1643 2757 paulo

856 2761 926 2793 post.
942 2759 1020 2793 χεῖρα
1032 2757 1060 2784 δὲ
1071 2758 1142 2792 χειρὶ
1159 2757 1307 2793 συνάψασα.

893 2791 1026 2827 (19)⁷Τὴν
1047 2791 1183 2827 γον-αἴκα,
1202 2792 1258 2827 γῆν
1282 2801 1359 2819 τινα.
1376 2791 1477 2820 Locum
1497 2799 1558 2820 esse
1581 2801 1643 2820 cor-

857 2833 967 2863 ruptum
992 2829 1056 2856 olim
1083 2828 1235 2863 pet-viderat.
1260 2828 1411 2858 Cotelcrius
1437 2828 1471 2855 ad
1494 2828 1640 2856 Constitut.
