1857 3047
58 104 126 132 1009

581 109 673 137 ΜΕΤΑ
679 109 825 136 PHRASIS
844 109 878 136 IN
897 108 1165 137 ECCLESIASTEN.

1606 109 1674 136 1010

56 162 90 187 ὲκ
106 161 212 193 ποδῶν,
236 162 292 189 ἄνθ’
316 160 353 189 ὧν
371 164 481 196 ἑαυτοὺς
503 167 660 201 ματαιότητι
682 166 841 196 δεδώκεσαν,

933 168 999 194 oties
1014 168 1181 201 contemplor
1203 174 1262 201 quae
1276 172 1302 194 et
1317 171 1418 200 quanta
1431 167 1559 194 mortales
1574 166 1600 193 in
1613 175 1677 201 pro.

62 208 171 243 Ἐπειδὴ
185 209 239 244 γὰρ
255 209 305 236 οὐκ
317 211 497 244 ἐφ’,ἀπάντων
515 212 672 247 μετέρχεται
687 213 703 248 ἡ
718 213 763 239 τοῦ
775 212 842 239 Θεοῦ

56 255 172 289 πρὸνοια
197 256 280 288 ὀξέως
304 257 347 283 διὰ
370 257 417 292 τὴν
453 258 551 293 πολλὴν
575 259 755 291 ἀνεξικακίαν,
774 259 843 285 ,οὐδὲ

57 301 215 336 παραυτίκα
227 305 386 338 τιμωρεῖται
398 305 443 330 ἐπὶ
457 306 517 336 ταῖς
531 305 737 340 πλημμελείαις,
750 305 842 331 τούτου

55 347 138 382 χάριν
163 348 248 374 οἴεται
270 349 323 374 δεῖν
345 350 358 376 ὁ
380 351 496 385 πονηρὸς
519 350 586 386 ἀνὴρ
611 350 776 386 ἁμαρτάνειν
799 351 844 376 ἐπὶ

57 392 151 418 πλεῖον
162 415 169 425 ,
186 393 223 424 ὡς
238 394 325 426 ἁθῶος
350 395 509 427 ἀπαλλάξων
522 404 528 410 ·
544 397 574 422 οὐ
594 397 693 427 συνιεὶς
705 416 712 426 ,
736 396 776 421 ὅτι
798 396 844 422 καὶ

57 439 129 473 μετὰ
143 439 287 474 πάμπολυν
302 441 396 476 χρόνον
412 441 543 476 ἀδικήσας
557 442 587 468 οὗ
604 441 714 476 λήσεται
724 450 730 456 '
743 441 844 475 ἀγαθόν

54 493 88 518 γε
108 484 162 518 μὴν
175 485 320 519 μέγιστον,
340 486 510 513 εὐλαϐεῖσθαι
532 486 611 513 Θτόνο
641 485 724 522 οὗπερ
745 487 845 522 ἀσεϐὴς

56 530 202 562 ἐκπεσὼν,
220 532 250 557 οὐ
273 532 355 558 πολὺν
376 532 469 568 χρόνον
489 535 521 568 τῇ
540 533 636 559 ἑαυτοῦ
653 534 743 569 μωρίᾳ
759 541 844 559 κατα-

55 576 200 610 χρήσεται.
210 577 338 612 Χειρίστη
351 578 379 604 δὲ
392 578 437 604 καὶ
452 578 602 614 ὲψευσμένη
613 578 676 610 δόξα
688 578 845 614 ἀνθρώπους

55 621 220 656 ἐπινέμεται
235 623 379 656 πολλάκις,
397 625 459 659 περι
482 633 511 650 τε
531 625 642 651 δικαίων
665 625 710 651 καὶ
735 625 844 652 ἀδίκων.

61 667 301 702 ’Υπολαμεάνουσι
322 668 376 704 γὰρ
397 670 461 704 περὶ
483 671 618 706 ἑκατέρων
634 671 776 696 τάναντία·
799 670 845 697 καὶ

54 712 163 745 δίκαιός
180 722 211 747 γε
225 714 267 745 τὶς
281 713 327 745 ὢν,
340 715 370 740 οὺ
385 715 504 746 τοιοῦτος
519 715 590 748 ἔδοξε
600 724 606 730 ”
625 717 672 743 καὶ
688 717 766 742 πάλιν
783 717 845 743 ἀσε-

56 758 109 793 ϐὴς
121 779 128 791 ,
152 759 263 795 ἔμφρων
280 760 417 796 ἐνομίσθη.
435 761 540 797 Ταύτην
556 762 642 796 ἔγωγε
672 763 720 797 τὴν
743 763 846 798 πλάνην

56 805 183 839 χαλεπὴν
201 806 230 831 ὲν
245 808 301 837 τοῖς
317 805 433 840 μάλιστα
448 807 566 842 τίθεμαι.
585 807 679 840 Ἕόοξα
693 807 721 834 δέ
735 816 798 834 ποτε
815 807 846 834 τὸ

57 850 190 884 μέγιστον
204 851 257 878 τῶν
280 852 389 885 ἀγαθῶν
412 852 510 888 βρῶσιν
530 852 599 879 εἶναι
623 854 670 880 καὶ
684 853 779 879 πόσιν·
795 853 845 879 κά-

55 897 150 922 κεῖνον
174 897 376 931 Θεοφιλέττατον
388 918 395 930 ,
417 898 447 929 ὃς
462 898 494 925 ἂν
507 898 608 925 τούτων
623 898 753 935 ἀπολαύῃ,
770 899 843 934 παρὰ

53 943 104 968 τὸν
119 942 177 977 βίον
193 943 247 979 (22)
260 964 267 976 ,
282 943 319 975 ὡς
334 941 388 970 οἷόν
404 953 433 970 τε
460 944 591 979 μάλιστα·
610 944 656 971 καὶ
670 944 843 980 παραμυθίαν

54 989 108 1023 τῆς
124 989 198 1024 ζωῆς
210 1011 217 1021 ,
235 990 283 1025 τὴν
297 990 423 1026 τοιαύτην
436 990 566 1026 εὐθυμίαν
586 991 669 1026 μόνην
685 990 841 1025 ἡγησάμην*

54 1036 104 1061 καὶ
114 1036 205 1062 τοίνυν
217 1038 359 1071 προσεῖχον
371 1036 458 1062 οὐδενὶ
469 1037 563 1071 ἑτέρῳ,
574 1037 589 1070 ἢ
603 1037 635 1071 τῇ
645 1037 734 1072 οἰήσει
748 1036 843 1071 ταύτῃ,

53 1081 94 1112 ὡς
112 1082 183 1116 μήτε
196 1081 300 1118 νύκτωρ
314 1083 381 1118 μήτε
398 1082 554 1118 μεθημέραν
563 1082 700 1114 ἁπάντων,
714 1082 763 1109 ὅσα
779 1082 845 1118 πρὸς

53 1127 166 1162 τρυφὴν
174 1127 326 1163 ἀνθρώποις
339 1128 368 1154 εὖ
374 1137 463 1164 ρηται,
473 1128 591 1164 ἐμαυτὸν
606 1128 622 1154 ὰ
628 1128 730 1162 πάγειν.
741 1128 845 1159 Ἐγνων

53 1181 85 1198 τε
102 1173 246 1205 τοσοῦτον,
263 1175 302 1200 ὅτι
316 1175 345 1200 ὲν
360 1174 472 1206 ἐκείνοις
500 1175 542 1205 τὶς
564 1174 705 1209 ἐμφύρων,
723 1171 847 1207 οὐδαμῶς

53 1218 220 1254 δυνήσεται,
239 1220 298 1246 οὐδὲ
320 1220 403 1247 πολλὰ
425 1220 571 1255 μοχθήσας,
594 1221 681 1255 εὑρεῖν
715 1218 745 1244 τὸ
761 1218 845 1248 ὅντως

54 1265 174 1298 ἀγαθόν,

895 214 1028 240 ximorum
1052 213 1198 248 peruieient
1213 213 1335 239 studiose
1348 214 1518 247 cogitarunt,
1542 217 1613 239 totus
1627 212 1676 238 ob-

894 264 1029 293 stupcsco.
1046 259 1089 285 f0.
1103 258 1169 285 [llud
1183 258 1291 292 quidem
1308 263 1477 292 compertum
1488 258 1589 290 habeo,
1602 258 1678 291 prius

893 312 1002 338 quoque
1015 312 1048 330 ex
1065 304 1115 331 hac
1128 304 1182 330 vita
1198 303 1284 338 abripi
1298 303 1394 337 impios
1411 310 1442 330 ac
1461 303 1492 330 de
1509 304 1596 329 medio
1609 303 1677 336 tolli,

893 356 926 376 eo
942 350 1014 383 quod
1032 349 1145 376 vanitati
1158 357 1186 376 se
1201 350 1273 384 ipsos
1290 349 1460 376 dediderunt.
1483 349 1522 375 ll.
1542 348 1677 381 Quoniam

894 395 965 421 enint
982 394 1029 421 Dei
1044 395 1211 430 providentia
1238 399 1346 430 propter
1370 402 1504 422 summam
1519 393 1678 428 :equattinti»

895 445 974 469 tatem
989 447 1014 470 et
1029 443 1212 476 clementiam,
1238 443 1448 478 haudquaquam
1470 449 1565 468 omnes
1586 439 1679 467 confe-

895 489 957 514 stim
974 489 1146 523 persequitur
1162 498 1168 515 :
1185 496 1233 516 nec
1253 490 1340 516 malus
1366 489 1456 515 statim
1480 491 1540 522 post
1561 486 1680 513 admissa

895 533 994 568 ﬂagitia
1024 533 1112 568 pmnis
1138 533 1267 567 afﬁcitur;
1300 533 1341 560 l2.
1364 532 1404 560 Ob
1427 540 1485 559 eam
1502 539 1611 559 causam
1628 530 1679 558 sibi

895 579 936 607 fas
949 587 1010 606 esse
1024 583 1101 614 putat
1116 580 1156 606 vir
1171 581 1302 607 scelestus
1329 579 1429 606 diutius
1452 585 1562 613 peccare
1573 598 1580 610 ,
1600 577 1679 612 quasi

896 626 1023 653 innoxius
1035 626 1207 653 discessurus
1220 635 1226 652 ι
1244 625 1307 652 illud
1319 624 1441 652 videlicet
1452 632 1505 650 nou
1518 623 1679 657 intelligens.

895 672 966 706 quod
990 671 1071 698 etiam
1090 675 1150 705 post
1175 671 1286 704 longum
1302 677 1315 696 a
1330 673 1483 704 perpetrato
1497 668 1597 695 scelere
1612 672 1681 694 tent-

896 725 957 752 pus,
982 716 1028 743 Dei
1052 716 1195 743 scientiam
1220 723 1274 742 non
1298 715 1416 750 effugiet.
1443 714 1508 741 Illud
1534 721 1596 740 vero
1614 721 1681 748 pra:—

895 761 1092 789 stantissimum
1106 760 1219 790 bonum,
1230 760 1275 794 pio
1288 759 1331 786 Dei
1346 760 1442 786 timore
1453 759 1591 793 praeditum
1604 764 1679 789 esse,

896 807 939 834 1'5.
971 816 985 834 a
1004 814 1058 841 quo
1074 814 1134 834 cum
1148 805 1248 840 impius
1261 805 1399 836 exciderit,
1419 804 1490 831 haud
1508 804 1553 830 diu
1567 803 1680 830 stultitia

897 861 945 881 sua
973 853 1107 880 abutetur.
1137 851 1180 878 Η.
1198 851 1318 878 Pessima
1343 856 1432 877 autem
1456 855 1482 877 et
1507 850 1574 876 falsa
1590 850 1681 884 opinio

897 905 943 933 per
957 897 1081 924 homines
1103 896 1263 931 plerumque
1286 892 1443 930 grassatur,
1467 899 1522 921 tum
1539 895 1572 922 de
1589 895 1680 929 justis,

897 948 954 970 tum
970 944 1003 970 de
1017 943 1155 970 sceleratis
1172 951 1178 969 :
1193 943 1225 969 de
1238 942 1359 976 utrisque
1381 941 1452 968 enim
1477 942 1611 968 contraria
1625 941 1682 967 cxi-

897 990 1018 1016 stimant.
1035 987 1103 1015 Nam
1121 993 1147 1015 et
1162 988 1208 1022 qui
1221 988 1326 1022 justitia
1343 987 1469 1022 praeditus
1484 991 1535 1017 est,
1552 994 1604 1013 non
1622 986 1682 1012 talis

898 1035 1007 1062 habitus
1018 1038 1075 1067 est;
1094 1038 1120 1061 et
1133 1042 1228 1061 rursus
1252 1034 1361 1068 impius,
1385 1033 1488 1060 cor-dati
1511 1032 1561 1060 viti
1577 1032 1682 1068 opinio-

897 1088 958 1107 nem
975 1080 1035 1107 tulit
1052 1089 1058 1106 :
1077 1087 1156 1114 quem
1170 1080 1278 1114 quidem
1294 1087 1412 1105 errorem
1429 1080 1455 1106 in
1467 1079 1562 1114 primis
1574 1086 1681 1113 gravem

897 1134 958 1154 esse
976 1130 1076 1153 statuo.
1096 1126 1139 1155 15.
1156 1125 1310 1160 Quinetiam
1323 1125 1469 1160 aliquando
1483 1131 1618 1150 sumntum
1635 1124 1681 1150 bo-

900 1179 964 1199 nunt
988 1171 1014 1199 in
1030 1173 1091 1200 cibo
1105 1178 1132 1200 et
1148 1179 1212 1208 potu
1225 1174 1307 1201 situm
1319 1181 1381 1201 esse
1404 1169 1540 1207 judicavi;
1565 1177 1682 1206 eumque

900 1217 955 1245 Deo
969 1219 1174 1252 charissituum,
1195 1220 1240 1254 qui
1265 1224 1322 1246 toto
1337 1219 1398 1246 vita:
1421 1219 1506 1253 spatio
1523 1219 1576 1250 his,
1599 1226 1680 1253 quam

898 1264 1015 1290 maxime
1027 1264 1084 1291 fieri
1097 1269 1195 1299 potest,
1210 1265 1344 1292 frueretur
1360 1275 1367 1292 :
1386 1265 1426 1292 l6.
1447 1270 1527 1299 atque
1540 1265 1681 1299 ltujusmo-

54 1311 82 1336 di
110 1311 294 1343 hilaritatem,
323 1312 433 1338 unicum
458 1312 521 1339 vita
548 1311 672 1338 solatium
700 1310 846 1337 arbitratus
878 1317 948 1337 sum.
980 1310 1018 1336 Ac
1040 1310 1152 1344 proinde
1174 1310 1201 1337 itt
1221 1311 1322 1338 nullam
1340 1311 1421 1337 aliam
1451 1318 1524 1342 rem,
1541 1317 1620 1345 quam
1654 1310 1679 1336 in

56 1355 131 1381 hanc
147 1356 300 1389 opinionem
317 1357 516 1388 incumbebant,
535 1361 563 1383 ut
591 1365 640 1384 nec
653 1361 733 1382 noctu
751 1363 800 1382 nec
819 1354 934 1381 interdiu
962 1355 1108 1390 quidquam
1139 1363 1232 1382 eorum
1246 1377 1252 1387 ,
1268 1363 1329 1391 quae
1361 1356 1394 1383 ad
1418 1356 1529 1383 delicias
1549 1364 1564 1382 a
1581 1361 1680 1382 morta-

56 1401 84 1427 li!
99 1410 132 1427 us
149 1401 256 1428 inventa
271 1407 344 1434 suttt,
358 1403 422 1429 tnilti
439 1403 638 1434 interdicerem,
656 1401 689 1429 ab
709 1408 795 1434 eoque
809 1408 852 1427 tne
868 1400 1040 1428 abducerem.
1067 1400 1110 1428 Π.
1143 1400 1275 1429 Cteterum
1303 1402 1354 1428 hoc
1370 1402 1483 1436 cognovi
1495 1423 1502 1434 ,
1518 1402 1589 1436 quod
1604 1401 1679 1436 quis-

55 1448 123 1482 quis
151 1454 181 1474 sc
203 1448 245 1475 his
269 1450 349 1476 rebus
371 1448 570 1483 inquinaverit,
600 1448 674 1475 nullo
696 1445 845 1481 quatulibet
857 1445 937 1479 longo
956 1444 1058 1478 labore,
1074 1453 1167 1473 verum
1181 1446 1281 1472 bonum
1301 1454 1418 1480 unquam
1434 1448 1557 1482 reperiet.

363 1495 472 1522 ΚΕΦΑΛ
480 1515 486 1521 .
505 1495 544 1522 θ’.

95 1540 189 1575 ’ῼμην
214 1540 268 1576 γὰρ
289 1541 409 1573 ἅπαντας
427 1542 487 1568 τότε
508 1540 561 1567 τῶν
580 1541 668 1567 αὐτῶν
689 1540 846 1577 ἀνθρώπους

53 1586 211 1621 ἡξιῶσθαι-
234 1588 280 1613 καὶ
305 1588 330 1613 εἴ
353 1588 382 1613 τέ
407 1596 448 1619 τις
474 1588 572 1622 σοφὸς,
600 1588 772 1623 δικαιοσύνης
798 1588 846 1623 μὲν

55 1632 234 1667 ἐπεμελήθη,
249 1632 354 1659 ἀδικίαν
371 1633 398 1660 δὲ
418 1632 569 1669 ἐξετράπη,
591 1634 637 1659 καὶ
652 1633 749 1669 ἔχθραν
765 1633 846 1667 ἕξιν-δξέ

57 1679 130 1714 πρὸς
147 1679 269 1710 ἅπαντας
285 1678 370 1711 δεξιὸς
385 1679 421 1705 ὢν
432 1700 439 1711 ,
460 1680 527 1716 ὅπερ
543 1680 616 1706 ἐστὶν
638 1679 751 1715 ἀρεστὸν
771 1680 845 1716 Θεῷ,

55 1723 140 1756 οὗτος
166 1727 353 1760 ματαιοπονεῖν
371 1726 504 1759 ἐφαίνετο.
522 1726 603 1757 Τέλος
619 1726 647 1752 δὲ
668 1726 696 1752 ἓν
710 1727 795 1753 ἐδόκει
810 1726 846 1752 δι-

56 1771 141 1797 καίου
158 1779 187 1796 τε
201 1771 246 1796 καὶ
261 1771 389 1802 ἀσεϐοῦς,
403 1771 504 1805 ἀγαθοῦ
516 1780 545 1797 τε
560 1773 606 1798 καὶ
616 1772 710 1804 κακοῦ,
727 1772 845 1808 καθαροῦ

54 1827 88 1844 τε
107 1818 157 1844 καὶ
178 1818 350 1853 ἀκαθάρτου,
368 1820 414 1845 καὶ
436 1819 502 1845 Θεδν
526 1820 702 1854 ἰλασκομένου
724 1821 770 1846 καὶ
799 1822 844 1855 μή.

56 1865 127 1890 Ὅτε
143 1863 197 1899 γὰρ
214 1863 304 1896 ἄδικος
320 1866 392 1891 καὶὸ
405 1864 504 1898 ἀγαθὸς
517 1884 524 1896 ,
546 1866 589 1892 ὅτε
615 1865 740 1901 ἐπίορκος
750 1886 757 1898 ,
773 1867 818 1892 καὶ
832 1867 846 1891 ὁ

53 1909 154 1935 τέλεον
170 1909 250 1944 ὅρκον
264 1908 476 1944 ἐκτρεπόμενος⁷
489 1911 528 1941 εἰς
542 1910 623 1936 ταύτὸ
638 1910 712 1941 τέλος
728 1911 846 1937 ἐλαύνειν

53 1954 207 1989 ὴλπίζετο,
225 1954 393 1988 κατάγνωσίς
411 1955 440 1981 τὲ
464 1964 506 1987 τις
529 1955 618 1982 ὕπεισι
639 1956 686 1982 τοῦ
707 1957 745 1988 εὶς
767 1957 846 1992 ὅμοια

52 2000 190 2035 τελευτᾷν
205 2000 335 2032 ἅπαντας.
345 2000 471 2027 Γινώσκω
481 2001 508 2027 δὲ
524 2001 569 2028 νῦν
582 2001 618 2033 ὡς
629 2003 751 2038 ἀφρόνων
761 2003 846 2030 ταῦτα

53 2045 259 2080 ἐνθυμήματα,
275 2047 321 2072 καὶ
346 2046 442 2073 πλάναι
466 2048 512 2073 καὶ
536 2048 676 2080 ἐξαπάται.
693 2049 747 2075 Καὶ
762 2050 847 2075 πολλὰ

53 2092 202 2126 λέγουσιν,
216 2092 254 2123 ὡς
266 2093 281 2118 ὁ
298 2092 439 2119 ἀποθανὼν
456 2094 556 2128 οῖχεται
570 2094 660 2120 τέλεον
673 2103 679 2109 “
694 2096 740 2121 καὶ
754 2104 847 2131 προτι-

55 2138 164 2173 μητέον
190 2138 236 2164 τὸν
262 2138 351 2170 ζῶντα
369 2139 416 2165 τοῦ
437 2139 612 2174 τεθνηκότος,
634 2140 684 2167 κᾶν
705 2142 734 2168 ἐν
758 2142 845 2177 σκότῳ

52 2184 189 2218 κείμενος
198 2181 225 2219 ᾗ,
240 2183 290 2210 κᾶν
305 2184 382 2214 κυνὸς
395 2185 503 2220 τρόπον,
515 2186 559 2212 τὸν
571 2186 626 2221 βίον
641 2186 843 2223 διαπορεύηται,

51 2229 138 2264 παρὰ
155 2229 200 2255 τον
218 2229 311 2256 λέοντα
332 2230 378 2256 τὸν
393 2231 550 2263 τεθνηκότα.
567 2233 597 2258 Οἱ
614 2233 663 2268 μὲν
677 2233 730 2268 γὰρ
745 2233 845 2266 ζῶντες

50 2274 140 2301 τοῦτο
150 2274 215 2308 γοῦν
229 2275 396 2308 ἐπίστανται,
409 2277 449 2302 ὅτι
464 2277 648 2312 τεθνήξονται·
662 2279 686 2304 οἰ
706 2279 734 2305 δὲ
753 2281 844 2316 νεκροὶ

52 2319 115 2346 οὐδ’
137 2320 227 2346 ὁτιοῦν
250 2321 436 2354 γινώσκουιτιν.
459 2322 583 2357 Ἀμοιϐαὶ
605 2323 632 2350 δὲ
651 2324 756 2356 οὐδενὸς
778 2326 844 2361 πρὸ-

55 2375 169 2393 κεινται
185 2366 254 2401 μετὰ
267 2367 296 2393 τὸ
308 2367 503 2403 ἀποπληρῶσαι
513 2369 542 2394 τὸ
557 2369 654 2404 χρεών.
668 2371 703 2396 "fl
718 2379 746 2397 τε
761 2371 845 2407 ἔχθρα

53 2414 108 2440 καὶ
133 2413 152 2447 ἡ
180 2413 255 2446 φιλία
278 2414 293 2448 ή
316 2414 383 2448 πρὸς
403 2415 466 2446 τοὺς
484 2414 657 2449 τεθνηκότας,
680 2417 756 2448 τέλος
779 2418 845 2453 ἔχει.

57 2458 195 2486 Ἐκείνων
211 2458 275 2493 γὰρ,
292 2459 345 2484 εἴτε
361 2459 440 2495 ζῆλος
451 2479 457 2491 ,
474 2459 596 2492 ἐξέλιπεν
606 2470 612 2476 ·
625 2462 680 2488 εἴτε
695 2463 760 2498 βίος,
775 2465 846 2500 ἠφά-

50 2513 158 2531 νισται.
180 2504 297 2531 Μέτεστι
313 2504 341 2530 δὲ
361 2505 465 2537 οὐδενὸς
486 2505 524 2541 τῷ
540 2506 612 2539 ἅπαξ
628 2509 751 2535 ἐντεῦθεν
770 2511 848 2537 ἀπελ-

49 2551 144 2578 Θόντι.
164 2550 257 2577 Ταῦτα
280 2552 296 2586 ἡ
322 2551 409 2587 πλάνη
428 2552 564 2588 ἐπᾴδουσα
586 2553 640 2586 ἔτι,
668 2556 714 2582 καὶ
736 2557 846 2584 τοιαῦτα

51 2596 250 2631 ωμόουλεύεγ
266 2597 298 2622 Τί
317 2595 479 2633 πράττεις,ὦ
495 2595 588 2630 οὗτος,
612 2602 659 2627 καὶ
674 2602 704 2627 οὐ
716 2604 821 2638 τρυφᾷς
833 2625 840 2635 ,

49 2642 118 2669 οὐδὲ
133 2643 242 2676 ὲμφορῇ
255 2643 303 2677 μὲν
318 2643 471 2678 ἐδεσμάτων
486 2645 705 2678 παντοίων,οἰ’νου
722 2647 749 2674 δὲ
765 2649 844 2683 ὑπερ-

50 2687 247 2723 εμπίπλασαι;
262 2689 318 2715 Οὐκ
330 2689 445 2726 αἰσθάνῃ
454 2711 461 2722 ,
473 2690 509 2722 ὡς
521 2692 553 2717 ὲκ
565 2691 632 2718 Θεοῦ
647 2694 728 2719 ταυτὶ
741 2694 843 2721 δέδοται

49 2733 127 2769 πρὸς
155 2733 303 2760 ἀπόλαυσιν
326 2734 543 2769 ἁνεπικώλυτονς
567 2738 716 2773 Περιϐαλοῦ
744 2740 844 2776 ἐσθῆτα

1192 1490 1305 1518 CAPUT
1323 1491 1366 1518 IX.

933 1546 957 1572 l.
978 1546 1045 1573 Tum
1070 1547 1141 1573 enim
1166 1547 1290 1574 homines
1311 1555 1404 1574 onntes
1426 1548 1522 1575 iisdem
1545 1548 1625 1575 rebus
1638 1547 1681 1574 di-

896 1599 964 1625 gnus
982 1591 1087 1618 habitos
1099 1599 1159 1619 esse
1173 1592 1312 1626 putabam.
1339 1593 1378 1619 Ac
1397 1593 1419 1619 si
1439 1594 1500 1627 quis
1514 1593 1621 1627 sapiens
1636 1593 1681 1626 ju-

897 1636 997 1662 stitiam
1019 1637 1139 1663 studiose
1170 1637 1299 1664 coluisset
1324 1641 1406 1672 atque
1430 1638 1464 1664 ab
1484 1638 1615 1672 injustitia
1639 1646 1682 1665 re-

897 1683 1033 1714 cessisset,
1049 1682 1188 1717 animique
1198 1683 1357 1710 dexteritate
1372 1688 1398 1711 et
1415 1683 1544 1711 facilitate
1559 1685 1680 1711 ontniunt

897 1729 987 1755 ovlium
1002 1727 1113 1762 fugisset.
1129 1729 1210 1763 (quod
1229 1729 1337 1764 quidem
1357 1729 1412 1756 Deo
1428 1735 1532 1764 gratum
1545 1730 1617 1765 est);
1638 1731 1682 1758 hic

898 1774 964 1800 mihi
990 1774 1096 1801 inanem
1115 1774 1236 1802 laborent
1257 1775 1397 1810 suscipere
1419 1776 1568 1803 videbatur.
1589 1777 1615 1803 Ξ.
1631 1776 1682 1804 De-

898 1819 980 1852 nique
991 1827 1077 1846 unum
1096 1819 1274 1855 eumdetnque
1284 1820 1364 1847 finem
1377 1829 1437 1848 esse
1451 1821 1602 1848 arbitrabar
1613 1822 1682 1857 justi

897 1869 924 1891 ct
938 1865 1042 1899 injusti,
1057 1866 1121 1892 boni
1134 1870 1160 1892 et
1172 1866 1246 1899 mali,
1262 1867 1323 1901 puri
1338 1874 1364 1894 et
1377 1867 1475 1902 itupuri
1486 1889 1493 1902 ,
1512 1868 1566 1895 Deo
1580 1869 1683 1903 suppli-

896 1912 984 1939 cuntis
999 1912 1166 1945 minimeque
1193 1912 1381 1947 supplicantis.
1412 1914 1438 1940 5.
1451 1913 1517 1941 Nam
1534 1923 1595 1941 cunt
1609 1915 1681 1950 inju-

896 1972 955 1995 stus
971 1972 997 1995 et
1011 1968 1122 2002 probus,
1139 1969 1275 2003 pejerator
1289 1969 1517 2004 etjusjurandum
1539 1979 1619 1998 omtte
1636 1971 1679 1998 fu-

896 2014 971 2047 giens
983 2033 990 2045 ,
1017 2014 1050 2039 ad
1073 2014 1198 2040 eumdem
1222 2015 1301 2041 tinem
1317 2023 1363 2049 spe
1377 2020 1458 2050 atque
1480 2016 1606 2050 opinione
1621 2025 1680 2043 utea

896 2059 1108 2092 contenderent;
1137 2060 1247 2087 subibat
1270 2060 1379 2088 sinistra
1403 2062 1525 2096 quaedam
1541 2063 1679 2096 cogitatio,

896 2113 991 2132 omnes
1015 2105 1042 2132 in
1067 2106 1160 2132 cadent
1185 2106 1321 2133 desinere.
1341 2106 1418 2134 Nunc
1433 2115 1495 2134 vero
1510 2112 1679 2141 perspectum

899 2150 984 2176 habeo
994 2169 1002 2181 ,
1020 2150 1163 2177 stultorum
1181 2158 1240 2177 esse
1254 2151 1301 2177 itas
1318 2151 1493 2185 cogitationes
1503 2172 1510 2184 ,
1528 2158 1559 2177 ac
1573 2151 1680 2176 fraudes

897 2199 924 2221 et
944 2195 1118 2230 intpnsturas.
1146 2196 1172 2222 4.
1189 2196 1228 2222 Ae
1242 2196 1334 2223 ntultis
1353 2197 1439 2223 verbis
1453 2196 1516 2223 illud
1541 2196 1677 2229 OCeinunt,

896 2248 958 2266 eum
972 2241 1017 2274 qui
1034 2248 1147 2267 mortem
1171 2241 1248 2272 obiit,
1275 2242 1381 2275 penitus
1398 2241 1520 2274 interire;
1542 2249 1574 2268 ac
1588 2242 1679 2267 viven-

897 2290 950 2312 tem
973 2291 1081 2313 mortuo
1102 2287 1298 2321 praeferendum
1322 2295 1401 2319 esse,
1429 2287 1536 2314 etiamsi
1561 2288 1679 2314 tenebris

896 2333 1001 2360 obsitus
1022 2333 1125 2367 jaceat,
1150 2333 1256 2360 etiamsi
1275 2333 1372 2360 canitto
1389 2340 1464 2360 more
1478 2333 1538 2359 Viue
1559 2333 1609 2360 iter
1623 2338 1678 2360 tra-

896 2377 995 2410 ducat,
1019 2386 1100 2412 supra
1116 2379 1221 2405 leonem
1237 2384 1384 2405 mortuum.
1408 2377 1434 2404 5.
1452 2378 1556 2404 Etenim
1571 2385 1617 2405 eos
1631 2379 1678 2412 qui

896 2424 950 2450 vita
965 2423 1101 2456 fruuntur,
1119 2424 1169 2450 hoc
1181 2425 1275 2451 saltem
1288 2424 1368 2456 scire,
1378 2425 1450 2458 quod
1465 2423 1590 2450 morituri
1604 2424 1657 2451 sint
1670 2433 1676 2451 :

894 2477 941 2496 eos
956 2475 1045 2496 autem
1063 2469 1109 2503 qui
1127 2469 1182 2496 vita
1205 2470 1291 2498 functi
1315 2474 1393 2503 sunt,
1419 2470 1485 2497 nihil
1505 2477 1617 2504 prorsus
1633 2478 1678 2496 co-

894 2523 1033 2550 gnoscere.
1064 2515 1178 2542 Praemia
1195 2524 1277 2548 porro
1293 2524 1442 2551 pmnasque
1456 2516 1544 2543 ttullas
1559 2520 1618 2550 post
1631 2523 1678 2543 ex-

894 2562 994 2596 pletum
1011 2562 1071 2588 vitae
1086 2569 1196 2588 cursum
1211 2563 1334 2596 proponi.
1368 2562 1395 2590 6.
1412 2562 1509 2590 Odium
1526 2562 1635 2596 insuper
1651 2568 1677 2588 et

895 2607 1107 2635 benevolentiam
1128 2615 1190 2643 erga
1211 2616 1257 2635 eos
1271 2609 1317 2642 qui
1331 2609 1413 2635 vitant
1428 2617 1489 2636 cum
1506 2614 1590 2636 morte
1602 2616 1676 2636 cout-

896 2657 1044 2684 ntutarunt,
1062 2653 1141 2681 finem
1157 2653 1266 2680 ltabere.
1284 2653 1384 2680 Eorum
1395 2655 1466 2681 enim
1480 2660 1535 2682 tum
1550 2655 1676 2682 invidiam

896 2703 978 2731 atque
999 2698 1198 2724 mmulationem
1211 2697 1357 2730 defecisse,
1383 2703 1439 2725 tum
1454 2701 1535 2726 vitam
1549 2701 1678 2728 Obscura-

897 2747 950 2769 tatn
977 2746 1057 2776 atque
1083 2743 1244 2771 exstinctam
1263 2750 1332 2773 esse.
1362 2741 1501 2770 Postremo
1515 2744 1618 2771 nullius
1638 2744 1677 2772 rei

92 2815 153 2851 (22)
183 2812 267 2846 Παρὰ
288 2813 340 2840 τὸν
356 2815 437 2846 βίον.
462 2815 527 2842 Cod.
555 2817 668 2852 Medio,
687 2820 759 2856 παρὰ
776 2820 820 2846 τὸν
843 2831 846 2846 ε

933 2823 939 2848 i
951 2823 1015 2858 βίον.
1034 2821 1096 2849 Duc.
