1857 3047
47 103 105 130 1013

42 163 106 190 ιστιν
116 161 157 187 ὅτε
171 159 259 187 χαλῶν
271 159 359 196 ὁδηγῷ
370 162 539 197 πραγμάτων
559 163 696 200 ἀιρροσύνῃ
720 166 816 200 χρήσε-
831 169 852 196 Α

40 216 88 234 ται.
104 206 208 233 Μάταια
221 205 248 232 δὲ
263 206 344 232 αὐτοῦ
361 206 406 233 καὶ
429 206 462 233 τὰ
478 207 657 243 ἐνθυμήματα
669 229 676 241 ,
696 209 813 245 ἀφροσύ-

40 262 83 289 νης
97 251 330 287 ἀναπεπλησμὲνα.
353 252 384 278 Εἰ
407 252 435 279 δὲ
451 253 497 279 καὶ
514 254 621 289 πνεῦμά
642 257 682 282 σοί
699 264 772 288 ποτε,
790 254 812 283 ὦ

40 299 117 334 φίλος,
130 297 255 332 πολέμιον
271 298 431 333 προσπέσοι,
450 299 557 334 bis-.130:
574 301 752 336 ἐρρωμένως,
768 311 812 337 γι-

39 344 140 371 νώσκων
153 344 189 376 ὠς
202 344 247 370 καὶ
264 344 369 370 πολλῶν
394 345 600 381 ἁμαρτημάτων
621 347 721 383 πλῆθος
747 349 812 381 Θεὸς

41 390 170 417 ἱλάσασθαι
186 390 303 417 δύναται.
318 391 455 426 Τυράννου
469 392 496 418 δὲ
508 392 575 428 ἔργα
587 393 683 425 ταῦτα,
703 394 749 420 καὶ
761 403 812 421 παν

40 436 95 471 ’προς
107 436 193 470 πάσης
209 437 350 472 πονηρίας·
367 437 412 464 τὸν
426 439 473 473 μὲν
488 437 592 474 ἄφρονα
605 439 644 471 εἰς
659 439 725 474 ὕψος
739 441 812 476 αἴρε-

40 482 109 513 σθαι,
129 482 172 509 τὸν
193 482 319 509 πλούσιον
341 483 368 509 δὲ
389 484 516 519 φρονήσει
536 485 744 512 ταπεινοῦσθαι”
765 487 811 514 καὶ

39 527 134 558 δούλους
151 528 197 563 μὲν
214 528 354 565 ἁμαρτιῶν
372 530 418 555 ἐπὶ
432 530 514 556 ἵππον
522 531 697 566 φερομένους,
714 531 811 567 ἄνδρας

39 573 62 598 δὲ
78 573 159 608 ἱεροὺς
173 573 330 608 βαδίζοντας
346 575 451 610 ἀτίμως
466 577 592 612 ὁρᾶσθαι,
611 578 666 604 τῶν
686 579 811 614 πονηρῶν

39 620 226 654 γαυρουμένων.
242 621 272 647 Εἰ
287 621 315 647 δέ
330 629 372 653 τις
390 622 475 657 ἑτέρῳ
498 623 666 650 ἐπιϐουλεύει
677 646 683 657 ,
700 624 815 660 λέληθεν·

39 665 150 697 atavo;
161 666 248 702 ἑαυτῷ
264 666 364 703 πρώτῳ
383 669 429 694 καὶ
445 669 519 704 μόνῳ
536 669 641 706 ἕνεδρον
656 671 808 706 ἐργάζεται.

43 710 66 737 '0
75 710 100 736 δὲ
115 711 250 747 καθαιρῶν
258 713 336 739 ἄλλου
346 714 505 748 ἀσφάλειαν,
523 719 709 752 περιπεσεῖται
723 718 812 752 ὄφεως

37 755 149 791 δήγματι.
162 757 241 784 Ἀλλὰ
258 758 295 794 μὴ
312 759 367 795 [ϊσ.
386 760 450 796 μὴν]
471 762 484 787 ὁ
505 761 593 794 λίθους
610 763 809 800 ἐξαιρούμενος,

38 802 130 830 ὕποίσει
137 803 215 830 πόνον
224 805 254 830 οὐ
263 805 371 841 μικρόν·
382 806 450 833 ἀλλὰ
458 808 503 833 καὶ
512 808 608 842 σχίζων
615 808 690 842 ξύλα,
699 811 727 836 ἐν
736 809 810 845 αὺτῷ

36 846 69 882 τῷ
80 847 163 884 οἰκείῳ
171 848 244 884 ὅπλῳ
260 849 306 877 τὸν
319 851 440 878 κίνδυνον
450 853 527 879 οἴσει.
544 853 606 879 Ἐὰν
622 854 650 880 δὲ
661 855 750 891 συμϐῇ
759 855 806 882 τοῦ
824 849 846 876 Ῑί

37 892 131 918 στελεοῦ
143 892 196 928 (26)
204 893 250 920 τὸν
266 894 380 922 πέλεκυν
394 896 556 932 ἐκπηδῆσαι,
570 898 783 934 Θορυόηοήσεται
793 901 807 927 ὸ

35 937 109 964 ταῦτα
122 939 311 975 ἐργαζόμενος,
327 941 378 968 οὐκ
390 942 433 968 ἐπ’
446 942 540 978 ἀγαθῷ
555 944 728 980 συγκομίζων
739 966 746 978 ,
761 947 807 972 καὶ

35 985 145 1018 ἑπαύξων
160 987 241 1018 αὐτὸς
256 987 304 1023 τὴν
314 988 410 1015 ἑαυτοῦ
427 989 518 1016 ἄδικον
542 991 587 1017 καὶ
604 991 746 1028 ὠκύμορον
762 993 807 1020 δύ-

35 1040 112 1065 ναμιν.
127 1033 233 1066 Ὄφεως
246 1033 274 1060 δὲ
287 1033 378 1070 δῆγμα
393 1035 518 1071 λαθραῖον
531 1045 537 1051 ·
551 1037 627 1064 οὐδὲν
642 1039 804 1075 παραμυθή-

36 1086 114 1104 σονται
126 1079 149 1105 oi
165 1080 310 1115 ἐπᾴδοντες
322 1089 328 1096 ·
342 1081 450 1116 μάταιοι
469 1082 522 1118 γάρ
535 1084 610 1111 εἰσιν.
642 1084 710 1111 Ἀλλ’
725 1086 739 1111 ό
757 1085 805 1120 μὲν

35 1123 122 1157 ἀγαθὸς
133 1126 200 1162 ἀνὴρ
214 1126 306 1161 ἀγαθά
322 1128 466 1163 ἐργάζεται
477 1129 550 1165 αὑτῷ
564 1139 593 1156 τε
605 1131 651 1157 καὶ
666 1133 721 1163 τοῖς
739 1131 806 1166 πλη-

35 1171 99 1196 σίον·
115 1173 128 1198 ὁ
147 1172 174 1199 δὲ
195 1173 291 1209 ἄφρων
313 1175 352 1206 είς
375 1174 484 1210 ὁλεῡρον
507 1176 666 1211 ἐμπεσεῖται
688 1178 732 1205 διὰ
755 1179 805 1214 τῆς

34 1217 104 1243 αὐτοῦ
117 1217 255 1255 φλυαρίας.
276 1221 330 1247 Καὶ
344 1221 417 1253 ἅπαξ
430 1221 537 1254 ἀνοίξας
553 1223 582 1248 τὸ
600 1224 686 1259 στόμα
696 1244 702 1255 ,
724 1225 804 1261 ἀρχε-

33 1271 70 1289 ται
82 1265 208 1300 ἀφρόνως,
223 1267 271 1294 καὶ
290 1268 404 1295 παύεται
415 1269 529 1304 ταχέως,
543 1269 587 1296 διὰ
602 1270 702 1302 παντὸς
724 1271 804 1297 ἐνδει-

33 1310 149 1346 κνύμενος
158 1312 205 1348 τὴν
221 1313 319 1340 ἑαυτοῦ
337 1314 437 1342 ἄνοιαν.
465 1316 610 1352 ’Λνθρώπῳ
626 1317 653 1343 δὲ
675 1317 804 1344 ἀδύνατόν

32 1365 53 1382 τι
69 1358 171 1390 γνῶναι,
190 1360 237 1386 καὶ
251 1360 326 1396 παρὶι
336 1362 477 1398 ἀνθρώπου
493 1363 587 1398 μαθεῖν
597 1363 630 1389 τὰ
642 1364 689 1390 ἀπ’
705 1364 802 1399 ἀρχῆς,

33 1401 86 1437 ῆτὰ
98 1404 213 1432 ἐπιόντα.
231 1407 281 1439 Τίς
294 1408 349 1443 γὰρ
362 1407 437 1435 ἔσται
453 1410 466 1435 ὁ
483 1410 626 1444 μηνύσωνς
644 1409 802 1445 Ἀνθρωπος

32 1448 56 1474 δὲ
71 1449 97 1481 ὃς
109 1451 156 1478 οὐχ
165 1450 234 1479 οἶδεν
247 1453 289 1485 είς
300 1454 350 1489 τὴν
361 1454 463 1490 ἀγαθὴν
474 1455 638 1490 πορευθῆναι
653 1455 741 1487 πόλιν,
757 1456 803 1482 κά-

33 1502 105 1522 κωσιν
127 1497 272 1533 ὑπομένει,
298 1501 354 1531 τοῖς
372 1509 402 1526 τε
418 1500 582 1536 ὀφθαλμοῖς,
598 1501 643 1528 καὶ
663 1501 702 1537 τῷ
721 1502 802 1528 παντὶ

34 1541 164 1578 προσώπῳ.
190 1544 271 1571 Πόλει
292 1545 320 1571 δὲ
342 1546 434 1582 ἐκείνῃ
455 1546 527 1573 κακά
550 1547 683 1583 προλέγω,
697 1546 730 1583 ἦς
743 1548 757 1574 ὅ
771 1556 801 1574 τε

33 1586 143 1620 βασιλεὺς
156 1589 224 1622 νέος,
244 1590 292 1617 καὶ
306 1591 330 1617 oi
339 1591 468 1627 ἄρχοντες
477 1593 688 1629 γαστρίμαργοι.
705 1595 801 1620 Μακα-

33 1632 88 1666 ρίζω
100 1634 185 1671 δὲγῆν
201 1636 251 1671 τὴν
268 1636 372 1673 ἀγαθὴν
384 1657 392 1669 ,
408 1636 442 1674 ἦς
462 1637 597 1673 βασιλεύει
609 1640 622 1665 ὁ
637 1639 684 1666 τοῦ
700 1639 802 1666 ἐλευθέ-

33 1685 70 1711 ρου
85 1679 150 1711 υἱός·
174 1681 239 1708 ἔνθα
254 1683 389 1719 εὐκαίρως
407 1684 605 1711 ἀπολαύσουσιν
625 1685 733 1720 ἀγαθῶν
746 1705 753 1717 ,
775 1685 799 1712 οἱ

31 1723 107 1752 ἐκεῖσε
127 1727 219 1763 ἄρχειν
242 1729 397 1764 ἠξιωμένοι.
424 1731 552 1767 Ὀκνηρὺς
579 1732 606 1758 δὲ
636 1732 682 1759 καὶ
705 1732 799 1768 ἀργὸς,

30 1769 92 1796 οἶκον
111 1773 250 1801 ἐλαττοῦσι
273 1775 417 1810 χλευασταὶ
439 1777 594 1812 γενόμενοι·
621 1779 666 1805 καὶ⁴
691 1779 730 1810 ei;
751 1777 799 1813 τὴν

29 1815 118 1843 ἑαυτῶν
133 1818 309 1856 λαιμαργίαν,
323 1822 380 1853 τοῖς
396 1823 462 1849 πᾶσι
477 1823 697 1859 καταχρώμενοι,
714 1824 799 1859 ἀργυ-

30 1861 72 1895 Pii?
105 1863 257 1900 ἀγώγιμοι,
289 1866 369 1894 ἕνεκα
401 1867 490 1902 ὀλίγου
530 1870 682 1904 τιμήματος
711 1869 799 1896 πάντα

29 1906 134 1943 αἰσχρῶς
148 1910 194 1937 καὶ
209 1912 346 1944 ταπεινῶς
359 1913 491 1948 πρᾶο-σειν
507 1914 694 1949 ὑπομένοντες.
717 1915 798 1941 Βασι-

27 1951 62 1978 λεῖ
72 1953 106 1985 δὲ,
119 1956 162 1982 καὶ
173 1957 312 1992 ἄρχουσιν,
323 1959 340 1994 ἦ
351 1959 492 1991 δυνάσταις
501 1959 645 1986 ὑπακούειν
657 1961 797 1996 προσήκει,

28 1998 66 2024 καὶ
77 1999 122 2027 οὐκ
135 2002 345 2037 ἀπεχθάνεσθαι,
363 2005 415 2031 οὐδ’
427 2006 494 2037 ὅλως
515 2005 634 2042 λυπηρόν
650 2015 676 2032 τι
692 2007 732 2038 εἰς
751 2007 799 2032 αὺ-

26 2045 80 2076 τθῦς
95 2047 165 2082 ῥῆμα
178 2049 369 2085 ἀπορρίπτειν.
387 2052 451 2083 Δέος
467 2052 530 2088 γὰρ,
548 2053 584 2088 μὴ
601 2053 631 2079 τὸ
644 2053 689 2079 καὶ
705 2053 736 2079 τὸ
748 2062 797 2079 κα-

27 2091 132 2125 ταμόνας
143 2095 297 2130 εἰρημένον,
313 2098 352 2129 είς
366 2099 480 2134 φανερόν
501 2107 559 2130 πως
582 2098 655 2134 ἔλθῃ.
677 2098 721 2134 Τῷ
744 2098 798 2134 γὰρ

28 2137 89 2173 μόνῳ
105 2141 149 2166 καὶ
163 2141 284 2178 πλουσίῳ
296 2143 341 2169 καὶ
358 2144 467 2180 μεγάλῳ
483 2145 586 2180 βασιλεῖ
602 2145 710 2179 ἄγγελοι
728 2145 797 2178 ὀξεῖς

26 2183 64 2209 καὶ
82 2185 224 2223 ὑπόπτεροι
250 2188 357 2215 ἅπαντα
382 2190 578 2225 διακομίζουσι,
611 2190 797 2226 πνευματικὴν
814 2197 835 2224 ι)

25 2229 81 2262 6μοῦ
96 2233 139 2258 καὶ
149 2233 260 2269 λογικὴν
273 2235 412 2267 τελοῦντες
428 2237 587 2272 ὑπηρεσίαν.

815 1529 837 1558 C

565 104 805 133 IIETAPIIRASIS
830 105 863 133 IN
884 105 1150 133 ECCLESIASTEN.

1582 107 1651 135 10'}

867 165 955 193 claras
969 165 1037 193 duce
1054 166 1168 193 stultitia
1184 169 1282 193 utetur.
1305 167 1330 193 5.
1345 166 1415 200 Quin
1435 167 1521 201 lpsius
1542 175 1651 202 quoque

866 212 1044 246 cogitationes
1060 219 1136 239 vanze
1155 216 1229 245 sunt,
1245 213 1359 240 stultitia
1382 214 1504 248 oppletae.
1526 214 1552 241 4.
1571 214 1650 247 Quod

865 258 888 284 si
905 262 939 290 te,
955 266 972 285 o
991 258 1087 290 amice,
1107 259 1218 293 spiritus
1237 259 1344 286 hostilis
1367 259 1513 294 aliquando
1538 262 1650 287 adortus

865 302 957 335 fuerit,
976 303 1038 330 forti
1055 304 1147 331 animo
1161 304 1259 331 resiste
1269 325 1276 335 ,
1291 305 1379 332 sciens
1400 304 1484 332 Deum
1499 306 1540 332 vcl
1557 306 1650 340 ingrti—

865 353 918 376 tem
935 355 1105 384 peccatorum
1127 350 1326 377 multitudinem
1341 350 1507 385 benignitate
1522 359 1570 378 sua
1581 359 1649 378 cen—

864 396 968 422 donare
984 403 1073 426 posse.
1095 395 1120 422 5.
1140 396 1258 431 Tyranni
1282 401 1371 423 autem
1398 397 1536 431 patrisque
1559 397 1649 423 omnis

865 440 984 471 malitia},
1001 440 1058 467 [nec
1073 447 1155 474 opera
1176 439 1332 468 fuerint:6.
1356 441 1466 467 stultum
1490 440 1599 474 quidem
1619 441 1647 466 in

865 485 980 512 sublime
992 485 1076 512 attolli
1088 493 1095 518 ;
1108 485 1257 520 prudenthe
1267 491 1358 512 autem
1376 485 1471 520 opibus
1483 485 1645 517 alliuentem,

863 532 994 567 deprimi:
1023 532 1047 559 7.
1080 537 1107 559 et
1127 539 1300 568 peccatorum
1317 533 1425 567 quidem
1443 542 1552 566 servos,
1569 535 1647 568 equis

864 583 974 610 vectos;
1000 583 1190 606 sacrosanctos
1210 587 1273 606 vero
1296 579 1437 611 homines,
1462 580 1574 614 pedibus
1598 580 1647 607 iter

864 625 1024 651 inhonorate
1041 624 1170 652 iacientes
1183 625 1314 660 conspici,
1336 626 1466 660 improbis
1485 625 1646 652 exsultanti-

863 669 925 697 bus.
946 670 972 697 8.
993 670 1069 703 Quod
1087 671 1109 698 si
1126 671 1188 706 quis
1207 671 1282 698 alteri
1303 672 1415 699 insidias
1431 671 1575 703 moliatur,
1594 671 1647 697 int-

863 716 983 750 prudens
999 716 1051 744 sibi
1069 717 1118 751 ipsi
1137 718 1226 751 pritno
1241 722 1268 744 ct
1279 717 1328 745 soli
1349 717 1462 744 insidias
1484 717 1573 744 struit.
1595 717 1646 749 Qui

863 767 953 790 autem
975 763 1085 790 alterius
1113 765 1285 792 securitatem
1313 764 1418 796 evertit,
1451 764 1478 790 in
1513 764 1645 797 serpentis

864 817 984 837 morsum
1008 810 1172 844 prolabetur.
1193 811 1219 838 9.
1237 810 1307 844 Quin
1328 811 1350 838 is
1372 811 1453 838 etiam
1478 811 1524 845 qui
1544 809 1645 844 lapides

859 857 987 888 extrahit.
1016 857 1136 884 laborem
1163 858 1234 885 haud
1266 866 1378 892 parvum
1400 858 1528 888 suiTeret;
1547 862 1573 884 et
1598 856 1644 891 qui

859 902 932 937 ligna
951 904 1116 936 eonscindit,
1136 903 1162 930 in
1179 903 1278 932 suimet
1297 904 1380 931 armis
1400 903 1549 937 periculum
1566 903 1642 930 feret.

860 947 903 975 10.
922 948 1000 981 Quod
1028 949 1050 976 si
1071 948 1140 975 forte
1163 949 1267 976 securis
1295 956 1309 975 e
1335 948 1478 976 manubrio
1502 948 1643 979 exsilierit,

859 993 1065 1022 conturbabitur
1083 993 1128 1028 qui
1149 993 1212 1020 huic
1234 994 1308 1028 operi
1338 994 1479 1026 incumbit.
1505 993 1644 1028 haudqua-

858 1047 940 1074 quam
960 1039 1047 1067 t‘anste
1059 1044 1243 1074 comportatis,
1261 1047 1380 1074 suasque
1395 1039 1510 1074 injustas
1522 1043 1548 1066 et
1569 1039 1642 1066 brevi

858 1086 994 1120 perituras
1005 1086 1076 1113 vires
1092 1086 1144 1120 ipsi
1161 1086 1309 1121 adaugens.
1331 1086 1374 1112 ll.
1390 1085 1438 1113 Est
1455 1093 1518 1113 vero
1534 1093 1642 1112 morsus

859 1133 991 1167 serpentis
1017 1131 1134 1160 furtivus
1162 1140 1194 1160 ac
1211 1132 1414 1160 clandestinus:
1430 1136 1456 1159 et
1470 1132 1538 1158 nihil
1552 1132 1641 1158 solatii

857 1175 971 1203 atl‘erent
985 1177 1167 1204 ineantatores
1177 1185 1183 1210 ;
1195 1177 1256 1204 vani
1266 1177 1338 1203 enim
1351 1182 1422 1204 sunt.
1442 1177 1484 1203 l2.
1497 1176 1641 1203 Enimvero

857 1221 945 1248 bonus
965 1221 1014 1252 vir,
1033 1227 1090 1249 tum
1111 1222 1172 1253 sibi,
1190 1226 1245 1249 tum
1263 1223 1394 1256 proximis
1410 1222 1480 1250 bona
1495 1225 1637 1256 operatur:

858 1268 900 1295 15.
922 1267 1030 1300 Contra,
1046 1269 1144 1296 stultus
1161 1268 1250 1302 inepta
1270 1276 1319 1295 sua
1330 1269 1493 1303 loquacitate
1510 1269 1536 1294 in
1550 1267 1641 1302 perni-

856 1313 924 1341 ciem
943 1318 1012 1340 ruet.
1034 1313 1076 1341 M.
1097 1314 1164 1341 Cum
1185 1314 1267 1341 semel
1283 1322 1312 1341 os
1332 1314 1478 1348 aperuerit,
1492 1314 1573 1341 stulte
1592 1322 1640 1340 or-

855 1359 939 1392 ditur,
963 1365 990 1387 et
1013 1360 1103 1387 statim
1120 1359 1225 1387 dicendi
1256 1360 1335 1386 tinem
1357 1359 1432 1391 facit.
1463 1359 1638 1387 stoliditatem

856 1414 933 1434 suam
953 1406 1041 1434 ubivis
1054 1407 1209 1434 ostendens.
1225 1406 1295 1433 Fieri
1308 1411 1398 1433 autem
1411 1406 1521 1433 minime
1538 1411 1636 1440 potest,

856 1457 886 1479 ut
898 1453 980 1480 homo
997 1460 1028 1480 ea
1048 1460 1108 1487 quae
1127 1460 1142 1479 a
1158 1452 1290 1487 principio
1304 1451 1415 1480 fuerunt
1429 1456 1476 1479 aut
1488 1457 1579 1486 postea
1594 1452 1637 1478 fu-

855 1503 916 1526 tura
942 1503 1015 1529 sunt.
1044 1503 1189 1533 cognoscat
1212 1503 1238 1524 et
1262 1498 1296 1526 ab
1317 1498 1425 1525 homine
1450 1499 1545 1525 discat.
1570 1497 1637 1530 Quls

852 1545 925 1572 enim
947 1545 1013 1576 erit,
1032 1544 1078 1579 qui
1104 1544 1225 1580 aperiat?
1246 1544 1288 1571 l5.
1311 1543 1406 1576 llnmo,
1431 1544 1476 1579 qui
1492 1544 1519 1570 in
1536 1543 1635 1571 bornnn

853 1591 987 1619 civitatem
1011 1590 1146 1626 proﬁcisci
1168 1590 1274 1623 nescit,
1297 1594 1322 1617 et
1340 1589 1427 1617 oculis
1441 1593 1468 1616 et
1488 1594 1544 1616 toto
1559 1590 1634 1617 vultu

851 1637 1006 1668 aﬂlictatur.
1027 1637 1070 1664 16.
1087 1636 1155 1664 llnic
1169 1640 1259 1664 autem
1274 1636 1375 1663 civitati
1389 1636 1457 1663 mala
1471 1637 1634 1671 prmnuntio,

851 1683 929 1718 cujus
941 1687 968 1710 et
989 1691 1037 1710 rex
1052 1682 1210 1710 adolescens
1224 1687 1274 1713 est,
1291 1685 1317 1708 et
1329 1681 1463 1716 principes
1481 1681 1634 1709 helluones.

853 1728 896 1757 17.
911 1728 1029 1761 Contra,
1056 1728 1154 1755 bonam
1174 1728 1246 1754 illam
1266 1732 1364 1754 terram
1381 1727 1486 1754 beatam
1504 1727 1636 1762 praedico,
1674 1735 1676 1737 ’

851 1776 931 1811 cujus
947 1775 1080 1810 ingenuus
1101 1775 1142 1802 vir
1162 1782 1274 1810 regnum
1298 1778 1384 1802 tenet:
1414 1774 1458 1801 ubi
1474 1775 1636 1809 tempestive

851 1822 931 1849 bonis
952 1821 1090 1854 fruuntur,
1102 1821 1148 1856 qui
1162 1821 1216 1848 illic
1232 1820 1398 1855 przeieeturis
1416 1825 1443 1848 et
1456 1821 1634 1856 dignitatibus

851 1868 939 1896 ornati
961 1873 1035 1896 sunt.
1056 1867 1101 1895 18.
1121 1867 1155 1894 At
1173 1867 1247 1902 piger
1263 1871 1289 1893 et
1310 1867 1424 1902 ignavus
1447 1867 1558 1894 domum
1581 1867 1634 1894 mi-

850 1919 948 1947 nuunt,
960 1913 1094 1941 derisores
1114 1917 1140 1940 et
1154 1921 1255 1940 scurra:
1270 1912 1350 1939 facti:
1375 1912 1418 1940 19.
1441 1917 1523 1948 atque
1544 1913 1577 1940 ad
1592 1913 1634 1940 in-

850 1959 966 1995 gluviem
991 1966 1068 1986 suam
1094 1958 1174 1985 rebus
1191 1958 1319 1985 omnibus
1344 1958 1495 1990 abutentes,
1518 1962 1633 1992 argento

850 2005 986 2036 ductiles,
1017 2005 1107 2040 exigui
1133 2004 1210 2038 pretii
1230 2012 1313 2032 causa
1341 2005 1456 2039 turpiter
1478 2009 1505 2032 ct
1530 2005 1633 2038 abiecte

849 2051 956 2086 quidvis
971 2050 1059 2077 facere
1075 2051 1250 2077 sustinentes.
1268 2050 1312 2076 20.
1330 2050 1396 2085 Regi
1410 2056 1499 2077 autent
1522 2055 1548 2077 et
1565 2058 1633 2085 pra:-

850 2096 928 2123 feetis
945 2100 990 2123 aut
1006 2095 1164 2130 proceribus
1184 2096 1337 2123 audientem
1362 2104 1422 2123 esse
1444 2096 1579 2127 convenit,
1601 2103 1633 2123 ac

849 2150 902 2169 non
919 2142 984 2176 ipsis
999 2141 1025 2168 in
1044 2141 1174 2169 oﬂensam
1190 2142 1291 2174 venire,
1309 2149 1358 2168 nec
1378 2142 1521 2168 molestum
1546 2142 1630 2168 ullutn

851 2187 961 2215 verbum
975 2188 1002 2214 in
1019 2195 1065 2215 eos
1079 2188 1218 2223 projicere.
1233 2187 1385 2215 Periculum
1402 2187 1475 2214 enim
1490 2192 1541 2219 est,
1553 2194 1587 2214 ne
1604 2187 1630 2214 id

848 2234 930 2261 etiam
943 2233 1015 2268 quod
1031 2234 1135 2261 occulte
1144 2241 1175 2260 ae
1186 2234 1295 2261 remotis
1307 2233 1416 2260 arbitris
1426 2233 1526 2259 dictum
1537 2231 1627 2263 fuerit.

25 2274 134 2307 iuluecm
150 2280 220 2309 forte
229 2283 329 2310 veniat.
342 2282 447 2311 Etenim
460 2285 510 2311 soli
526 2290 553 2312 et
563 2285 640 2312 diviti
657 2289 684 2312 et
695 2292 792 2320 magno
804 2282 859 2318 regi
879 2281 967 2308 nuntii
991 2281 1092 2309 celeres
1109 2285 1136 2308 et
1167 2281 1276 2315 pennati
1294 2280 1386 2308 omnia
1405 2279 1554 2315 perferunt,
1574 2280 1628 2314 spi-

26 2323 85 2352 ritali
100 2327 179 2355 simul
195 2333 223 2356 et
242 2329 369 2357 rationali
385 2331 538 2359 ministerio
554 2331 706 2367 fungentes.

306 2377 432 2406 ΚΕΦΔΛ.
448 2378 497 2404 lA'.

52 2418 188 2448 Κοινωνεῖν
200 2430 233 2456 γε
250 2422 303 2458 μὴν
315 2423 396 2458 ἄρτου
408 2424 514 2451 καὶτῶν
522 2425 686 2459 ἀναγκαίων,
696 2426 714 2453 ἃ
726 2425 794 2461 πρὸς

25 2462 60 2489 τὸν
79 2464 131 2499 βίον
151 2467 314 2503 ἀνθρώποις,
337 2468 449 2496 δίκαιον.
467 2470 497 2496 Εἰ
512 2470 565 2506 γὰρ
576 2472 622 2497 καὶ¹
639 2472 792 2507 παραυτίκα

25 2510 159 2560 Ξιῗὶοόξεις
172 2513 329 2546 ἀπολλύναι,
345 2514 438 2551 ὤσπερ
457 2515 533 2542 ὕδατι
548 2516 594 2542 τὸν
608 2517 689 2552 ἄρτον
706 2526 793 2553 παρα-

25 2553 95 2588 διδοὺς
107 2577 114 2589 ,
127 2558 184 2585 ἀλλ’
197 2557 244 2586 οὖν
255 2560 395 2595 προίόντος
408 2560 455 2587 τοῦ
470 2562 578 2597 χρόνου,
595 2563 644 2589 οὐκ
664 2563 792 2599 ἀνόνητός

25 2608 56 2627 σοι
70 2607 186 2637 φανεῖται
199 2608 216 2642 ή
231 2607 427 2643 φιλανθρωπία.
449 2610 524 2636 Δίδου
545 2610 573 2636 δὲ
592 2611 708 2645 ἀφειδῶς
722 2635 728 2644 ,
745 2612 792 2638 καὶ

26 2647 104 2682 μέριζε
124 2652 156 2678 τὰ
179 2653 278 2680 σαυτοῦ
304 2654 442 2681 πλείοσιν·
468 2656 497 2681 οὐ
519 2648 574 2691 γὰρ
600 2657 742 2683 ἐπίστασαι
766 2657 791 2683 τί

26 2699 76 2720 ποτε
90 2696 227 2730 ἠὲπιοῦσα
246 2700 372 2736 ἐποίησεν
389 2701 489 2737 ἡμέρα.
513 2702 665 2737 Κατέχουσι
684 2703 712 2729 δὲ
731 2703 791 2728 οὐδὲ

26 2740 115 2773 νεφέλαι
126 2742 171 2771 τὸν
185 2745 291 2772 ἑαυτῶν
307 2746 389 2773 πολὺν
404 2747 490 2779 ὑετὸν,
500 2747 567 2776 ἀλλά
580 2749 624 2776 τὸν
635 2749 735 2785 ὗμϐρον
746 2752 792 2778 ἐπὶ

50 2818 100 2856 (26)
119 2824 256 2853 Στελεοῦ.
271 2825 355 2856 Codd.
367 2835 423 2864 reg.
437 2833 463 2856 et
471 2827 578 2862 Medic"
591 2829 740 2866 στελέχους.
751 2831 815 2861 Drc.

1147 2371 1259 2401 CAPUT
1278 2373 1324 2400 XL

883 2421 908 2448 l.
928 2420 1035 2449 Justum
1055 2425 1097 2447 est
1113 2425 1204 2448 autem
1221 2421 1309 2455 egenti
1322 2427 1429 2454 panem.
1445 2424 1472 2447 et
1481 2427 1512 2447 ea
1524 2427 1585 2454 quae
1595 2419 1628 2446 ad

846 2466 928 2493 vitam
947 2466 1073 2492 tuendam
1088 2466 1240 2493 necessaria
1255 2471 1329 2499 sunt,
1343 2465 1484 2500 impertiri.
1499 2464 1629 2498 Quamvis

843 2512 914 2539 enim
927 2511 951 2538 id
962 2511 1051 2538 statim
1062 2511 1213 2546 perdidisse
1221 2512 1383 2546 quibusdam
1396 2511 1521 2542 videaris,
1533 2519 1629 2545 quent-

843 2557 989 2584 admodum
1006 2556 1028 2584 si
1045 2564 1142 2591 panem
1165 2557 1192 2584 in
1217 2565 1316 2592 aquam
1335 2557 1518 2592 eonjeeisses;
1538 2561 1627 2583 tamen

844 2611 990 2639 progressu
1017 2602 1147 2637 temporis
1176 2611 1347 2638 nequaquam
1367 2602 1554 2637 infrugil‘eram
1579 2602 1628 2628 tibi

843 2649 928 2677 fuisse
943 2649 1149 2676 beneﬁcentiam
1166 2649 1327 2684 comperies.
1345 2650 1372 2677 2.
1395 2649 1464 2682 Quin
1482 2649 1629 2676 liberaliter

844 2702 953 2730 quoque
967 2694 1091 2730 elargire,
1107 2693 1284 2730 pluribusque
1297 2700 1357 2722 tuas
1368 2695 1507 2723 facultates
1521 2695 1627 2722 divide:

846 2751 900 2770 non
915 2741 986 2770 enim
999 2742 1048 2770 tibi
1061 2746 1155 2769 notum
1170 2746 1222 2774 est,
1238 2741 1303 2777 quid
1321 2742 1432 2770 tandem
1445 2747 1553 2777 postera
1571 2742 1628 2770 dies
