1857 3047
20 109 70 136 Ιοῖι

20 177 26 193 ι
43 164 161 192 κοινωνεῖν
174 162 227 190 τῶν
241 163 336 198 εὐχῶν.
369 163 401 189 Et
422 162 513 198 μέντοι
533 163 576 195 τὶς
589 164 618 190 ὲν
637 164 710 200 ἄκρᾳ
727 173 778 191 σω·
795 168 815 194 Α

21 224 26 240 ι
43 212 147 248 φροτύνῃ
160 210 275 246 ζήσασα,
293 210 340 237 καὶ
355 210 474 246 καθαρὸν
488 211 535 237 καὶ
549 210 601 243 ἔξω
615 211 704 246 πάσης
716 212 778 238 ὑπο-

20 269 24 283 ι
39 257 101 288 νοίας
115 255 312 291 ὲπιδεδειγμένη
332 255 389 290 βίον
401 256 446 282 τὸν
460 256 592 292 πρότερον
602 276 609 287 ,
632 255 680 282 νῦν
702 264 778 291 περι-

20 314 23 330 ι
41 303 166 330 πέπτωκεν
177 302 207 327 ἐκ
222 301 280 336 βίας
293 301 340 327 καὶ¹
357 301 480 336 ἀνάγκης
497 301 573 337 ὕϐρει
585 321 592 333 ,
607 301 704 337 ἔχομεν
727 310 779 327 πα-

20 359 23 375 ι
41 349 157 384 ράδειγμα
169 347 199 373 τὸ
215 348 243 373 ὲν
258 347 296 382 τῷ
313 348 528 382 Δευτερονομίῳ
548 347 579 373 τὸ
596 348 641 373 ἐπὶ
664 348 696 382 τῇ
714 347 777 374 νεά-

20 405 22 421 l
39 395 90 426 νιδι,
102 395 132 429 ἣν
142 395 168 420 ὲν
182 393 220 429 τῷ
232 393 315 429 πεδίῳ
327 390 406 429 εὗρεν
421 393 572 430 ἄνθρωπος,
586 393 634 421 καὶ
647 393 779 429 βιασάμε-

20 450 75 472 ινος
86 440 177 475 αὐτὴν.
198 439 330 475 ἐκοιμήθη
349 439 406 475 μετ’
425 440 526 475 αὑτῆςο
557 439 596 474 Τῇ
610 439 723 466 νεάνιδι
742 441 778 467 οὐ

20 496 22 510 ς
39 485 175 518 ποιήσετε,
202 486 301 520 φησιν,
325 485 432 512 οὐδέν*
453 486 508 512 οὐκ
522 485 589 512 ἐστι
609 485 647 519 τῇ
666 484 779 512 νεάνιδι

20 542 22 558 ι
37 531 176 566 ἁμάρτημα
187 531 315 558 θανάτου
326 540 332 546 ·
346 531 390 558 ὅτι
408 531 458 564 ὡς,
485 531 513 558 εἴ
527 539 572 564 τις
587 530 706 565 ἀναστῇ
725 530 778 557 ἇν-

20 588 21 603 :
37 580 138 612 θρωπυς
148 577 196 604 ἐπὶ
207 577 261 604 τὸν
271 577 404 611 πλησίον
417 576 509 604 αὐτοῦ
521 597 528 609 ,
551 576 600 603 καὶ
619 575 778 610 θανατώσῃ

20 623 118 650 [αὑτοῦ
144 622 201 657 τὴν
224 623 349 657 ψυχὴν,
372 623 449 649 οὕτω
472 622 504 649 τὸ
529 621 648 657 aptium
672 622 776 649 τοῦτο·

20 680 21 693 ι
35 670 149 703 ἐϐόησεν
162 670 180 703 ὴ
192 668 303 701 νεᾶνις,
320 669 367 696 καί
385 670 401 696 ὁ
413 668 536 703 ,βοηθῶν
561 669 616 695 οὐκ
634 667 674 703 ἦγ’
690 667 777 703 αὐτῇ.

20 714 89 741 Ιάὖτα
101 714 186 749 μέντοι
202 716 322 743 τοιαῦτα.
331 725 339 741 ι

37 762 124 788 BL“.
147 761 309 798 Ἐρωτηθεὶς
331 762 345 789 ὸ
367 762 445 796 ἆγιος
474 762 539 797 περὶ
560 759 606 788 τοῦ
632 761 658 788 τί
677 759 778 795 ὀφείλει

20 807 113 834 ’ίνεσθαι
132 808 171 839 εἰς
189 808 253 839 τοὺς
272 808 451 842 Χριστιανοὺς
467 807 530 840 τοὺς
547 806 778 842 αἰχμαλωτισθέν-

20 862 52 885 τας
66 853 134 888 παρὰ
149 853 304 890 βαρϐάρων,
318 854 364 880 καὶ
380 853 516 888 φαγόντας
529 853 564 880 τὰ
584 852 660 888 παρὰ
678 852 779 879 τούτων

20 900 86 929 rimi:
109 899 313 935 παρατιθέμενα
341 899 516 926 εἰδωλόθυτα·
541 898 728 934 ἀπελογήσατο
743 898 780 930 ὡς

21 945 35 971 ὰ
55 944 179 981 βρώματα
197 945 284 972 ταῦτα
307 945 336 972 οὐ
364 945 451 981 βαρεῖ,
467 945 526 972 ἀντὶ
540 945 597 978 τοῦ,
615 945 645 972 οὐ
670 944 779 981 βαρεῖαν

21 993 102 1026 μποιεῖ
119 991 235 1027 βλάϐη-ιο
253 993 300 1018 καὶ
316 992 414 1027 μᾶλλον
428 992 468 1018 ὅτι
481 989 521 1024 εἷς
535 992 613 1026 λόγος
626 992 700 1028 παρὰ
718 993 782 1019 πάν-

20 1046 59 1069 ων,
73 1038 151 1073 ἤγουν
166 1039 209 1065 ὃτι
225 1039 324 1070 πάντες
340 1038 450 1072 λέγουσι
469 1038 505 1074 μὴ
530 1038 608 1065 θῦσαι
631 1040 687 1070 τοῖς
703 1038 781 1065 εἰδώς

20 1092 51 1114 οις
73 1084 134 1115 τοὺς
157 1084 191 1111 τὰ
216 1084 339 1120 ἡμέτερα
366 1083 589 1120 καταδραμόντας
617 1084 779 1121 βαρϐάρους.

20 1129 112 1164 ῐαράγει
136 1130 163 1157 δὲ
181 1131 228 1157 καὶ
245 1131 276 1156 ὲκ
296 1129 344 1156 τοῦ
366 1130 527 1156 Ἀποστόλου
546 1130 668 1165 χρήσεις,
684 1131 730 1157 καὶ
747 1132 780 1157 ὲκ

20 1175 42 1201 οὗ
57 1175 234 1210 Εὖαγγελίου·
251 1177 283 1203 ὲκ
300 1176 348 1212 μὲν
362 1176 408 1203 τοῦ
428 1176 588 1202 Ἀποστὸλου
603 1177 642 1208 τὸ,
654 1177 691 1203 Τὰ
703 1177 782 1211 βρώ-

21 1229 69 1248 am
78 1222 113 1256 τῇ
125 1223 226 1256 κοιλίᾳ
239 1222 287 1250 καὶ
303 1223 321 1257 ἡ
335 1222 433 1249 κοιλία
448 1222 510 1255 τοῖς
520 1221 677 1256 βρώμασιν
690 1231 696 1237 -
715 1224 731 1249 ὁ
748 1223 783 1249 δὲ

20 1267 65 1300 νεὸς
76 1268 247 1303 καὶταύτην
259 1268 308 1295 καὶ
324 1268 417 1295 ταῦτα
433 1267 663 1302 καταρτήσει.”’0
672 1268 704 1303 δὴ
714 1269 782 1295 ἀπο-

20 1314 113 1341 τολικὸν
136 1316 237 1350 χωρίον
254 1314 318 1350 περὶ
336 1314 493 1350 πλησμονῆς
510 1314 584 1348 λέγει
611 1315 658 1341 καὶ
672 1323 783 1350 γαστρι-

20 1361 125 1394 αργίας·
140 1361 188 1388 καὶ
203 1360 334 1397 βρώματα
351 1362 410 1396 μὲν,
424 1361 458 1387 τὰ
469 1361 585 1396 περιττὰ
598 1360 723 1396 ὀνομάζει
737 1361 784 1387 καὶ

20 1406 44 1440 ὴν
56 1408 159 1443 τρυφὴν
168 1416 176 1424 ·
191 1407 295 1434 κοιλίαν
307 1408 335 1434 δὲ
347 1407 396 1443 τὴν
409 1407 640 1443 γαστριμαργίαν,
654 1407 710 1434 ἀλλ’
723 1407 783 1442 οὐχὶ

20 1451 42 1487 ὴν
52 1453 181 1490 γαστέρα.
199 1453 250 1480 Διὰ
265 1453 293 1480 δὲ
309 1453 412 1480 τούτων
431 1454 445 1479 ὁ
468 1453 628 1485 Ἀπόστολος
641 1453 724 1487 λέγει,
743 1453 783 1479 ὅτι

36 1499 170 1534 ἀδηφαγία
191 1499 241 1527 καὶ
264 1500 281 1535 ὴ
306 1499 395 1535 τρυφὴ
411 1500 443 1534 τῇ
457 1499 663 1535 γαστριμαργίᾳ
677 1499 782 1534 ἀνήκει,
797 1511 817 1539 C

20 1544 50 1570 λλ“
62 1545 91 1571 οὐ
114 1545 184 1582 πρὸς
202 1545 268 1572 Θεὸν
291 1545 383 1581 φέρει·
399 1545 446 1571 καὶ
461 1546 494 1580 τῇ
511 1546 600 1580 τρυφῇ
621 1545 652 1571 τὸ
672 1545 722 1580 τῆς
737 1553 785 1578 γα-

20 1590 172 1625 εριμαργὶας
194 1590 281 1622 πάθος
297 1590 444 1625 ᾠκείωται,
463 1590 508 1616 καὶ
535 1589 648 1625 θάτερον
677 1589 784 1625 θατέρῳ

20 1634 116 1663 ωλεύει.
126 1636 155 1663 '0
171 1637 201 1663 δὲ
218 1636 284 1667 Θεὸς
307 1635 434 1672 ἄπρακτα
451 1635 497 1662 καὶ
513 1635 585 1671 ἀργὰ
601 1635 708 1671 ποιήσει
723 1635 786 1661 ταῦ-

20 1688 39 1711 x,
53 1681 120 1708 ὥστε
139 1682 178 1718 μὴ
197 1682 228 1715 ἐξ
248 1682 337 1709 αὐτῶν
355 1690 432 1713 τινας
449 1681 622 1716 βλάπτεσθαι.
633 1682 679 1708 Ἐκ
694 1681 722 1708 δὲ
738 1680 784 1708 τοῦ

20 1726 157 1761 ὖαγγελίου
185 1729 322 1764 ἐχρήσατο
347 1729 404 1761 τοῖς
428 1727 474 1754 τοῦ
495 1728 659 1762 Εὑαγγελίου
681 1729 784 1764 ῥήμασι

20 1773 48 1803 vi;
72 1773 210 1808 λέγουσιν,
229 1775 280 1806 ὅτι,
301 1774 341 1800 Οὐ
366 1773 399 1800 τὸ
421 1774 672 1808 εἰσπορευόμενον
691 1774 789 1801 κοινοῖ

20 1817 43 1844 ὃν
55 1819 229 1854 ἅνθρωπον.
243 1819 310 1847 Εἶτα
325 1820 372 1847 καὶ
385 1820 449 1856 περὶ¹
459 1819 595 1854 γυναικῶν
605 1819 786 1855 αἰχμαλώτων

20 1862 35 1894 ’ς
60 1866 84 1891 οἱ
112 1867 251 1902 βάρϐαροι
279 1866 501 1902 συνεφθάρησανθ
520 1866 567 1893 καί
587 1875 677 1901 φησιν,
694 1867 745 1898 ὅτι,
762 1867 786 1893 εί

20 1910 41 1936 ἐν
50 1912 63 1938 ό
78 1912 177 1948 πρώην
195 1913 285 1940 αὐτῶν
294 1913 350 1948 βίος
363 1913 584 1948 κατεγνωσμένος
595 1911 639 1948 ἦν,
650 1913 787 1944 ὑπόπτους

20 1957 71 1988 ’τὰς
97 1961 173 1985 ποιεῖ
200 1961 217 1995 ἡ
247 1959 362 1995 πορνικὴ
384 1960 440 1993 ἕξις
457 1960 503 1986 καὶ
524 1961 553 1987 ἐν
579 1959 618 1994 τῷ
634 1958 723 1994 καιρῷ
738 1959 787 1994 τῆς

21 2003 191 2037 χμαλωσίας.
220 2005 276 2031 Καὶ
298 2004 342 2031 διὰ
362 2005 441 2032 τοῦτο
462 2005 614 2041 προχείρως
637 2005 732 2036 αὑταῖς
754 2004 785 2030 οὐ

20 2048 169 2084 γἰεύχεσθαι
183 2050 236 2082 δεῖ,
249 2051 315 2077 ἀλλὰ
333 2051 402 2086 μετὰ
415 2051 444 2077 τὺ
457 2051 598 2078 δουλεῦσαι
611 2051 710 2087 δηλαδὴ
725 2052 786 2077 ἑπι-

20 2094 185 2129 μίοις.”Εξις
201 2096 231 2123 δέ
246 2097 319 2123 ἐστιν
336 2098 352 2132 ἡ
371 2097 462 2133 μακρὰ
478 2097 606 2132 σονήθεια
620 2097 666 2124 καὶ
679 2096 716 2132 τῷ
728 2097 787 2132 χρό-

20 2151 26 2165 ι
42 2142 228 2175 παγιωοεῖσα.
246 2143 306 2178 ἥτις
323 2143 370 2170 καὶ
387 2142 465 2177 φύσει
481 2143 653 2179 προσέοικεν·
671 2143 740 2170 ὥστε
757 2143 785 2169 αἱ

796 836 816 865 Β

613 105 782 135 EPISTOLA
802 86 984 134 cartorum.

1550 107 1560 133 ί
1566 107 1618 134 0ἰί

835 174 843 189 ι
863 172 971 191 summa
985 164 1152 191 continentia
1168 164 1276 197 vixerit,
1291 169 1318 193 et
1331 172 1426 199 puram
1439 165 1473 192 ab
1489 165 1618 200 omnique

832 219 840 235 ι
860 210 1015 244 suspicione
1046 210 1163 236 alienam
1195 209 1313 242 priorem
1340 210 1423 236 vitam
1457 210 1617 244 ostenderit,

832 265 841 280 ι
861 264 934 283 nunc
945 256 971 283 vi
982 260 1009 283 et
1025 256 1186 283 necessitate
1197 255 1229 282 ad
1246 256 1375 290 probrum
1392 257 1618 285 contumeliamre

832 311 841 328 ι
860 303 935 337 lapsa
952 302 1148 335 sit;habemus
1173 302 1330 336 exciiiplum
1351 302 1423 337 quod
1438 307 1479 329 est
1503 303 1530 329 in
1550 302 1619 329 Deu-

831 357 840 373 ι
862 348 1026 380 teronomio,
1041 347 1075 374 de
1087 347 1300 379 adolescentula,
1316 355 1398 381 quam
1412 347 1494 374 homo
1510 347 1537 373 in
1552 355 1619 382 agro

832 403 841 419 ι
860 393 973 426 invenit,
998 399 1025 420 et
1041 401 1072 420 ea
1092 393 1119 420 vi
1140 401 1297 428 compressa
1318 401 1381 420 cum
1405 393 1463 428 ipsa
1487 393 1617 420 dormiit:

832 449 841 465 ι
861 439 1078 472 Adolescentulre,
1101 440 1199 474 inquit,
1211 439 1276 466 nihil
1291 439 1406 474 facietis.
1420 447 1470 465 non
1480 439 1620 466 estadole-

832 495 842 512 ‹
863 486 986 513 scentulw
997 491 1131 520 peccatum
1147 486 1257 513 mortis:
1283 486 1345 521 quia
1360 486 1580 520 quemadmodum
1596 487 1620 513 si

832 541 841 558 ι
861 532 918 567 quis
930 532 1005 559 homo
1022 532 1145 559 adversus
1162 533 1311 566 proximum
1335 540 1411 558 suum
1433 533 1619 566 insurrexeril,

832 587 841 604 ι
859 584 882 605 et
898 579 981 612 ipsius
1003 578 1119 605 animam
1140 583 1223 605 marte
1237 578 1365 612 a/I'eceril,
1381 578 1419 604 sic
1435 578 1490 605 Ita'c
1512 587 1551 605 res
1563 584 1620 612 est;

832 633 841 650 ι
861 624 1058 651 adolescentula
1073 624 1251 658 exclamavit,
1263 629 1287 651 et
1303 633 1354 651 non
1369 630 1427 651 erat
1441 626 1486 660 qui
1502 626 1525 652 ei
1546 632 1620 660 opem

833 680 842 696 ι
861 671 941 705 [erret
956 671 977 697 ⁸.
992 670 1055 698 Haec
1067 671 1176 706 quidem
1192 675 1266 698 certe
1281 671 1318 698 ita
1335 679 1364 698 se
1376 671 1488 698 habent.
1507 681 1517 697 ›

865 762 944 790 Βλιε.
966 762 1082 790 Sanctus
1104 762 1288 798 interrogatus
1313 763 1378 798 quid
1407 766 1532 798 oporteat
1560 762 1617 789 fieri

830 809 1001 842 Christianis,
1017 810 1064 844 qui
1087 817 1102 836 a
1116 809 1240 837 barbaris
1255 809 1324 843 capti
1348 813 1422 841 sunt,
1438 813 1465 836 et
1477 816 1538 844 quae
1553 809 1620 843 ipsis

829 856 864 883 ab
875 856 914 883 eis
927 856 1131 890 apponebantur
1144 855 1290 890 idolothyta
1302 855 1494 888 comederunt;
1507 862 1620 889 respon-

830 902 870 930 dit
883 911 889 929 :
903 901 934 929 lli
951 901 1002 929 cibi
1019 909 1072 928 non
1085 906 1207 936 gravant,
1225 901 1251 927 id
1266 906 1316 932 est,
1330 908 1383 927 non
1395 908 1475 935 grave
1489 900 1619 927 damnum

830 948 964 981 afferunt;
980 952 1006 974 et
1018 948 1134 974 maxime
1146 947 1217 980 quod
1229 955 1299 973 unus
1314 950 1355 973 est
1370 953 1461 973 sermo
1476 946 1547 980 apud
1561 953 1621 972 om—

830 1002 888 1027 nes,
906 995 963 1022 sive
978 993 1050 1029 quod
1062 1001 1158 1020 omnes
1169 993 1271 1024 dicunt,
1290 993 1369 1019 idolis
1385 1000 1437 1019 non
1452 992 1622 1019 sacriﬁcasse

831 1041 973 1073 barbaros,
987 1041 1034 1076 qui
1048 1040 1074 1067 in
1090 1043 1182 1067 nostra
1197 1039 1369 1067 incursiones
1390 1039 1488 1066 fecere.
1506 1039 1622 1066 Addurit

831 1091 920 1113 autem
945 1091 971 1113 et
996 1093 1030 1112 ex
1047 1085 1178 1120 Apostolo
1194 1089 1220 1112 et
1234 1093 1268 1112 ex
1286 1085 1434 1120 Evangelio
1460 1085 1618 1112 sententias.

831 1131 871 1158 Ex
885 1131 1017 1166 Apostolo
1033 1131 1142 1165 quidem
1161 1140 1168 1158 :
1184 1130 1260 1158 Esca:
1281 1131 1374 1162 ventri,
1389 1135 1413 1156 et
1432 1135 1519 1157 venter
1536 1130 1620 1162 escis;

832 1175 902 1202 Deus
916 1180 1003 1202 autem
1024 1179 1048 1201 et
1068 1183 1127 1201 eum
1141 1179 1165 1201 et
1178 1174 1224 1201 llas
1240 1174 1366 1201 destruet.
1388 1174 1438 1208 Qui
1454 1174 1562 1209 quidem
1579 1175 1621 1201 lo-

832 1229 881 1248 cus
906 1220 1071 1256 apostolicus
1091 1220 1211 1255 loquitur
1228 1221 1262 1247 de
1278 1220 1424 1254 repletione
1440 1225 1466 1247 et
1480 1220 1597 1255 ingluvie
1614 1230 1620 1247 :

831 1271 858 1294 et
869 1274 946 1294 escas
960 1265 1067 1302 quidem
1081 1266 1244 1293 nominatea
1260 1273 1319 1300 quae
1332 1269 1396 1293 sunt
1409 1272 1620 1299 supervacanea,

833 1320 865 1340 ac
876 1312 1003 1345 delicias;
1019 1315 1139 1339 ventrem
1157 1316 1258 1344 autem,
1277 1311 1453 1338 voracitatem
1468 1311 1546 1344 dixit,
1565 1319 1620 1338 non

832 1367 897 1386 vero
916 1358 1106 1386 ventriculum.
1122 1357 1173 1385 Per
1195 1358 1252 1384 lucc
1267 1363 1357 1384 autem
1380 1357 1448 1385 dicit
1467 1357 1622 1392 Apostolus,

833 1401 904 1436 quod
916 1403 1081 1429 exsaturatio
1096 1406 1122 1428 et
1136 1401 1215 1428 luxus
1228 1401 1261 1428 ad
1279 1400 1426 1436 ingluviem
1439 1401 1622 1436 pertinet,sed

833 1456 920 1482 neque
935 1447 969 1474 ad
990 1447 1074 1475 Deum
1089 1447 1198 1475 deducit
1214 1457 1220 1474 :
1241 1447 1316 1474 luxui
1333 1452 1422 1474 autem
1440 1447 1565 1482 ingluviei
1582 1447 1623 1474 vis

833 1493 902 1521 tium
928 1493 1061 1520 familiare
1087 1493 1219 1524 redditur,
1239 1496 1267 1519 et
1293 1492 1406 1520 alterum
1430 1493 1506 1520 alteri
1530 1492 1622 1520 servit.

835 1538 906 1566 Deus
923 1545 1013 1566 alitem
1031 1546 1063 1565 ea
1075 1539 1163 1566 otiosa
1179 1542 1206 1565 et
1220 1538 1368 1566 incilicacia
1386 1538 1492 1571 efﬁciet,
1506 1543 1535 1566 ut
1555 1539 1624 1566 nulli

834 1584 868 1611 ab
883 1584 923 1611 eis
937 1584 1079 1611 laedantur.
1100 1583 1139 1611 Ex
1153 1584 1298 1618 Evangelio
1314 1589 1406 1611 autem
1425 1593 1491 1612 usus
1508 1589 1550 1612 est
1564 1593 1625 1613 ver-

835 1630 878 1657 bis
894 1629 1029 1665 Evangelii
1045 1637 1105 1665 qua:
1120 1629 1214 1657 dicunt
1231 1638 1238 1656 :
1253 1629 1330 1662 Quod
1353 1630 1435 1657 intrat
1450 1639 1495 1664 per
1510 1639 1549 1663 os,
1572 1639 1625 1658 non

833 1676 986 1711 coinquinat
999 1676 1139 1703 hominem.
1154 1675 1254 1703 Deinde
1269 1677 1301 1703 de
1317 1677 1431 1711 captivis
1441 1685 1550 1712 quotu
1565 1685 1625 1705 mu-

836 1723 957 1755 lieribus,
976 1723 1075 1757 quibus
1092 1722 1199 1750 barbari
1213 1728 1336 1758 stuprum
1354 1722 1503 1750 intulerunt
1517 1731 1524 1750 :
1541 1729 1567 1751 et
1581 1723 1624 1751 di-

835 1768 883 1800 cit,
903 1768 975 1803 quod
999 1768 1021 1795 si
1050 1769 1135 1803 prima
1151 1769 1259 1803 quidem
1277 1777 1371 1796 eorum
1392 1769 1446 1796 vita
1466 1774 1538 1796 esset
1556 1776 1622 1795 con-

835 1814 972 1846 demnata,
996 1820 1137 1849 suspectas
1166 1822 1213 1842 eas
1238 1814 1303 1842 facit
1329 1814 1493 1841 fomicarius
1516 1814 1626 1842 habitus

836 1860 916 1887 etiam
931 1865 1052 1894 tempore
1068 1860 1240 1894 captivitatis.
1260 1860 1292 1887 Et
1304 1865 1446 1895 propterea
1468 1868 1521 1887 non
1543 1868 1626 1895 opor-

837 1911 874 1934 tet
892 1906 969 1933 facile
985 1914 1046 1933 cum
1063 1906 1102 1933 eis
1118 1914 1207 1938 orare,
1224 1907 1270 1934 scd
1291 1912 1435 1941 postquam
1449 1907 1537 1941 poenis
1554 1907 1626 1934 vide-

837 1953 899 1979 licet
914 1953 1050 1987 impositis
1067 1961 1097 1979 se
1120 1953 1322 1980 submisisscnt.
1340 1953 1388 1980 Est
1408 1959 1497 1980 autem
1514 1953 1624 1980 habitus

836 1997 916 2033 longa
933 1997 1111 2030 consuetudo,
1132 2005 1192 2032 quae
1206 2002 1326 2032 tempore
1343 2005 1451 2032 quoque
1466 1998 1625 2026 confit-mala

837 2048 894 2074 est,
926 2050 987 2077 quae
1014 2042 1048 2069 ad
1077 2048 1203 2069 naturam
1230 2043 1311 2070 etiam
1340 2043 1517 2070 similitudine
1543 2051 1624 2078 quam

837 2088 960 2122 proxime
973 2088 1184 2120 accedit.Quare
1198 2096 1258 2123 qua:
1272 2089 1339 2116 tales
1353 2097 1407 2116 non
1420 2094 1492 2120 sunt,
1508 2090 1625 2122 violatm,

838 2141 892 2161 non
909 2139 1065 2168 peccarunt.
1085 2133 1216 2168 Exemplo
1240 2140 1330 2162 autem
1348 2143 1414 2162 usus
1431 2139 1474 2162 cst
1490 2135 1547 2170 lege
1566 2143 1627 2170 qua:

20 2196 26 2222 1
51 2188 179 2215 τοιαῦται
215 2189 265 2223 οὐχ
286 2189 408 2225 ἥμαρτον
433 2178 593 2224 βιασθεῖσαι.
619 2189 674 2215 Καὶ
699 2197 783 2224 παρα-

865 2190 866 2205 ι
886 2178 1093 2206 Deuteronomio
1109 2179 1233 2212 habetur,
1249 2180 1282 2207 de
1301 2180 1406 2214 virgine
1422 2180 1468 2207 cui
1482 2180 1510 2207 in
1530 2180 1625 2208 solitu—

21 2234 111 2269 ίγματι
128 2235 271 2271 κέχρηται
292 2236 325 2270 τῇ
347 2236 377 2262 ὲν
391 2235 430 2268 τῷ
443 2235 643 2270 Δευτερονομίῳ
656 2235 787 2270 θεσμοθε-

20 2289 32 2316 ᾳ
48 2283 78 2317 τῇ
96 2283 167 2318 περὶ
185 2282 239 2317 τῆς
256 2280 429 2316 ὑϐρισθείσης
445 2281 579 2316 παρθένου
596 2281 666 2308 κατὰ
683 2280 743 2316 βίαν
758 2282 787 2307 ὲν

21 2329 97 2364 “quia.
113 2328 175 2355 Καὶ
203 2328 238 2354 τὰ
260 2328 310 2363 μὲν
334 2327 381 2354 τοῦ
405 2328 515 2359 κανόνος
531 2328 560 2353 ἐν
576 2327 787 2358 τούτοις.Ἔοικε

25 2375 38 2399 ὸ
51 2374 129 2409 ἃγιος
145 2374 208 2401 ἀπὸ
224 2373 270 2399 τοῦ
284 2374 370 2400 εἰπεῖν
385 2373 422 2408 μὴ
435 2373 584 2406 ἐπάγεσθαι
599 2373 708 2408 βαρεῖαν
724 2372 788 2407 βλά-

22 2429 35 2445 ν
51 2422 106 2453 τοῖς
129 2419 256 2454 φαγοῦσι
273 2419 306 2446 τὰ
321 2418 482 2445 εἰδωλόθυτα
502 2419 707 2454 παρατιθέμενα
725 2417 786 2444 τού-

20 2475 42 2497 ις
55 2466 133 2502 παρὰ
146 2466 208 2492 τῶν
227 2465 381 2501 βαρΰάρων,
399 2465 446 2491 καὶ
457 2465 510 2491 ἀπὸ
524 2465 571 2492 τοῦ
586 2465 673 2499 λέγειν
688 2467 740 2499 πλη
746 2473 789 2500 ρο-

21 2512 128 2546 ρείσθαι
145 2511 258 2542 πάντας
277 2510 313 2546 μὴ
329 2510 455 2545 γενέσθαι
471 2510 533 2542 τοὺς
549 2510 703 2546 βαρὸάρους
717 2511 790 2537 εἰδω-

20 2557 107 2591 λὺτας,
132 2558 186 2584 καὶ
212 2557 266 2583 ἀπὸ
288 2556 334 2583 τοῦ
356 2556 508 2592 χρήσασθαι
529 2558 584 2588 τοῖς
603 2556 790 2588 ἀποστολικοῖς

22 2613 86 2637 μασι
112 2605 176 2635 τοῖς
202 2602 403 2637 διαλεγομένοις
421 2603 485 2636 περὶ
501 2602 607 2637 τρυφῆς
626 2602 674 2628 καὶ
687 2601 790 2637 ἀδηφα-

20 2658 57 2681 ις,
75 2650 223 2678 ὡσαύτως
240 2649 286 2675 καὶ
308 2650 364 2680 τοῖς
386 2648 572 2683 εὐαγγελικοῖς
585 2648 620 2675 τὰ
640 2648 709 2675 αὐτὰ
731 2647 789 2674 δια-

20 2696 170 2729 μῦάνουσι,
190 2694 230 2729 μὴ
253 2693 343 2729 ἁπλῆν
364 2694 475 2730 ποιῆσαι
489 2695 537 2730 τὴν
553 2694 706 2730 ἀπόκρισιν,
723 2693 790 2721 ἀλλὰ

20 2741 184 2777 ιιρουμένην
202 2740 243 2771 εἰς
257 2740 393 2773 φαγόντας
414 2739 576 2767 εἰδωλόθυτα
598 2739 669 2766 κατὰ
684 2738 790 2776 τρυφὴν

20 2820 26 2835 '
41 2820 124 2848 Deut.
155 2826 232 2851 χχιι,
250 2817 302 2851 26,
322 2817 368 2846 27.

838 2225 902 2252 dine
916 2233 963 2259 per
980 2226 1034 2252 vim
1052 2225 1182 2259 probrum
1198 2225 1302 2252 illatum
1318 2230 1369 2253 est.
1392 2225 1425 2253 Et
1439 2233 1500 2260 quae
1515 2226 1624 2260 quidem

837 2271 871 2298 ad
887 2278 1018 2297 canonem
1036 2274 1160 2305 spectant
1173 2270 1200 2296 in
1217 2270 1259 2298 liis
1275 2271 1438 2299 consistunt.
1453 2270 1564 2298 Videtur
1578 2279 1627 2298 an-

838 2322 890 2344 tem
908 2321 1018 2344 sanctus
1043 2324 1076 2344 ex
1100 2324 1133 2344 eo
1158 2316 1232 2351 quod
1253 2317 1331 2349 dixit,
1347 2326 1401 2345 non
1426 2317 1520 2345 inferri
1545 2326 1627 2352 grave

838 2363 967 2389 damnum
993 2363 1027 2390 iis
1052 2363 1098 2397 qui
1113 2363 1262 2398 idolothyla
1279 2364 1465 2397 comederunt,
1481 2365 1521 2392 eis
1535 2372 1550 2391 a
1564 2364 1627 2391 bare

839 2408 912 2436 baris
928 2409 1062 2443 apposita,
1078 2413 1105 2436 et
1126 2416 1160 2435 ex
1183 2416 1216 2436 eo
1242 2410 1314 2443 quod
1342 2409 1418 2443 dicit,
1435 2418 1530 2438 omnes
1549 2411 1627 2445 plene

839 2458 1008 2488 compertum
1025 2454 1136 2486 habere,
1148 2454 1279 2481 barbaros
1292 2455 1371 2482 idolis
1383 2464 1436 2482 non
1447 2456 1626 2489 sacrificasse,

838 2505 865 2527 et
881 2508 913 2527 cx
930 2508 963 2527 eo
979 2500 1051 2534 quod
1069 2500 1153 2526 utitur
1166 2499 1245 2527 dictis
1261 2501 1418 2534 apostolicis
1436 2510 1497 2536 quae
1511 2502 1544 2530 de
1560 2503 1626 2530 luxu

839 2550 866 2573 et
883 2545 999 2580 ingluvie
1014 2545 1160 2578 disserunt,
1180 2545 1305 2572 similiter
1328 2550 1355 2572 et
1380 2547 1553 2581 evangelicis,
1567 2555 1629 2582 quae

840 2592 933 2619 eadem
960 2596 1086 2624 tractant,
1106 2599 1161 2618 non
1183 2591 1279 2619 fecisse
1304 2591 1453 2626 simplicem
1470 2593 1627 2627 responsio-

841 2645 915 2670 nem,
931 2636 977 2664 sed
995 2644 1055 2671 quae
1070 2637 1200 2664 dividitur
1224 2637 1251 2664 in
1275 2645 1322 2664 eos
1348 2637 1393 2672 qui
1417 2637 1564 2674 idolotliyla
1582 2647 1629 2673 per

841 2682 951 2710 delicias
965 2690 1012 2708 sua
1028 2687 1124 2716 sponte
1137 2683 1329 2716 comederunt;
1340 2683 1367 2710 in
1379 2690 1426 2710 eos
1437 2683 1483 2718 qui
1499 2683 1524 2709 vi
1537 2692 1552 2711 a
1567 2684 1630 2711 bar-

840 2728 916 2756 baris
933 2728 1019 2756 coacti
1034 2728 1226 2762 comederunt;
1241 2729 1267 2756 in
1281 2736 1327 2757 eos
1341 2729 1385 2764 qui
1400 2734 1508 2764 propter
1525 2734 1630 2758 naturae
