1857 3047
51 102 110 130 10⁸ὶὸ

651 99 819 127 EPISTOLA
836 99 1020 128 CANONICA.

1574 103 1644 130 1026

49 164 147 195 όαγιος,
161 159 204 186 καί
219 167 308 194 φησιν,
327 159 366 185 t'm
383 159 407 184 ei
421 157 521 193 ἔφαγον
546 159 570 184 oi.
591 158 757 194 αἰχμάλωτοι
777 158 810 185 τὰ

913 164 982 191 ctus,
998 159 1090 192 aitque
1101 158 1124 186 si
1140 163 1200 194 quae
1214 166 1229 185 a
1246 159 1364 188 dominis
1378 160 1445 194 ipsis
1455 159 1576 194 apposita
1589 160 1645 186 fue-

48 207 112 243 mpdt
127 206 176 232 τῶν
192 204 452 240 αἰχμαλωτησάντων
478 205 575 237 αὐτοὺς
597 204 809 240 παρατιθέμενα,

47 255 114 281 τοῦτο
127 253 154 279 οὐ
172 252 253 287 βαρεῖ,
269 251 329 277 ἀντὶ
340 251 397 282 τοῦ,
411 251 440 277 οὺ
458 251 566 286 βαρεῖαν
579 251 686 284 ἐμποιεῖ
698 250 808 286 βλάϐην·

48 302 86 327 καὶ
106 299 196 335 μᾶλλον
217 298 257 324 ὅτι
281 295 320 328 εἷς
344 297 421 331 λόγος
443 297 517 332 παρὰ
533 298 651 328 πάντων,
665 297 747 332 ἤγουν
769 297 810 323 ὅτι

48 349 133 377 πάντες
145 345 172 371 τὸ
185 343 247 371 αὐτὸ
262 343 395 377 λέγουσιν,
406 344 447 370 ὃτι
461 344 485 369 οἱ
495 344 530 370 τὰ
543 344 663 379 ἡμέτερα
679 343 812 379 καταδρα-

48 391 131 426 μόντες
146 389 272 425 βάρϐαροι
284 388 402 420 εἰδώλοις
417 388 467 415 οὐκ
478 388 586 417 ἔθυσαν.
601 387 670 414 ὥστε
692 387 751 414 οὐδὲ
772 389 810 414 ει-

47 436 164 463 δωλόουτα
179 435 275 469 ἔφαγον
297 434 321 460 οἱ
343 433 517 469 αἰχμάλωτοι.
538 434 659 468 Παράγει
673 433 701 460 δὲ
717 433 763 459 κα)¹
778 434 809 459 ἐκ

46 482 85 508 τοῦ
104 481 253 507 Ἀποστόλου
269 481 379 516 χρήσεις
399 480 446 507 καὶ
469 481 501 506 ἐκ
520 480 566 506 τοῦ
584 479 761 514 Εὑαγγελίου·
778 479 809 506 ὲκ

49 529 90 563 μὲν
98 528 139 554 τοῦ
160 527 314 553 ’Δποστόλου
329 526 368 558 τὺ,
381 526 563 560 Τὰβρώματα
586 525 623 560 τῇ
639 526 746 558 κοιλίᾳ,
761 525 809 551 καὶ

47 576 62 607 ἡ
80 574 169 600 κοιλία
189 572 248 606 τοῖς
266 572 418 606 βρώμασι·
436 572 482 598 καὶ
495 571 529 598 τὰ
545 571 656 606 ὲξῆς.“0
670 571 697 597 δὲ
713 571 810 607 χωρίον

48 620 100 654 περὶ
114 618 263 653 πλησμονῆς
277 618 350 652 λέγει
370 618 416 644 καὶ
427 619 655 654 γαστριμαργίας.
672 619 726 645 Καὶ
741 618 811 654 βρώ-

49 673 109 700 ματα
119 664 164 699 μὲν
175 664 209 690 τὰ
221 664 335 699 περιττὰ
351 663 476 698 ὀνομάζει
494 665 540 691 καὶ
555 665 604 699 τὴν
617 665 722 700 τρυφήν
732 674 739 680 ο
753 674 810 691 κοι-

47 710 96 736 λίαν
113 710 138 736 δὲ
154 710 201 745 τὴν
215 711 444 746 γαστριμαργίαν,
460 710 517 737 ἀλλ’
536 710 596 745 οὐχ).
615 711 664 746 τὴν
679 711 808 746 γαστέρα.

48 755 87 782 Διὰ
94 756 117 782 δὲ
126 755 221 783 τούτων
232 756 410 788 ὀἈπόστολος
430 757 520 791 λέγει,
534 758 601 792 ὁτιὴ
615 756 751 792 ἀδηφαγία
764 757 811 783 καὶ

47 803 60 836 ἡ
74 802 152 836 τρυφὴ
167 803 198 837 τῇ
214 802 417 838 γαστριμαργίᾳ.
429 803 535 838 ἀνήκει.
547 802 603 829 ἀλλ’
617 803 646 829 οὐ
663 803 730 838 πρὸς
746 802 810 829 Θεὸν

862 209 923 232 rant
946 204 1042 239 captivi
1066 205 1250 236 comederunt,
1275 206 1300 232 id
1320 214 1371 233 non
1394 213 1517 240 gravare,
1537 206 1588 234 hoc
1605 210 1646 232 est

860 258 942 285 grave
955 251 1082 278 damnum
1096 251 1207 278 minime
1220 251 1333 285 aﬂ'erre;
1350 253 1497 287 praesertim
1508 253 1578 286 quod
1591 260 1645 279 una

861 297 931 330 apud
946 305 1040 324 omnes
1055 301 1095 324 est
1111 297 1193 327 fama.
1218 298 1274 325 sive
1298 299 1370 332 quod
1387 305 1482 325 omnes
1499 299 1569 326 idem
1593 299 1644 326 hoc

860 340 1003 373 allirmant,
1020 342 1152 369 barbaros
1166 342 1210 377 qui
1227 348 1334 370 nostras
1346 343 1469 377 regiones
1485 344 1645 371 incursioni-

859 386 912 414 bus
936 391 1087 419 vsstarunt.
1113 395 1283 422 nequaquam
1311 389 1390 416 idolis
1413 389 1593 423 sacrihcasse,
1615 394 1644 417 ut

861 433 974 466 proinde
995 440 1083 467 neque
1104 433 1201 466 captivi
1218 434 1366 469 idolothyta
1387 435 1562 463 comederint.
1578 435 1644 463 Pro-

860 476 913 504 fert
938 484 1003 504 vero
1024 484 1084 503 cum
1102 485 1134 504 ex
1153 478 1291 513 Apestolo,
1307 483 1362 505 tum
1387 486 1419 506 ex
1444 479 1589 514 Evangelio
1604 481 1646 507 de-

860 527 984 557 prompta
1006 524 1125 550 oracula.
1143 524 1181 551 Ex
1198 525 1326 559 Apostolo
1350 526 1458 560 quidem
1482 526 1557 558 illud,
1574 525 1643 553 Esca

860 570 952 601 ventri,
966 574 990 596 et
1013 574 1100 596 venter
1122 572 1199 603 escis;
1213 575 1240 598 et
1253 579 1313 606 quae
1335 576 1493 605 sequuntur.
1511 571 1562 605 Qui
1577 580 1643 600 sane

860 614 938 642 locus
956 615 989 641 de
1004 616 1121 651 ingluvie
1134 623 1166 643 ac
1186 617 1348 644 helluatione
1361 622 1401 644 est
1412 618 1593 652 accipiendos.
1605 619 1643 645 Ac

861 667 930 687 escae
947 661 1054 695 quidem
1080 661 1199 693 nomine,
1216 670 1442 696 supervacaneam
1458 663 1511 690 cibi
1528 664 1644 697 copiam,

862 707 1010 741 luxumque
1039 707 1163 742 intelligit
1179 717 1184 734 :
1202 716 1249 742 per
1269 715 1390 736 ventrem
1406 715 1494 737 autem
1512 710 1646 737 voracita—

861 757 927 784 tem,
942 760 995 779 non
1011 753 1099 787 ipsum
1115 754 1305 781 ventriculum.
1320 753 1422 782 Iudicat
1438 755 1519 790 igitur
1534 756 1576 783 his
1588 765 1646 782 ver-

863 797 905 825 bis
927 798 1081 832 Apostolus,
1100 799 1212 826 nimiam
1239 800 1292 827 cibi
1316 801 1421 834 copiam
1445 806 1472 828 et
1499 801 1590 828 luxum
1612 803 1646 828 ad

47 848 121 883 φέρει,
142 848 184 874 κα)¹
207 849 240 884 τῇ
264 851 352 884 τρυφῇ
376 849 406 875 τὸ
429 850 478 885 τῆς
493 849 711 885 γαστριμαργίας
729 849 812 881 πάθος

910 844 1056 871 litationem
1069 845 1224 880 perducere,
1234 853 1287 873 non
1300 847 1332 873 ad
1345 846 1427 883 Deum
1443 847 1529 879 ferre;
1543 849 1648 874 luxum-

47 893 172 927 εξλχείωται,
187 895 232 920 καὶ
256 893 368 930 θάτερον
384 895 490 930 Θατέρῳ
505 895 639 921 δουλεύειθ
663 896 676 921 ὁ
700 895 727 921 δὲ
747 895 812 926 Θεὸς

48 939 157 973 ἄπρακτα
173 939 218 964 καὶ
230 940 302 974 ἀργὰ
318 941 424 975 ποιήσει
440 941 534 971 ταῦτα,
547 941 617 967 ὥστε
633 941 668 976 μὴ
681 941 709 974 ἐξ
724 942 812 968 αὐτῶν

48 985 112 1015 τινὰς
126 984 394 1018 βλάπτεσθαι.Ἐοικε
410 986 439 1013 δὲ
455 988 468 1013 ὁ
483 987 559 1020 ἆγιος
573 983 649 1018 οὗτος
662 987 812 1023 χρήσασθαι

47 1031 92 1061 τοῖς
111 1031 290 1063 ἁποστολικοῖς
316 1033 433 1067 ῥήμασιν
449 1033 562 1059 ἐνταῦθα
573 1053 580 1064 ,
596 1033 711 1064 δεικνὺς,
725 1033 765 1059 ὅτι
780 1033 813 1060 τὰ

47 1076 105 1102 κατὰ
116 1077 214 1111 τρυφὴν
230 1077 276 1104 καὶ
298 1078 452 1112 ἀδηφαγίαν
467 1079 596 1112 γινόμενα
613 1078 811 1114 διαϐέϐληνται,

49 1120 86 1145 καὶ
102 1121 236 1156 ἐπιτιμίων
255 1122 323 1147 εἰσὶν
334 1121 406 1153 ἄξια,
421 1122 451 1148 οὐ
462 1122 497 1148 τὰ
510 1122 543 1148 δι’
555 1123 678 1158 ἀνάγκην
693 1124 740 1149 καὶ
755 1123 813 1158 βίαν

48 1167 202 1201 σωματικήν·
229 1167 299 1193 ὥστε
326 1167 377 1193 κᾶν
401 1167 501 1201 ἔφαγον
524 1169 548 1194 οἱ
570 1169 735 1203 αἰχμάλωτοι
754 1177 813 1195 τινα

48 1211 161 1246 βρώματα
171 1212 223 1239 τῶν
238 1213 479 1248 ἀπηγορευμένων,
492 1214 578 1240 δοῦλοι
594 1215 680 1247 ὅντες,
701 1215 735 1241 δι’
747 1216 812 1241 ἀπο⁸

49 1257 98 1291 ρίαν
111 1258 199 1293 ἑτέρας
215 1259 328 1294 τροφῆς,
344 1259 393 1294 τῆς
416 1259 521 1293 φύσεως
542 1260 677 1295 τραφῆναι
692 1260 814 1295 βιαζομέ-

47 1312 94 1337 νης,
109 1305 136 1330 οὐ
161 1305 226 1340 βαρὺ
249 1305 338 1336 τοῦτο,
355 1305 392 1336 ὡς
410 1306 456 1332 καὶ
479 1306 629 1341 ἁμάρτημα
644 1306 811 1342 λογισθῆναι.

52 1349 90 1375 Ἐκ
101 1349 126 1375 δὲ
137 1350 181 1376 τοῦ
198 1351 363 1384 Εὐαγγελίου
375 1352 508 1387 ἐχρήσατο
521 1353 575 1383 τοῖς
588 1352 633 1378 τοῦ
647 1352 748 1388 Κυρίου
766 1353 814 1388 ρή-

48 1403 103 1428 μασι
115 1398 166 1427 τοῖς
180 1397 315 1431 λέγουσιν,
331 1398 381 1427 ὃτι,
401 1399 442 1424 Οὐ
454 1398 486 1424 τὸ
498 1400 746 1433 εἰσπορευόμενον
759 1408 815 1426 κοι-

46 1441 86 1467 νοῖ
95 1441 143 1469 τὸν
153 1442 307 1477 ἄνθρωπον
316 1453 322 1458 ·
337 1445 383 1470 7.2.1
396 1444 480 1470 ταῦτα
492 1444 519 1470 δὲ
533 1445 600 1480 πρὸς
607 1445 656 1480 τὴν
666 1445 813 1481 εἰρημένην

47 1487 160 1515 τείνουσιν
181 1489 294 1516 ἔννοιαν.
319 1489 384 1516 Εἶτα
410 1490 457 1516 καὶ
483 1491 547 1526 περὶ
570 1491 706 1524 γυναικῶν
732 1500 813 1527 φησιν

864 898 917 924 que
933 891 1092 925 plerumque
1106 892 1200 919 vitium
1219 892 1390 920 helluationis
1409 894 1594 929 consequitur,
1609 895 1648 920 al-

865 941 1008 972 terumque
1024 938 1100 965 alteri
1115 938 1249 970 deservit;
1265 938 1337 966 Deus
1355 944 1444 966 autent
1461 940 1536 967 irrita
1551 941 1608 968 haec
1622 946 1649 968 ct

866 989 943 1010 cassa
957 983 1060 1015 reddet,
1078 988 1108 1010 ut
1120 983 1189 1010 nihil
1205 991 1237 1011 ex
1255 985 1321 1019 ipsis
1334 984 1426 1012 damni
1441 986 1568 1020 cuiquam
1582 995 1648 1014 con-

866 1027 1078 1062 tingat.\iidetur
1090 1037 1172 1063 porro
1187 1030 1232 1057 hic
1244 1030 1419 1061 sanctushoc
1433 1031 1493 1059 loco
1507 1040 1573 1060 usus
1586 1041 1649 1068 apo-

866 1075 969 1102 stolicis
987 1075 1086 1106 verbis.
1102 1080 1133 1102 ut
1154 1076 1352 1104 demonstraret
1366 1085 1426 1112 quae
1442 1078 1478 1105 ob
1496 1079 1588 1105 luxum
1616 1088 1648 1107 ac

866 1121 1024 1148 edacitatem
1041 1121 1118 1154 ﬁunt,
1134 1122 1260 1149 damnata
1276 1131 1336 1150 esse
1359 1131 1391 1150 ac
1414 1124 1501 1158 poenis
1518 1125 1646 1157 obnoxia,

867 1173 920 1192 non
936 1166 998 1193 item
1015 1174 1046 1194 ea
1061 1175 1120 1202 quae
1133 1168 1158 1194 vi
1175 1175 1206 1194 ac
1222 1168 1382 1196 necessitate
1398 1170 1520 1203 corporis
1535 1176 1648 1204 cogente

867 1210 1057 1238 admittuntur.
1072 1211 1189 1239 Proinde
1209 1212 1316 1240 etiamsi
1339 1213 1415 1241 cibos
1428 1214 1534 1248 aliquos
1549 1215 1653 1241 vetitos-

866 1255 965 1290 captivi
990 1257 1166 1288 comederint.
1183 1264 1244 1284 eum
1268 1258 1338 1285 servi
1363 1263 1462 1290 essent,
1479 1259 1515 1285 ob
1536 1260 1647 1287 alterius

867 1302 986 1329 alimenti
1003 1303 1132 1337 inopiam,
1149 1303 1238 1330 cibum
1262 1304 1416 1331 necessario
1429 1305 1553 1335 exigente
1571 1311 1650 1332 natu-

867 1354 914 1379 ra;
927 1354 980 1373 non
997 1347 1103 1374 esthoc
1116 1355 1236 1382 eousque
1251 1356 1342 1382 grave,
1360 1353 1390 1375 ut
1407 1354 1434 1375 et
1450 1350 1572 1377 criminis
1589 1351 1649 1377 loco

867 1393 991 1420 ducatur.
1010 1394 1049 1420 Ex
1064 1393 1209 1429 Evangelio
1223 1400 1313 1422 autem
1334 1402 1401 1422 usus
1416 1399 1457 1422 est
1475 1395 1527 1422 illis
1541 1395 1648 1423 Domini

868 1440 957 1467 verbis
974 1449 980 1466 :
1002 1439 1063 1467 Non
1084 1441 1153 1475 quod
1167 1441 1249 1468 intrat
1270 1449 1316 1475 per
1339 1449 1377 1473 as,
1392 1441 1544 1476 coinquinat
1565 1442 1648 1468 Itami-

867 1492 946 1517 nem;
969 1490 994 1512 et
1008 1486 1039 1512 ad
1053 1486 1176 1513 eamdem
1199 1487 1257 1513 bzec
1277 1495 1386 1522 quoque
1400 1489 1561 1515 sententiam
1584 1489 1651 1516 reie-

46 1533 205 1568 αἰχμαλώτων
217 1533 262 1566 αἷς
277 1537 301 1561 οἱ
322 1535 453 1571 βάρϐαροι
473 1536 687 1572 συνεφῡὰρησαν.
704 1538 758 1563 Καὶ
772 1538 811 1563 δί-

910 1536 970 1558 ιιυν.
992 1531 1060 1559 llinc
1074 1533 1107 1560 de
1131 1533 1290 1560 mulieribus
1306 1541 1413 1568 quoque
1425 1535 1538 1568 captivis
1560 1543 1620 1570 quae
1634 1543 1649 1562 a

46 1578 99 1604 δωσι
113 1580 229 1615 γνώμην,
244 1582 296 1612 ὅτι,
311 1583 334 1607 εί
349 1581 397 1616 μὲν
412 1582 426 1607 ὁ
445 1581 538 1617 πρώην
553 1582 640 1608 αὐτῶν
661 1582 716 1617 βίος
731 1591 812 1610 κατε-

47 1624 181 1658 γνωσμένος
196 1622 240 1660 ἧν,
256 1625 391 1657 ὑπόπτους
405 1625 489 1657 αὑτὰς
506 1627 578 1652 ποιεῖ
592 1628 607 1661 ἡ
621 1627 735 1662 πορνικὴ
747 1627 812 1659 ἕξις,

48 1670 85 1694 καὶ
103 1671 129 1696 ὲν
149 1670 185 1705 τῷ
204 1670 294 1707 καιρῷ
316 1671 365 1705 τῆς
380 1671 566 1707 αἰχμαλωσίας
578 1680 584 1686 “
610 1673 656 1699 καὶ
678 1672 722 1698 διὰ
736 1673 814 1699 τοῦτο

47 1716 180 1752 προχείρως
200 1717 296 1748 αὑταῖς
312 1717 342 1743 οὐ
362 1717 537 1752 συνεύχεσθαι
551 1718 599 1748 δεῖ,
613 1718 680 1744 ἀλλὰ
697 1718 765 1753 μετὰ
784 1719 814 1745 τὸ

47 1761 168 1789 δουλεῦσαι
190 1763 290 1798 δηλαδὴ
308 1764 544 1798 ὲπιτιμίοις.Ἕξις
561 1763 582 1790 δ’
598 1764 681 1796 ἐστὶν,
697 1765 713 1799 ἡ
728 1765 814 1799 χρονί-

48 1814 104 1833 ausa
119 1809 255 1844 συνήθεια,
276 1810 323 1836 καὶ
337 1809 376 1844 τῷ
390 1809 477 1845 χρόνῳ
493 1809 671 1844 παγιωθεῐσα,
693 1811 753 1845 ἥτις
767 1811 814 1837 καὶ

47 1852 113 1885 φύσει
126 1855 292 1890 προσέοικεν,
307 1855 376 1882 ὥστε
394 1856 421 1882 αἱ
436 1856 488 1891 μὴν
500 1855 621 1882 τοιαῦται
632 1856 680 1890 οὐχ
692 1856 814 1891 ἥμαρτον

47 1898 189 1931 βιασθεῖσαι.
205 1901 236 1927 Ei
251 1900 280 1926 δὲ
295 1902 308 1927 ὸ
323 1900 452 1935 πρότερος
468 1901 557 1927 αὐτῶν
573 1901 628 1936 βίος
642 1901 756 1937 σώφρων
769 1902 815 1928 καὶ

46 1944 221 1980 ἀνεπίληπτος,
234 1945 408 1973 δουλωθεῖσαι
431 1947 458 1974 δὲ
480 1947 526 1973 καὶ
546 1947 589 1973 διὰ
611 1948 659 1982 τῆς
677 1947 815 1982 αἰχμαλω-

47 1989 106 2021 σίας,
125 1991 156 2017 ἐκ
172 1991 231 2026 βίας
247 1992 396 2027 ὑπέμειναν
418 1993 467 2028 τὴν
489 1992 543 2018 τῶν
567 1992 710 2028 βαρϐάρων
725 1992 812 2028 ὕϐριν,

46 2035 188 2071 ἀνέγκλητοι
205 2038 268 2063 εἰσι.
294 2038 349 2064 Καὶ
374 2038 575 2073 παραδείγματι
592 2038 722 2073 κέχρηται
737 2040 769 2073 τῇ
785 2040 814 2065 ὲν

46 2079 77 2113 τῷ
89 2082 281 2119 Δευτερονομίῳ
295 2083 457 2120 Θεσμοθεσίᾳ
467 2086 500 2120 τῇ
515 2085 578 2120 περὶ
594 2085 642 2120 τῆς
659 2084 814 2119 βιασθείσης

48 2127 177 2161 παρθένου,
192 2129 224 2163 ἣν
237 2129 267 2155 ἐν
279 2129 381 2164 ἐρημίᾳ
394 2130 408 2155 ὁ
418 2128 581 2164 βιασάμενος
595 2128 713 2164 ἔφθειρε,
726 2128 816 2163 λεγού-

48 2182 91 2211 σῃ·
106 2178 158 2204 Οὐκ
173 2177 248 2204 ἔσται
265 2179 297 2213 τῇ
314 2178 412 2205 νεάνιδι
429 2178 580 2214 ἁμάρτημα
596 2178 720 2204 θανάτου.

866 1578 991 1606 barbaris
1006 1583 1140 1613 corrupta:
1155 1584 1228 1611 sunt,
1243 1580 1367 1613 disserit;
1383 1585 1464 1615 atque
1478 1581 1514 1607 ita
1528 1589 1650 1616 pronun-

866 1624 914 1651 tiat
933 1633 939 1650 :
957 1624 979 1651 si
995 1624 1103 1658 quidem
1117 1625 1225 1653 illarum
1242 1631 1362 1653 anteacta
1378 1627 1431 1654 vita
1451 1628 1577 1656 damnata
1593 1630 1651 1658 l'ue-

866 1675 918 1703 rat,
937 1677 984 1696 eas
998 1670 1080 1697 etiam
1097 1672 1262 1705 captivitatis
1277 1677 1398 1707 tempore
1419 1673 1581 1702 fornicarius
1605 1676 1652 1703 ha-

867 1716 941 1743 bitus
955 1720 1097 1751 suspectas
1113 1717 1188 1747 facit.
1206 1718 1373 1753 proindeque
1394 1719 1464 1746 haud
1489 1720 1568 1748 facile
1585 1722 1651 1755 ipsis

867 1762 893 1789 in
908 1763 1063 1797 precatione
1079 1765 1281 1792 communicare
1303 1771 1419 1799 oportet,
1434 1766 1484 1793 nisi
1508 1767 1597 1794 debita
1613 1769 1651 1794 vi-

866 1808 963 1836 delicet
987 1810 1150 1843 poenitentiae
1175 1815 1294 1844 tempora
1312 1811 1488 1845 expleverint.
1505 1812 1552 1840 Est
1572 1821 1651 1848 porro

867 1855 986 1886 habitus,
1002 1855 1130 1883 diuturna
1145 1864 1178 1883 ac
1193 1861 1312 1890 tempore
1326 1857 1484 1885 conﬁrmata
1505 1864 1652 1886 consuetu-

866 1901 912 1934 do,
927 1909 988 1936 quze
1003 1906 1108 1929 natura:
1131 1902 1227 1930 similis
1245 1907 1297 1935 est,
1315 1907 1344 1930 ut
1362 1908 1501 1938 propterea
1517 1905 1652 1939 ejusmodi

867 1947 996 1974 mulieres
1011 1955 1184 1982 nequaquam
1197 1948 1222 1975 vi
1239 1954 1348 1976 coactas
1361 1957 1487 1983 peccasse
1500 1951 1651 1985 putandum

867 1994 912 2021 sit.
928 1993 1006 2026 Quod
1022 1994 1043 2021 si
1059 1994 1175 2028 priorem
1190 1995 1274 2021 vitam
1291 2000 1364 2022 caste
1387 2003 1418 2023 ae
1433 1997 1500 2024 citra
1524 1997 1652 2024 oﬂ'ensio—

866 2046 929 2066 nem
950 2043 1073 2074 egerunt,
1088 2044 1143 2066 tum
1160 2040 1283 2067 abducta:
1301 2041 1326 2067 in
1341 2042 1497 2068 servitutem
1516 2043 1550 2069 ob
1566 2044 1651 2077 capti-

866 2085 987 2116 vitatem,
1004 2093 1036 2112 cx
1050 2086 1177 2113 violentia
1192 2087 1369 2113 barbarorum
1387 2089 1578 2114 conlumcliam
1594 2097 1652 2122 pas-

868 2139 905 2158 sa:
917 2135 989 2162 sunt.
1008 2131 1143 2158 immunes
1160 2138 1222 2159 sunt
1238 2141 1253 2159 a
1270 2133 1347 2166 culpa
1363 2142 1369 2159 :
1384 2133 1590 2167 exemplumth
1603 2134 1651 2160 ad-

869 2177 952 2210 hibet,
967 2178 1039 2212 quod
1057 2178 1084 2204 in
1100 2177 1301 2205 Deuteronomii
1316 2179 1555 2206 constitutionibus
1569 2179 1653 2205 refer—

47 2226 92 2254 tur.
105 2224 136 2251 de
151 2226 255 2259 virgine
284 2226 339 2253 vim
367 2234 458 2261 passa,
482 2234 564 2261 quam
591 2226 618 2252 in
643 2227 789 2254 solitudine
807 2226 942 2261 quispiam
970 2226 1083 2254 violavit
1107 2235 1113 2253 :
1139 2226 1198 2253 Non
1229 2227 1291 2258 erit,
1321 2226 1418 2261 inquit,
1447 2227 1653 2267 adolescentula:

48 2277 171 2303 peccatum
184 2274 292 2300 mortis.

335 2320 453 2346 KANQN
476 2320 513 2346 B'.

77 2373 84 2389 ι
102 2365 175 2401 Δεινὴ
187 2367 204 2402 ἡ
222 2366 362 2397 πλεονεξία
374 2385 381 2398 ,
397 2367 444 2393 καὶ
467 2367 516 2392 οὐκ
541 2366 597 2392 ἔστι
617 2366 651 2392 δι’
674 2367 817 2401 ἐπιστολῆς
834 2366 855 2393 D

50 2419 56 2432 ε
75 2412 132 2444 μιᾶς
145 2412 314 2448 παραθέσθαι
332 2412 366 2439 τὰ
382 2413 439 2438 Θεία
452 2413 618 2447 γράμματα,
635 2414 663 2439 ὲν
684 2411 724 2445 οἷς
737 2414 767 2439 οὐ
786 2414 814 2440 τὺ

50 2464 57 2478 ι
72 2455 200 2491 λῃστευειν
214 2459 292 2494 μόνον
306 2459 416 2493 φρικτὸν
428 2458 473 2484 καὶ
487 2458 618 2493 φρικῶδες
635 2459 815 2493 καταγγέλλε-

50 2510 56 2522 ι
73 2511 110 2528 ται
123 2524 129 2535 ,
150 2504 216 2531 ἀλλὰ
236 2505 349 2531 καθόλου
367 2504 396 2531 τὸ
416 2504 586 2530 πλεονεκτεῖν
602 2504 649 2530 καὶ
669 2505 815 2540 ἀλλοτρίων

51 2549 228 2582 «ἐφάπτεσθαι
251 2552 297 2577 ἐπὶ
317 2550 537 2586 αἰσχροκερδείᾳ·
559 2551 606 2577 καὶ
630 2552 682 2582 πᾶς
698 2551 816 2582 τοιοῦτος

50 2602 57 2617 ί
72 2595 230 2631 ἐκκὴρυκτος
247 2597 408 2631 Ἑκκλησίας
432 2596 508 2623 Θεοῦ.
524 2597 559 2622 Τὸ
574 2596 601 2622 δὲ
618 2597 647 2622 ὲν
662 2596 748 2632 καιρῷ
767 2597 816 2632 τῆς

51 2647 57 2662 ι
74 2641 248 2678 καταδρομῆς,
260 2644 288 2669 ὲν
308 2643 424 2678 τοσαύτῃ
435 2644 539 2678 οἰμωγῇ
550 2643 596 2668 καὶ
609 2642 743 2674 τοσούτοις
751 2642 817 2678 θρή-

50 2693 57 2708 ‹
74 2694 122 2718 νοις
131 2688 260 2723 τολμῆσαί
276 2697 351 2720 τινας
363 2689 407 2715 τὸν
421 2689 513 2724 καιρὸν
536 2688 580 2714 τὸν
603 2689 686 2714 πᾶσιν
708 2687 817 2724 ὀλεθρον

51 2739 58 2754 I
74 2732 179 2767 φέροντα
189 2735 297 2770 νομίσαι
311 2736 416 2766 ἑαυτοῖς
429 2735 523 2770 καιρὸν
540 2733 606 2761 εἶναι
621 2734 747 2769 κέρδους,
770 2735 817 2760 ἀν-

50 2785 57 2801 I
74 2777 181 2813 θρώπων
193 2782 264 2807 ἐστὶν
273 2782 378 2808 ἀσεϐῶν
390 2782 436 2808 καὶ
449 2781 601 2815 θεοστυγῶν
611 2802 617 2813 ,
629 2782 687 2808 οὐδὲ
702 2781 816 2817 ὑπερϐο-

51 2822 117 2856 (λὴν
138 2827 248 2858 ἀτοπίας
271 2827 394 2862 ἑχόντων.
412 2827 492 2854 Ὀοεν
504 2827 574 2859 ἔδοξε
598 2829 659 2859 τοὺς
681 2827 815 2859 τοιούτους

1143 2319 1258 2347 CANON
1276 2319 1308 2346 ll.

910 2375 919 2391 ‹
943 2365 1038 2393 Gravis
1053 2370 1094 2392 est
1117 2365 1229 2392 avaritia
1243 2385 1250 2397 ,
1275 2373 1325 2392 nec
1341 2370 1455 2400 possunt
1472 2373 1524 2392 una
1539 2366 1652 2401 epistola

871 2420 880 2437 ε
903 2412 1017 2446 proponi
1033 2411 1189 2446 Scriptum,
1208 2411 1235 2437 in
1250 2411 1349 2446 quibus
1366 2420 1418 2438 non
1435 2413 1522 2439 solum
1539 2414 1653 2447 praedari

870 2468 879 2482 ί
905 2457 1060 2492 fugiendum
1076 2458 1296 2492 horrendumque
1309 2457 1472 2492 praedicatur
1483 2479 1490 2490 ,
1508 2458 1554 2485 sed
1575 2459 1652 2493 plura

870 2513 879 2529 ι
902 2504 983 2531 etiam
1004 2504 1209 2538 concupiscere,
1234 2509 1261 2531 et
1282 2503 1370 2530 aliena
1385 2508 1494 2538 propter
1517 2511 1594 2538 turpe
1613 2505 1654 2531 lu-

871 2559 880 2575 ι
903 2558 980 2577 crum
993 2551 1142 2584 attingere:
1161 2555 1187 2577 et
1200 2551 1353 2584 qtticttnquc
1365 2556 1406 2576 est
1417 2550 1561 2583 ejusmodi,
1580 2551 1601 2578 is
1613 2556 1654 2578 est

873 2606 882 2622 ε
905 2604 920 2623 a
939 2596 985 2623 Dei
1005 2595 1124 2623 Ecclesia
1142 2596 1292 2624 abdicatuS.
1312 2595 1340 2622 lu
1358 2601 1477 2631 tempore
1500 2600 1588 2622 autem
1613 2596 1655 2622 in-

873 2651 882 2668 ι
905 2642 1056 2674 cursionis,
1074 2641 1100 2668 in
1115 2646 1189 2669 tanto
1206 2642 1279 2669 luctu
1296 2642 1430 2676 tantisque
1441 2641 1557 2672 ﬂetibus,
1572 2649 1654 2668 ausos

872 2698 882 2714 ‹
905 2695 964 2715 esse
984 2688 1090 2722 aliquos
1107 2691 1211 2722 tempus
1226 2688 1297 2722 quod
1318 2687 1444 2714 omnibus
1460 2687 1573 2713 exitium
1590 2687 1654 2714 alle-

866 2744 882 2760 -ε
903 2734 995 2766 rebat,
1011 2733 1167 2760 existimare
1178 2740 1239 2760 esse
1256 2734 1305 2760 sibi
1322 2734 1389 2761 lucri
1405 2738 1510 2768 tempus
1523 2753 1530 2766 ,
1553 2738 1594 2759 est
1608 2733 1658 2758 hu-

873 2790 882 2806 ι
906 2779 1008 2806 minum
1031 2779 1175 2814 impiorum
1192 2783 1218 2806 et
1236 2778 1290 2806 Deo
1314 2779 1479 2810 invisorum,
1495 2783 1520 2806 ct
1538 2786 1655 2812 quorum

874 2835 882 2852 ι
905 2825 1070 2860 improbitati
1083 2825 1149 2852 nihil
1161 2829 1249 2860 potest
1262 2825 1352 2859 adjici.
1367 2824 1443 2853 Unde
1457 2833 1551 2852 omnes
1567 2824 1655 2852 istius-
