1857 3047
214 93 282 122 ΙΩΞἹ

780 98 810 125 S.
830 97 997 126 GREGORII
1015 98 1271 128 THAUMATURGI

1783 99 1839 126 1023

214 161 223 177 1
248 152 318 180 modi
337 153 462 180 abdicare
475 152 562 180 visum
577 158 628 184 est.
642 161 675 181 nc
691 153 761 183 forte
772 154 798 180 in
813 160 899 181 totum
913 161 996 189 popu-

1083 156 1242 192 ὲκκηρὺξαι,
1260 157 1364 192 μήποτε
1381 157 1422 191 ἐφ’
1436 157 1495 184 ὅλον
1511 156 1577 193 ἔλθῃ
1591 157 1638 184 τὸν
1652 156 1721 184 λαὸν
1741 159 1758 193 ὴ
1779 159 1838 194 ὀργὴ

215 207 223 222 1
248 199 302 224 lum
317 198 356 225 ira
374 197 472 230 veniat,
487 202 514 225 et
529 198 555 224 in
570 205 617 225 eos
634 199 751 232 primum
764 199 810 232 qui
827 204 956 233 prtesuut,
974 203 1001 225 ct

213 253 222 269 1
248 252 300 271 non
316 244 466 278 inquirunt.
484 243 584 271 Vereor
599 245 683 277 enim,
700 249 730 271 ut
746 245 784 271 ait
799 244 950 279 Scriptura,
967 253 1001 272 ne

212 299 222 314 1
246 290 345 324 impius
369 290 474 324 justum
496 298 548 316 una
568 298 660 318 secum
683 290 778 325 perdat
798 291 819 317 ⁸.
845 290 999 317 Fornicalio

212 345 221 360 1
244 335 326 366 enim.
346 335 449 369 inquit,
470 341 494 362 et
512 336 642 368 avaritia,
665 344 711 370 per
725 344 784 371 qua:
803 337 872 363 venit
893 337 935 363 ira
953 336 1000 363 Dei

211 391 220 406 1
246 382 273 407 in
294 381 364 416 ﬁlios
382 380 563 409 inobedientia:
577 387 585 407 :
598 389 630 407 ne
651 381 709 408 sitis
725 390 786 416 ergo
809 390 899 409 eorum
914 383 999 417 parti-

212 436 220 452 1
242 427 320 461 cipes.
335 425 435 452 Fuisti:
450 427 519 452 enim
531 426 675 461 aliquando
686 426 816 454 tenebm:
833 436 900 454 nunc
911 432 999 454 autem

211 482 220 497 1
244 472 291 498 tua:
315 472 343 498 in
368 471 489 498 Domino.
512 471 545 499 Ut
563 472 614 506 ﬁlii
636 472 703 498 lucis
729 473 861 499 ambulate
886 473 998 509 (fructus

211 528 220 543 1
243 518 312 545 enim
337 517 402 544 luris
418 522 456 544 est
473 518 501 544 in
517 518 587 544 omni
599 517 877 552 bonitate,etjuslitia,
893 526 917 546 et
932 520 999 546 veri-

209 573 219 590 1
243 564 325 598 tate),
351 565 489 598 probantes
511 563 580 598 quod
607 564 642 591 sit
669 563 723 590 Deo
747 571 900 599 acceptum:
923 570 947 592 el
968 575 999 593 nc

211 617 220 633 1
242 610 432 635 communicate
446 608 612 643 iufrugiferis
626 609 745 643 operibus
760 610 934 643 tenebrarum,
953 611 997 638 sed

210 664 220 680 1
243 655 329 687 potius
346 654 426 680 etiam
447 653 605 689 redarguite.
625 654 691 686 Quw
707 655 777 681 enim
797 657 830 682 ab
850 657 914 691 ipsis
930 657 996 691 ﬁunt

211 711 220 728 1
243 702 409 736 clanculum,
433 707 508 736 turpe
528 707 565 729 est
587 703 629 730 vel
639 703 734 731 dicere.
763 704 859 732 Omnia
878 712 965 732 autent
980 716 996 733 ιι

211 758 219 774 1
242 749 299 776 luce
315 750 431 776 convicta
444 750 652 784 manifestautur
666 751 697 778 '°.
722 750 783 779 llaec
801 753 908 787 quidem
927 753 997 788 Apo«

210 805 220 822 1
243 795 341 823 stolus.
369 795 397 822 Si
422 800 511 822 autem
528 796 574 831 qui
594 800 703 831 propter
721 799 838 832 priorem
854 799 930 834 plura
949 801 997 826 lia-

209 852 218 868 1
243 841 322 869 bendi
349 842 544 876 cupiditatem,
572 851 633 877 quae
662 844 688 870 in
706 852 771 879 pace
795 844 863 876 fuit,
887 853 995 880 pennam

210 897 219 913 1
242 887 326 920 dant,
351 887 377 914 in
405 888 463 922 ipso
480 888 526 915 iraa
543 892 664 923 tempore
681 898 778 918 rursus
800 891 833 918 ad
855 892 996 919 avaritiam

210 944 219 959 1
243 939 454 966 convertuntur,
469 934 670 962 lucrifacientes
685 943 718 962 ex
734 937 866 971 sanguine
885 941 912 964 et
932 945 995 972 per-

209 989 218 1006 1
242 980 313 1007 nicie
331 988 486 1007 eversornm
509 980 665 1013 hominum,
683 982 869 1016 captivorum,
887 982 997 1010 interfe-

209 1036 219 1051 1
242 1030 368 1058 ctorum;
392 1026 456 1060 quid
478 1025 550 1053 aliud
572 1027 785 1061 exspectandum
805 1031 855 1059 est,
869 1035 950 1063 quam
967 1033 996 1055 ut

210 1081 220 1098 1
243 1071 357 1099 avaritia
369 1072 538 1099 decertantes
555 1071 624 1100 iram
643 1072 694 1100 sibi
709 1077 735 1100 et
746 1073 876 1101 universo
896 1074 995 1109 populo

210 1127 221 1143 1
244 1118 436 1146 accumulent?
449 1126 460 1144 ι

241 1208 322 1237 ΒΑιε.
342 1209 370 1237 1η
387 1214 507 1245 tempore
528 1210 702 1244 incursionis,
725 1210 835 1246 quidam
853 1218 887 1238 ex
901 1210 996 1238 ortho-

207 1255 287 1283 doxis
302 1257 493 1290 corripuerunt
504 1264 548 1284 res
560 1264 621 1291 quas
635 1257 803 1292 captivorum
817 1256 995 1292 depraedatio-

206 1309 268 1328 nem
288 1300 450 1336 eﬂ'ugerunt.
477 1301 515 1329 De
532 1302 573 1329 his
590 1310 654 1337 ergo
679 1303 862 1337 interrogatus
883 1305 995 1329 sanctus

205 1346 281 1377 dicit.
296 1347 368 1382 quod
380 1347 506 1382 quisquis
522 1352 562 1375 est
579 1355 688 1381 avarus,
706 1352 748 1375 est
763 1348 797 1374 ab
810 1347 929 1375 Ecclesia
947 1347 995 1374 ab-

205 1392 323 1424 dicatus,
347 1392 372 1420 id
391 1397 444 1425 est,
461 1394 563 1428 ejectus
584 1398 611 1422 et
635 1394 749 1422 alienus.
776 1393 908 1421 Dicuntur
921 1393 993 1420 enim

205 1436 321 1464 abdicati
340 1437 386 1464 ﬁlii
402 1439 511 1473 quando
527 1443 638 1474 propter
652 1439 742 1474 aliqua
764 1439 876 1466 crimina
893 1438 927 1466 ab
941 1438 995 1464 lue-

205 1483 320 1510 reditate
335 1489 447 1518 paterna
460 1485 623 1513 alienantur.
645 1485 673 1512 ln
691 1491 810 1520 tempore
826 1485 993 1513 autem'talis

205 1528 370 1556 calamitatis
396 1529 496 1557 audere
517 1529 634 1564 aliquem
657 1530 762 1558 facinus
785 1531 940 1565 ejusmodi,
966 1535 994 1559 et

204 1574 361 1602 cxislimare
384 1575 498 1602 aliorum
515 1575 698 1604 calamitatem
712 1585 773 1604 esse
795 1577 836 1604 sui
857 1577 924 1604 lucri
948 1585 994 1604 oc-

205 1620 355 1653 casionem,
367 1626 409 1648 cst
421 1621 568 1656 impiorum
581 1622 722 1649 hominum
737 1627 763 1649 et
775 1623 828 1650 Deo
843 1623 993 1650 invisorum

205 1672 231 1694 et
246 1667 293 1701 qui
310 1674 418 1694 omnem
432 1667 632 1702 improbitatem
647 1673 786 1703 superant.
814 1668 889 1696 Unde
905 1670 993 1697 visum

205 1717 248 1739 est
260 1720 307 1740 eos
324 1712 460 1746 abdicare,
478 1721 526 1748 pro
548 1721 580 1741 co
604 1714 677 1748 quod
692 1718 743 1746 est,
761 1719 853 1750 aperte
873 1715 993 1743 Ecclesia

205 1757 351 1791 expcliere,
376 1761 403 1784 et
427 1765 442 1784 a
469 1758 588 1785 ﬁdelium
603 1758 776 1786 multitudine
796 1767 939 1794 separare:
961 1768 995 1788 ne

205 1808 315 1838 propter
330 1802 405 1837 ipsos
419 1804 465 1831 Dei
481 1804 521 1831 ira
540 1804 567 1830 in
584 1811 680 1832 omnes
696 1805 794 1837 veniat,
811 1810 839 1833 et
854 1810 915 1833 ante
927 1807 994 1834 alios

205 1850 232 1876 in
250 1856 297 1877 eos
311 1850 358 1883 qui
377 1854 515 1884 pnesunt,
532 1849 579 1884 qui
594 1849 727 1884 ejusmodi
744 1851 867 1879 homines
885 1860 939 1879 non
954 1853 995 1880 in—

205 1894 318 1930 quirunt
333 1898 360 1921 et
371 1895 538 1922 examinant.
554 1895 654 1923 Deinde
668 1896 808 1932 subjungit
820 1897 900 1925 etiam
917 1900 994 1926 testi-

204 1940 298 1967 monia
317 1939 475 1975 Scripturae,
492 1945 519 1968 et
538 1940 610 1968 circa
629 1942 708 1969 ﬁnem
723 1942 820 1970 infert:
840 1942 868 1970 Si
884 1944 930 1979 qui
946 1953 994 1972 au-

206 1991 259 2012 tem
283 1990 392 2020 propter
417 1993 494 2013 suam
514 1987 677 2020 avaritiam,
703 1995 764 2022 quae
792 1987 843 2016 fuit
876 1994 995 2024 tempore

1055 211 1064 226 1
1084 202 1130 228 καὶ
1145 203 1187 228 ἐπ’
1198 203 1297 234 αὐτοὺς
1307 203 1415 237 πρῶτον
1429 204 1493 234 τοὺς
1514 203 1710 238 προεστῶτας,
1727 205 1789 235 τοὺς
1808 205 1838 239 μὴ

1055 256 1063 272 1
1085 248 1289 284 ἐπιζητοῦντας.
1311 249 1448 284 Φοϐοῦμαι
1466 249 1537 285 γὰρ,
1560 249 1627 285 ὼςὴ
1645 250 1744 286 Γραςὴ
1763 250 1837 284 λέγει,

1054 302 1063 318 1
1084 294 1121 329 μὴ
1135 295 1303 332 συναπολέσῃ
1324 295 1424 330 ἀσεϐὴς
1435 295 1480 322 τὸν
1495 294 1609 323 δίκαιον.
1627 296 1759 329 Πορνεία
1781 298 1837 331 γὰρ,

1053 348 1062 363 1
1083 340 1164 375 φησὶ,
1186 340 1235 366 καὶ
1256 340 1426 373 πλεονεξία,
1440 341 1476 367 δι’
1489 341 1637 375 ἁὲρχεται
1661 342 1681 375 ἡ
1705 341 1778 376 ὀργὴ
1794 343 1837 368 τεῦ

1053 394 1062 410 1
1085 385 1157 411 Θεοῦ
1172 386 1221 413 ἐπὶ
1234 386 1304 419 τοὺς
1316 386 1400 420 υἱοὺς
1418 387 1473 421 τῆς
1487 387 1650 420 ἀπειθείας.
1664 388 1693 413 Μ
1698 386 1715 420 ἡ
1727 386 1783 414 οὖν
1802 389 1838 421 πέ-

1053 440 1062 456 1
1082 433 1171 458 νεσθε
1186 431 1367 467 συμμέτοχοι
1377 432 1485 459 αὐτῶν.
1493 430 1562 459 Ἧτε
1574 433 1628 467 γάρ
1638 441 1714 459 ποτε
1721 435 1836 466 σκότίς,

1053 486 1062 502 1
1081 477 1140 504 νῦν
1157 477 1191 504 δὲ
1203 478 1265 512 φῶς
1277 478 1312 505 ἐν
1319 479 1425 511 Κυρίῳ.
1445 478 1490 511 Ὠς
1503 478 1594 505 τέκνα
1603 478 1702 513 φωτὸς
1724 487 1837 513 περιπα-

1053 532 1062 548 1
1083 523 1157 550 τεῒτε
1171 524 1180 553 (
1188 525 1204 551 ὁ
1217 523 1272 558 γὰρ
1286 524 1400 558 καρπὸς
1409 523 1461 551 τοῦ
1476 524 1576 559 φωτὸς
1586 525 1622 551 ὲν
1637 525 1726 559 ,πάσῃ
1738 525 1835 559 arua:—

1052 577 1060 593 1
1081 569 1162 603 σύνῃ
1174 569 1222 596 καὶ
1232 570 1371 605 ἀληθείᾳ)
1383 590 1390 601 ,
1410 570 1617 605 δοκιμάζοντες
1631 572 1662 598 τί
1679 571 1839 605 εὐάρεστον

1051 623 1060 639 1
1080 613 1119 647 τῷ
1141 616 1255 648 Κυρίῳ,
1275 615 1325 642 καὶ
1347 615 1390 650 μὴ
1409 617 1638 651 συγκοινωνεῖτε
1660 617 1726 650 τοῖς
1745 618 1837 652 ἔργοις

1051 670 1060 685 1
1080 660 1143 693 τοῖς
1165 660 1311 695 ἀκάρποις
1339 661 1392 688 τοῦ
1413 663 1561 696 σκότους,
1587 662 1715 698 μᾶλλον
1738 663 1771 690 δὲ
1793 665 1837 690 ῖαὶ

1051 715 1060 732 ι
1078 706 1228 741 ἐλέγχετε·
1252 707 1288 734 τὰ
1303 707 1358 742 γὰρ
1384 707 1483 742 κρυφῇ
1506 709 1656 743 γινόμενα
1675 710 1727 736 ὑπ’
1747 709 1840 737 αὐτῶν

1050 761 1059 777 1
1079 753 1207 787 αἰσχρόν
1223 753 1288 780 ἐστι
1305 753 1353 780 καὶ
1367 753 1477 789 λέγειν.
1501 755 1540 781 Τὰ
1550 754 1585 781 δὲ
1603 755 1705 782 πάντα
1719 756 1839 790 ἑλεῖ-χό-

1051 806 1059 822 1
1074 806 1153 831 μενα
1167 798 1227 825 ὑπὸ
1240 798 1293 825 τοῦ
1306 799 1402 833 φωτὸς
1418 799 1610 834 φανεροῦται.
1632 801 1755 828 Τοιαῦτα
1767 802 1814 836 μὲν
1828 804 1839 827 ὁ

1050 852 1059 868 1
1089 843 1262 876 Ἀπόστολος.
1286 844 1348 871 Ἐὰν
1364 844 1402 877 δὲ,
1414 844 1457 871 διὰ
1470 845 1518 880 τὴν
1535 847 1674 882 προτέραν
1687 847 1838 880 πλεονεξὲω

1049 896 1059 914 ι
1076 888 1125 923 τὴν
1138 889 1166 914 ὲν
1175 890 1206 924 τῇ
1217 889 1312 926 εἰρήνῃ
1321 890 1468 926 γενομένην
1478 890 1556 926 δίκην
1566 892 1718 924 τιννύντες,
1731 893 1760 918 ὲν
1770 894 1837 928 αἰτιᾷ

1049 942 1059 958 ‹
1078 933 1117 968 τῷ
1130 934 1218 969 καιρῷ
1241 935 1291 969 τῆς
1313 935 1396 970 ὀργῆς
1420 934 1500 962 πάλιν
1524 935 1593 971 πρὸς
1615 936 1665 971 τὴν
1683 936 1837 969 πλεονεξίαν

1049 987 1058 1004 1
1076 978 1233 1014 ἐκτραπῶσί
1246 987 1327 1012 τινες,
1342 980 1528 1015 κερδαίνοντες
1543 980 1573 1012 ἐξ
1586 980 1704 1016 αἵματος
1727 982 1774 1008 καὶ
1787 983 1839 1008 6:5—

1049 1033 1058 1050 1
1077 1024 1141 1059 θρου
1155 1024 1305 1059 ἀνθρώπων
1324 1026 1482 1053 ἀναστάτων
1495 1027 1653 1062 γενομένων
1666 1027 1682 1062 ἢ
1698 1028 1835 1063 silphi;-

1048 1079 1058 1096 1
1075 1079 1137 1102 των,
1151 1071 1366 1106 πεφονευμένων,
1386 1073 1411 1098 τί
1424 1073 1516 1108 ἕτερον
1533 1073 1694 1108 προσδοκᾷν
1713 1075 1792 1109 χρὴῆ
1806 1074 1838 1105 (1.;

1048 1125 1058 1141 1
1076 1117 1330 1155 ὲπαγωνεςομὲνους
1343 1119 1375 1153 τῇ
1391 1117 1542 1153 πλεονεξίᾳ,
1554 1119 1745 1154 ὲπισωρεῦσαι
1756 1120 1838 1156 ὀργὴν

1048 1171 1057 1188 1
1074 1162 1122 1189 καὶ
1133 1163 1238 1194 ἑαυτοῖς
1251 1163 1297 1190 καὶ
1313 1164 1395 1190 παντὶ
1408 1163 1448 1198 τῷ
1466 1163 1538 1199 λαῷ;
1556 1173 1566 1190 ι

1080 1209 1176 1236 ΒΔΛΣ.
1191 1209 1234 1236 Ἐν
1247 1208 1286 1244 τῷ
1297 1209 1385 1244 καιρῷ
1396 1210 1446 1244 τῆς
1458 1210 1512 1236 τῶν
1521 1209 1670 1246 βαρϐάρων
1681 1210 1837 1246 ἐπιδρομῆς,

1046 1254 1172 1289 ἥρπασάν
1187 1263 1258 1286 τινες
1273 1255 1327 1282 τῶν
1340 1255 1486 1291 ὀρθοδόξων
1497 1255 1532 1282 τὰ
1549 1255 1597 1292 τὴν
1619 1256 1771 1292 λεηλασίαν
1787 1256 1838 1282 δια-

1045 1300 1164 1335 φυγόντα
1193 1300 1248 1327 τῶν
1286 1301 1556 1337 αἰχμαλωτισθέντων
1579 1302 1746 1337 πράγματα,
1778 1303 1839 1336 Περὶ

1043 1346 1146 1373 τούτων
1162 1344 1207 1373 οὖν
1225 1347 1374 1383 ἐρωτηθεὶς
1385 1348 1398 1374 ὁ
1422 1347 1509 1381 ἆγιος,
1522 1347 1617 1383 φησὶν,
1632 1347 1674 1374 ὅτι
1689 1349 1747 1379 πᾶς
1769 1348 1829 1373 πλευ,

1044 1391 1141 1428 νέκτης
1159 1393 1327 1428 ἐκκήρυκτος
1348 1393 1398 1428 τῆς
1425 1392 1589 1428 Ἐκκλησὶας
1603 1394 1691 1425 ἐστὶν,
1709 1393 1774 1419 ἀντὶ
1787 1393 1839 1426 τοί,

1043 1437 1195 1472 ἀπόϐλητος
1215 1438 1262 1464 καὶ
1283 1438 1433 1474 ἀλλότριος.
1457 1438 1715 1474 ’Δπιικηρύσσεσθαι
1732 1441 1788 1476 γὰρ
1802 1440 1839 1465 ἱέ-

1044 1491 1137 1517 γονται
1150 1485 1174 1510 οἱ
1186 1484 1238 1510 υἱοὶ
1252 1484 1315 1510 ὅταν
1334 1484 1379 1510 διά
1388 1493 1447 1511 τινα
1458 1484 1608 1519 αἰτιάματα
1618 1485 1651 1511 ὲκ
1665 1485 1718 1520 τῆς
1736 1486 1840 1519 γονικῄ

1044 1529 1224 1565 κληρονομίας
1238 1528 1438 1566 ἁλλοτριῶνται.
1456 1530 1491 1556 Τὸ
1502 1530 1530 1556 δὲ
1546 1531 1575 1556 ὲν
1592 1530 1687 1566 καιρῷ
1702 1532 1840 1566 συμφορὴ

1042 1576 1169 1611 τοιαύτης
1180 1576 1310 1612 τολμῆσαί
1327 1585 1387 1603 τινα
1398 1575 1516 1602 τοιοῦτον
1530 1585 1558 1602 τι
1575 1577 1662 1603 κακὸν
1673 1596 1681 1609 ,
1697 1578 1749 1603 καί
1775 1578 1841 1610 λογί-

1045 1622 1142 1649 σασθαι
1155 1623 1272 1658 κέρδους
1285 1622 1411 1658 ἀφορμὴν
1424 1622 1473 1657 τὴν
1484 1622 1537 1648 τῶν
1550 1622 1675 1657 ἀδελφῶν
1689 1624 1840 1658 emuniri“

1043 1668 1123 1703 ἔργον
1137 1668 1210 1695 ἐστὶν
1228 1667 1379 1704 ἀνθρώπων
1394 1667 1499 1694 ἀσεϐῶν
1513 1669 1560 1694 καὶ
1575 1668 1629 1694 ὑπὸ
1643 1668 1693 1695 τοῦ
1714 1669 1785 1695 Θεοῦ
1802 1678 1840 1703 ιμ-

1045 1712 1193 1748 σουμένων,
1206 1713 1252 1740 καὶ
1263 1713 1353 1748 πάσης
1374 1713 1488 1744 ἀτοπίας
1506 1713 1647 1740 ἐπέκεινα.
1663 1713 1749 1740 Ὅθεν
1772 1714 1840 1746 ἔδοξε

1043 1759 1106 1790 τοὺς
1116 1758 1252 1790 τοιούτους
1267 1758 1417 1794 ὲκκηρύξαι
1431 1759 1491 1786 ἀντὶ
1502 1758 1560 1791 τοῦ,
1580 1759 1711 1794 φανερῶς
1718 1759 1842 1791 ὲκδιῶξιι

1043 1803 1093 1838 τῆς
1113 1803 1292 1839 Ἐκκλησίας,
1311 1805 1358 1830 καὶ
1375 1803 1490 1839 χωρίσαι
1515 1804 1562 1830 τοῦ
1582 1804 1776 1840 πληρώματος
1795 1805 1841 1830 τῶν

1045 1849 1160 1876 πιστῶν·
1179 1849 1222 1876 ἵνα
1237 1850 1274 1885 μὴ
1283 1849 1316 1875 δι’
1330 1849 1429 1881 αὐτοὺς
1445 1851 1462 1885 ἡ
1479 1849 1547 1885 ὀργὴ
1560 1849 1607 1876 τοῦ
1622 1849 1692 1876 Θεοῦ
1719 1850 1789 1886 ἔλθῃ
1801 1851 1840 1876 ἐπὶ

1045 1895 1158 1927 πάντας,
1174 1896 1221 1922 καὶ
1234 1895 1285 1931 πρὺ
1297 1895 1351 1922 τῶν
1365 1895 1451 1922 ἄλλων
1467 1896 1513 1922 ἐπὶ
1523 1896 1585 1927 τοὺς
1596 1897 1794 1930 προεστῶτας,
1806 1897 1837 1930 μὴ

1045 1940 1241 1977 ἐπιζητοῦντας
1253 1940 1300 1967 καὶ
1317 1940 1492 1973 ἐξετάζοντας
1512 1941 1574 1972 τοὺς
1597 1941 1754 1973 τοιούτους.
1780 1940 1841 1968 Εἶτα

1046 1988 1142 2022 ιπάγει
1160 1988 1207 2015 καὶ
1222 1987 1362 2024 Γραφικὰς
1379 1988 1530 2023 μαρτυρίας
1541 2007 1548 2019 ,
1563 1988 1612 2014 καὶ
1630 1988 1697 2024 περὶ
1716 1989 1751 2015 τὸ
1770 1989 1840 2018 τῇπ

283 2012 291 2019 .
334 2012 341 2020 .
421 2012 426 2013 γ
516 2012 527 2013 γ
706 2012 763 2022 τν-
792 2012 843 2016 ----
876 2012 995 2024 --η--γνιν

205 2030 280 2064 pacis
295 2051 302 2064 ,
327 2031 434 2065 puniti,
459 2031 486 2059 in
513 2032 690 2060 barbarorum
717 2033 815 2061 iterum
840 2034 995 2064 incursione

1083 2012 1233 2070 ἷςέἐρεῐῖἰςξ
1245 2012 1757 2068 ἓξἑζᾷέξδῖἆζιςὲᾇέέἰαῖθενοιὶένην
1782 2012 1839 2069 .4;-

205 2076 298 2103 eadem
316 2077 503 2111 peccaverint,
524 2078 560 2110 ii,
580 2078 677 2113 inquit.
693 2086 748 2106 non
763 2080 849 2107 solum
866 2080 912 2108 Dei
926 2081 994 2109 iram

204 2121 232 2150 in
253 2130 282 2149 se
300 2123 440 2150 attrahunt
451 2143 459 2156 ,
477 2123 524 2151 sed
535 2124 616 2151 etiam
632 2125 763 2153 adversus
778 2134 886 2154 omnem
910 2136 996 2164 popu-

1045 2080 1135 2108 αὐτῶν
1154 2080 1226 2108 κατὰ
1237 2080 1282 2106 τὸν
1294 2080 1343 2115 τῆς
1355 2081 1465 2116 εἰρήνης
1478 2074 1573 2114 καιρὸν
1584 2079 1782 2112 κολασθέντες,
1800 2081 1840 2105 :ﬁ-

1045 2126 1086 2153 λιν
1096 2127 1143 2154 καὶ
1157 2128 1197 2158 εἰς
1212 2126 1260 2162 τὴν
1274 2126 1326 2152 τῶν
1342 2125 1487 2161 βαρϐάρων
1501 2125 1595 2160 ἔφοδον
1609 2126 1644 2152 τὰ
1664 2126 1741 2153 αὐτὰ
1755 2127 1839 2161 ἥμαρ-

205 2167 272 2196 Ιιιιη,
290 2167 352 2195 llaec
365 2176 427 2196 cum
442 2169 478 2196 ita
494 2176 523 2196 se
538 2169 664 2204 habeant,
677 2176 741 2198 nota
754 2179 787 2198 ex
801 2172 852 2199 hac
867 2168 992 2207 presenti

1080 2181 1100 2204 ν,
1115 2173 1140 2199 οἱ
1153 2172 1282 2205 τοιοῦτοι,
1299 2172 1381 2207 φησὶν
1393 2191 1401 2204 ,
1422 2172 1452 2198 οὐ
1475 2171 1554 2207 μόνον
1576 2172 1637 2198 καθ’
1665 2173 1777 2199 ἑαυτῶν
1796 2173 1839 2205 τὴν

204 2214 329 2248 epistola,
350 2215 422 2249 quod
441 2215 576 2250 episcopis
590 2217 756 2251 permittitur
771 2225 915 2246 avarorum
930 2219 975 2254 plu
985 2235 992 2241 -

205 2267 289 2294 raque
306 2259 420 2286 habendi
441 2261 601 2295 cupidorum
626 2264 776 2296 potentiam
794 2263 881 2298 poenis
903 2264 992 2298 impo-

205 2305 264 2332 sitis
281 2312 424 2332 coerccrc:
447 2310 474 2333 et
490 2313 537 2333 eos
551 2306 675 2341 quidem,
692 2307 755 2342 qui,
778 2316 839 2343 qum:
854 2317 886 2336 ex
908 2310 993 2344 capti-

204 2352 286 2378 vitate
301 2351 394 2378 reliCIa
408 2355 472 2378 sunt
488 2351 610 2379 ﬁdelibus
621 2374 628 2386 ,
645 2354 769 2388 rapiunt,
783 2356 890 2390 magnis
905 2355 992 2382 eccle-

204 2397 322 2425 siaslicis
335 2397 616 2426 animadversionibus
630 2400 778 2435 castigare;
798 2401 844 2436 qui
858 2409 912 2429 non
929 2406 993 2429 sunt

204 2448 296 2470 autem
338 2443 472 2477 ejusmodi
504 2452 634 2479 rapaces,
680 2446 854 2474 mediocriter
884 2447 990 2482 punire.

203 2488 387 2521 Quamobrem
410 2495 443 2514 ex
469 2488 512 2515 his
536 2489 569 2516 de
598 2489 755 2524 hujusmodi
785 2492 877 2519 causis
908 2492 992 2521 laicos

205 2542 314 2569 quoque
333 2534 452 2568 episcopi
472 2535 521 2561 rite
536 2535 666 2570 judicent.
691 2537 833 2569 Quomodo
855 2538 927 2565 enim
945 2546 992 2566 eos

204 2581 335 2615 punient,
358 2581 382 2607 si
402 2588 456 2607 non
472 2581 548 2615 prius
570 2581 668 2610 veritas
685 2583 861 2617 apparuerit?
879 2584 993 2619 Propter

204 2626 346 2653 avaritiam
354 2630 444 2654 autem
460 2634 476 2652 a
488 2626 605 2654 ﬁdelium
617 2629 809 2656 communione
817 2629 935 2664 aliquem
944 2630 992 2657 ab-

205 2673 299 2705 dicari.
315 2680 442 2708 magnum
458 2678 509 2706 est,
525 2679 553 2701 et
567 2682 607 2701 vae
623 2675 727 2702 avaris!
746 2674 799 2702 Lex
815 2683 879 2704 vero
894 2675 991 2708 civilis.

203 2725 266 2745 eum
288 2719 335 2754 qui
361 2719 430 2754 rapit
452 2727 486 2747 ex
507 2719 633 2747 incendio
655 2720 696 2747 vel
721 2728 753 2747 cx
775 2721 855 2748 ruina
877 2722 991 2756 azdium,

264 2799 331 2828 Gen.
350 2807 425 2833 xvm.
438 2800 483 2835 25,
498 2801 544 2828 25.
584 2801 605 2817 ⁸⁸
620 2800 720 2836 Ephcs.
737 2810 763 2835 ν,
779 2802 854 2830 8-15.

1045 2218 1130 2255 ὀργὴν
1141 2218 1187 2245 τοῦ
1207 2218 1274 2245 Θεοῦ
1297 2219 1456 2253 ἐφέλκουσιν
1468 2239 1475 2251 ,
1495 2218 1564 2245 ἀλλὰ
1582 2219 1631 2245 καὶ
1648 2219 1727 2245 κατὰ
1747 2219 1839 2248 xcv-.5:

1046 2263 1092 2290 τοῦ
1105 2263 1181 2290 λαοῦ.
1204 2263 1312 2290 Τούτων
1333 2263 1419 2295 οὕτως
1442 2263 1558 2298 ἐχόντων
1596 2264 1774 2299 σημεξωσαι,
1804 2265 1838 2289 6r.

1045 2310 1092 2336 καὶ
1103 2310 1156 2337 ἀπὸ
1175 2309 1225 2344 τῆς
1240 2309 1380 2346 παρούσης
1400 2309 1544 2345 ἐπιστολῆς
1572 2311 1682 2344 ἐφεῖται
1704 2312 1766 2342 τοῖς
1786 2311 1839 2335 ἐπὶ·

1045 2355 1155 2387 σκὸποις
1166 2355 1214 2387 τὰς
1229 2355 1282 2382 τῶν
1295 2355 1462 2382 πλεονεκτῶν
1480 2355 1641 2387 δυναστείας
1666 2355 1838 2382 ἀναστέλλει-ι

1042 2400 1085 2427 διὰ
1096 2401 1240 2435 ἐπιτιμίων
1251 2410 1257 2416 -
1275 2401 1396 2433 καὶτοὺς
1411 2401 1459 2437 μὲν
1476 2401 1651 2436 ἁρπάζοντας
1674 2402 1710 2428 τὰ
1727 2402 1785 2428 ἀπὸ
1798 2401 1838 2434 τῖς

1042 2447 1228 2482 αἰχμαλωσίας
1236 2447 1444 2483 περιλειφθέντα
1460 2447 1613 2483 πράγματα
1624 2448 1680 2475 τῶν
1691 2449 1836 2484 famuli-uv-

1044 2492 1088 2518 διὰ
1106 2492 1229 2528 μεγάλων
1242 2493 1475 2529 ὲκκλησιαστικῶν
1494 2494 1673 2529 σωφρονίζειν
1690 2494 1835 2521 κολάσεων

1044 2538 1106 2570 τοὺς
1118 2537 1146 2564 δὲ
1161 2538 1198 2573 μὴ
1208 2538 1344 2570 τοιούτους
1355 2539 1481 2574 ἅρπαγας
1490 2540 1684 2575 μετριωτέρως
1698 2540 1834 2574 ἐπιτιμᾷΨ

1044 2582 1114 2610 ὥστε
1134 2584 1188 2610 ἀπὸ
1212 2584 1340 2610 τοιούτων
1370 2585 1433 2619 περὶ
1461 2585 1589 2612 τοιούτων
1615 2585 1774 2612 ὑποθέσεων
1796 2584 1837 2610 11‘.

1045 2629 1155 2661 λαῖκοὺς
1165 2629 1320 2665 ὲνδυνάμως
1335 2630 1378 2656 ἵνα
1396 2629 1543 2657 δικάσωσιν
1558 2631 1584 2657 οἱ
1599 2631 1760 2657 ἐπίσκοποι.
1781 2629 1836 2659 Πῶς

1045 2677 1100 2712 γὰρ
1115 2677 1306 2712 ἐπιτιμήσουσι
1328 2676 1439 2708 τούτους
1460 2677 1509 2712 τῆς
1525 2677 1656 2712 ἀληθείας
1673 2677 1708 2712 μὴ
1736 2679 1836 2710 ἀνατει-

1045 2723 1137 2758 νείσης
1148 2723 1279 2758 πρότερον
1292 2731 1299 2756 ;
1315 2722 1351 2750 Τὸ
1365 2722 1393 2749 δὲ
1410 2722 1453 2750 διὰ
1470 2723 1629 2756 πλεονεξίαν
1646 2722 1836 2759 ἀποκηρύσαε-
