1857 3047
55 87 116 115 £029

54 145 109 172 σθαι
119 152 175 170 τινα
189 144 219 169 ἐκ
238 143 288 178 τῆς
302 142 443 174 κοινωνίας
458 142 509 168 τῶν
534 141 637 168 πιστῶν
661 142 732 177 μέγα
751 143 820 173 ἐστὶ,
836 145 859 173 Α

52 191 93 218 καὶ
104 190 161 217 οὐαὶ
173 190 226 221 τοῖς
241 189 453 216 πλεονεκτοῦσιν.
475 188 503 215 '0
518 188 610 224 μέντοι
629 188 766 220 πολιτικὸς
781 188 822 214 νό-

54 238 147 272 μοςτὺν
159 236 312 272 ἁρπάζοντα
326 236 379 263 ἀπὸ
397 234 560 271 ἐμπρησμοῦ
581 235 596 270 ἢ
615 239 823 270 καταπεσούσης

51 281 129 313 οἰκίας
142 281 204 308 εἵσω
221 281 268 316 μὲν
282 281 403 308 ἐνιαυτοῦ
421 282 460 313 εἰς
477 280 507 307 τὸ
523 279 691 316 τετραπλοῦν
710 279 822 306 καταδι-

51 328 133 359 κάζει-
151 327 216 362 μετὰ
226 326 253 353 δὲ
265 327 309 354 τὸν
325 327 446 353 ἐνιαυτὸν
459 327 498 358 εἰς
514 326 544 352 τὸ
561 325 673 352 ἁπλοῦν.
691 325 745 352 Καὶ
753 325 820 351 ἀνά-

51 374 124 409 γνωθι
134 373 162 400 τὸ
171 373 276 410 πρῶτον
287 373 382 408 κεφάλ.
396 371 443 400 τοῦ
465 375 489 399 κ’
511 372 599 398 τίτλου
613 371 659 398 τοῦ
673 371 693 403 ξ’
708 371 818 409 βιϐλίου.

51 419 197 454 Παρομοὶως
211 418 237 445 δὲ
251 418 409 450 κολάζονται
421 417 492 445 κατὰ
504 417 552 453 τὴν
568 416 740 453 χρηματικήν
761 425 820 442 ποι-

666 84 833 112 EPISTULA
854 84 1039 113 CANONICA.

1589 88 1659 116 IOIO

874 142 943 169 intra
970 150 1072 170 annum
1089 143 1197 178 quldcm
1222 143 1248 171 in
1270 145 1452 180 quadruplum
1475 145 1659 173 condemnat:

873 193 933 224 post
957 196 1057 216 annum
1079 194 1169 217 autem
1193 191 1220 217 in
1239 191 1378 226 simplum.
1403 191 1437 218 Et
1461 191 1519 226 lege
1541 191 1660 226 primum

872 241 933 269 cap.
962 235 1007 263 tit.
1019 235 1055 263 20
1072 235 1118 263 lib.
1137 242 1172 262 ιι
1207 235 1337 264 Similiter
1357 241 1446 264 autem
1465 237 1616 271 puniuntur
1633 235 1660 262 in

873 287 955 315 poena
968 281 1135 315 pecuniaria,
1153 281 1199 315 qui
1219 282 1253 309 ab
1270 287 1423 317 expugnata
1444 282 1525 309 domo
1539 282 1658 316 rapiunt.

873 325 944 353 Dicit
966 327 1038 353 enim
1063 327 1212 355 secundum
1228 329 1317 355 thema
1333 336 1392 363 cap.
1409 329 1425 355 5
1442 328 1563 363 ejusdem
1589 327 1659 354 tituli

873 376 899 398 et
912 371 975 399 libri
989 372 1048 400 hac
1063 380 1205 408 expresse:
1223 373 1251 401 Si
1272 383 1287 402 a
1303 376 1385 402 domo
1398 375 1440 402 vel
1461 375 1522 402 vico
1543 375 1590 410 qui
1611 382 1660 409 op-

872 423 1008 452 pugnatur
1021 426 1126 452 raptum
1139 420 1203 454 quid
1220 420 1310 453 fuerit,
1326 421 1375 456 legi
1391 421 1467 448 locus
1482 426 1533 448 est.

51 468 94 503 νὴν
105 468 147 494 καὶ
157 468 181 493 οἰ
196 467 248 494 ἀπὸ
258 467 346 498 οἰκίας
357 465 626 501 καταπολεμηθείσης
642 464 819 500 ἁρπάζοντες.
833 464 902 499 Φησὶ
916 465 971 501 γὰρ
991 465 1021 491 τὸ
1043 465 1167 508 δεύτερον
1184 466 1254 502 θὲμα
1268 467 1313 494 τοῦ
1338 471 1362 502 γ’
1400 467 1495 502 κεφὰλ.
1506 467 1552 494 τοῦ
1577 467 1659 494 αὑτοῦ

51 515 128 541 τίτλου
143 515 188 541 καὶ
209 513 308 548 βιϐλίου
325 513 410 540 ταῦτα
428 513 517 549 ῥητῶς
529 520 535 528 ’
552 513 612 539 Κᾶν
631 512 684 538 ἀπὸ
700 511 788 543 οἰκίας
806 511 822 546 ἢ
839 510 935 546 κώμης
960 512 1236 548 καταπολεμουμένης
1258 514 1369 549 ἁρπαγῇ
1388 522 1424 546 τι,
1437 513 1512 549 χώρα
1525 512 1563 548 τῷ
1574 513 1659 548 νόμῳ.

80 563 191 589 ΖΩΝΔΡ.
213 563 257 588 Ἐν
268 562 306 597 τῷ
322 561 410 597 καιρῷ
423 561 473 596 τῆς
487 560 541 587 τῶν
563 559 708 596 μαρτύρων
725 558 822 594 λεηλα-

52 609 113 641 σίας,
123 609 191 640 τινὲς
201 609 256 635 τῶν
263 608 446 643 διαφυγόντων
458 607 573 642 ἐπῆλθον
581 607 640 637 ταῖς
655 605 754 637 οἰκίαις
768 604 822 630 τῶν

50 655 314 692 αἰχμαλωτισθέντοΝ,
327 656 373 682 καὶ
387 656 515 690 ἥρπασαν
527 654 560 680 τὰ
574 653 649 689 παρὰ
659 653 711 679 τῶν
725 652 823 688 βαρὸά-

51 711 97 736 ρων
116 701 334 736 καταλειφθέντα.
354 701 423 736 Περὶ
449 700 551 726 τούτων
580 697 626 725 οὖν
650 697 822 733 ἐρωτηθεὶς-ό

52 748 126 782 μέγας
139 743 214 779 οὗτος
235 747 346 783 Πατὴρ,
361 747 457 782 φησιν,
479 746 519 773 ὅτι
536 746 611 772 πᾶσα
631 743 770 776 πλεονεξία
787 744 820 779 τῇ

49 792 100 828 θείᾳ.
114 793 202 828 Γραφῇ
219 792 415 828 ἀπηγόρευται,
431 791 478 818 καὶ
490 791 520 818 οὐ
535 790 645 817 δυνατὸν
659 791 688 817 ὲν
700 791 748 825 μιᾷ
761 790 821 816 ἐπι-

909 558 1008 586 Zomn.
1036 561 1095 593 Qua
1120 565 1280 595 tempestate
1307 562 1334 588 in
1365 566 1498 597 martyres
1521 561 1660 596 populatio

871 605 1064 639 exercebatur,
1081 606 1206 633 nonnulli
1221 614 1254 633 ex
1276 607 1309 634 iis
1326 607 1373 642 qui
1395 607 1554 642 effugerant,
1572 606 1660 640 capti-

871 658 968 678 vorum
984 652 1107 680 invasere
1125 653 1232 686 domus,
1248 661 1362 688 quasque
1384 662 1400 681 a
1422 654 1546 681 barbaris
1566 653 1659 680 relicta

872 697 997 731 fuerant,
1014 698 1159 734 diripuere.
1186 699 1224 727 De
1244 699 1287 726 his
1302 700 1392 734 itaque
1414 703 1526 735 rogatus
1541 700 1586 726 hic
1601 707 1661 726 ma-

875 751 944 778 gnus
956 743 1046 777 Pater,
1059 752 1166 771 omnem
1182 744 1324 772 avaritiam
1339 745 1437 772 asserit
1450 745 1548 772 divinis
1564 744 1661 771 litteris

875 789 1062 823 interdictam,
1079 798 1130 817 nec
1150 790 1208 817 fieri
1223 797 1304 825 posse
1339 794 1369 817 ut
1391 798 1558 825 quzccunque
1576 797 1661 817 sacrae

50 837 118 873 στολῇ
133 837 287 873 περιλαϐεῖν
305 838 354 864 ὅσα
370 837 432 872 περὶ
449 835 603 869 πλεονεξίας
619 836 635 871 ἡ
648 835 742 870 Γραφὴ
754 834 820 866 διέξ-

909 835 978 870 ginre
992 835 1025 862 de
1040 836 1154 862 avaritia
1170 836 1322 869 disserunt,
1341 844 1394 862 una
1408 836 1520 870 epistola
1534 843 1659 870 compre-

49 891 106 909 εισι·
139 883 276 919 συντόμως
289 883 317 909 δέ
334 891 426 918 φησιν,
443 884 484 910 ὅτι
496 884 549 914 πᾶς
566 882 729 916 πλεονέκτης
744 881 823 916 ἑκκή-

50 938 136 964 ρυκτος
157 930 207 964 τῆς
230 930 392 965 Ἑκκλησίας
407 931 480 957 ἐστίν
492 938 498 946 ·
514 930 575 956 ἀντὶ
590 929 649 962 τοῦ,
670 928 823 964 ἀπόϐλητος

48 976 88 1001 καὶ
98 976 241 1011 ἀλλότριος,
263 976 515 1012 ’Λποκηρύσσεσθαι
528 976 581 1011 γὰρ
589 975 712 1009 λέγονται
725 975 749 1000 οἱ
760 975 822 1006 υἱοὶ,

48 1023 103 1048 ὅταν
118 1022 147 1048 δι’
161 1022 275 1057 αἰτίαμα
291 1022 340 1057 τῆς
355 1024 465 1058 γονικῆς
474 1021 654 1057 κληρονομίας
671 1019 822 1047 ἐκϐάλλων-

47 1077 93 1099 τιι,
104 1069 146 1095 καὶ
160 1069 352 1104 ἁλλοτριῶνται
360 1069 410 1104 τῆς
421 1069 589 1103 συγγενείας.
599 1068 634 1094 Τὸ
642 1068 681 1100 δὲ,
692 1068 720 1094 ὲν
735 1066 823 1102 καιρῷ

48 1116 186 1150 συμφορᾶς,
200 1115 265 1142 ὅταν
279 1115 408 1150 ἐθρήνουν
419 1115 443 1142 οἱ
458 1114 596 1151 ἄνθρωποι
605 1135 612 1147 ,
625 1115 650 1142 οἱ
664 1114 712 1150 μὲν
727 1115 824 1149 αἰχμα-

47 1160 216 1192 λωτισθέντες,
230 1161 256 1186 οἱ
274 1159 302 1187 δὲ
314 1160 358 1186 διὰ
373 1160 437 1192 τοὺς
446 1160 563 1192 οἰκείους
574 1161 614 1192 εἰς
626 1159 748 1186 δουλείαν
763 1159 824 1193 ἀγο-

48 1206 142 1240 μένους,
158 1207 182 1232 οἱ
195 1207 223 1233 δὲ
233 1205 278 1233 διὰ
287 1206 336 1241 τὴν
352 1206 480 1242 στέρησιν
493 1206 660 1242 πραγμάτων
671 1215 675 1220 ·
691 1204 824 1241 τολμῆσαί

47 1259 113 1282 τινας
125 1251 169 1278 τὸν
185 1251 304 1278 τοιοῦτον
320 1252 415 1287 καιρὸν
430 1251 588 1286 λογίσασθαι
600 1251 710 1287 κέρδους
717 1251 822 1287 καιρὸν,

47 1296 140 1322 ἀσεϐῶν
154 1298 227 1324 ἐστιν
243 1297 393 1333 ἀνθρώπων
412 1298 460 1324 καὶ
476 1297 645 1332 θεοστυγῶν,
663 1298 745 1333 ἤγουν
772 1297 824 1325 ὑπὸ

47 1342 105 1368 Θεοῦ
124 1343 292 1379 μισουμένων
303 1344 348 1370 καὶ
360 1343 449 1378 πάσης
460 1343 574 1376 ἀτοπίας
588 1344 726 1370 ἐπέκεινα.
744 1343 824 1371 Ὅθεν

47 1388 108 1421 εδοξε
123 1390 183 1420 τοὺς
202 1389 339 1420 τοιούτους
360 1389 510 1426 ἐκκηρύξαι
522 1410 529 1422 ,
555 1390 615 1417 ἀντὶ
632 1390 690 1423 τοῦ,
701 1389 823 1426 φανερῶς

46 1434 157 1467 ἐκδιῶξαι
169 1435 217 1470 τῆς
238 1436 411 1472 Ἐκκλησίας,
425 1436 471 1463 καὶ
486 1437 600 1472 χωρίσαι
612 1435 659 1463 τοῦ
675 1435 825 1472 πληρώμα-

46 1488 84 1511 τος
96 1480 144 1507 τῶν
156 1481 269 1514 πιστῶν,
283 1482 325 1508 ἵνα
340 1482 376 1517 μὴ
390 1481 422 1508 δι’
437 1483 535 1514 αὐτοὺς
557 1483 573 1517 ὴ
593 1482 661 1518 ὀργὴ
687 1482 735 1509 τοῦ
755 1482 822 1509 Θεοῦ

46 1525 100 1562 ἔλθῃ
112 1527 154 1553 ἐπὶ
169 1527 283 1559 πάντας,
296 1527 342 1554 καὶ
362 1528 415 1562 πρὸ
426 1528 480 1554 τῶν
495 1528 581 1555 ἄλλων
596 1528 642 1554 ὲπὶ
659 1528 722 1560 τοὺς
741 1537 821 1564 προε-
833 1518 855 1547 c

47 1573 147 1605 στῶτας,
163 1575 200 1610 μὴ
217 1574 413 1610 ἐπιζητοῦντας
425 1575 469 1601 καὶ
481 1574 656 1607 ἐξετάζοντας
665 1576 728 1606 τοὺς
737 1575 821 1601 τοιού-

46 1628 105 1651 τους,
120 1620 172 1647 Καὶ
182 1620 326 1656 Γραφικὰς
342 1621 494 1656 μαρτυρίας
505 1622 633 1657 παράγει,
643 1619 701 1648 εἶτα
713 1622 819 1656 ἐπάγει*

46 1666 90 1698 ὅτι,
107 1667 166 1693 Ἐάν
187 1676 275 1699 τινες,
302 1667 347 1693 διὰ
366 1667 523 1700 πλεονεξίαν
542 1668 732 1704 προλαϐοῦσαν
747 1689 753 1701 ,
775 1669 821 1695 καὶ

47 1712 144 1747 πρὸτῆς
159 1712 213 1739 τῶν
226 1713 372 1749 βαρϐάρων
389 1714 538 1749 ἐπιδρομῆς
552 1715 701 1750 γενομένην
714 1735 720 1746 ,
744 1715 821 1749 δίκην

45 1758 183 1791 τιννύντες,
209 1759 240 1785 οὐ
257 1759 336 1794 μόνον
353 1759 402 1786 οὐκ
417 1760 653 1795 ὲσωφρονίσθησαν
675 1761 768 1796 (τοῦτο
792 1761 821 1787 δὲ

46 1803 124 1840 διττὴν
139 1805 242 1832 ἔννοιαν
270 1805 430 1832 ὑποϐάλλει·
456 1806 472 1842 ἢ
493 1806 546 1841 γὰρ
562 1805 650 1840 δίκην
667 1808 821 1840 τιννύντες

45 1849 108 1884 λέγει
121 1852 178 1878 ἀντὶ
199 1852 265 1885 τοῦ,
289 1851 490 1887 τιμωρούμενοι
513 1852 587 1887 παρὰ
601 1852 648 1879 τοῦ
669 1853 735 1880 Θεοῦ
748 1873 754 1885 ,
777 1853 821 1880 διὰ

45 1897 140 1930 ἀδικίας
159 1898 350 1935 προλαὸούσας
374 1899 438 1930 τοὺς
460 1898 612 1934 βαρϐάρους
634 1900 673 1931 εἰς
686 1900 820 1935 τιμωρίαν

44 1945 190 1979 κινήσαντος
201 1953 208 1960 ·
223 1945 239 1981 ἢ
251 1945 340 1979 δίκην
353 1945 508 1978 τινι-ὀντες
522 1945 583 1971 ἀντὶ
602 1945 648 1972 τοῦ
659 1965 666 1978 ,
682 1945 714 1972 δι’
731 1946 820 1972 ἐπιτι-

45 1990 165 2025 μημάτων
189 1991 348 2018 ἐπισκόπων
373 1990 549 2026 κολαζόμενοι
567 1991 611 2018 διὰ
631 1991 820 2027 προλαὸούσας

43 2036 185 2070 πλεονεξίας
205 2038 255 2064 οὐκ
281 2036 550 2073 ὲσωιρρονίσθησαν)·
575 2037 642 2064 ἀλλὰ
663 2038 710 2064 καὶ
730 2038 759 2065 ὲν
781 2038 820 2074 τῷ

44 2082 121 2118 καιρῷ
136 2083 185 2118 τῆς
198 2085 283 2119 ὀργῆς
296 2083 344 2110 τοῦ
359 2083 437 2115 Θεοῦ,
451 2084 484 2109 δι’
499 2084 531 2119 ἢν
547 2083 661 2120 ὲπῆλοον
675 2085 699 2111 οἰ
717 2084 820 2121 βάρϐα-

45 2136 87 2162 ροι,
101 2130 194 2165 αὑτῆςθ
204 2131 244 2161 εἰς
257 2130 410 2162 πλεονεξίαν
424 2130 579 2165 ἐκτραπῶσι
592 2131 777 2166 κερδαίνοντες
790 2132 819 2166 ἐξ

873 881 1036 908 hendantur.
1060 881 1180 909 Breviter
1199 886 1289 908 autem
1320 882 1357 908 ait
1379 889 1492 909 avarum
1513 881 1661 915 quemlibet

871 935 933 955 esse
949 928 983 954 al)
997 927 1117 955 Ecclesia
1131 927 1301 960 abdicatum,
1320 927 1372 954 hoc
1384 931 1441 959 est,
1455 927 1571 961 ejectum
1587 931 1614 954 et
1629 934 1661 954 a-

872 973 984 1001 lienum.
998 972 1125 1000 Abdicari
1144 980 1262 1008 namque
1273 972 1401 999 dicuntur
1417 971 1474 1002 ﬁlii,
1489 979 1550 999 cum
1564 971 1599 998 ob
1611 971 1661 998 ali-

871 1020 944 1054 quod
955 1019 1057 1046 crimen
1074 1027 1089 1046 a
1100 1023 1210 1053 paterna
1228 1018 1385 1045 haereditate
1397 1018 1554 1052 ejiciuntur,
1571 1016 1661 1044 omni-

871 1072 926 1100 que
941 1065 1110 1101 cognationis
1127 1066 1188 1100 jure
1201 1065 1297 1100 privati
1316 1071 1470 1092 censentur.
1491 1063 1576 1092 Porro
1588 1063 1661 1091 cala-

872 1111 975 1138 mitatis
997 1116 1135 1146 tempore,
1152 1119 1214 1138 cum
1232 1111 1258 1138 in
1280 1111 1354 1138 luctu
1377 1110 1502 1137 homines
1515 1117 1660 1137 versaren-

873 1164 934 1190 tur,
951 1158 996 1185 alii
1015 1158 1124 1193 quidem
1140 1158 1239 1192 captivi
1258 1157 1366 1192 ipsimet
1384 1156 1465 1190 facti,
1481 1156 1525 1183 alii
1541 1164 1606 1183 vero
1625 1156 1660 1184 ob

872 1204 1090 1240 consanguineos
1105 1204 1132 1230 in
1147 1204 1304 1231 servitutem
1321 1203 1453 1231 abductos
1463 1223 1470 1236 ,
1486 1203 1531 1229 alii
1544 1203 1661 1237 denique

873 1251 908 1278 ob
921 1259 1011 1278 rerum
1032 1259 1143 1278 suarum
1157 1252 1309 1285 jacturam;
1326 1258 1408 1278 ausos
1427 1249 1512 1278 fuisse
1525 1250 1659 1285 quosdam

873 1297 1008 1332 ejusmodi
1023 1302 1139 1332 tempus.
1152 1297 1220 1324 lucri
1232 1297 1283 1325 sibi
1296 1297 1466 1325 occasionem
1485 1297 1593 1330 ducere,
1609 1297 1661 1324 lio-

874 1343 977 1370 minum
992 1347 1034 1370 est
1051 1343 1197 1378 impiorum
1207 1365 1215 1377 ,
1233 1347 1260 1371 et
1278 1343 1332 1371 Deo
1347 1344 1514 1376 invisorum,
1535 1344 1592 1371 sive
1605 1343 1660 1371 Deo

873 1397 1040 1422 exosorum,
1066 1389 1194 1425 quodque
1219 1398 1326 1418 onmem
1354 1395 1464 1425 superat
1487 1391 1658 1424 pravitatem.

873 1435 979 1463 Placuit
995 1436 1087 1470 itaque
1105 1436 1240 1471 ejusmodi
1257 1437 1382 1464 homines
1396 1438 1537 1468 abdicare,
1558 1438 1582 1464 id
1600 1443 1659 1469 est,

875 1482 963 1517 palam
978 1483 1122 1509 extrudere
1132 1482 1166 1509 ab
1182 1482 1310 1516 Ecclesia,
1328 1487 1410 1518 atque
1424 1491 1439 1510 a
1456 1483 1574 1510 fidelium
1590 1483 1661 1510 mul-

872 1529 985 1556 titudine
997 1537 1149 1565 segregare.
1160 1538 1194 1557 ne
1204 1535 1312 1565 propter
1324 1531 1397 1566 ipsos
1409 1531 1451 1558 ira
1463 1530 1510 1558 Dei
1523 1531 1549 1558 in
1563 1538 1660 1558 omnes

872 1574 1029 1607 descendat,
1046 1575 1234 1610 praecipueque
1252 1575 1278 1603 in
1289 1584 1336 1603 eos
1351 1577 1398 1611 qui
1416 1581 1548 1611 praesunt.
1567 1585 1616 1604 nec
1633 1578 1659 1604 in

871 1620 1005 1655 ejusmodi
1032 1620 1156 1648 homines
1181 1621 1341 1656 inquirunt,
1365 1627 1412 1649 aut
1428 1623 1573 1650 vindicant.
1598 1623 1659 1651 Mox

872 1666 1020 1702 Scriptura:
1043 1667 1195 1694 testimonia
1217 1667 1337 1702 profert,
1353 1667 1498 1703 additque:
1517 1669 1546 1696 Si
1561 1669 1608 1704 qui
1624 1669 1660 1697 ob

870 1712 959 1740 exacti
982 1712 1113 1747 temporis
1131 1713 1283 1746 avaritiam,
1298 1717 1326 1741 et
1343 1722 1423 1749 quam
1439 1719 1502 1742 ante
1526 1715 1661 1743 incursio—

871 1767 932 1786 nem
951 1759 1128 1786 barbarorum
1141 1764 1334 1793 exercuerant,
1354 1768 1450 1795 poenas
1464 1761 1660 1796 persolventes,

871 1811 924 1830 non
941 1804 1021 1831 modo
1035 1811 1090 1831 non
1105 1804 1277 1839 resipuerunt
1290 1805 1353 1840 (hoc
1365 1813 1428 1832 vero
1447 1806 1582 1840 duplicetur
1598 1814 1661 1834 sen-

871 1857 931 1877 sum
949 1849 1086 1882 admittit,
1109 1855 1156 1878 aut
1171 1850 1243 1877 enim
1264 1859 1353 1885 paena:
1370 1851 1542 1886 prrsulventes
1562 1853 1661 1880 intelli-

871 1897 909 1932 git
926 1897 961 1924 ob
974 1897 1137 1931 supplicium
1149 1905 1164 1923 a
1181 1896 1236 1924 Deo
1253 1897 1396 1928 inflictum.
1411 1898 1457 1933 qui
1475 1899 1508 1925 ad
1523 1899 1662 1926 vindican-

871 1944 935 1971 dum
949 1944 1099 1978 superioris
1114 1945 1242 1980 temporis
1258 1945 1385 1980 injuriam
1404 1946 1548 1973 immiserit
1561 1947 1660 1974 barba-

871 1999 916 2018 ros
929 2011 937 2023 ,
960 1997 1008 2020 aut
1028 1992 1154 2020 solventes
1174 2001 1264 2027 paena:
1277 2012 1285 2025 ,
1310 1993 1361 2020 hoc
1377 1997 1437 2025 est,
1459 1993 1660 2028 episcopalibns

871 2039 979 2066 mulctis
996 2039 1031 2066 ob
1048 2039 1216 2074 superiorem
1240 2040 1381 2066 avaritiam
1405 2040 1528 2076 castigati
1547 2041 1660 2068 minime

871 2086 1069 2122 resipuerunt),
1087 2087 1151 2122 quin
1174 2087 1266 2120 potius
1292 2087 1407 2121 ipsumet
1428 2093 1546 2123 tempore
1562 2088 1659 2116 divina:

869 2132 1027 2165 iracundiae,
1043 2133 1078 2160 ob
1093 2141 1173 2168 quam
1187 2133 1290 2160 irruere
1303 2133 1421 2164 barbari,
1437 2134 1487 2169 ipsi
1503 2141 1531 2161 se
1548 2134 1581 2161 ad
1598 2142 1660 2161 ara-

44 2174 145 2209 αἵματος
159 2175 270 2212 ὀλέθρου
281 2176 430 2212 ἀνθρώπων
447 2177 605 2203 ἀναστάτων
620 2178 783 2213 γενομένων,
801 2179 816 2215 ἤ

908 2179 960 2205 iam
985 2183 1193 2212 converterunt,
1216 2178 1321 2205 lucrum
1340 2179 1392 2206 sibi
1414 2185 1596 2214 comparantes
1625 2187 1659 2206 ea:

43 2221 209 2255 αἰχμαλώτων
231 2222 455 2257 πεφονευμένων·
472 2222 502 2248 τὸ
520 2222 547 2248 δὲ
563 2222 597 2254 ἐξ
610 2223 732 2257 αἵματος
752 2232 821 2258 κερ-

44 2264 188 2300 δαίνοντες
212 2267 370 2303 ἑρμηνεύων
382 2287 389 2299 ,
407 2268 530 2302 ἐπήγαγε
543 2267 578 2294 τὰ
598 2267 675 2303 ἑξῆς·
705 2269 740 2294 Ἢ
754 2270 819 2306 γὰρ,

44 2312 126 2346 φησὶν.
141 2313 291 2349 ἀνθρώπων
299 2315 338 2346 εἰς
350 2314 538 2349 αἰχμαλωσίαν
552 2314 742 2349 ἀπαγομένων,
754 2315 821 2351 ὅπερ

44 2355 140 2392 δλεθρός
155 2360 269 2395 ὲστιν,ἢ
287 2359 482 2395 ἀναιρεθέντων
503 2359 652 2395 ἀνθρώπων
670 2361 820 2396 πράγματα

43 2401 228 2438 διαρπάζουσι⁸
242 2405 268 2432 τί
285 2405 348 2432 ἄλλο
363 2406 416 2442 χρὴ
431 2405 559 2438 ἐλπίζειν,
572 2407 588 2442 ἢ
601 2406 645 2433 δια
660 2407 710 2442 τὴν
727 2407 821 2434 πλεον-

44 2446 108 2478 εξίαν
120 2450 303 2486 ὲπισωρεῦσαι
313 2451 397 2487 ὀργὴν
409 2453 515 2483 ἑαυτοῖς
531 2452 578 2478 καὶ
596 2451 677 2478 παντὶ
694 2452 732 2487 τῷ
745 2451 818 2488 λαῷ,

44 2493 115 2527 ᾗγουν
127 2495 238 2522 ἑλκύσαι
251 2497 302 2532 τὴν
315 2497 362 2524 τοῦ
375 2498 442 2524 Θεοῦ
457 2497 499 2532 ἐφ’
521 2498 632 2529 ἑαυτοὺς
649 2498 695 2524 καὶ
715 2498 760 2525 ἐπὶ
774 2498 819 2525 τὸν

43 2538 112 2572 λαόνς
128 2542 181 2568 Καὶ
202 2543 232 2575 ἐξ
250 2543 370 2580 ἱστορίας
383 2544 411 2570 δὲ
426 2544 542 2576 παλαιᾶς
560 2544 711 2579 ὑπόδειγμα
727 2553 819 2581 παρα-

42 2585 136 2622 τίθησιν
148 2608 155 2621 ,
169 2589 210 2615 ὅτι
221 2589 279 2621 ἑνὸς
294 2590 501 2626 ἁμαρτήσαντος
514 2589 606 2616 πολλοί
622 2590 815 2626 ἐκολάσθησαν.

871 2225 1008 2259 sanguine,
1026 2230 1053 2252 et
1067 2225 1184 2259 pernicie
1199 2224 1340 2250 hominum
1353 2233 1468 2259 quorum
1482 2233 1584 2252 eversa:
1600 2224 1658 2252 [ομ

871 2275 943 2298 tuna:
959 2275 1032 2303 sunt,
1047 2271 1088 2298 vel
1104 2271 1271 2305 captivorum
1290 2270 1337 2305 qui
1363 2275 1426 2298 sunt
1450 2270 1602 2305 interfecti;
1628 2276 1658 2299 ut

871 2322 961 2343 autem
981 2316 1044 2344 illud
1060 2317 1217 2350 explicaret,
1234 2316 1338 2343 lucrum
1352 2316 1403 2343 sibi
1418 2322 1610 2352 comparantes
1624 2326 1658 2345 ex

871 2360 1020 2395 sanguine,
1038 2361 1154 2396 subjecit
1167 2369 1228 2396 quae
1241 2369 1303 2388 mox
1324 2367 1491 2396 sequuntur:
1511 2361 1558 2389 Vel
1573 2364 1659 2397 enim,

871 2406 974 2440 inquit,
1001 2407 1143 2434 hominum
1164 2408 1210 2442 qui
1231 2408 1256 2434 in
1274 2408 1429 2435 servitutem
1452 2408 1561 2436 abducti
1578 2414 1659 2441 sunt,

870 2452 942 2487 quod
955 2457 996 2480 est
1007 2453 1150 2487 pernicies.
1163 2453 1205 2480 vel
1220 2453 1423 2482 interfectorum
1433 2455 1573 2482 hominum
1587 2456 1659 2484 bona

870 2497 1017 2532 diripiunt:
1037 2498 1101 2532 quid
1119 2497 1192 2525 aliud
1218 2500 1381 2534 sperandum
1404 2504 1456 2533 est,
1473 2501 1525 2528 nisi
1547 2507 1658 2536 propter

870 2543 1021 2576 avaritiam,
1036 2543 1086 2570 sibi
1103 2544 1168 2578 ipsis
1184 2551 1215 2570 ac
1232 2545 1358 2572 universo
1374 2546 1474 2580 populo
1490 2547 1558 2574 iram
1575 2555 1658 2575 accn-

871 2589 988 2622 mulare,
1002 2589 1053 2616 hoc
1063 2594 1113 2621 est,
1129 2589 1178 2616 sibi
1195 2590 1261 2624 ipsis
1275 2596 1301 2617 et
1316 2592 1415 2626 populo
1428 2591 1473 2619 Dei
1489 2593 1658 2621 iracundiam

43 2632 196 2660 conciliare?
218 2635 304 2670 Atque
330 2637 484 2672 exemplum
510 2644 542 2664 ex
566 2637 675 2672 antiqua
707 2637 820 2664 historia
837 2636 956 2668 adducit.
982 2637 1010 2664 in
1025 2644 1081 2672 quo
1098 2637 1133 2664 ob
1148 2636 1230 2664 unius
1242 2643 1382 2671 peccatum
1411 2639 1504 2673 plures
1524 2641 1659 2676 supplicio

44 2677 121 2705 allec-ti
133 2685 207 2708 sunt.

333 2728 452 2754 ΚΔΝΩΝ
470 2727 506 2754 Γ.

74 2779 84 2795 ο
103 2771 157 2797 Οὐκ
181 2772 237 2798 ἰδοὺ
255 2773 341 2810 ’Λχαρ
365 2773 380 2799 ὀ
395 2774 470 2809 Ζαρᾶ
489 2773 660 2809 πλημμελείᾳ
678 2773 818 2810 ἐπλημμέ-

83 2815 101 2831 ¹¹
115 2815 171 2844 .los.
193 2825 243 2844 νιι.

1173 2726 1287 2755 CANON
1307 2727 1353 2756 ΠΙ.

907 2783 916 2800 ι
934 2773 1032 2802 Annon
1054 2781 1118 2802 ecce
1142 2773 1232 2802 Achar
1258 2773 1326 2802 Zare
1347 2774 1450 2802 lilius"
1477 2774 1506 2802 in
1530 2783 1563 2803 eo
1582 2775 1654 2811 quod
