1857 3047
86 101 150 129 1033

706 108 875 139 EPISTULA
896 101 1082 140 CANONICA.

1624 123 1694 154 4034

83 160 138 195 γῆς,
146 161 160 187 ὁ
167 160 263 196 κλῆρος
270 162 316 188 ἐπὶ
325 163 372 190 τοῦ
383 165 450 199 Ἀχα
454 173 469 200 ρ
481 165 561 192 ἔπεσε
569 174 576 181 ·
588 167 710 200 κάκεῖνος
718 169 820 205 ἀνακριι

919 177 933 197 ι
943 170 1093 204 quaestione
1101 171 1191 200 habita
1205 172 1306 202 furtum
1318 176 1462 205 confessus
1473 182 1525 211 est,
1537 187 1623 214 eaque
1634 191 1695 217 quae

81 215 157 242 μενος
180 207 335 244 ὡμολόγησε
368 211 398 237 τὸ
428 211 555 248 κλέμμα,
586 214 634 240 καὶ
659 214 694 241 τὰ
722 215 857 243 κλαπέντα

80 253 255 288 προσήνεγκε·
273 255 320 281 καὶ
335 255 507 294 ὲλιθοϐολήθη
523 259 604 291 αὐτὸς
619 260 666 287 καὶ
680 261 696 296 ἡ
709 261 793 297 γυνὴ,
809 263 856 289 καὶ

78 298 100 322 οἱ
120 298 208 329 παῖδες
231 299 325 332 αὐτοῦ,
342 302 388 327 καὶ
411 303 428 337 ὴ
451 303 548 339 σκηνὴ,
574 304 621 331 καὶ
647 304 681 332 τὰ
693 304 759 337 ζῶα.
791 307 855 333 Ἰδοὺ

78 340 129 374 οὖν,
144 343 218 378 φησὶ,
239 342 278 376 εἷς
297 346 414 382 ἥμαρτε.
428 349 475 374 καὶ
491 349 630 376 ἀπώλοντο
644 351 673 376 ἐν
686 351 726 386 τῷ
743 352 855 387 πολέμῳ

83 387 239 424 Ἰσραηλῖται
249 390 340 417 πολλοι
352 400 358 407 ·
373 392 398 419 οἱ
413 393 510 420 ἐκεῖνον.
522 395 630 427 πάντες.
647 394 713 423 Εἶτα
725 398 771 423 καὶ
782 398 854 430 ἐξαί-

76 442 114 469 ρει
133 435 148 460 ὁ
165 435 249 469 μέγας
261 433 339 468 οὗτος
355 438 449 474 Πατὴρ
464 439 512 475 τὴν
532 441 592 468 τότε
614 441 785 474 πλεονεξίαν·
806 445 853 470 καὶ

72 479 176 516 χείρονα
191 479 259 509 εἶναι
275 485 472 517 κατασκευάζει
494 487 628 522 ἁμαρτίαν
648 489 723 524 παρὰ
739 490 787 525 τὴν
803 490 851 516 τοῦ

74 526 164 562 ’Λχαρ,
184 529 336 564 συγκρίνων
350 530 442 566 ἄμφω.
467 532 522 559 Καὶ
534 533 589 569 γὰρ
605 534 619 559 ὁ
637 534 735 570 ’Λχαρ,
751 536 832 570 φησὶν
842 556 849 568 ,

70 571 100 598 ὲκ
115 573 251 608 προνομῆς
268 574 363 601 ἐλαϐεν
379 576 397 603 ἃ
411 577 544 612 ὑφείλετο,
557 579 605 605 καὶ
619 576 689 607 οὗτοι
705 581 805 616 ὁμοίως
818 583 850 609 ἐκ

71 619 214 654 προνομῆς·
237 620 294 647 ἀλλ’
317 621 420 654 ἐκεῖνος
446 624 495 659 μὲν
511 624 545 651 τὰ
561 625 615 652 τῶν
633 627 770 662 πολεμίων
787 628 849 655 ἐλα-

68 664 119 696 ϐεν,
132 663 200 693 οὗτοι
214 666 242 693 δὲ
257 667 291 694 τὰ
310 669 364 695 τῶν
378 670 498 705 ἀδελφῶν
509 680 515 685 -
536 672 605 708 ὅπερ
621 674 711 708 μεῖζον
729 675 802 702 ποιεῖ
817 676 848 702 τὸ

68 711 153 738 κακόν.
163 709 230 739 Εἶτα
241 714 377 750 ἐπιφέρει,
391 715 429 748 ὥς
439 725 518 743 τινων
533 717 663 752 λεγόντων
670 719 709 746 ὃτι
724 720 846 756 Εὖρομεν

66 755 144 782 ταῦτα
154 758 307 793 ἐρριμμένα
320 761 410 796 τυχὸν,
422 762 459 797 μή
470 771 541 794 τινος
563 763 784 801 ἀντιποιουμένου
798 767 846 793 αὑ-

63 801 122 842 τῶν,
130 803 176 829 καὶ
187 804 248 831 οὐδὲ
261 805 370 841 ᾔδειμεν
380 807 459 834 τίνων
468 806 546 843 ἦσαν,
564 810 611 836 καὶ
623 811 789 847 ἀντιτίθησιν
797 813 845 840 αὐ-

908 216 1015 245 furatus
1027 216 1116 244 fuerat
1129 219 1252 253 protulit,
1266 221 1378 257 ipseque
1391 231 1452 251 cuin
1463 216 1693 263 uxoreetliberis,

906 262 1021 297 ejusque
1034 263 1250 298 tabernaculum,
1265 271 1291 294 ct
1308 269 1431 302 jumenta
1442 269 1577 305 lapidibus
1594 274 1694 303 obruta

905 312 980 335 sunt.
989 307 1157 344 Eccejgitur,
1173 311 1270 346 inquit,
1280 321 1351 340 unus
1359 315 1489 348 peccavit,
1499 318 1693 355 perieruntquo

905 353 932 380 in
945 353 1016 381 bello
1033 355 1161 383 lsraelitae
1181 358 1270 390 multi,
1291 367 1323 386 ac
1348 359 1385 387 illi
1406 369 1511 389 omnes.
1537 353 1692 398 Ampliticat

903 405 988 433 porro
996 399 1041 427 hic
1052 408 1166 436 magnus
1174 402 1255 430 Pater
1265 404 1339 432 illius
1354 407 1484 441 temporis
1495 409 1649 443 avaritiam,
1658 419 1690 439 ac

903 449 1050 480 utrumque
1065 454 1245 482 comparans,
1267 451 1370 479 crimen
1389 453 1441 481 hoc
1461 455 1583 489 gravius,
1605 464 1689 490 quam

902 491 974 524 quod
986 491 1020 517 ah
1030 492 1119 519 Achar
1133 494 1283 521 admissum
1295 500 1337 523 est
1353 497 1531 526 demonstrat.
1550 499 1589 526 Ex
1597 501 1687 534 praeda

901 535 1162 578 siquidem,_inquit,
1171 539 1262 567 Achar
1274 548 1306 568 ea
1317 543 1497 578 sustulitquse
1505 544 1612 572 furatus
1626 551 1668 573 est
1677 567 1685 577 .

900 588 933 608 ac
949 581 994 609 isti
1010 575 1111 616 pariter
1125 591 1159 611 ex
1174 586 1264 619 praeda
1281 595 1286 612 :
1309 592 1437 614 caeterum
1451 589 1496 616 ille
1510 597 1555 617 res
1565 590 1685 619 hostium

899 628 999 661 rapuit,
1016 628 1043 654 hi
1063 636 1127 656 vero
1141 629 1273 664 fratrum;
1294 633 1365 667 quod
1381 634 1491 668 gravius
1511 635 1613 663 malum
1631 637 1675 665 elll

898 671 944 698 cit.
962 671 1047 700 Infert
1060 673 1167 706 deinde,
1185 675 1286 710 quippe
1298 677 1453 706 dicentibus
1470 680 1637 714 quibusdam
1654 692 1684 711 se

897 715 957 743 haec
977 717 1115 746 invenisse
1140 719 1273 754 projecta,
1290 729 1352 749 cum
1376 731 1456 752 nemo
1474 725 1544 753 forte
1561 727 1607 754 illa
1628 729 1682 763 sibi

895 767 1040 796 assereret,
1063 772 1151 800 neque
1177 773 1293 800 quorum
1309 774 1401 796 essent
1421 770 1546 805 novisse;
1564 779 1596 800 ac
1615 774 1683 809 ipsis

895 815 956 843 quae
971 809 997 835 in
1013 809 1223 839 Deutcronomio
1241 818 1268 840 et
1287 813 1382 842 Exodo
1404 815 1541 844 habentur
1556 821 1680 854 opponit,

63 846 114 877 τοῖς
118 846 150 873 τὰ
156 846 203 873 τοῦ
212 849 294 875 Δευτε
298 851 421 886 ρονομίου
428 853 513 879 καὶτὰ
518 853 566 889 τῆς
574 855 678 888 Ἐξόδου
683 865 690 871 ·
697 846 743 883 καί
750 866 786 893 φη
790 866 820 884 σιε

918 861 926 881 3
948 855 1033 889 dicit;
1055 857 1095 884 eis
1124 859 1171 893 qui
1194 859 1330 894 ejusmodi
1365 861 1548 897 loquebantur
1574 865 1614 892 sic
1643 867 1682 893 ait

64 892 126 928 πρὸς
135 893 195 926 τοὺς
206 895 273 928 (32‘)
287 895 414 930 λέγοντας
420 899 455 925 τὰ
467 900 600 935 εἰρημένα
614 902 695 938 φησὶν
705 904 719 930 ό
734 892 840 940 Πατήρ·

365 944 484 972 ΚΔΝΩΝ
504 947 520 972 Δ
530 963 539 972 .

95 992 104 1008 ι
122 984 223 1020 Μηδεὶς
232 985 393 1019 ἐξαπατάτω
405 990 511 1021 ἑαυτὸν,
528 992 597 1027 μήτε
609 992 646 1024 ὡς
662 993 765 1029 εὑρών·
780 994 840 1021 οὔτε

64 1038 72 1053 ι
87 1029 136 1065 γὰρ
147 1031 261 1066 εὑρόντα
275 1034 425 1069 κερδαίνειν
441 1036 540 1069 ἔξεστι.
558 1038 626 1073 Φησὶ
640 1039 693 1075 γὰρ
703 1041 732 1067 τὺ
745 1042 840 1068 Δευτε-

63 1082 71 1098 ι
86 1075 212 1110 ρονόμιον·
225 1077 285 1111 Μὴ,
295 1078 365 1105 Ιδὼν
379 1080 432 1107 τὸν
435 1082 555 1116 μόσχον
570 1083 622 1110 τοῦ
635 1084 767 1119 ἀδελφοῦ
780 1094 838 1113 σου

62 1127 70 1143 ι
88 1120 134 1146 καὶ
156 1121 188 1147 τὸ
212 1124 362 1156 πρόϐατον
387 1126 566 1162 πλανώμενα
583 1129 618 1155 ἐν
643 1129 680 1164 τῇ
700 1129 768 1163 ὀδῷ,
784 1138 837 1159 κε-

62 1172 71 1189 (
81 1165 173 1200 ριΐδῃς
185 1168 273 1201 αὐτὰ,
283 1170 460 1207 ἀποστροφῇ
477 1173 679 1208 ἀποστρέψεις
698 1177 774 1203 αὐτὰ
796 1177 837 1210 τῷ

61 1210 199 1247 (ἀδελφῷ
226 1221 297 1243 σου,
333 1216 401 1244 Ἐὰν
432 1218 466 1244 δὲ
495 1219 539 1253 μὴ
565 1219 662 1256 enim
675 1222 689 1248 ὁ
705 1222 836 1257 ἁδελφός

61 1265 137 1284 ισου
162 1259 237 1293 πρὸς
272 1261 319 1294 σὲ,
343 1262 421 1297 μηδέ
446 1264 608 1293 ἐπίστασαι
639 1267 742 1300 αὐτὸν,
765 1275 836 1296 συν-

60 1310 68 1327 t
84 1302 160 1337 άξεις
183 1306 271 1338 αὐτὰ,
286 1307 335 1334 καὶ
364 1309 450 1336 ἔσται
473 1311 548 1345 μετὰ
574 1312 642 1345 σοῦ,
662 1313 718 1346 ἕως
733 1314 771 1341 ἂν
785 1315 835 1342 ἐκ-

60 1346 188 1385 «(nariam
212 1352 290 1379 αὐτὰ
312 1354 329 1380 ό
346 1353 476 1389 ἀδελφός
497 1363 566 1390 σου,
591 1358 640 1385 καὶ
665 1359 833 1393 ἀποδώσεις

59 1402 67 1418 ι
84 1395 162 1423 αὑτά.
180 1397 236 1424 Καὶ
255 1398 331 1425 οὕτω
351 1400 486 1434 ποιήσεις
497 1401 551 1429 τὸν
571 1403 644 1430 ὄνον
656 1405 766 1438 αὐτοῦ,
782 1407 831 1434 καὶ

58 1447 67 1464 ι
80 1439 149 1468 οὕτω
159 1442 297 1477 ποιήσεις
307 1444 340 1471 τὸ
351 1445 467 1479 Ιμάτιον
477 1448 579 1480 αὐτοῦ,
592 1450 641 1476 καὶ
655 1451 731 1477 οὕτω
748 1453 832 1487 ποιή-

57 1495 66 1512 t
79 1494 138 1520 σεις
159 1489 233 1523 μετὰ
258 1489 362 1518 πᾶσαν
377 1492 430 1527 (55)
455 1493 607 1522 ἀπώλειαν
620 1497 673 1523 τοῦ
695 1497 830 1533 ἀδελφοῦ

56 1541 64 1558 ι
80 1540 142 1566 σου,
158 1534 216 1561 ὅσα
230 1535 270 1562 ἂν
292 1537 442 1572 ἀπόληται
459 1540 527 1574 παρ’
548 1542 651 1574 αὐτοῦ,
675 1544 723 1570 καὶ
745 1545 830 1579 εὑρή-

55 1587 64 1604 t
78 1586 133 1614 σῃς
154 1582 238 1609 αὑτά.
267 1583 358 1610 Ταῦτα
380 1585 411 1611 τὸ
432 1586 652 1622 Δευτερονὸμιον.
683 1588 727 1616 Ἐν
749 1590 776 1617 δὲ
793 1592 827 1626 τῇ

55 1633 63 1649 t
86 1625 185 1662 Ἐξόδῳ,
203 1628 233 1654 οὐ
253 1629 332 1664 μόνον
355 1630 402 1657 ἐὰν
423 1631 458 1657 τὰ
480 1632 526 1659 τοῦ
549 1633 662 1668 ἀδελφοῦ
684 1643 726 1667 τις
741 1625 826 1671 εὕρῃ,

54 1678 62 1694 (
79 1669 140 1698 ἀλλὰ
153 1673 198 1700 καὶ
215 1673 326 1709 ἐχθροῦ,
349 1676 545 1713 Ἁποστροφῇ,
565 1683 656 1715 φησὶν,
682 1669 827 1715 ἀποστρέ-

53 1723 62 1740 ι
79 1717 141 1750 ψεις
155 1719 231 1746 αὐτὰ
250 1721 294 1753 εὶς
307 1721 360 1748 τὸν
377 1722 461 1750 οἷκον
480 1724 532 1750 τοῦ
549 1726 653 1760 κυρίου
665 1726 773 1762 αὐτῶν.
794 1728 825 1754 Εἰ

52 1770 60 1787 ι
75 1762 100 1789 δὲ
114 1764 142 1790 ὲν
157 1765 252 1802 εἰρήνῃ
269 1766 452 1802 ρᾳθυμοῦντος
471 1771 518 1796 καὶ
534 1772 690 1806 τρυφῶντος
709 1774 755 1800 καὶ
771 1774 826 1800 τῶν

51 1818 59 1834 ι
78 1810 143 1838 ῑδιων
157 1812 323 1848 ἀμελοῦντος
339 1814 451 1849 ἀδελφοῦ
466 1816 482 1852 ἢ
500 1817 609 1852 ἐχθροῦ,
631 1819 760 1854 κερδᾶναι
774 1821 824 1847 οὐκ

50 1863 58 1879 ι
72 1855 177 1890 ἔξεστιν,
202 1859 279 1894 πόσῳ
296 1860 396 1895 μᾶλλον
410 1863 602 1898 δυστυχοῦντος
616 1865 663 1890 καὶ
677 1865 823 1901 πολεμίους

50 1902 223 1937 (φεύγοντος,
248 1907 295 1932 καὶ
317 1907 387 1934 κατὰ
407 1908 527 1944 ἀνάγκην
547 1909 580 1935 τὰ
606 1910 659 1937 [δια
677 1911 822 1945 ἐγκαταλι-

49 1955 58 1972 t
73 1948 178 1989 πόντος-ς
191 1961 201 1976 ι

76 1993 169 2022 ΒΑΛΣ.
180 1997 261 2030 Εἰκὸς
274 1995 307 2034 ἦν
319 2000 406 2026 εἰπεῖν
416 2000 492 2032 τινὰς
500 2001 541 2027 ὅτι
550 2001 776 2039 Οὺχήρπάσαμεν
787 2004 823 2032 τὰ

45 2040 91 2066 τῶν
99 2042 369 2077 αἰχμαλωτισθέντων
378 2045 508 2081 ἀδελφῶν,
518 2047 574 2073 ἀλλ’
581 2047 768 2084 εὖρομεναύτὰ
777 2051 821 2085 ἐρ-

46 2086 163 2122 ριμμένα,
180 2090 228 2116 καὶ
245 2090 294 2116 οὐκ
307 2090 416 2126 ᾔδειμεν
429 2091 509 2119 τίνων
519 2090 598 2128 ἦσαν,
614 2094 661 2120 καὶ
675 2094 718 2122 διὰ
742 2095 821 2122 τοῦτο

44 2132 217 2161 ἁκαταιτίατοι
233 2136 408 2172 νομιζόμεθα.
424 2137 496 2173 Πρὸς
515 2138 581 2172 γοῦν
594 2139 704 2172 τούτους
720 2141 820 2167 ἀντιτί-

892 897 973 927 Pater
983 910 990 928 ι

1193 949 1309 978 CANON
1328 950 1374 978 IV.

929 1003 938 1020 ι
959 994 1045 1022 Nemo
1068 996 1188 1030 seipsum
1203 997 1329 1030 seducat,
1343 1005 1432 1033 neque
1447 1002 1576 1035 tanquam
1598 1001 1678 1030 inve-

893 1047 904 1066 ι
921 1041 1010 1068 ncrit:
1026 1049 1113 1076 neque
1129 1043 1201 1069 enim
1216 1043 1258 1071 fas
1272 1048 1314 1071 est
1333 1045 1358 1071 ei
1373 1045 1420 1079 qui
1441 1046 1545 1074 invenit
1561 1047 1677 1075 lucrifa-

892 1093 902 1111 ι
918 1093 989 1113 cere.
1016 1085 1088 1114 Dixit
1109 1088 1181 1115 enim
1201 1087 1443 1118 Deuteronomium
1468 1101 1475 1118 :
1500 1091 1560 1119 Viso
1581 1093 1676 1127 fratris

892 1141 901 1158 ι
920 1133 959 1158 tui
971 1133 1063 1164 vitulo,
1072 1138 1097 1160 et
1109 1141 1153 1160 ore
1160 1140 1266 1162 errante
1274 1135 1302 1162 in
1315 1137 1370 1168 via,
1383 1145 1413 1164 ea
1422 1146 1453 1164 ne
1463 1138 1675 1172 despexerie,sed

891 1187 900 1204 ι
917 1186 947 1205 ea
961 1179 1125 1206 restitutione
1145 1181 1269 1208 restitues
1283 1182 1363 1216 fratri
1377 1187 1431 1211 tuo.
1446 1183 1495 1212 Sin
1511 1191 1600 1211 autem
1617 1185 1674 1220 fra-

868 1253 874 1267 .
890 1233 899 1250 ι
919 1229 958 1251 ter
971 1229 1030 1253 tuus
1042 1226 1077 1253 ad
1090 1232 1114 1253 te
1121 1235 1174 1255 non
1185 1229 1358 1263 approximet,
1372 1237 1452 1265 neque
1460 1231 1547 1264 ipsum
1559 1233 1672 1265 noverit,

888 1278 899 1296 ‹
918 1279 992 1306 coget
1015 1279 1047 1298 ea
1069 1277 1094 1300 et
1108 1275 1178 1308 apud
1198 1279 1221 1301 te
1241 1279 1328 1307 erunt,
1352 1276 1433 1302 donec
1454 1285 1486 1304 ea
1508 1277 1590 1312 frater
1611 1283 1671 1305 tutu

887 1324 898 1341 ι
916 1317 1059 1351 quasiet-it,
1072 1323 1097 1345 et
1112 1320 1203 1347 reddes
1217 1328 1266 1352 ea;
1279 1325 1304 1347 et
1317 1321 1355 1347 sic
1369 1321 1450 1356 facies
1466 1322 1498 1350 de
1511 1323 1568 1358 ejus
1583 1325 1671 1358 atina,

887 1370 897 1387 ι
913 1368 938 1390 et
951 1363 988 1390 sic
1004 1364 1086 1398 facies
1097 1365 1128 1392 de
1139 1366 1196 1399 ejus
1207 1372 1293 1399 veste;
1305 1372 1329 1394 et
1342 1368 1380 1395 sic
1393 1368 1475 1402 facies
1492 1375 1551 1404 post
1567 1378 1670 1400 omnem

886 1417 895 1434 ι
915 1409 1086 1442 perditionem
1107 1410 1212 1446 fratris,
1237 1420 1397 1448 quaecunque
1417 1415 1468 1449 ipsi
1484 1415 1626 1450 perierint,
1643 1423 1669 1446 et

885 1463 895 1479 ‹
915 1459 943 1481 ιιι
955 1462 987 1482 ea
1009 1455 1137 1483 inveneris
1148 1457 1180 1484 ι’.
1194 1455 1256 1485 Haec
1266 1458 1518 1489 Deuteronomium.
1529 1462 1557 1489 ln
1574 1462 1668 1492 Exodo

844 1519 865 1547 ϐ
885 1509 894 1524 ι
913 1505 1016 1532 autem,
1035 1508 1089 1528 non
1107 1502 1195 1529 solum
1214 1504 1237 1530 si
1251 1504 1314 1538 quis
1330 1512 1376 1532 res
1396 1505 1501 1540 fratris,
1520 1508 1566 1535 sed
1584 1509 1667 1538 etiam

883 1546 1015 1574 «inimici
1040 1548 1184 1582 invenerit,
1209 1548 1393 1583 Restitutione,
1419 1551 1518 1588 inquit,
1542 1555 1665 1582 restitues

883 1600 893 1616 ι
912 1592 968 1626 ipsa
985 1594 1075 1620 domui
1092 1594 1192 1621 domini
1217 1595 1334 1629 ipsorum
1349 1597 1381 1624 ιδ.
1403 1596 1432 1624 Si
1461 1603 1553 1626 autem
1578 1601 1613 1629 ab
1630 1608 1666 1628 eo

880 1646 890 1663 ι
909 1638 955 1672 qui
979 1636 1092 1673 inpace
1108 1645 1134 1667 et
1149 1641 1176 1668 in
1196 1642 1252 1670 otio
1277 1643 1391 1671 delicate
1406 1644 1488 1671 vitam
1506 1647 1659 1683 transﬁgit,

880 1692 890 1708 ‹
907 1690 957 1711 nec
969 1683 1003 1711 de
1019 1685 1076 1712 suis
1087 1691 1129 1714 est
1144 1686 1287 1722 sollicitus,
1304 1689 1360 1717 sive
1375 1689 1460 1717 frater
1477 1691 1522 1722 sit,
1539 1692 1596 1720 sive
1609 1693 1662 1721 ini-

879 1736 889 1753 ι
905 1727 1003 1762 micus,
1019 1736 1073 1757 non
1092 1730 1155 1759 licet
1169 1732 1284 1767 lucrari;
1301 1739 1403 1769 quanto
1419 1736 1506 1770 magis
1519 1736 1553 1763 ab
1567 1745 1600 1764 eo
1613 1739 1661 1773 qui

878 1783 888 1800 ‹
907 1775 989 1802 rebus
1003 1777 1124 1804 adversis
1140 1779 1283 1813 premitur,
1305 1785 1333 1807 et
1348 1781 1444 1809 hostes
1457 1782 1535 1818 fugit,
1558 1788 1586 1811 et
1610 1791 1661 1812 ne-

879 1830 889 1847 ι
908 1822 1035 1850 cessitate
1049 1828 1160 1852 coactus
1172 1825 1282 1860 propria
1299 1826 1445 1862 relinquit?
1460 1837 1470 1854 ι

908 1999 988 2026 Βλιε.
1006 1999 1054 2027 Est
1077 2001 1223 2029 verisimile
1243 2001 1345 2030 dixisse
1360 2003 1466 2038 aliquos
1491 2011 1520 2032 se
1535 2011 1589 2032 non
1612 2013 1658 2032 ra-

871 2047 966 2081 puisse
988 2054 1032 2073 res
1049 2047 1161 2074 fratrum
1187 2056 1299 2075 suorum
1321 2050 1491 2084 captivorum
1510 2051 1580 2078 :sed
1594 2059 1658 2084 eas,

871 2093 1038 2127 inquiehant,
1052 2094 1180 2128 disjectas
1193 2094 1357 2128 invenimus,
1372 2103 1423 2124 nec
1447 2096 1601 2125 sciebamus
1608 2105 1658 2125 cu-

868 2138 978 2172 jusnam
993 2144 1082 2171 erant,
1105 2146 1132 2167 et
1153 2146 1294 2175 propterea
1312 2141 1387 2168 nulla
1413 2141 1440 2168 in
1455 2149 1503 2169 nos
1519 2143 1593 2169 cadit
1614 2151 1658 2171 re-

44 2175 112 2211 θησιν
125 2180 139 2205 ὁ
154 2180 231 2215 ᾶγιος
246 2181 280 2208 τὰ
291 2182 338 2208 τοῦ
352 2184 562 2220 Δευτερονομίου
573 2185 620 2211 καὶ
631 2186 665 2212 τὰ
677 2186 727 2221 τῆς
748 2187 819 2220 Ἐξό-

918 2183 1026 2210 hensio.
1043 2183 1181 2212 Adversus
1193 2191 1240 2211 eos
1254 2192 1318 2219 ergo
1330 2186 1442 2219 opponit
1459 2190 1570 2214 sanctus
1586 2187 1657 2214 Deu-

43 2222 89 2255 ὅου,
100 2226 144 2252 καί
164 2235 259 2262 φησιν.
280 2229 318 2258 ὡς
340 2229 390 2256 κᾶν
409 2231 561 2266 ἐρριμμένα
574 2233 620 2258 καὶ
633 2233 817 2267 ἀνεπιμέλητα

43 2269 82 2295 καὶ
96 2271 123 2297 ὲν
138 2272 226 2308 καιρῴ
250 2281 360 2309 τοιουτῳ
376 2275 478 2312 εὐρήσῃ
494 2285 535 2308 τις
552 2278 710 2313 πράγματα,
733 2279 816 2314 ἀγνοῇ

42 2314 65 2340 δὲ
80 2317 180 2344 καὶτὸν
195 2317 329 2355 δεσπότην
349 2320 447 2353 αὐτῶν,
464 2321 522 2348 οὐδὲ
543 2322 629 2354 οὕτως
655 2324 816 2359 ἐκχιυρεῖται

40 2360 155 2395 κερδᾶναι
169 2363 250 2390 αὑτά.
271 2364 410 2399 Χρεωστεῖ
430 2366 483 2401 γὰρ
496 2366 610 2400 φυλάξαι
624 2368 703 2400 αὐτὰ,
718 2369 770 2399 ἕως
781 2368 814 2395 ἂν

40 2407 51 2430 ὁ
65 2407 150 2443 κύριος
165 2411 256 2437 αὐτῶν
268 2410 324 2446 γνῷ
340 2413 386 2438 καὶ
401 2413 505 2449 ζητήσῃ
521 2414 599 2440 αὐτά.
613 2412 679 2440 Εἶτα
694 2423 815 2449 προσεπ-

39 2452 91 2485 άγει
113 2454 160 2484 ὅτι,
179 2455 228 2482 ἐὰν
245 2457 314 2483 κατὰ
336 2457 386 2492 τὴν
409 2458 558 2494 Μωσαῖκὴν
586 2459 745 2494 νομοθεσίαν
764 2460 814 2486 οὐκ

39 2498 116 2529 ἔξεστί
128 2509 180 2528 τινι
195 2502 325 2530 ἰδιοῦσθαι
335 2503 369 2529 τὰ
384 2504 487 2539 ἑτέροις
500 2504 635 2540 ἀνήκοντα
652 2505 812 2540 πράγματα,

39 2543 82 2569 κᾶν
95 2545 164 2579 φίλοι
185 2543 254 2573 ὦσιν
273 2545 360 2580 οὗτοι,
376 2548 428 2574 κᾶν
444 2548 546 2584 ἐχθροὶ,
563 2549 613 2575 κᾶν
629 2549 812 2585 ἀνεπιμέλητα

38 2584 90 2622 ὦσι,
104 2592 149 2618 καὶ
162 2592 249 2619 ταῦτα
261 2592 290 2620 ὲν
307 2592 394 2628 καιρῷ
408 2595 532 2629 εἰρήνης,
546 2593 613 2620 ἀλλὰ
629 2593 812 2627 ἀναγκάζεται

38 2635 211 2674 ἁποκαθιστᾷν
235 2640 305 2666 αὐτὰ
330 2640 397 2676 πρὸς
413 2641 476 2671 τοὺς
490 2639 621 2671 δεσπότας
642 2639 743 2665 τούτων
763 2640 810 2666 καὶ

37 2685 194 2718 τρυφῗλντας,
209 2687 256 2713 καὶ
270 2686 336 2722 μηδὲ
353 2686 599 2723 ἐπιστρεφομένους
609 2686 657 2721 τῆς
670 2686 724 2713 τῶν
738 2685 809 2712 ἰδίων

73 2754 91 2769 ¹²
105 2755 180 2783 Deut.
196 2764 263 2789 χχιι,
282 2757 307 2790 Ι,
326 2757 353 2784 5.
393 2757 413 2773 ¹³
430 2757 516 2784 Exod.
533 2762 612 2790 xxiii,
626 2756 651 2784 4.

872 2229 1054 2256 terenomium
1068 2234 1096 2256 et
1109 2229 1231 2256 Exodum
1246 2239 1253 2256 :
1270 2235 1296 2257 et
1306 2230 1381 2263 dicit,
1399 2231 1471 2265 quod
1486 2231 1595 2259 etiamsi
1607 2233 1657 2259 ali-

870 2274 933 2309 quis
948 2274 1076 2308 disjectas
1094 2275 1283 2309 neglectuique
1303 2275 1409 2303 habitas
1423 2284 1456 2303 eo
1469 2280 1590 2311 tempore
1611 2286 1657 2306 res

868 2320 1012 2353 invenerit,
1030 2322 1151 2356 ipsarum
1169 2325 1258 2349 autem
1273 2321 1413 2348 domiuutn
1430 2323 1605 2357 ignoraverit,
1621 2332 1655 2351 ne

867 2367 908 2394 sic
924 2366 1033 2401 quidem
1050 2375 1096 2395 eas
1112 2368 1212 2395 lucrari
1226 2367 1401 2402 permittitur.
1423 2367 1508 2396 Debet
1521 2369 1594 2396 enim
1607 2377 1655 2397 eas

867 2421 987 2447 servare,
1005 2415 1092 2442 donec
1105 2423 1198 2442 earum
1220 2415 1348 2443 dominus
1364 2415 1423 2443 illas
1446 2417 1604 2450 cognoverit
1627 2423 1653 2444 et

866 2461 1014 2495 quaesierit.
1025 2460 1126 2488 Deinde
1140 2461 1230 2494 infert,
1247 2462 1321 2496 quod
1334 2462 1356 2489 si
1374 2462 1431 2497 lege
1448 2460 1567 2489 Mosaica
1585 2464 1652 2490 nulli

865 2506 938 2538 licet,
956 2514 986 2533 ea
1004 2513 1064 2540 quae
1084 2507 1117 2533 ad
1134 2507 1201 2534 alios
1216 2508 1363 2541 pertinent,
1386 2511 1515 2542 tanquam
1533 2514 1583 2534 sua
1598 2508 1650 2535 sibi

865 2551 974 2585 prepria
1000 2551 1147 2584 aseriberc,
1163 2552 1220 2579 sive
1234 2552 1252 2578 ii
1273 2552 1328 2579 sint
1346 2552 1437 2583 amici,
1461 2552 1517 2579 sive
1532 2552 1647 2584 inimici,

865 2595 972 2622 etiamsi
987 2600 1107 2630 tempore
1123 2597 1199 2630 pacis
1211 2597 1345 2631 neglectui
1362 2596 1452 2624 habita
1467 2596 1531 2627 sint,
1544 2597 1590 2624 sed
1601 2604 1649 2624 σος

864 2641 937 2676 gitur
950 2647 982 2668 ea
996 2641 1115 2668 dominis
1129 2641 1250 2676 ipsorum
1262 2642 1414 2676 restituere,
1431 2642 1557 2677 quamvis
1569 2642 1649 2670 luxu-

863 2686 936 2715 riose
951 2691 977 2714 et
999 2687 1114 2715 delicate
1129 2688 1232 2721 vivant,
1248 2694 1298 2715 nec
1314 2688 1441 2728 proprias
1468 2696 1510 2717 res
1526 2689 1648 2717 invenire

68 2812 323 2858 φησιν·
431 2817 516 2858 τούς..
536 2815 617 2858 Forte
639 2816 781 2858 legendum
800 2825 805 2842 :

918 2816 954 2848 ιὸς
970 2818 1042 2849 τούς.
1060 2816 1137 2844 Lun.
1148 2816 1268 2845 Puttot.

69 2848 118 2882 (35)
133 2849 212 2875 Μετὰ
227 2849 328 2877 πᾶσαν
354 2848 435 2883 LXX,
455 2851 523 2878 κατὰ
543 2853 631 2878 πᾶσαν
649 2848 797 2880 ἀπώλειαν.

150 2896 285 2926 Ριτιιοι.
305 2898 362 2926 (lu.
382 2898 423 2931 Χι

1451 2881 1492 2931 ea
