  <div class='ocr_page' id='page_1' title='image "/cluster/home/n/w/nwhite01/storage/ocr_20150623/10/njp.32101077772406/571.png"; bbox 0 0 1857 3047; ppageno 0'>
   <div class='ocr_carea' id='block_1_1' title="bbox 173 97 242 125">
    <p class='ocr_par' dir='ltr' id='par_1_1' title="bbox 173 97 242 125">
     <span class='ocr_line' id='line_1_1' title="bbox 173 97 242 125; baseline 0 0"><span class='ocrx_word' id='word_1_1' title='bbox 173 97 242 125; x_wconf 74' lang='grc'><strong>1035</strong></span> 
     </span>
    </p>
   </div>
   <div class='ocr_carea' id='block_1_2' title="bbox 730 97 1223 128">
    <p class='ocr_par' dir='ltr' id='par_1_2' title="bbox 730 97 1223 128">
     <span class='ocr_line' id='line_1_2' title="bbox 730 97 1223 128; baseline 0.006 -3"><span class='ocrx_word' id='word_1_2' title='bbox 730 97 757 125; x_wconf 87' lang='lat' dir='ltr'><strong>S.</strong></span> <span class='ocrx_word' id='word_1_3' title='bbox 780 97 946 126; x_wconf 76' lang='lat' dir='ltr'><strong>GREGORII</strong></span> <span class='ocrx_word' id='word_1_4' title='bbox 965 98 1223 128; x_wconf 73' lang='lat' dir='ltr'><strong>THAUMATURGI</strong></span> 
     </span>
    </p>
   </div>
   <div class='ocr_carea' id='block_1_3' title="bbox 1735 105 1802 133">
    <p class='ocr_par' dir='ltr' id='par_1_3' title="bbox 1735 105 1802 133">
     <span class='ocr_line' id='line_1_3' title="bbox 1735 105 1802 133; baseline 0 0"><span class='ocrx_word' id='word_1_5' title='bbox 1735 105 1802 133; x_wconf 67' lang='lat'><strong>£036</strong></span> 
     </span>
    </p>
   </div>
   <div class='ocr_carea' id='block_1_4' title="bbox 173 157 906 199">
    <p class='ocr_par' dir='ltr' id='par_1_4' title="bbox 173 157 895 192">
     <span class='ocr_line' id='line_1_4' title="bbox 173 157 895 192; baseline 0.003 -8"><span class='ocrx_word' id='word_1_6' title='bbox 173 160 271 185; x_wconf 89' lang='lat' dir='ltr'><strong>curent</strong></span> <span class='ocrx_word' id='word_1_7' title='bbox 285 166 292 184; x_wconf 89' lang='lat'><strong>:</strong></span> <span class='ocrx_word' id='word_1_8' title='bbox 307 161 411 191; x_wconf 83' lang='lat' dir='ltr'><strong>quanto</strong></span> <span class='ocrx_word' id='word_1_9' title='bbox 430 157 518 191; x_wconf 76' lang='lat' dir='ltr'><strong>magis</strong></span> <span class='ocrx_word' id='word_1_10' title='bbox 532 157 613 184; x_wconf 81' lang='lat' dir='ltr'><strong>debet</strong></span> <span class='ocrx_word' id='word_1_11' title='bbox 630 157 652 184; x_wconf 86' lang='lat' dir='ltr'><strong>is</strong></span> <span class='ocrx_word' id='word_1_12' title='bbox 667 158 713 192; x_wconf 87' lang='lat' dir='ltr'><strong>qui</strong></span> <span class='ocrx_word' id='word_1_13' title='bbox 733 165 779 185; x_wconf 83' lang='lat' dir='ltr'><strong>res</strong></span> <span class='ocrx_word' id='word_1_14' title='bbox 793 158 895 186; x_wconf 78' lang='lat' dir='ltr'><strong>invenit</strong></span> 
     </span>
    </p>
   </div>
   <div class='ocr_carea' id='block_1_5' title="bbox 1067 157 1800 199">
    <p class='ocr_par' dir='ltr' id='par_1_5' title="bbox 1067 159 1800 199">
     <span class='ocr_line' id='line_1_5' title="bbox 1067 159 1800 199; baseline 0.007 -14"><span class='ocrx_word' id='word_1_15' title='bbox 1067 159 1156 191; x_wconf 80' lang='grc' dir='ltr'>Ξσεως·</span> <span class='ocrx_word' id='word_1_16' title='bbox 1186 161 1261 196; x_wconf 82' lang='grc' dir='ltr'>πόσῳ</span> <span class='ocrx_word' id='word_1_17' title='bbox 1289 161 1388 196; x_wconf 73' lang='grc' dir='ltr'>μᾶλλον</span> <span class='ocrx_word' id='word_1_18' title='bbox 1414 163 1516 198; x_wconf 67' lang='grc' dir='ltr'>ὀφείλει</span> <span class='ocrx_word' id='word_1_19' title='bbox 1539 163 1554 189; x_wconf 81' lang='grc' dir='ltr'><strong>ὁ</strong></span> <span class='ocrx_word' id='word_1_20' title='bbox 1575 162 1666 199; x_wconf 78' lang='grc' dir='ltr'>εὑρὼν</span> <span class='ocrx_word' id='word_1_21' title='bbox 1689 163 1800 198; x_wconf 70' lang='grc' dir='ltr'>ἁδελφοῦ</span> 
     </span>
    </p>
   </div>
   <div class='ocr_carea' id='block_1_6' title="bbox 174 203 964 238">
    <p class='ocr_par' dir='ltr' id='par_1_6' title="bbox 174 203 964 238">
     <span class='ocr_line' id='line_1_6' title="bbox 174 203 964 238; baseline 0.003 -8"><span class='ocrx_word' id='word_1_22' title='bbox 174 204 225 231; x_wconf 80' lang='lat' dir='ltr'><strong>tris</strong></span> <span class='ocrx_word' id='word_1_23' title='bbox 240 203 353 231; x_wconf 86' lang='lat' dir='ltr'><strong>adversa</strong></span> <span class='ocrx_word' id='word_1_24' title='bbox 367 203 478 230; x_wconf 78' lang='lat' dir='ltr'><strong>fortuna</strong></span> <span class='ocrx_word' id='word_1_25' title='bbox 496 203 609 236; x_wconf 88' lang='lat' dir='ltr'><strong>utentis,</strong></span> <span class='ocrx_word' id='word_1_26' title='bbox 627 207 654 230; x_wconf 81' lang='lat' dir='ltr'><strong>et</strong></span> <span class='ocrx_word' id='word_1_27' title='bbox 668 203 695 230; x_wconf 94' lang='lat' dir='ltr'><strong>in</strong></span> <span class='ocrx_word' id='word_1_28' title='bbox 711 204 897 238; x_wconf 70' lang='lat' dir='ltr'><strong>captivitatem</strong></span> <span class='ocrx_word' id='word_1_29' title='bbox 917 205 964 232; x_wconf 84' lang='lat' dir='ltr'><strong>ab-</strong></span> 
     </span>
    </p>
   </div>
   <div class='ocr_carea' id='block_1_7' title="bbox 172 249 962 285">
    <p class='ocr_par' dir='ltr' id='par_1_7' title="bbox 172 249 962 285">
     <span class='ocr_line' id='line_1_7' title="bbox 172 249 962 285; baseline 0.001 -7"><span class='ocrx_word' id='word_1_30' title='bbox 172 250 308 282; x_wconf 85' lang='lat' dir='ltr'><strong>ducti,vel</strong></span> <span class='ocrx_word' id='word_1_31' title='bbox 319 250 447 277; x_wconf 87' lang='lat' dir='ltr'><strong>barbaros</strong></span> <span class='ocrx_word' id='word_1_32' title='bbox 456 249 596 285; x_wconf 79' lang='lat' dir='ltr'><strong>fugientis,</strong></span> <span class='ocrx_word' id='word_1_33' title='bbox 611 255 638 277; x_wconf 82' lang='lat' dir='ltr'><strong>et</strong></span> <span class='ocrx_word' id='word_1_34' title='bbox 651 251 698 285; x_wconf 90' lang='lat' dir='ltr'><strong>qui</strong></span> <span class='ocrx_word' id='word_1_35' title='bbox 711 251 738 278; x_wconf 90' lang='lat' dir='ltr'><strong>in</strong></span> <span class='ocrx_word' id='word_1_36' title='bbox 754 256 828 278; x_wconf 81' lang='lat' dir='ltr'><strong>tanta</strong></span> <span class='ocrx_word' id='word_1_37' title='bbox 847 251 962 280; x_wconf 87' lang='lat' dir='ltr'><strong>necessi-</strong></span> 
     </span>
    </p>
   </div>
   <div class='ocr_carea' id='block_1_8' title="bbox 172 296 960 331">
    <p class='ocr_par' dir='ltr' id='par_1_8' title="bbox 172 296 960 331">
     <span class='ocr_line' id='line_1_8' title="bbox 172 296 960 331; baseline 0.001 -7"><span class='ocrx_word' id='word_1_38' title='bbox 172 301 229 324; x_wconf 85' lang='lat' dir='ltr'><strong>tate</strong></span> <span class='ocrx_word' id='word_1_39' title='bbox 239 304 288 324; x_wconf 84' lang='lat' dir='ltr'><strong>sua</strong></span> <span class='ocrx_word' id='word_1_40' title='bbox 298 296 418 330; x_wconf 74' lang='lat' dir='ltr'><strong>neglecta</strong></span> <span class='ocrx_word' id='word_1_41' title='bbox 430 296 604 331; x_wconf 81' lang='lat' dir='ltr'><strong>reliquit,eas</strong></span> <span class='ocrx_word' id='word_1_42' title='bbox 616 301 671 324; x_wconf 88' lang='lat' dir='ltr'><strong>tam</strong></span> <span class='ocrx_word' id='word_1_43' title='bbox 680 296 848 325; x_wconf 76' lang='lat' dir='ltr'><strong>infortunato</strong></span> <span class='ocrx_word' id='word_1_44' title='bbox 857 298 960 325; x_wconf 86' lang='lat' dir='ltr'><strong>homini</strong></span> 
     </span>
    </p>
   </div>
   <div class='ocr_carea' id='block_1_9' title="bbox 172 343 962 378">
    <p class='ocr_par' dir='ltr' id='par_1_9' title="bbox 172 343 962 378">
     <span class='ocr_line' id='line_1_9' title="bbox 172 343 962 378; baseline 0.001 -8"><span class='ocrx_word' id='word_1_45' title='bbox 172 343 333 370; x_wconf 85' lang='lat' dir='ltr'><strong>restituere?</strong></span> <span class='ocrx_word' id='word_1_46' title='bbox 347 343 435 376; x_wconf 78' lang='lat' dir='ltr'><strong>Atque</strong></span> <span class='ocrx_word' id='word_1_47' title='bbox 449 343 506 369; x_wconf 64' lang='lat' dir='ltr'><strong>haec</strong></span> <span class='ocrx_word' id='word_1_48' title='bbox 521 343 629 378; x_wconf 87' lang='lat' dir='ltr'><strong>quidem</strong></span> <span class='ocrx_word' id='word_1_49' title='bbox 644 348 754 370; x_wconf 86' lang='lat' dir='ltr'><strong>sanctus</strong></span> <span class='ocrx_word' id='word_1_50' title='bbox 767 343 896 371; x_wconf 82' lang='lat' dir='ltr'><strong>describit</strong></span> <span class='ocrx_word' id='word_1_51' title='bbox 910 352 917 370; x_wconf 92' lang='lat'>:</span> <span class='ocrx_word' id='word_1_52' title='bbox 935 349 962 371; x_wconf 89' lang='lat' dir='ltr'><strong>et</strong></span> 
     </span>
    </p>
   </div>
   <div class='ocr_carea' id='block_1_10' title="bbox 171 388 961 423">
    <p class='ocr_par' dir='ltr' id='par_1_10' title="bbox 171 388 961 423">
     <span class='ocr_line' id='line_1_10' title="bbox 171 388 961 423; baseline 0 -7"><span class='ocrx_word' id='word_1_53' title='bbox 171 389 249 416; x_wconf 82' lang='lat' dir='ltr'><strong>docet</strong></span> <span class='ocrx_word' id='word_1_54' title='bbox 260 388 387 422; x_wconf 86' lang='lat' dir='ltr'><strong>deinceps</strong></span> <span class='ocrx_word' id='word_1_55' title='bbox 393 389 531 423; x_wconf 78' lang='lat' dir='ltr'><strong>quomodo</strong></span> <span class='ocrx_word' id='word_1_56' title='bbox 538 388 627 423; x_wconf 88' lang='lat' dir='ltr'><strong>puniri</strong></span> <span class='ocrx_word' id='word_1_57' title='bbox 639 389 763 421; x_wconf 75' lang='lat' dir='ltr'><strong>debeant,</strong></span> <span class='ocrx_word' id='word_1_58' title='bbox 772 393 798 416; x_wconf 88' lang='lat' dir='ltr'><strong>et</strong></span> <span class='ocrx_word' id='word_1_59' title='bbox 809 389 855 423; x_wconf 89' lang='lat' dir='ltr'><strong>qui</strong></span> <span class='ocrx_word' id='word_1_60' title='bbox 863 397 906 416; x_wconf 91' lang='lat' dir='ltr'><strong>res</strong></span> <span class='ocrx_word' id='word_1_61' title='bbox 915 396 961 416; x_wconf 80' lang='lat' dir='ltr'><strong>eas</strong></span> 
     </span>
    </p>
   </div>
   <div class='ocr_carea' id='block_1_11' title="bbox 172 433 960 469">
    <p class='ocr_par' dir='ltr' id='par_1_11' title="bbox 172 433 960 469">
     <span class='ocr_line' id='line_1_11' title="bbox 172 433 960 469; baseline 0.001 -9"><span class='ocrx_word' id='word_1_62' title='bbox 172 437 330 468; x_wconf 83' lang='lat' dir='ltr'><strong>rapuerunt,</strong></span> <span class='ocrx_word' id='word_1_63' title='bbox 341 439 367 460; x_wconf 91' lang='lat' dir='ltr'><strong>et</strong></span> <span class='ocrx_word' id='word_1_64' title='bbox 385 433 431 468; x_wconf 86' lang='lat' dir='ltr'><strong>qui</strong></span> <span class='ocrx_word' id='word_1_65' title='bbox 442 442 496 461; x_wconf 89' lang='lat' dir='ltr'><strong>non</strong></span> <span class='ocrx_word' id='word_1_66' title='bbox 513 439 672 469; x_wconf 89' lang='lat' dir='ltr'><strong>rapuerunt,</strong></span> <span class='ocrx_word' id='word_1_67' title='bbox 684 435 730 462; x_wconf 87' lang='lat' dir='ltr'><strong>sed</strong></span> <span class='ocrx_word' id='word_1_68' title='bbox 748 434 920 466; x_wconf 86' lang='lat' dir='ltr'><strong>invenerunt,</strong></span> <span class='ocrx_word' id='word_1_69' title='bbox 934 439 960 461; x_wconf 87' lang='lat' dir='ltr'><strong>et</strong></span> 
     </span>
    </p>
   </div>
   <div class='ocr_carea' id='block_1_12' title="bbox 172 479 959 515">
    <p class='ocr_par' dir='ltr' id='par_1_12' title="bbox 172 479 959 515">
     <span class='ocr_line' id='line_1_12' title="bbox 172 479 959 515; baseline 0 -9"><span class='ocrx_word' id='word_1_70' title='bbox 172 480 220 515; x_wconf 86' lang='lat' dir='ltr'><strong>qui</strong></span> <span class='ocrx_word' id='word_1_71' title='bbox 235 485 378 515; x_wconf 85' lang='lat' dir='ltr'><strong>postquam</strong></span> <span class='ocrx_word' id='word_1_72' title='bbox 394 479 556 507; x_wconf 88' lang='lat' dir='ltr'><strong>invenerunt</strong></span> <span class='ocrx_word' id='word_1_73' title='bbox 573 488 620 507; x_wconf 87' lang='lat' dir='ltr'><strong>eas</strong></span> <span class='ocrx_word' id='word_1_74' title='bbox 633 488 686 507; x_wconf 92' lang='lat' dir='ltr'><strong>non</strong></span> <span class='ocrx_word' id='word_1_75' title='bbox 701 480 888 507; x_wconf 81' lang='lat' dir='ltr'><strong>restituerunt.</strong></span> <span class='ocrx_word' id='word_1_76' title='bbox 903 479 959 507; x_wconf 76' lang='lat' dir='ltr'><strong>Lex</strong></span> 
     </span>
    </p>
   </div>
   <div class='ocr_carea' id='block_1_13' title="bbox 169 525 957 560">
    <p class='ocr_par' dir='ltr' id='par_1_13' title="bbox 169 525 957 560">
     <span class='ocr_line' id='line_1_13' title="bbox 169 525 957 560; baseline 0 -8"><span class='ocrx_word' id='word_1_77' title='bbox 169 530 261 553; x_wconf 82' lang='lat' dir='ltr'><strong>autem</strong></span> <span class='ocrx_word' id='word_1_78' title='bbox 276 525 365 552; x_wconf 85' lang='lat' dir='ltr'><strong>civilis</strong></span> <span class='ocrx_word' id='word_1_79' title='bbox 385 525 443 552; x_wconf 68' lang='lat' dir='ltr'><strong>haec</strong></span> <span class='ocrx_word' id='word_1_80' title='bbox 459 533 588 560; x_wconf 75' lang='lat' dir='ltr'><strong>expresse</strong></span> <span class='ocrx_word' id='word_1_81' title='bbox 601 526 667 553; x_wconf 85' lang='lat' dir='ltr'><strong>dicit</strong></span> <span class='ocrx_word' id='word_1_82' title='bbox 688 526 715 552; x_wconf 85' lang='lat' dir='ltr'><strong>in</strong></span> <span class='ocrx_word' id='word_1_83' title='bbox 730 526 847 553; x_wconf 81' lang='lat' dir='ltr'><strong>themate</strong></span> <span class='ocrx_word' id='word_1_84' title='bbox 859 526 886 556; x_wconf 81' lang='grc'><strong>5,</strong></span> <span class='ocrx_word' id='word_1_85' title='bbox 897 533 957 560; x_wconf 91' lang='lat' dir='ltr'><strong>cap.</strong></span> 
     </span>
    </p>
   </div>
   <div class='ocr_carea' id='block_1_14' title="bbox 168 571 958 606">
    <p class='ocr_par' dir='ltr' id='par_1_14' title="bbox 168 571 958 606">
     <span class='ocr_line' id='line_1_14' title="bbox 168 571 958 606; baseline -0.003 -6"><span class='ocrx_word' id='word_1_86' title='bbox 168 573 214 606; x_wconf 72' lang='grc'><strong>45,</strong></span> <span class='ocrx_word' id='word_1_87' title='bbox 233 573 273 600; x_wconf 91' lang='lat' dir='ltr'><strong>tit.</strong></span> <span class='ocrx_word' id='word_1_88' title='bbox 291 572 337 604; x_wconf 75' lang='grc'><strong>12,</strong></span> <span class='ocrx_word' id='word_1_89' title='bbox 354 572 401 599; x_wconf 88' lang='lat' dir='ltr'><strong>lib.</strong></span> <span class='ocrx_word' id='word_1_90' title='bbox 418 579 452 599; x_wconf 83' lang='lat' dir='ltr'><strong>1.x</strong></span> <span class='ocrx_word' id='word_1_91' title='bbox 467 580 473 598; x_wconf 89' lang='lat'><strong>:</strong></span> <span class='ocrx_word' id='word_1_92' title='bbox 493 571 545 605; x_wconf 86' lang='lat' dir='ltr'><strong>Qui</strong></span> <span class='ocrx_word' id='word_1_93' title='bbox 560 580 616 599; x_wconf 91' lang='lat' dir='ltr'><strong>rem</strong></span> <span class='ocrx_word' id='word_1_94' title='bbox 633 573 750 600; x_wconf 84' lang='lat' dir='ltr'><strong>alienam</strong></span> <span class='ocrx_word' id='word_1_95' title='bbox 765 573 897 606; x_wconf 78' lang='lat' dir='ltr'><strong>abjectam</strong></span> <span class='ocrx_word' id='word_1_96' title='bbox 911 579 958 599; x_wconf 88' lang='lat' dir='ltr'><strong>ac-</strong></span> 
     </span>
    </p>
   </div>
   <div class='ocr_carea' id='block_1_15' title="bbox 168 618 957 653">
    <p class='ocr_par' dir='ltr' id='par_1_15' title="bbox 168 618 957 653">
     <span class='ocr_line' id='line_1_15' title="bbox 168 618 957 653; baseline 0 -9"><span class='ocrx_word' id='word_1_97' title='bbox 168 619 245 653; x_wconf 80' lang='lat' dir='ltr'><strong>eipit,</strong></span> <span class='ocrx_word' id='word_1_98' title='bbox 266 622 298 644; x_wconf 89' lang='lat' dir='ltr'><strong>ut</strong></span> <span class='ocrx_word' id='word_1_99' title='bbox 317 625 378 644; x_wconf 88' lang='lat' dir='ltr'><strong>eam</strong></span> <span class='ocrx_word' id='word_1_100' title='bbox 398 618 530 650; x_wconf 89' lang='lat' dir='ltr'><strong>lucretur,</strong></span> <span class='ocrx_word' id='word_1_101' title='bbox 552 619 659 645; x_wconf 81' lang='lat' dir='ltr'><strong>etiamsi</strong></span> <span class='ocrx_word' id='word_1_102' title='bbox 682 619 789 653; x_wconf 84' lang='lat' dir='ltr'><strong>ignorat</strong></span> <span class='ocrx_word' id='word_1_103' title='bbox 804 618 884 653; x_wconf 83' lang='lat' dir='ltr'><strong>cujus</strong></span> <span class='ocrx_word' id='word_1_104' title='bbox 903 618 957 650; x_wconf 88' lang='lat' dir='ltr'><strong>sit,</strong></span> 
     </span>
    </p>
   </div>
   <div class='ocr_carea' id='block_1_16' title="bbox 168 664 957 692">
    <p class='ocr_par' dir='ltr' id='par_1_16' title="bbox 168 664 957 692">
     <span class='ocr_line' id='line_1_16' title="bbox 168 664 957 692; baseline -0.003 0"><span class='ocrx_word' id='word_1_105' title='bbox 168 669 210 692; x_wconf 88' lang='lat' dir='ltr'><strong>est</strong></span> <span class='ocrx_word' id='word_1_106' title='bbox 223 664 289 692; x_wconf 81' lang='lat' dir='ltr'><strong>furti</strong></span> <span class='ocrx_word' id='word_1_107' title='bbox 303 664 404 691; x_wconf 83' lang='lat' dir='ltr'><strong>actioni</strong></span> <span class='ocrx_word' id='word_1_108' title='bbox 422 664 558 691; x_wconf 87' lang='lat' dir='ltr'><strong>obnoxius</strong></span> <span class='ocrx_word' id='word_1_109' title='bbox 572 674 578 691; x_wconf 87' lang='lat'>:</span> <span class='ocrx_word' id='word_1_110' title='bbox 595 665 648 691; x_wconf 88' lang='lat' dir='ltr'><strong>nisi</strong></span> <span class='ocrx_word' id='word_1_111' title='bbox 663 664 735 692; x_wconf 82' lang='lat' dir='ltr'><strong>forte</strong></span> <span class='ocrx_word' id='word_1_112' title='bbox 752 664 879 691; x_wconf 91' lang='lat' dir='ltr'><strong>dominus</strong></span> <span class='ocrx_word' id='word_1_113' title='bbox 897 671 957 690; x_wconf 87' lang='lat' dir='ltr'><strong>eam</strong></span> 
     </span>
    </p>
   </div>
   <div class='ocr_carea' id='block_1_17' title="bbox 168 707 958 744">
    <p class='ocr_par' dir='ltr' id='par_1_17' title="bbox 168 707 958 744">
     <span class='ocr_line' id='line_1_17' title="bbox 168 707 958 744; baseline -0.001 -8"><span class='ocrx_word' id='word_1_114' title='bbox 168 711 206 736; x_wconf 88' lang='lat' dir='ltr'><strong>ita</strong></span> <span class='ocrx_word' id='word_1_115' title='bbox 222 709 372 744; x_wconf 85' lang='lat' dir='ltr'><strong>reliquerit,</strong></span> <span class='ocrx_word' id='word_1_116' title='bbox 388 713 417 736; x_wconf 87' lang='lat' dir='ltr'><strong>ut</strong></span> <span class='ocrx_word' id='word_1_117' title='bbox 434 708 514 743; x_wconf 88' lang='lat' dir='ltr'><strong>cujus</strong></span> <span class='ocrx_word' id='word_1_118' title='bbox 530 709 632 736; x_wconf 82' lang='lat' dir='ltr'><strong>nullam</strong></span> <span class='ocrx_word' id='word_1_119' title='bbox 655 717 750 736; x_wconf 85' lang='lat' dir='ltr'><strong>curam</strong></span> <span class='ocrx_word' id='word_1_120' title='bbox 772 715 857 744; x_wconf 80' lang='lat' dir='ltr'><strong>gerat.</strong></span> <span class='ocrx_word' id='word_1_121' title='bbox 881 707 958 735; x_wconf 90' lang='lat' dir='ltr'><strong>Tunc</strong></span> 
     </span>
    </p>
   </div>
   <div class='ocr_carea' id='block_1_18' title="bbox 168 755 958 790">
    <p class='ocr_par' dir='ltr' id='par_1_18' title="bbox 168 755 958 790">
     <span class='ocr_line' id='line_1_18' title="bbox 168 755 958 790; baseline -0.001 -7"><span class='ocrx_word' id='word_1_122' title='bbox 168 757 240 783; x_wconf 88' lang='lat' dir='ltr'><strong>enim</strong></span> <span class='ocrx_word' id='word_1_123' title='bbox 261 755 369 782; x_wconf 80' lang='lat' dir='ltr'><strong>etiamsi</strong></span> <span class='ocrx_word' id='word_1_124' title='bbox 381 759 411 781; x_wconf 92' lang='lat' dir='ltr'><strong>ut</strong></span> <span class='ocrx_word' id='word_1_125' title='bbox 426 762 457 781; x_wconf 84' lang='lat' dir='ltr'><strong>ea</strong></span> <span class='ocrx_word' id='word_1_126' title='bbox 477 756 571 782; x_wconf 80' lang='lat' dir='ltr'><strong>iurans</strong></span> <span class='ocrx_word' id='word_1_127' title='bbox 587 755 701 789; x_wconf 84' lang='lat' dir='ltr'><strong>ceperit,</strong></span> <span class='ocrx_word' id='word_1_128' title='bbox 724 755 854 790; x_wconf 88' lang='lat' dir='ltr'><strong>quoniam</strong></span> <span class='ocrx_word' id='word_1_129' title='bbox 872 755 958 789; x_wconf 87' lang='lat' dir='ltr'><strong>ipsius</strong></span> 
     </span>
    </p>
   </div>
   <div class='ocr_carea' id='block_1_19' title="bbox 168 799 956 833">
    <p class='ocr_par' dir='ltr' id='par_1_19' title="bbox 168 799 956 833">
     <span class='ocr_line' id='line_1_19' title="bbox 168 799 956 833; baseline -0.004 -4"><span class='ocrx_word' id='word_1_130' title='bbox 168 809 230 829; x_wconf 85' lang='lat' dir='ltr'><strong>esse</strong></span> <span class='ocrx_word' id='word_1_131' title='bbox 245 801 336 832; x_wconf 84' lang='lat' dir='ltr'><strong>desiit,</strong></span> <span class='ocrx_word' id='word_1_132' title='bbox 350 799 416 827; x_wconf 80' lang='lat' dir='ltr'><strong>furti</strong></span> <span class='ocrx_word' id='word_1_133' title='bbox 429 808 483 826; x_wconf 87' lang='lat' dir='ltr'><strong>non</strong></span> <span class='ocrx_word' id='word_1_134' title='bbox 496 804 613 827; x_wconf 88' lang='lat' dir='ltr'><strong>tenetur.</strong></span> <span class='ocrx_word' id='word_1_135' title='bbox 631 799 690 827; x_wconf 88' lang='lat' dir='ltr'><strong>Non</strong></span> <span class='ocrx_word' id='word_1_136' title='bbox 705 801 777 827; x_wconf 93' lang='lat' dir='ltr'><strong>enim</strong></span> <span class='ocrx_word' id='word_1_137' title='bbox 794 800 824 827; x_wconf 89' lang='lat' dir='ltr'><strong>ﬁt</strong></span> <span class='ocrx_word' id='word_1_138' title='bbox 842 799 956 833; x_wconf 80' lang='lat' dir='ltr'><strong>furtum,</strong></span> 
     </span>
    </p>
   </div>
   <div class='ocr_carea' id='block_1_20' title="bbox 168 846 958 882">
    <p class='ocr_par' dir='ltr' id='par_1_20' title="bbox 168 846 958 882">
     <span class='ocr_line' id='line_1_20' title="bbox 168 846 958 882; baseline -0.001 -8"><span class='ocrx_word' id='word_1_139' title='bbox 168 847 222 875; x_wconf 91' lang='lat' dir='ltr'><strong>nisi</strong></span> <span class='ocrx_word' id='word_1_140' title='bbox 240 847 276 874; x_wconf 88' lang='lat' dir='ltr'><strong>sit</strong></span> <span class='ocrx_word' id='word_1_141' title='bbox 291 846 336 874; x_wconf 89' lang='lat' dir='ltr'><strong>cui</strong></span> <span class='ocrx_word' id='word_1_142' title='bbox 351 846 454 873; x_wconf 80' lang='lat' dir='ltr'><strong>furtum</strong></span> <span class='ocrx_word' id='word_1_143' title='bbox 476 847 539 873; x_wconf 63' lang='lat' dir='ltr'><strong>liat;</strong></span> <span class='ocrx_word' id='word_1_144' title='bbox 555 846 582 872; x_wconf 79' lang='lat' dir='ltr'><strong>Si</strong></span> <span class='ocrx_word' id='word_1_145' title='bbox 597 850 687 873; x_wconf 88' lang='lat' dir='ltr'><strong>autem</strong></span> <span class='ocrx_word' id='word_1_146' title='bbox 703 847 776 881; x_wconf 83' lang='lat' dir='ltr'><strong>quod</strong></span> <span class='ocrx_word' id='word_1_147' title='bbox 790 854 841 873; x_wconf 91' lang='lat' dir='ltr'><strong>non</strong></span> <span class='ocrx_word' id='word_1_148' title='bbox 855 852 897 874; x_wconf 90' lang='lat' dir='ltr'><strong>est</strong></span> <span class='ocrx_word' id='word_1_149' title='bbox 909 854 958 882; x_wconf 91' lang='lat' dir='ltr'><strong>pro</strong></span> 
     </span>
    </p>
   </div>
   <div class='ocr_carea' id='block_1_21' title="bbox 169 888 957 925">
    <p class='ocr_par' dir='ltr' id='par_1_21' title="bbox 169 888 957 925">
     <span class='ocr_line' id='line_1_21' title="bbox 169 888 957 925; baseline -0.001 -6"><span class='ocrx_word' id='word_1_150' title='bbox 169 892 299 919; x_wconf 87' lang='lat' dir='ltr'><strong>derelicto</strong></span> <span class='ocrx_word' id='word_1_151' title='bbox 314 891 450 923; x_wconf 87' lang='lat' dir='ltr'><strong>habitum,</strong></span> <span class='ocrx_word' id='word_1_152' title='bbox 469 899 528 925; x_wconf 89' lang='lat' dir='ltr'><strong>pro-</strong></span> <span class='ocrx_word' id='word_1_153' title='bbox 541 888 670 918; x_wconf 82' lang='lat' dir='ltr'><strong>derelicto</strong></span> <span class='ocrx_word' id='word_1_154' title='bbox 690 898 749 918; x_wconf 81' lang='lat' dir='ltr'><strong>esse</strong></span> <span class='ocrx_word' id='word_1_155' title='bbox 763 891 884 918; x_wconf 88' lang='lat' dir='ltr'><strong>habitum</strong></span> <span class='ocrx_word' id='word_1_156' title='bbox 898 892 957 918; x_wconf 74' lang='lat' dir='ltr'><strong>exi-</strong></span> 
     </span>
    </p>
   </div>
   <div class='ocr_carea' id='block_1_22' title="bbox 170 936 957 971">
    <p class='ocr_par' dir='ltr' id='par_1_22' title="bbox 170 936 957 971">
     <span class='ocr_line' id='line_1_22' title="bbox 170 936 957 971; baseline -0.005 -5"><span class='ocrx_word' id='word_1_157' title='bbox 170 938 301 970; x_wconf 83' lang='lat' dir='ltr'><strong>stimavit,</strong></span> <span class='ocrx_word' id='word_1_158' title='bbox 325 945 379 965; x_wconf 90' lang='lat' dir='ltr'><strong>non</strong></span> <span class='ocrx_word' id='word_1_159' title='bbox 404 943 446 965; x_wconf 90' lang='lat' dir='ltr'><strong>est</strong></span> <span class='ocrx_word' id='word_1_160' title='bbox 463 937 524 970; x_wconf 78' lang='lat' dir='ltr'><strong>fur;</strong></span> <span class='ocrx_word' id='word_1_161' title='bbox 542 937 665 964; x_wconf 77' lang='lat' dir='ltr'><strong>siautem</strong></span> <span class='ocrx_word' id='word_1_162' title='bbox 690 944 740 963; x_wconf 88' lang='lat' dir='ltr'><strong>nec</strong></span> <span class='ocrx_word' id='word_1_163' title='bbox 761 944 810 971; x_wconf 87' lang='lat' dir='ltr'><strong>pro</strong></span> <span class='ocrx_word' id='word_1_164' title='bbox 829 936 957 963; x_wconf 80' lang='lat' dir='ltr'><strong>derelicto</strong></span> 
     </span>
    </p>
   </div>
   <div class='ocr_carea' id='block_1_23' title="bbox 168 981 956 1019">
    <p class='ocr_par' dir='ltr' id='par_1_23' title="bbox 168 981 956 1019">
     <span class='ocr_line' id='line_1_23' title="bbox 168 981 956 1019; baseline -0.004 -7"><span class='ocrx_word' id='word_1_165' title='bbox 168 985 332 1016; x_wconf 82' lang='lat' dir='ltr'><strong>habebatur,</strong></span> <span class='ocrx_word' id='word_1_166' title='bbox 347 991 398 1011; x_wconf 88' lang='lat' dir='ltr'><strong>nec</strong></span> <span class='ocrx_word' id='word_1_167' title='bbox 410 991 459 1019; x_wconf 94' lang='lat' dir='ltr'><strong>pro</strong></span> <span class='ocrx_word' id='word_1_168' title='bbox 469 982 598 1010; x_wconf 88' lang='lat' dir='ltr'><strong>derelicto</strong></span> <span class='ocrx_word' id='word_1_169' title='bbox 614 982 707 1009; x_wconf 90' lang='lat' dir='ltr'><strong>haberi</strong></span> <span class='ocrx_word' id='word_1_170' title='bbox 724 981 899 1013; x_wconf 76' lang='lat' dir='ltr'><strong>existimavit,</strong></span> <span class='ocrx_word' id='word_1_171' title='bbox 911 990 956 1009; x_wconf 83' lang='lat' dir='ltr'><strong>ac-</strong></span> 
     </span>
    </p>
   </div>
   <div class='ocr_carea' id='block_1_24' title="bbox 170 1026 958 1066">
    <p class='ocr_par' dir='ltr' id='par_1_24' title="bbox 170 1026 958 1066">
     <span class='ocr_line' id='line_1_24' title="bbox 170 1026 958 1066; baseline -0.006 -8"><span class='ocrx_word' id='word_1_172' title='bbox 170 1030 242 1066; x_wconf 89' lang='lat' dir='ltr'><strong>cepit</strong></span> <span class='ocrx_word' id='word_1_173' title='bbox 254 1033 345 1057; x_wconf 85' lang='lat' dir='ltr'><strong>autem</strong></span> <span class='ocrx_word' id='word_1_174' title='bbox 373 1033 402 1056; x_wconf 91' lang='lat' dir='ltr'><strong>ut</strong></span> <span class='ocrx_word' id='word_1_175' title='bbox 423 1028 535 1055; x_wconf 91' lang='lat' dir='ltr'><strong>domino</strong></span> <span class='ocrx_word' id='word_1_176' title='bbox 560 1027 671 1054; x_wconf 90' lang='lat' dir='ltr'><strong>invento</strong></span> <span class='ocrx_word' id='word_1_177' title='bbox 697 1026 831 1059; x_wconf 80' lang='lat' dir='ltr'><strong>redderet,</strong></span> <span class='ocrx_word' id='word_1_178' title='bbox 852 1027 958 1053; x_wconf 80' lang='lat' dir='ltr'><strong>actione</strong></span> 
     </span>
    </p>
   </div>
   <div class='ocr_carea' id='block_1_25' title="bbox 168 1072 957 1107">
    <p class='ocr_par' dir='ltr' id='par_1_25' title="bbox 168 1072 957 1107">
     <span class='ocr_line' id='line_1_25' title="bbox 168 1072 957 1107; baseline -0.006 -4"><span class='ocrx_word' id='word_1_179' title='bbox 168 1075 234 1103; x_wconf 81' lang='lat' dir='ltr'><strong>furti</strong></span> <span class='ocrx_word' id='word_1_180' title='bbox 257 1082 312 1102; x_wconf 91' lang='lat' dir='ltr'><strong>non</strong></span> <span class='ocrx_word' id='word_1_181' title='bbox 336 1078 454 1107; x_wconf 84' lang='lat' dir='ltr'><strong>tenetur,</strong></span> <span class='ocrx_word' id='word_1_182' title='bbox 470 1073 578 1100; x_wconf 84' lang='lat' dir='ltr'><strong>etiamsi</strong></span> <span class='ocrx_word' id='word_1_183' title='bbox 600 1080 650 1107; x_wconf 93' lang='lat' dir='ltr'><strong>pro</strong></span> <span class='ocrx_word' id='word_1_184' title='bbox 669 1072 825 1099; x_wconf 86' lang='lat' dir='ltr'><strong>inventione</strong></span> <span class='ocrx_word' id='word_1_185' title='bbox 842 1073 957 1107; x_wconf 83' lang='lat' dir='ltr'><strong>pretium</strong></span> 
     </span>
    </p>
   </div>
   <div class='ocr_carea' id='block_1_26' title="bbox 169 1117 955 1155">
    <p class='ocr_par' dir='ltr' id='par_1_26' title="bbox 169 1117 955 1155">
     <span class='ocr_line' id='line_1_26' title="bbox 169 1117 955 1155; baseline -0.006 -7"><span class='ocrx_word' id='word_1_186' title='bbox 169 1120 314 1155; x_wconf 86' lang='lat' dir='ltr'><strong>acceperit.</strong></span> <span class='ocrx_word' id='word_1_187' title='bbox 325 1119 455 1146; x_wconf 89' lang='lat' dir='ltr'><strong>Similiter</strong></span> <span class='ocrx_word' id='word_1_188' title='bbox 464 1123 491 1145; x_wconf 90' lang='lat' dir='ltr'><strong>et</strong></span> <span class='ocrx_word' id='word_1_189' title='bbox 501 1118 532 1145; x_wconf 83' lang='lat'><strong>61</strong></span> <span class='ocrx_word' id='word_1_190' title='bbox 548 1125 606 1152; x_wconf 81' lang='lat' dir='ltr'><strong>cap.</strong></span> <span class='ocrx_word' id='word_1_191' title='bbox 614 1138 621 1150; x_wconf 96' lang='lat'><strong>,</strong></span> <span class='ocrx_word' id='word_1_192' title='bbox 631 1117 648 1144; x_wconf 84' lang='grc'><strong>5</strong></span> <span class='ocrx_word' id='word_1_193' title='bbox 658 1117 711 1149; x_wconf 88' lang='lat' dir='ltr'><strong>tit.,</strong></span> <span class='ocrx_word' id='word_1_194' title='bbox 720 1125 735 1143; x_wconf 92' lang='lat' dir='ltr'><strong>L</strong></span> <span class='ocrx_word' id='word_1_195' title='bbox 747 1117 794 1143; x_wconf 88' lang='lat' dir='ltr'><strong>lib.</strong></span> <span class='ocrx_word' id='word_1_196' title='bbox 807 1117 846 1144; x_wconf 91' lang='lat' dir='ltr'><strong>sic</strong></span> <span class='ocrx_word' id='word_1_197' title='bbox 854 1117 936 1144; x_wconf 86' lang='lat' dir='ltr'><strong>habet</strong></span> <span class='ocrx_word' id='word_1_198' title='bbox 949 1126 955 1144; x_wconf 92' lang='lat'><strong>:</strong></span> 
     </span>
    </p>
   </div>
   <div class='ocr_carea' id='block_1_27' title="bbox 170 1164 957 1202">
    <p class='ocr_par' dir='ltr' id='par_1_27' title="bbox 170 1164 957 1202">
     <span class='ocr_line' id='line_1_27' title="bbox 170 1164 957 1202; baseline -0.006 -8"><span class='ocrx_word' id='word_1_199' title='bbox 170 1167 199 1194; x_wconf 81' lang='lat' dir='ltr'><strong>Si</strong></span> <span class='ocrx_word' id='word_1_200' title='bbox 218 1167 281 1202; x_wconf 88' lang='lat' dir='ltr'><strong>quis</strong></span> <span class='ocrx_word' id='word_1_201' title='bbox 294 1165 415 1193; x_wconf 84' lang='lat' dir='ltr'><strong>absentis</strong></span> <span class='ocrx_word' id='word_1_202' title='bbox 430 1172 486 1191; x_wconf 88' lang='lat' dir='ltr'><strong>rem</strong></span> <span class='ocrx_word' id='word_1_203' title='bbox 502 1170 644 1191; x_wconf 79' lang='lat' dir='ltr'><strong>vacantem</strong></span> <span class='ocrx_word' id='word_1_204' title='bbox 661 1164 838 1196; x_wconf 87' lang='lat' dir='ltr'><strong>detinuisset,</strong></span> <span class='ocrx_word' id='word_1_205' title='bbox 852 1170 906 1190; x_wconf 86' lang='lat' dir='ltr'><strong>non</strong></span> <span class='ocrx_word' id='word_1_206' title='bbox 917 1167 957 1189; x_wconf 93' lang='lat' dir='ltr'><strong>te-</strong></span> 
     </span>
    </p>
   </div>
   <div class='ocr_carea' id='block_1_28' title="bbox 168 1208 955 1242">
    <p class='ocr_par' dir='ltr' id='par_1_28' title="bbox 168 1208 955 1242">
     <span class='ocr_line' id='line_1_28' title="bbox 168 1208 955 1242; baseline -0.009 0"><span class='ocrx_word' id='word_1_207' title='bbox 168 1214 285 1242; x_wconf 85' lang='lat' dir='ltr'><strong>nebatur</strong></span> <span class='ocrx_word' id='word_1_208' title='bbox 305 1213 370 1240; x_wconf 91' lang='lat' dir='ltr'><strong>olim</strong></span> <span class='ocrx_word' id='word_1_209' title='bbox 397 1213 439 1239; x_wconf 84' lang='lat' dir='ltr'><strong>vel</strong></span> <span class='ocrx_word' id='word_1_210' title='bbox 467 1211 612 1238; x_wconf 88' lang='lat' dir='ltr'><strong>interdicto</strong></span> <span class='ocrx_word' id='word_1_211' title='bbox 637 1211 671 1238; x_wconf 88' lang='lat' dir='ltr'><strong>de</strong></span> <span class='ocrx_word' id='word_1_212' title='bbox 687 1210 724 1242; x_wconf 87' lang='lat' dir='ltr'><strong>vi,</strong></span> <span class='ocrx_word' id='word_1_213' title='bbox 743 1209 784 1236; x_wconf 90' lang='lat' dir='ltr'><strong>vel</strong></span> <span class='ocrx_word' id='word_1_214' title='bbox 801 1208 955 1240; x_wconf 87' lang='lat' dir='ltr'><strong>interdicto,</strong></span> 
     </span>
    </p>
   </div>
   <div class='ocr_carea' id='block_1_29' title="bbox 168 1255 957 1294">
    <p class='ocr_par' dir='ltr' id='par_1_29' title="bbox 168 1255 957 1294">
     <span class='ocr_line' id='line_1_29' title="bbox 168 1255 957 1294; baseline -0.008 -7"><span class='ocrx_word' id='word_1_215' title='bbox 168 1259 247 1294; x_wconf 87' lang='lat' dir='ltr'><strong>Quod</strong></span> <span class='ocrx_word' id='word_1_216' title='bbox 259 1259 285 1287; x_wconf 94' lang='lat' dir='ltr'><strong>vi</strong></span> <span class='ocrx_word' id='word_1_217' title='bbox 297 1263 344 1286; x_wconf 84' lang='lat' dir='ltr'><strong>aut</strong></span> <span class='ocrx_word' id='word_1_218' title='bbox 360 1258 443 1290; x_wconf 84' lang='lat' dir='ltr'><strong>clam,</strong></span> <span class='ocrx_word' id='word_1_219' title='bbox 461 1257 515 1285; x_wconf 88' lang='lat' dir='ltr'><strong>nisi</strong></span> <span class='ocrx_word' id='word_1_220' title='bbox 530 1257 670 1292; x_wconf 86' lang='lat' dir='ltr'><strong>utiquerei</strong></span> <span class='ocrx_word' id='word_1_221' title='bbox 686 1255 875 1286; x_wconf 88' lang='lat' dir='ltr'><strong>vindicatione,</strong></span> <span class='ocrx_word' id='word_1_222' title='bbox 889 1262 957 1290; x_wconf 85' lang='lat' dir='ltr'><strong>qua-</strong></span> 
     </span>
    </p>
   </div>
   <div class='ocr_carea' id='block_1_30' title="bbox 168 1300 955 1335">
    <p class='ocr_par' dir='ltr' id='par_1_30' title="bbox 168 1300 955 1335">
     <span class='ocr_line' id='line_1_30' title="bbox 168 1300 955 1335; baseline -0.008 -4"><span class='ocrx_word' id='word_1_223' title='bbox 168 1309 248 1331; x_wconf 79' lang='lat' dir='ltr'><strong>tenus</strong></span> <span class='ocrx_word' id='word_1_224' title='bbox 262 1302 361 1330; x_wconf 85' lang='lat' dir='ltr'><strong>absens</strong></span> <span class='ocrx_word' id='word_1_225' title='bbox 377 1306 435 1329; x_wconf 84' lang='lat' dir='ltr'><strong>erat</strong></span> <span class='ocrx_word' id='word_1_226' title='bbox 448 1302 586 1329; x_wconf 79' lang='lat' dir='ltr'><strong>dominus.</strong></span> <span class='ocrx_word' id='word_1_227' title='bbox 609 1300 664 1328; x_wconf 76' lang='lat' dir='ltr'><strong>Nos</strong></span> <span class='ocrx_word' id='word_1_228' title='bbox 676 1308 739 1335; x_wconf 80' lang='lat' dir='ltr'><strong>ergo</strong></span> <span class='ocrx_word' id='word_1_229' title='bbox 752 1300 879 1326; x_wconf 84' lang='lat' dir='ltr'><strong>volumus</strong></span> <span class='ocrx_word' id='word_1_230' title='bbox 893 1307 955 1326; x_wconf 89' lang='lat' dir='ltr'><strong>eum</strong></span> 
     </span>
    </p>
   </div>
   <div class='ocr_carea' id='block_1_31' title="bbox 169 1345 953 1383">
    <p class='ocr_par' dir='ltr' id='par_1_31' title="bbox 169 1345 953 1383">
     <span class='ocr_line' id='line_1_31' title="bbox 169 1345 953 1383; baseline -0.005 -8"><span class='ocrx_word' id='word_1_231' title='bbox 169 1353 199 1375; x_wconf 87' lang='lat' dir='ltr'><strong>ut</strong></span> <span class='ocrx_word' id='word_1_232' title='bbox 211 1347 258 1383; x_wconf 85' lang='lat' dir='ltr'><strong>qui</strong></span> <span class='ocrx_word' id='word_1_233' title='bbox 271 1348 307 1375; x_wconf 88' lang='lat' dir='ltr'><strong>sit</strong></span> <span class='ocrx_word' id='word_1_234' title='bbox 318 1353 472 1382; x_wconf 84' lang='lat' dir='ltr'><strong>possessor,</strong></span> <span class='ocrx_word' id='word_1_235' title='bbox 486 1346 604 1381; x_wconf 74' lang='lat' dir='ltr'><strong>generali</strong></span> <span class='ocrx_word' id='word_1_236' title='bbox 618 1346 686 1372; x_wconf 81' lang='lat' dir='ltr'><strong>devi</strong></span> <span class='ocrx_word' id='word_1_237' title='bbox 701 1345 844 1372; x_wconf 82' lang='lat' dir='ltr'><strong>interdicto</strong></span> <span class='ocrx_word' id='word_1_238' title='bbox 858 1345 953 1372; x_wconf 86' lang='lat' dir='ltr'><strong>teneri.</strong></span> 
     </span>
    </p>
   </div>
   <div class='ocr_carea' id='block_1_32' title="bbox 168 1390 956 1426">
    <p class='ocr_par' dir='ltr' id='par_1_32' title="bbox 168 1390 956 1426">
     <span class='ocr_line' id='line_1_32' title="bbox 168 1390 956 1426; baseline -0.005 -6"><span class='ocrx_word' id='word_1_239' title='bbox 168 1393 218 1420; x_wconf 86' lang='lat' dir='ltr'><strong>Est</strong></span> <span class='ocrx_word' id='word_1_240' title='bbox 230 1393 302 1419; x_wconf 90' lang='lat' dir='ltr'><strong>enim</strong></span> <span class='ocrx_word' id='word_1_241' title='bbox 315 1391 460 1419; x_wconf 87' lang='lat' dir='ltr'><strong>ridiculum</strong></span> <span class='ocrx_word' id='word_1_242' title='bbox 473 1391 564 1418; x_wconf 85' lang='lat' dir='ltr'><strong>dicere</strong></span> <span class='ocrx_word' id='word_1_243' title='bbox 578 1391 650 1426; x_wconf 83' lang='lat' dir='ltr'><strong>quod</strong></span> <span class='ocrx_word' id='word_1_244' title='bbox 664 1391 803 1425; x_wconf 86' lang='lat' dir='ltr'><strong>proprium</strong></span> <span class='ocrx_word' id='word_1_245' title='bbox 815 1390 956 1417; x_wconf 81' lang='lat' dir='ltr'><strong>existima-</strong></span> 
     </span>
    </p>
   </div>
   <div class='ocr_carea' id='block_1_33' title="bbox 168 1436 956 1473">
    <p class='ocr_par' dir='ltr' id='par_1_33' title="bbox 168 1436 956 1473">
     <span class='ocr_line' id='line_1_33' title="bbox 168 1436 956 1473; baseline -0.006 -6"><span class='ocrx_word' id='word_1_246' title='bbox 168 1440 234 1467; x_wconf 81' lang='lat' dir='ltr'><strong>bant</strong></span> <span class='ocrx_word' id='word_1_247' title='bbox 256 1439 283 1466; x_wconf 90' lang='lat' dir='ltr'><strong>id</strong></span> <span class='ocrx_word' id='word_1_248' title='bbox 305 1439 377 1473; x_wconf 90' lang='lat' dir='ltr'><strong>quod</strong></span> <span class='ocrx_word' id='word_1_249' title='bbox 401 1443 443 1466; x_wconf 90' lang='lat' dir='ltr'><strong>est</strong></span> <span class='ocrx_word' id='word_1_250' title='bbox 466 1438 583 1465; x_wconf 83' lang='lat' dir='ltr'><strong>alienum</strong></span> <span class='ocrx_word' id='word_1_251' title='bbox 599 1437 847 1472; x_wconf 83' lang='lat' dir='ltr'><strong>:quemadmodum</strong></span> <span class='ocrx_word' id='word_1_252' title='bbox 872 1441 899 1463; x_wconf 90' lang='lat' dir='ltr'><strong>et</strong></span> <span class='ocrx_word' id='word_1_253' title='bbox 923 1436 956 1463; x_wconf 86' lang='lat' dir='ltr'><strong>de</strong></span> 
     </span>
    </p>
   </div>
   <div class='ocr_carea' id='block_1_34' title="bbox 168 1483 956 1518">
    <p class='ocr_par' dir='ltr' id='par_1_34' title="bbox 168 1483 956 1518">
     <span class='ocr_line' id='line_1_34' title="bbox 168 1483 956 1518; baseline -0.006 -5"><span class='ocrx_word' id='word_1_254' title='bbox 168 1485 236 1513; x_wconf 78' lang='lat' dir='ltr'><strong>furti</strong></span> <span class='ocrx_word' id='word_1_255' title='bbox 250 1485 278 1512; x_wconf 93' lang='lat' dir='ltr'><strong>in</strong></span> <span class='ocrx_word' id='word_1_256' title='bbox 292 1484 405 1518; x_wconf 80' lang='lat' dir='ltr'><strong>duplum</strong></span> <span class='ocrx_word' id='word_1_257' title='bbox 426 1484 533 1510; x_wconf 83' lang='lat' dir='ltr'><strong>actione</strong></span> <span class='ocrx_word' id='word_1_258' title='bbox 554 1483 683 1515; x_wconf 69' lang='lat' dir='ltr'><strong>diximus,</strong></span> <span class='ocrx_word' id='word_1_259' title='bbox 708 1483 780 1517; x_wconf 89' lang='lat' dir='ltr'><strong>quod</strong></span> <span class='ocrx_word' id='word_1_260' title='bbox 799 1483 845 1517; x_wconf 90' lang='lat' dir='ltr'><strong>qui</strong></span> <span class='ocrx_word' id='word_1_261' title='bbox 859 1487 956 1517; x_wconf 73' lang='lat' dir='ltr'><strong>praeter</strong></span> 
     </span>
    </p>
   </div>
   <div class='ocr_carea' id='block_1_35' title="bbox 169 1528 990 1559">
    <p class='ocr_par' dir='ltr' id='par_1_35' title="bbox 169 1528 990 1559">
     <span class='ocr_line' id='line_1_35' title="bbox 169 1528 990 1559; baseline -0.005 -1"><span class='ocrx_word' id='word_1_262' title='bbox 169 1531 273 1559; x_wconf 89' lang='lat' dir='ltr'><strong>domini</strong></span> <span class='ocrx_word' id='word_1_263' title='bbox 289 1530 450 1559; x_wconf 86' lang='lat' dir='ltr'><strong>sententiam</strong></span> <span class='ocrx_word' id='word_1_264' title='bbox 462 1537 494 1556; x_wconf 83' lang='lat' dir='ltr'><strong>ac</strong></span> <span class='ocrx_word' id='word_1_265' title='bbox 504 1529 669 1556; x_wconf 88' lang='lat' dir='ltr'><strong>voluntatem</strong></span> <span class='ocrx_word' id='word_1_266' title='bbox 683 1533 843 1556; x_wconf 85' lang='lat' dir='ltr'><strong>contrectat.</strong></span> <span class='ocrx_word' id='word_1_267' title='bbox 853 1528 954 1555; x_wconf 82' lang='lat' dir='ltr'><strong>furtum</strong></span> <span class='ocrx_word' id='word_1_268' title='bbox 971 1528 990 1536; x_wconf 87' lang='lat'>“</span> 
     </span>
    </p>
   </div>
   <div class='ocr_carea' id='block_1_36' title="bbox 169 1575 956 1605">
    <p class='ocr_par' dir='ltr' id='par_1_36' title="bbox 169 1575 956 1605">
     <span class='ocr_line' id='line_1_36' title="bbox 169 1575 956 1605; baseline -0.006 0"><span class='ocrx_word' id='word_1_269' title='bbox 169 1577 323 1605; x_wconf 84' lang='lat' dir='ltr'><strong>committit.</strong></span> <span class='ocrx_word' id='word_1_270' title='bbox 343 1576 406 1604; x_wconf 69' lang='lat' dir='ltr'><strong>Hazc</strong></span> <span class='ocrx_word' id='word_1_271' title='bbox 430 1581 521 1603; x_wconf 88' lang='lat' dir='ltr'><strong>autem</strong></span> <span class='ocrx_word' id='word_1_272' title='bbox 539 1575 658 1602; x_wconf 89' lang='lat' dir='ltr'><strong>dicimus</strong></span> <span class='ocrx_word' id='word_1_273' title='bbox 673 1575 727 1602; x_wconf 86' lang='lat' dir='ltr'><strong>nisi</strong></span> <span class='ocrx_word' id='word_1_274' title='bbox 745 1582 798 1601; x_wconf 66' lang='lat' dir='ltr'><strong>xu</strong></span> <span class='ocrx_word' id='word_1_275' title='bbox 822 1582 956 1601; x_wconf 86' lang='lat' dir='ltr'><strong>annorum</strong></span> 
     </span>
    </p>
   </div>
   <div class='ocr_carea' id='block_1_37' title="bbox 170 1621 957 1658">
    <p class='ocr_par' dir='ltr' id='par_1_37' title="bbox 170 1621 957 1658">
     <span class='ocr_line' id='line_1_37' title="bbox 170 1621 957 1658; baseline -0.005 -8"><span class='ocrx_word' id='word_1_276' title='bbox 170 1624 288 1658; x_wconf 82' lang='lat' dir='ltr'><strong>spatium</strong></span> <span class='ocrx_word' id='word_1_277' title='bbox 310 1622 479 1658; x_wconf 63' lang='lat' dir='ltr'><strong>praeterierit,</strong></span> <span class='ocrx_word' id='word_1_278' title='bbox 503 1630 536 1648; x_wconf 82' lang='lat' dir='ltr'><strong>ex</strong></span> <span class='ocrx_word' id='word_1_279' title='bbox 560 1629 615 1656; x_wconf 87' lang='lat' dir='ltr'><strong>quo</strong></span> <span class='ocrx_word' id='word_1_280' title='bbox 636 1621 836 1655; x_wconf 75' lang='lat' dir='ltr'><strong>posseSsiouem</strong></span> <span class='ocrx_word' id='word_1_281' title='bbox 861 1628 957 1655; x_wconf 85' lang='lat' dir='ltr'><strong>apprc-</strong></span> 
     </span>
    </p>
   </div>
   <div class='ocr_carea' id='block_1_38' title="bbox 170 1666 957 1702">
    <p class='ocr_par' dir='ltr' id='par_1_38' title="bbox 170 1666 957 1702">
     <span class='ocr_line' id='line_1_38' title="bbox 170 1666 957 1702; baseline -0.004 -6"><span class='ocrx_word' id='word_1_282' title='bbox 170 1669 274 1702; x_wconf 71' lang='lat' dir='ltr'><strong>hendit.</strong></span> <span class='ocrx_word' id='word_1_283' title='bbox 293 1668 364 1696; x_wconf 82' lang='lat' dir='ltr'><strong>Nota</strong></span> <span class='ocrx_word' id='word_1_284' title='bbox 386 1675 447 1702; x_wconf 72' lang='lat' dir='ltr'><strong>qua:</strong></span> <span class='ocrx_word' id='word_1_285' title='bbox 468 1667 510 1694; x_wconf 91' lang='lat' dir='ltr'><strong>hic</strong></span> <span class='ocrx_word' id='word_1_286' title='bbox 525 1667 558 1694; x_wconf 87' lang='lat' dir='ltr'><strong>de</strong></span> <span class='ocrx_word' id='word_1_287' title='bbox 575 1667 746 1701; x_wconf 84' lang='lat' dir='ltr'><strong>captivorum</strong></span> <span class='ocrx_word' id='word_1_288' title='bbox 763 1667 846 1694; x_wconf 86' lang='lat' dir='ltr'><strong>rebus</strong></span> <span class='ocrx_word' id='word_1_289' title='bbox 858 1666 957 1701; x_wconf 83' lang='lat' dir='ltr'><strong>scripta</strong></span> 
     </span>
    </p>
   </div>
   <div class='ocr_carea' id='block_1_39' title="bbox 171 1712 957 1749">
    <p class='ocr_par' dir='ltr' id='par_1_39' title="bbox 171 1712 957 1749">
     <span class='ocr_line' id='line_1_39' title="bbox 171 1712 957 1749; baseline -0.003 -7"><span class='ocrx_word' id='word_1_290' title='bbox 171 1718 247 1742; x_wconf 87' lang='lat' dir='ltr'><strong>sunt.</strong></span> <span class='ocrx_word' id='word_1_291' title='bbox 261 1713 331 1749; x_wconf 81' lang='lat' dir='ltr'><strong>Lege</strong></span> <span class='ocrx_word' id='word_1_292' title='bbox 347 1714 427 1741; x_wconf 85' lang='lat' dir='ltr'><strong>etiam</strong></span> <span class='ocrx_word' id='word_1_293' title='bbox 439 1713 486 1740; x_wconf 90' lang='lat' dir='ltr'><strong>lib.</strong></span> <span class='ocrx_word' id='word_1_294' title='bbox 504 1720 597 1745; x_wconf 78' lang='lat' dir='ltr'><strong>xxxtv,</strong></span> <span class='ocrx_word' id='word_1_295' title='bbox 615 1713 656 1739; x_wconf 89' lang='lat' dir='ltr'><strong>tit.</strong></span> <span class='ocrx_word' id='word_1_296' title='bbox 669 1713 694 1744; x_wconf 78' lang='grc'><strong>1,</strong></span> <span class='ocrx_word' id='word_1_297' title='bbox 709 1720 770 1747; x_wconf 82' lang='lat' dir='ltr'><strong>cap.</strong></span> <span class='ocrx_word' id='word_1_298' title='bbox 785 1712 828 1744; x_wconf 81' lang='grc'><strong>17,</strong></span> <span class='ocrx_word' id='word_1_299' title='bbox 843 1713 935 1740; x_wconf 85' lang='lat' dir='ltr'><strong>dicens</strong></span> <span class='ocrx_word' id='word_1_300' title='bbox 949 1721 957 1740; x_wconf 84' lang='grc'>;</span> 
     </span>
    </p>
   </div>
   <div class='ocr_carea' id='block_1_40' title="bbox 170 1757 958 1794">
    <p class='ocr_par' dir='ltr' id='par_1_40' title="bbox 170 1757 958 1794">
     <span class='ocr_line' id='line_1_40' title="bbox 170 1757 958 1794; baseline -0.004 -7"><span class='ocrx_word' id='word_1_301' title='bbox 170 1759 305 1794; x_wconf 74' lang='lat' dir='ltr'><strong>Rccoptos</strong></span> <span class='ocrx_word' id='word_1_302' title='bbox 318 1759 351 1786; x_wconf 84' lang='lat' dir='ltr'><strong>ab</strong></span> <span class='ocrx_word' id='word_1_303' title='bbox 367 1759 491 1786; x_wconf 83' lang='lat' dir='ltr'><strong>hostibus</strong></span> <span class='ocrx_word' id='word_1_304' title='bbox 504 1765 596 1792; x_wconf 72' lang='lat' dir='ltr'><strong>agros,</strong></span> <span class='ocrx_word' id='word_1_305' title='bbox 610 1758 656 1792; x_wconf 85' lang='lat' dir='ltr'><strong>qui</strong></span> <span class='ocrx_word' id='word_1_306' title='bbox 672 1757 748 1792; x_wconf 86' lang='lat' dir='ltr'><strong>prius</strong></span> <span class='ocrx_word' id='word_1_307' title='bbox 763 1761 841 1784; x_wconf 88' lang='lat' dir='ltr'><strong>erant</strong></span> <span class='ocrx_word' id='word_1_308' title='bbox 856 1757 958 1784; x_wconf 88' lang='lat' dir='ltr'><strong>domini</strong></span> 
     </span>
    </p>
   </div>
   <div class='ocr_carea' id='block_1_41' title="bbox 172 1803 959 1840">
    <p class='ocr_par' dir='ltr' id='par_1_41' title="bbox 172 1803 959 1840">
     <span class='ocr_line' id='line_1_41' title="bbox 172 1803 959 1840; baseline -0.003 -8"><span class='ocrx_word' id='word_1_309' title='bbox 172 1806 307 1840; x_wconf 83' lang='lat' dir='ltr'><strong>recipiunt</strong></span> <span class='ocrx_word' id='word_1_310' title='bbox 319 1813 327 1838; x_wconf 86' lang='lat'><strong>;</strong></span> <span class='ocrx_word' id='word_1_311' title='bbox 341 1813 395 1832; x_wconf 92' lang='lat' dir='ltr'><strong>non</strong></span> <span class='ocrx_word' id='word_1_312' title='bbox 412 1805 485 1832; x_wconf 89' lang='lat' dir='ltr'><strong>enim</strong></span> <span class='ocrx_word' id='word_1_313' title='bbox 495 1805 555 1831; x_wconf 90' lang='lat' dir='ltr'><strong>loco</strong></span> <span class='ocrx_word' id='word_1_314' title='bbox 569 1804 666 1838; x_wconf 65' lang='lat' dir='ltr'><strong>praedae</strong></span> <span class='ocrx_word' id='word_1_315' title='bbox 680 1809 754 1836; x_wconf 88' lang='lat' dir='ltr'><strong>sunt,</strong></span> <span class='ocrx_word' id='word_1_316' title='bbox 769 1811 858 1839; x_wconf 87' lang='lat' dir='ltr'><strong>neque</strong></span> <span class='ocrx_word' id='word_1_317' title='bbox 871 1803 959 1838; x_wconf 88' lang='lat' dir='ltr'><strong>publi-</strong></span> 
     </span>
    </p>
   </div>
   <div class='ocr_carea' id='block_1_42' title="bbox 171 1849 959 1884">
    <p class='ocr_par' dir='ltr' id='par_1_42' title="bbox 171 1849 959 1884">
     <span class='ocr_line' id='line_1_42' title="bbox 171 1849 959 1884; baseline -0.003 -6"><span class='ocrx_word' id='word_1_318' title='bbox 171 1855 279 1880; x_wconf 79' lang='lat' dir='ltr'><strong>cantur.</strong></span> <span class='ocrx_word' id='word_1_319' title='bbox 295 1850 349 1884; x_wconf 85' lang='lat' dir='ltr'><strong>Qui</strong></span> <span class='ocrx_word' id='word_1_320' title='bbox 364 1858 398 1878; x_wconf 79' lang='lat' dir='ltr'><strong>ex</strong></span> <span class='ocrx_word' id='word_1_321' title='bbox 416 1850 541 1877; x_wconf 91' lang='lat' dir='ltr'><strong>hostibus</strong></span> <span class='ocrx_word' id='word_1_322' title='bbox 557 1850 630 1877; x_wconf 89' lang='lat' dir='ltr'><strong>enim</strong></span> <span class='ocrx_word' id='word_1_323' title='bbox 647 1849 801 1884; x_wconf 84' lang='lat' dir='ltr'><strong>rapiuntur,</strong></span> <span class='ocrx_word' id='word_1_324' title='bbox 819 1856 873 1876; x_wconf 93' lang='lat' dir='ltr'><strong>non</strong></span> <span class='ocrx_word' id='word_1_325' title='bbox 891 1849 959 1876; x_wconf 83' lang='lat' dir='ltr'><strong>liunt</strong></span> 
     </span>
    </p>
   </div>
   <div class='ocr_carea' id='block_1_43' title="bbox 171 1894 959 1931">
    <p class='ocr_par' dir='ltr' id='par_1_43' title="bbox 171 1894 959 1931">
     <span class='ocr_line' id='line_1_43' title="bbox 171 1894 959 1931; baseline -0.004 -7"><span class='ocrx_word' id='word_1_326' title='bbox 171 1896 287 1931; x_wconf 87' lang='lat' dir='ltr'><strong>publici.</strong></span> <span class='ocrx_word' id='word_1_327' title='bbox 300 1895 370 1923; x_wconf 89' lang='lat' dir='ltr'><strong>Nota</strong></span> <span class='ocrx_word' id='word_1_328' title='bbox 388 1904 452 1931; x_wconf 80' lang='lat' dir='ltr'><strong>ergo</strong></span> <span class='ocrx_word' id='word_1_329' title='bbox 467 1895 540 1931; x_wconf 90' lang='lat' dir='ltr'><strong>quod</strong></span> <span class='ocrx_word' id='word_1_330' title='bbox 552 1895 634 1924; x_wconf 79' lang='lat' dir='ltr'><strong>etiam</strong></span> <span class='ocrx_word' id='word_1_331' title='bbox 649 1900 676 1922; x_wconf 89' lang='lat' dir='ltr'><strong>et</strong></span> <span class='ocrx_word' id='word_1_332' title='bbox 687 1895 838 1922; x_wconf 84' lang='lat' dir='ltr'><strong>canonibus</strong></span> <span class='ocrx_word' id='word_1_333' title='bbox 852 1898 879 1921; x_wconf 89' lang='lat' dir='ltr'><strong>et</strong></span> <span class='ocrx_word' id='word_1_334' title='bbox 893 1894 959 1930; x_wconf 79' lang='lat' dir='ltr'><strong>legi-</strong></span> 
     </span>
    </p>
   </div>
   <div class='ocr_carea' id='block_1_44' title="bbox 170 1941 960 1977">
    <p class='ocr_par' dir='ltr' id='par_1_44' title="bbox 170 1941 960 1977">
     <span class='ocr_line' id='line_1_44' title="bbox 170 1941 960 1977; baseline -0.005 -6"><span class='ocrx_word' id='word_1_335' title='bbox 170 1945 234 1976; x_wconf 87' lang='lat' dir='ltr'><strong>bus,</strong></span> <span class='ocrx_word' id='word_1_336' title='bbox 249 1950 305 1970; x_wconf 92' lang='lat' dir='ltr'><strong>non</strong></span> <span class='ocrx_word' id='word_1_337' title='bbox 322 1942 411 1970; x_wconf 91' lang='lat' dir='ltr'><strong>solum</strong></span> <span class='ocrx_word' id='word_1_338' title='bbox 425 1941 471 1976; x_wconf 91' lang='lat' dir='ltr'><strong>qui</strong></span> <span class='ocrx_word' id='word_1_339' title='bbox 487 1943 656 1977; x_wconf 85' lang='lat' dir='ltr'><strong>captivorum</strong></span> <span class='ocrx_word' id='word_1_340' title='bbox 673 1949 717 1969; x_wconf 86' lang='lat' dir='ltr'><strong>res</strong></span> <span class='ocrx_word' id='word_1_341' title='bbox 731 1942 921 1976; x_wconf 64' lang='lat' dir='ltr'><strong>deprwdantur</strong></span> <span class='ocrx_word' id='word_1_342' title='bbox 933 1945 960 1967; x_wconf 86' lang='lat' dir='ltr'><strong>ct</strong></span> 
     </span>
    </p>
   </div>
   <div class='ocr_carea' id='block_1_45' title="bbox 169 1987 958 2025">
    <p class='ocr_par' dir='ltr' id='par_1_45' title="bbox 169 1987 958 2025">
     <span class='ocr_line' id='line_1_45' title="bbox 169 1987 958 2025; baseline -0.005 -8"><span class='ocrx_word' id='word_1_343' title='bbox 169 1988 316 2025; x_wconf 82' lang='lat' dir='ltr'><strong>diripiunt,</strong></span> <span class='ocrx_word' id='word_1_344' title='bbox 338 1988 489 2023; x_wconf 88' lang='lat' dir='ltr'><strong>puniuntur</strong></span> <span class='ocrx_word' id='word_1_345' title='bbox 510 1993 538 2014; x_wconf 85' lang='lat' dir='ltr'><strong>et</strong></span> <span class='ocrx_word' id='word_1_346' title='bbox 559 1992 700 2021; x_wconf 90' lang='lat' dir='ltr'><strong>tenentur;</strong></span> <span class='ocrx_word' id='word_1_347' title='bbox 715 1987 762 2016; x_wconf 90' lang='lat' dir='ltr'><strong>sed</strong></span> <span class='ocrx_word' id='word_1_348' title='bbox 780 1988 861 2015; x_wconf 89' lang='lat' dir='ltr'><strong>etiam</strong></span> <span class='ocrx_word' id='word_1_349' title='bbox 878 1987 896 2014; x_wconf 94' lang='lat' dir='ltr'><strong>ii</strong></span> <span class='ocrx_word' id='word_1_350' title='bbox 912 1987 958 2022; x_wconf 91' lang='lat' dir='ltr'><strong>qui</strong></span> 
     </span>
    </p>
   </div>
   <div class='ocr_carea' id='block_1_46' title="bbox 171 2034 959 2066">
    <p class='ocr_par' dir='ltr' id='par_1_46' title="bbox 171 2034 959 2066">
     <span class='ocr_line' id='line_1_46' title="bbox 171 2034 959 2066; baseline -0.004 -3"><span class='ocrx_word' id='word_1_351' title='bbox 171 2043 230 2063; x_wconf 86' lang='lat' dir='ltr'><strong>rem</strong></span> <span class='ocrx_word' id='word_1_352' title='bbox 251 2035 419 2063; x_wconf 87' lang='lat' dir='ltr'><strong>immobilem</strong></span> <span class='ocrx_word' id='word_1_353' title='bbox 439 2039 582 2061; x_wconf 85' lang='lat' dir='ltr'><strong>vacantem</strong></span> <span class='ocrx_word' id='word_1_354' title='bbox 604 2034 742 2061; x_wconf 74' lang='lat' dir='ltr'><strong>invertisse</strong></span> <span class='ocrx_word' id='word_1_355' title='bbox 759 2042 787 2061; x_wconf 90' lang='lat' dir='ltr'><strong>se</strong></span> <span class='ocrx_word' id='word_1_356' title='bbox 803 2034 917 2066; x_wconf 90' lang='lat' dir='ltr'><strong>dicunt,</strong></span> <span class='ocrx_word' id='word_1_357' title='bbox 933 2039 959 2060; x_wconf 86' lang='lat' dir='ltr'><strong>et</strong></span> 
     </span>
    </p>
   </div>
   <div class='ocr_carea' id='block_1_47' title="bbox 171 2079 959 2115">
    <p class='ocr_par' dir='ltr' id='par_1_47' title="bbox 171 2079 959 2115">
     <span class='ocr_line' id='line_1_47' title="bbox 171 2079 959 2115; baseline -0.006 -5"><span class='ocrx_word' id='word_1_358' title='bbox 171 2090 225 2110; x_wconf 85' lang='lat' dir='ltr'><strong>non</strong></span> <span class='ocrx_word' id='word_1_359' title='bbox 246 2082 341 2109; x_wconf 81' lang='lat' dir='ltr'><strong>statim</strong></span> <span class='ocrx_word' id='word_1_360' title='bbox 364 2088 422 2108; x_wconf 88' lang='lat' dir='ltr'><strong>rem</strong></span> <span class='ocrx_word' id='word_1_361' title='bbox 445 2080 581 2115; x_wconf 84' lang='lat' dir='ltr'><strong>aperiunt,</strong></span> <span class='ocrx_word' id='word_1_362' title='bbox 597 2084 624 2107; x_wconf 90' lang='lat' dir='ltr'><strong>et</strong></span> <span class='ocrx_word' id='word_1_363' title='bbox 639 2087 699 2107; x_wconf 88' lang='lat' dir='ltr'><strong>eam</strong></span> <span class='ocrx_word' id='word_1_364' title='bbox 724 2080 834 2106; x_wconf 89' lang='lat' dir='ltr'><strong>nomine</strong></span> <span class='ocrx_word' id='word_1_365' title='bbox 855 2079 959 2106; x_wconf 85' lang='lat' dir='ltr'><strong>domini</strong></span> 
     </span>
    </p>
   </div>
   <div class='ocr_carea' id='block_1_48' title="bbox 170 2126 958 2167">
    <p class='ocr_par' dir='ltr' id='par_1_48' title="bbox 170 2126 958 2167">
     <span class='ocr_line' id='line_1_48' title="bbox 170 2126 958 2167; baseline -0.008 -9"><span class='ocrx_word' id='word_1_366' title='bbox 170 2131 326 2167; x_wconf 84' lang='lat' dir='ltr'><strong>possident;</strong></span> <span class='ocrx_word' id='word_1_367' title='bbox 344 2129 496 2158; x_wconf 92' lang='lat' dir='ltr'><strong>secundum</strong></span> <span class='ocrx_word' id='word_1_368' title='bbox 513 2128 599 2163; x_wconf 79' lang='lat' dir='ltr'><strong>legem</strong></span> <span class='ocrx_word' id='word_1_369' title='bbox 616 2128 725 2162; x_wconf 87' lang='lat' dir='ltr'><strong>quidem</strong></span> <span class='ocrx_word' id='word_1_370' title='bbox 745 2126 958 2154; x_wconf 86' lang='lat' dir='ltr'><strong>ecclesiasticam</strong></span> 
     </span>
    </p>
   </div>
   <div class='ocr_carea' id='block_1_49' title="bbox 1013 204 1802 244">
    <p class='ocr_par' dir='ltr' id='par_1_49' title="bbox 1013 204 1802 244">
     <span class='ocr_line' id='line_1_49' title="bbox 1013 204 1802 244; baseline 0.008 -14"><span class='ocrx_word' id='word_1_371' title='bbox 1013 204 1207 241; x_wconf 71' lang='grc' dir='ltr'><strong>δυστυχοῦντος</strong></span> <span class='ocrx_word' id='word_1_372' title='bbox 1223 208 1270 233; x_wconf 80' lang='grc' dir='ltr'><strong>καὶ</strong></span> <span class='ocrx_word' id='word_1_373' title='bbox 1285 208 1547 243; x_wconf 65' lang='grc' dir='ltr'><strong>αἰχμαλωτισθέντας</strong></span> <span class='ocrx_word' id='word_1_374' title='bbox 1559 209 1576 244; x_wconf 78' lang='grc' dir='ltr'><strong>ἢ</strong></span> <span class='ocrx_word' id='word_1_375' title='bbox 1592 209 1642 235; x_wconf 69' lang='grc' dir='ltr'><strong>καὶ</strong></span> <span class='ocrx_word' id='word_1_376' title='bbox 1658 209 1802 243; x_wconf 70' lang='grc' dir='ltr'>φεύγοντος</span> 
     </span>
    </p>
   </div>
   <div class='ocr_carea' id='block_1_50' title="bbox 1012 251 1801 290">
    <p class='ocr_par' dir='ltr' id='par_1_50' title="bbox 1012 251 1801 290">
     <span class='ocr_line' id='line_1_50' title="bbox 1012 251 1801 290; baseline 0.005 -13"><span class='ocrx_word' id='word_1_377' title='bbox 1012 251 1076 282; x_wconf 73' lang='grc' dir='ltr'>τοὺς</span> <span class='ocrx_word' id='word_1_378' title='bbox 1101 251 1272 288; x_wconf 75' lang='grc' dir='ltr'>βαρϐάρους,</span> <span class='ocrx_word' id='word_1_379' title='bbox 1299 253 1461 289; x_wconf 76' lang='grc' dir='ltr'>πράγματα,</span> <span class='ocrx_word' id='word_1_380' title='bbox 1492 255 1539 282; x_wconf 76' lang='grc' dir='ltr'>καὶ</span> <span class='ocrx_word' id='word_1_381' title='bbox 1567 255 1641 281; x_wconf 77' lang='grc' dir='ltr'>κατᾶ</span> <span class='ocrx_word' id='word_1_382' title='bbox 1671 255 1801 290; x_wconf 71' lang='grc' dir='ltr'>τοσαύτην</span> 
     </span>
    </p>
   </div>
   <div class='ocr_carea' id='block_1_51' title="bbox 1011 295 1796 333">
    <p class='ocr_par' dir='ltr' id='par_1_51' title="bbox 1011 295 1796 333">
     <span class='ocr_line' id='line_1_51' title="bbox 1011 295 1796 333; baseline 0.006 -11"><span class='ocrx_word' id='word_1_383' title='bbox 1011 295 1134 332; x_wconf 84' lang='grc' dir='ltr'>ἀνάγκην</span> <span class='ocrx_word' id='word_1_384' title='bbox 1153 297 1310 333; x_wconf 78' lang='grc' dir='ltr'>ἁτημέλητα</span> <span class='ocrx_word' id='word_1_385' title='bbox 1331 299 1524 332; x_wconf 68' lang='grc' dir='ltr'><strong>καταλιπόντος</strong></span> <span class='ocrx_word' id='word_1_386' title='bbox 1549 301 1583 327; x_wconf 77' lang='grc' dir='ltr'>τὰ</span> <span class='ocrx_word' id='word_1_387' title='bbox 1609 301 1712 333; x_wconf 70' lang='grc' dir='ltr'>οἰκεῖα,</span> <span class='ocrx_word' id='word_1_388' title='bbox 1739 302 1796 327; x_wconf 74' lang='grc' dir='ltr'>ἁπο-</span> 
     </span>
    </p>
   </div>
   <div class='ocr_carea' id='block_1_52' title="bbox 1011 341 1801 381">
    <p class='ocr_par' dir='ltr' id='par_1_52' title="bbox 1011 341 1801 381">
     <span class='ocr_line' id='line_1_52' title="bbox 1011 341 1801 381; baseline 0.008 -14"><span class='ocrx_word' id='word_1_389' title='bbox 1011 341 1142 378; x_wconf 65' lang='lat' dir='ltr'><strong>mequ</strong></span> <span class='ocrx_word' id='word_1_390' title='bbox 1165 343 1233 369; x_wconf 75' lang='grc' dir='ltr'>αὐτὰ</span> <span class='ocrx_word' id='word_1_391' title='bbox 1256 344 1324 379; x_wconf 67' lang='grc' dir='ltr'>πρὸς</span> <span class='ocrx_word' id='word_1_392' title='bbox 1348 344 1377 371; x_wconf 83' lang='grc' dir='ltr'>τὸ</span> <span class='ocrx_word' id='word_1_393' title='bbox 1404 345 1486 380; x_wconf 79' lang='grc' dir='ltr'>μέρος</span> <span class='ocrx_word' id='word_1_394' title='bbox 1513 346 1560 372; x_wconf 76' lang='grc' dir='ltr'>τοῦ</span> <span class='ocrx_word' id='word_1_395' title='bbox 1588 346 1662 372; x_wconf 75' lang='grc' dir='ltr'>οὓτω</span> <span class='ocrx_word' id='word_1_396' title='bbox 1685 347 1801 381; x_wconf 75' lang='grc' dir='ltr'>δυσπρα-</span> 
     </span>
    </p>
   </div>
   <div class='ocr_carea' id='block_1_53' title="bbox 1011 386 1801 425">
    <p class='ocr_par' dir='ltr' id='par_1_53' title="bbox 1011 386 1801 425">
     <span class='ocr_line' id='line_1_53' title="bbox 1011 386 1801 425; baseline 0.005 -12"><span class='ocrx_word' id='word_1_397' title='bbox 1011 386 1123 420; x_wconf 81' lang='grc' dir='ltr'>γοῦντος</span> <span class='ocrx_word' id='word_1_398' title='bbox 1147 387 1309 423; x_wconf 72' lang='grc' dir='ltr'><strong>ἀνθρώπους</strong></span> <span class='ocrx_word' id='word_1_399' title='bbox 1337 390 1392 416; x_wconf 76' lang='grc' dir='ltr'>Καὶ</span> <span class='ocrx_word' id='word_1_400' title='bbox 1413 391 1427 416; x_wconf 87' lang='grc' dir='ltr'>ὁ</span> <span class='ocrx_word' id='word_1_401' title='bbox 1453 390 1501 425; x_wconf 80' lang='grc' dir='ltr'><strong>μὲν</strong></span> <span class='ocrx_word' id='word_1_402' title='bbox 1527 390 1607 424; x_wconf 77' lang='grc' dir='ltr'>ἅγιος</span> <span class='ocrx_word' id='word_1_403' title='bbox 1635 391 1725 417; x_wconf 64' lang='grc' dir='ltr'>ταῦτα</span> <span class='ocrx_word' id='word_1_404' title='bbox 1749 392 1801 417; x_wconf 62' lang='lat' dir='ltr'><strong>elis-</strong></span> 
     </span>
    </p>
   </div>
   <div class='ocr_carea' id='block_1_54' title="bbox 1012 432 1801 469">
    <p class='ocr_par' dir='ltr' id='par_1_54' title="bbox 1012 432 1801 469">
     <span class='ocr_line' id='line_1_54' title="bbox 1012 432 1801 469; baseline 0.006 -13"><span class='ocrx_word' id='word_1_405' title='bbox 1012 440 1106 457; x_wconf 78' lang='grc' dir='ltr'>σπισε·</span> <span class='ocrx_word' id='word_1_406' title='bbox 1130 432 1177 458; x_wconf 71' lang='grc' dir='ltr'>καὶ</span> <span class='ocrx_word' id='word_1_407' title='bbox 1196 432 1295 467; x_wconf 72' lang='grc' dir='ltr'>ἑφεξῆς</span> <span class='ocrx_word' id='word_1_408' title='bbox 1321 433 1441 460; x_wconf 74' lang='grc' dir='ltr'><strong>διδάσκει</strong></span> <span class='ocrx_word' id='word_1_409' title='bbox 1462 434 1520 466; x_wconf 78' lang='grc' dir='ltr'><strong>πῶς</strong></span> <span class='ocrx_word' id='word_1_410' title='bbox 1537 435 1694 469; x_wconf 63' lang='grc' dir='ltr'>ὀφείλουσιν</span> <span class='ocrx_word' id='word_1_411' title='bbox 1720 436 1801 462; x_wconf 75' lang='grc' dir='ltr'>ἐπιτι-</span> 
     </span>
    </p>
   </div>
   <div class='ocr_carea' id='block_1_55' title="bbox 1013 477 1800 516">
    <p class='ocr_par' dir='ltr' id='par_1_55' title="bbox 1013 477 1800 516">
     <span class='ocr_line' id='line_1_55' title="bbox 1013 477 1800 516; baseline 0.005 -13"><span class='ocrx_word' id='word_1_412' title='bbox 1013 477 1113 512; x_wconf 77' lang='grc' dir='ltr'>μᾶσθαι</span> <span class='ocrx_word' id='word_1_413' title='bbox 1133 477 1158 503; x_wconf 73' lang='grc' dir='ltr'>οἳ</span> <span class='ocrx_word' id='word_1_414' title='bbox 1178 485 1208 503; x_wconf 81' lang='grc' dir='ltr'><strong>τε</strong></span> <span class='ocrx_word' id='word_1_415' title='bbox 1236 478 1407 512; x_wconf 75' lang='grc' dir='ltr'>ἁρπάσαντες</span> <span class='ocrx_word' id='word_1_416' title='bbox 1433 478 1467 504; x_wconf 72' lang='grc' dir='ltr'>τὰ</span> <span class='ocrx_word' id='word_1_417' title='bbox 1491 480 1607 506; x_wconf 80' lang='grc' dir='ltr'>τοιαῦτα</span> <span class='ocrx_word' id='word_1_418' title='bbox 1638 481 1800 516; x_wconf 72' lang='grc' dir='ltr'>πράγματα,</span> 
     </span>
    </p>
   </div>
   <div class='ocr_carea' id='block_1_56' title="bbox 1010 522 1800 561">
    <p class='ocr_par' dir='ltr' id='par_1_56' title="bbox 1010 522 1800 561">
     <span class='ocr_line' id='line_1_56' title="bbox 1010 522 1800 561; baseline 0.005 -13"><span class='ocrx_word' id='word_1_419' title='bbox 1010 522 1057 549; x_wconf 75' lang='grc' dir='ltr'><strong>καὶ</strong></span> <span class='ocrx_word' id='word_1_420' title='bbox 1071 523 1095 549; x_wconf 85' lang='grc' dir='ltr'>οἱ</span> <span class='ocrx_word' id='word_1_421' title='bbox 1109 522 1146 558; x_wconf 78' lang='grc' dir='ltr'>μὴ</span> <span class='ocrx_word' id='word_1_422' title='bbox 1163 522 1342 558; x_wconf 78' lang='grc' dir='ltr'>ἁρπάζοντες,</span> <span class='ocrx_word' id='word_1_423' title='bbox 1362 524 1430 550; x_wconf 81' lang='grc' dir='ltr'>ἀλλὰ</span> <span class='ocrx_word' id='word_1_424' title='bbox 1451 525 1590 560; x_wconf 78' lang='grc' dir='ltr'>εὑρόντες·</span> <span class='ocrx_word' id='word_1_425' title='bbox 1614 526 1686 561; x_wconf 72' lang='grc' dir='ltr'>πρὸς</span> <span class='ocrx_word' id='word_1_426' title='bbox 1707 526 1736 552; x_wconf 78' lang='grc' dir='ltr'><strong>δὲ</strong></span> <span class='ocrx_word' id='word_1_427' title='bbox 1759 528 1800 553; x_wconf 64' lang='grc' dir='ltr'>καὶ</span> 
     </span>
    </p>
   </div>
   <div class='ocr_carea' id='block_1_57' title="bbox 1010 570 1798 606">
    <p class='ocr_par' dir='ltr' id='par_1_57' title="bbox 1010 570 1798 606">
     <span class='ocr_line' id='line_1_57' title="bbox 1010 570 1798 606; baseline 0.004 -11"><span class='ocrx_word' id='word_1_428' title='bbox 1010 570 1034 596; x_wconf 81' lang='grc' dir='ltr'>οἱ</span> <span class='ocrx_word' id='word_1_429' title='bbox 1065 570 1134 604; x_wconf 64' lang='grc' dir='ltr'>μετὰ</span> <span class='ocrx_word' id='word_1_430' title='bbox 1166 570 1215 606; x_wconf 81' lang='grc' dir='ltr'><strong>τὴν</strong></span> <span class='ocrx_word' id='word_1_431' title='bbox 1245 570 1353 606; x_wconf 71' lang='grc' dir='ltr'>εὕρεσιν</span> <span class='ocrx_word' id='word_1_432' title='bbox 1385 571 1422 606; x_wconf 85' lang='grc' dir='ltr'><strong>μὴ</strong></span> <span class='ocrx_word' id='word_1_433' title='bbox 1450 571 1695 603; x_wconf 80' lang='grc' dir='ltr'>ἁποκαϐιστῶντες</span> <span class='ocrx_word' id='word_1_434' title='bbox 1725 573 1798 598; x_wconf 62' lang='grc' dir='ltr'>αὐτὰ.</span> 
     </span>
    </p>
   </div>
   <div class='ocr_carea' id='block_1_58' title="bbox 1016 616 1800 652">
    <p class='ocr_par' dir='ltr' id='par_1_58' title="bbox 1016 616 1800 652">
     <span class='ocr_line' id='line_1_58' title="bbox 1016 616 1800 652; baseline 0.003 -10"><span class='ocrx_word' id='word_1_435' title='bbox 1016 616 1044 642; x_wconf 86' lang='lat'><strong>&#39;0</strong></span> <span class='ocrx_word' id='word_1_436' title='bbox 1064 616 1091 641; x_wconf 76' lang='grc' dir='ltr'><strong>δὲ</strong></span> <span class='ocrx_word' id='word_1_437' title='bbox 1118 616 1254 648; x_wconf 75' lang='grc' dir='ltr'>πολιτικὸς</span> <span class='ocrx_word' id='word_1_438' title='bbox 1273 617 1354 652; x_wconf 86' lang='grc' dir='ltr'>νόμος</span> <span class='ocrx_word' id='word_1_439' title='bbox 1376 617 1458 652; x_wconf 70' lang='grc' dir='ltr'>φησὶν</span> <span class='ocrx_word' id='word_1_440' title='bbox 1474 618 1502 643; x_wconf 81' lang='grc' dir='ltr'>ὲν</span> <span class='ocrx_word' id='word_1_441' title='bbox 1517 617 1617 652; x_wconf 80' lang='grc' dir='ltr'>θέματι</span> <span class='ocrx_word' id='word_1_442' title='bbox 1630 617 1663 649; x_wconf 79' lang='grc' dir='ltr'><strong>ε’,</strong></span> <span class='ocrx_word' id='word_1_443' title='bbox 1688 617 1737 644; x_wconf 78' lang='grc' dir='ltr'>τοῦ</span> <span class='ocrx_word' id='word_1_444' title='bbox 1760 620 1800 652; x_wconf 76' lang='grc' dir='ltr'><strong>μγ¹</strong></span> 
     </span>
    </p>
   </div>
   <div class='ocr_carea' id='block_1_59' title="bbox 1010 661 1801 697">
    <p class='ocr_par' dir='ltr' id='par_1_59' title="bbox 1010 661 1801 697">
     <span class='ocr_line' id='line_1_59' title="bbox 1010 661 1801 697; baseline 0.003 -11"><span class='ocrx_word' id='word_1_445' title='bbox 1010 661 1169 695; x_wconf 72' lang='grc' dir='ltr'><strong>κεφαλαίου,</strong></span> <span class='ocrx_word' id='word_1_446' title='bbox 1194 661 1240 688; x_wconf 80' lang='grc' dir='ltr'>τοῦ</span> <span class='ocrx_word' id='word_1_447' title='bbox 1260 662 1298 697; x_wconf 82' lang='grc' dir='ltr'><strong>ιβ’</strong></span> <span class='ocrx_word' id='word_1_448' title='bbox 1322 661 1422 695; x_wconf 82' lang='grc' dir='ltr'>τίτλου,</span> <span class='ocrx_word' id='word_1_449' title='bbox 1446 662 1493 688; x_wconf 81' lang='grc' dir='ltr'><strong>τοῦ</strong></span> <span class='ocrx_word' id='word_1_450' title='bbox 1521 662 1542 695; x_wconf 82' lang='grc' dir='ltr'><strong>ξ’</strong></span> <span class='ocrx_word' id='word_1_451' title='bbox 1571 662 1691 697; x_wconf 75' lang='grc' dir='ltr'>βιϐλίου,</span> <span class='ocrx_word' id='word_1_452' title='bbox 1719 663 1801 688; x_wconf 71' lang='grc' dir='ltr'>ταῦτα</span> 
     </span>
    </p>
   </div>
   <div class='ocr_carea' id='block_1_60' title="bbox 1010 707 1801 744">
    <p class='ocr_par' dir='ltr' id='par_1_60' title="bbox 1010 707 1801 744">
     <span class='ocr_line' id='line_1_60' title="bbox 1010 707 1801 744; baseline 0 -11"><span class='ocrx_word' id='word_1_453' title='bbox 1010 708 1114 742; x_wconf 76' lang='grc' dir='ltr'><strong>ῥητῶς·</strong></span> <span class='ocrx_word' id='word_1_454' title='bbox 1134 708 1163 734; x_wconf 85' lang='grc' dir='ltr'><strong>Ὀ</strong></span> <span class='ocrx_word' id='word_1_455' title='bbox 1173 707 1204 734; x_wconf 86' lang='grc' dir='ltr'>τδ</span> <span class='ocrx_word' id='word_1_456' title='bbox 1221 708 1360 743; x_wconf 84' lang='grc' dir='ltr'>ἀλλότριον</span> <span class='ocrx_word' id='word_1_457' title='bbox 1382 709 1496 744; x_wconf 81' lang='grc' dir='ltr'>πρᾶγμα</span> <span class='ocrx_word' id='word_1_458' title='bbox 1510 709 1681 744; x_wconf 68' lang='grc' dir='ltr'>ἐρριμμένον</span> <span class='ocrx_word' id='word_1_459' title='bbox 1700 708 1801 742; x_wconf 70' lang='grc' dir='ltr'>λαμεὰ-</span> 
     </span>
    </p>
   </div>
   <div class='ocr_carea' id='block_1_61' title="bbox 1009 753 1801 789">
    <p class='ocr_par' dir='ltr' id='par_1_61' title="bbox 1009 753 1801 789">
     <span class='ocr_line' id='line_1_61' title="bbox 1009 753 1801 789; baseline 0.001 -10"><span class='ocrx_word' id='word_1_460' title='bbox 1009 761 1061 779; x_wconf 90' lang='grc' dir='ltr'><strong>νων</strong></span> <span class='ocrx_word' id='word_1_461' title='bbox 1072 754 1118 779; x_wconf 74' lang='grc' dir='ltr'>ἐπὶ</span> <span class='ocrx_word' id='word_1_462' title='bbox 1124 753 1162 788; x_wconf 81' lang='grc' dir='ltr'><strong>τῷ</strong></span> <span class='ocrx_word' id='word_1_463' title='bbox 1171 754 1309 788; x_wconf 79' lang='grc' dir='ltr'>κερδᾶναι,</span> <span class='ocrx_word' id='word_1_464' title='bbox 1321 753 1373 780; x_wconf 81' lang='grc' dir='ltr'><strong>κᾶν</strong></span> <span class='ocrx_word' id='word_1_465' title='bbox 1385 754 1466 789; x_wconf 82' lang='grc' dir='ltr'>ἀγνοῇ</span> <span class='ocrx_word' id='word_1_466' title='bbox 1482 754 1554 786; x_wconf 75' lang='grc' dir='ltr'>τίνος</span> <span class='ocrx_word' id='word_1_467' title='bbox 1563 754 1648 784; x_wconf 75' lang='grc' dir='ltr'>ἐστὶν,</span> <span class='ocrx_word' id='word_1_468' title='bbox 1660 755 1801 780; x_wconf 69' lang='grc' dir='ltr'>ὑπόκειται</span> 
     </span>
    </p>
   </div>
   <div class='ocr_carea' id='block_1_62' title="bbox 1008 799 1800 835">
    <p class='ocr_par' dir='ltr' id='par_1_62' title="bbox 1008 799 1800 835">
     <span class='ocr_line' id='line_1_62' title="bbox 1008 799 1800 835; baseline 0 -10"><span class='ocrx_word' id='word_1_469' title='bbox 1008 801 1041 834; x_wconf 86' lang='grc' dir='ltr'>τῇ</span> <span class='ocrx_word' id='word_1_470' title='bbox 1067 800 1131 834; x_wconf 80' lang='grc' dir='ltr'>περὶ</span> <span class='ocrx_word' id='word_1_471' title='bbox 1159 799 1263 834; x_wconf 71' lang='grc' dir='ltr'>κλοπῆς</span> <span class='ocrx_word' id='word_1_472' title='bbox 1284 800 1390 835; x_wconf 67' lang='grc' dir='ltr'>ἀγωγῇ-</span> <span class='ocrx_word' id='word_1_473' title='bbox 1420 802 1443 826; x_wconf 78' lang='lat' dir='ltr'><strong>si</strong></span> <span class='ocrx_word' id='word_1_474' title='bbox 1472 800 1509 835; x_wconf 85' lang='grc' dir='ltr'>μὴ</span> <span class='ocrx_word' id='word_1_475' title='bbox 1524 799 1578 834; x_wconf 76' lang='grc' dir='ltr'>ἄρα</span> <span class='ocrx_word' id='word_1_476' title='bbox 1595 800 1768 834; x_wconf 74' lang='grc' dir='ltr'>ἀπρονόητον</span> <span class='ocrx_word' id='word_1_477' title='bbox 1785 801 1800 825; x_wconf 82' lang='grc' dir='ltr'>ὁ</span> 
     </span>
    </p>
   </div>
   <div class='ocr_carea' id='block_1_63' title="bbox 973 840 1801 880">
    <p class='ocr_par' dir='ltr' id='par_1_63' title="bbox 973 840 1801 880">
     <span class='ocr_line' id='line_1_63' title="bbox 973 840 1801 880; baseline 0 -10"><span class='ocrx_word' id='word_1_478' title='bbox 973 840 994 867; x_wconf 79' lang='grc' dir='ltr'><strong>Β</strong></span> <span class='ocrx_word' id='word_1_479' title='bbox 1009 844 1140 879; x_wconf 70' lang='grc' dir='ltr'>δεσπότης</span> <span class='ocrx_word' id='word_1_480' title='bbox 1156 843 1247 871; x_wconf 79' lang='grc' dir='ltr'><strong>εἴασεν</strong></span> <span class='ocrx_word' id='word_1_481' title='bbox 1271 845 1352 872; x_wconf 78' lang='grc' dir='ltr'>αὐτό·</span> <span class='ocrx_word' id='word_1_482' title='bbox 1383 845 1443 871; x_wconf 69' lang='grc' dir='ltr'>τότε</span> <span class='ocrx_word' id='word_1_483' title='bbox 1463 845 1518 880; x_wconf 84' lang='grc' dir='ltr'><strong>γὰρ</strong></span> <span class='ocrx_word' id='word_1_484' title='bbox 1539 845 1592 871; x_wconf 78' lang='grc' dir='ltr'><strong>κᾶν</strong></span> <span class='ocrx_word' id='word_1_485' title='bbox 1616 845 1655 877; x_wconf 80' lang='grc' dir='ltr'><strong>ὡς</strong></span> <span class='ocrx_word' id='word_1_486' title='bbox 1679 845 1801 871; x_wconf 79' lang='grc' dir='ltr'>κλέπτων</span> 
     </span>
    </p>
   </div>
   <div class='ocr_carea' id='block_1_64' title="bbox 1009 889 1802 926">
    <p class='ocr_par' dir='ltr' id='par_1_64' title="bbox 1009 889 1802 926">
     <span class='ocr_line' id='line_1_64' title="bbox 1009 889 1802 926; baseline 0 -10"><span class='ocrx_word' id='word_1_487' title='bbox 1009 890 1074 916; x_wconf 74' lang='grc' dir='ltr'>αὐτὸ</span> <span class='ocrx_word' id='word_1_488' title='bbox 1083 889 1189 921; x_wconf 71' lang='grc' dir='ltr'>ἔλαϐεν,</span> <span class='ocrx_word' id='word_1_489' title='bbox 1207 890 1300 926; x_wconf 75' lang='grc' dir='ltr'>ἐπειδὴ</span> <span class='ocrx_word' id='word_1_490' title='bbox 1325 890 1462 916; x_wconf 77' lang='grc' dir='ltr'>ἐπαύσατο</span> <span class='ocrx_word' id='word_1_491' title='bbox 1473 890 1555 917; x_wconf 74' lang='grc' dir='ltr'>αὑτοῦ</span> <span class='ocrx_word' id='word_1_492' title='bbox 1573 889 1654 921; x_wconf 69' lang='grc' dir='ltr'>εἶναι,</span> <span class='ocrx_word' id='word_1_493' title='bbox 1670 891 1720 926; x_wconf 71' lang='grc' dir='ltr'><strong>οὐχ</strong></span> <span class='ocrx_word' id='word_1_494' title='bbox 1739 891 1802 917; x_wconf 77' lang='grc' dir='ltr'>ὑπό-</span> 
     </span>
    </p>
   </div>
   <div class='ocr_carea' id='block_1_65' title="bbox 1009 936 1800 973">
    <p class='ocr_par' dir='ltr' id='par_1_65' title="bbox 1009 936 1800 973">
     <span class='ocr_line' id='line_1_65' title="bbox 1009 936 1800 973; baseline 0 -11"><span class='ocrx_word' id='word_1_495' title='bbox 1009 944 1107 962; x_wconf 77' lang='grc' dir='ltr'>κειται.</span> <span class='ocrx_word' id='word_1_496' title='bbox 1125 936 1219 972; x_wconf 84' lang='grc' dir='ltr'>Κλοπὴ</span> <span class='ocrx_word' id='word_1_497' title='bbox 1236 936 1290 972; x_wconf 83' lang='grc' dir='ltr'><strong>γὰρ</strong></span> <span class='ocrx_word' id='word_1_498' title='bbox 1310 937 1340 963; x_wconf 79' lang='grc' dir='ltr'>οὐ</span> <span class='ocrx_word' id='word_1_499' title='bbox 1358 937 1462 970; x_wconf 79' lang='grc' dir='ltr'>γίνεται</span> <span class='ocrx_word' id='word_1_500' title='bbox 1481 937 1519 972; x_wconf 78' lang='grc' dir='ltr'>μὴ</span> <span class='ocrx_word' id='word_1_501' title='bbox 1535 937 1611 968; x_wconf 70' lang='grc' dir='ltr'>ὄντος</span> <span class='ocrx_word' id='word_1_502' title='bbox 1633 937 1682 963; x_wconf 70' lang='grc' dir='ltr'>τοῦ</span> <span class='ocrx_word' id='word_1_503' title='bbox 1699 938 1800 973; x_wconf 69' lang='grc' dir='ltr'>κλοπήν</span> 
     </span>
    </p>
   </div>
   <div class='ocr_carea' id='block_1_66' title="bbox 1009 981 1800 1018">
    <p class='ocr_par' dir='ltr' id='par_1_66' title="bbox 1009 981 1800 1018">
     <span class='ocr_line' id='line_1_66' title="bbox 1009 981 1800 1018; baseline 0.003 -11"><span class='ocrx_word' id='word_1_504' title='bbox 1009 981 1203 1016; x_wconf 63' lang='grc' dir='ltr'>ὑφισταμένου.</span> <span class='ocrx_word' id='word_1_505' title='bbox 1230 983 1261 1008; x_wconf 85' lang='grc' dir='ltr'><strong>Εἰ</strong></span> <span class='ocrx_word' id='word_1_506' title='bbox 1281 982 1309 1008; x_wconf 79' lang='grc' dir='ltr'><strong>δὲ</strong></span> <span class='ocrx_word' id='word_1_507' title='bbox 1333 983 1364 1008; x_wconf 80' lang='grc' dir='ltr'><strong>τὸ</strong></span> <span class='ocrx_word' id='word_1_508' title='bbox 1381 982 1417 1018; x_wconf 84' lang='grc' dir='ltr'>μὴ</span> <span class='ocrx_word' id='word_1_509' title='bbox 1439 983 1468 1009; x_wconf 76' lang='grc' dir='ltr'>ὗν</span> <span class='ocrx_word' id='word_1_510' title='bbox 1483 983 1650 1018; x_wconf 80' lang='grc' dir='ltr'><strong>ἀπρονόητον</strong></span> <span class='ocrx_word' id='word_1_511' title='bbox 1676 983 1800 1018; x_wconf 73' lang='grc' dir='ltr'>ἐνόμισεν</span> 
     </span>
    </p>
   </div>
   <div class='ocr_carea' id='block_1_67' title="bbox 1009 1026 1802 1065">
    <p class='ocr_par' dir='ltr' id='par_1_67' title="bbox 1009 1026 1802 1065">
     <span class='ocr_line' id='line_1_67' title="bbox 1009 1026 1802 1065; baseline 0.003 -12"><span class='ocrx_word' id='word_1_512' title='bbox 1009 1028 1184 1062; x_wconf 75' lang='grc' dir='ltr'>ἀπρονόητον,</span> <span class='ocrx_word' id='word_1_513' title='bbox 1209 1028 1259 1054; x_wconf 81' lang='grc' dir='ltr'>οὐκ</span> <span class='ocrx_word' id='word_1_514' title='bbox 1280 1028 1338 1054; x_wconf 74' lang='grc' dir='ltr'>ἐστι</span> <span class='ocrx_word' id='word_1_515' title='bbox 1366 1028 1495 1064; x_wconf 79' lang='grc' dir='ltr'>κλέπτης-</span> <span class='ocrx_word' id='word_1_516' title='bbox 1512 1030 1535 1055; x_wconf 83' lang='grc' dir='ltr'><strong>εἰ</strong></span> <span class='ocrx_word' id='word_1_517' title='bbox 1559 1028 1587 1055; x_wconf 81' lang='grc' dir='ltr'><strong>δὲ</strong></span> <span class='ocrx_word' id='word_1_518' title='bbox 1607 1029 1644 1064; x_wconf 77' lang='grc' dir='ltr'>μὴ</span> <span class='ocrx_word' id='word_1_519' title='bbox 1657 1026 1692 1064; x_wconf 75' lang='grc' dir='ltr'><strong>ἦν</strong></span> <span class='ocrx_word' id='word_1_520' title='bbox 1713 1030 1802 1065; x_wconf 64' lang='grc' dir='ltr'>ἀπρο-</span> 
     </span>
    </p>
   </div>
   <div class='ocr_carea' id='block_1_68' title="bbox 1008 1073 1801 1110">
    <p class='ocr_par' dir='ltr' id='par_1_68' title="bbox 1008 1073 1801 1110">
     <span class='ocr_line' id='line_1_68' title="bbox 1008 1073 1801 1110; baseline 0.003 -11"><span class='ocrx_word' id='word_1_521' title='bbox 1008 1073 1111 1108; x_wconf 80' lang='grc' dir='ltr'>νόητον,</span> <span class='ocrx_word' id='word_1_522' title='bbox 1142 1074 1210 1108; x_wconf 81' lang='grc' dir='ltr'>μήτε</span> <span class='ocrx_word' id='word_1_523' title='bbox 1232 1074 1367 1108; x_wconf 78' lang='grc' dir='ltr'>ἐνόμισεν,</span> <span class='ocrx_word' id='word_1_524' title='bbox 1384 1073 1463 1100; x_wconf 73' lang='grc' dir='ltr'>ἔλαϐε</span> <span class='ocrx_word' id='word_1_525' title='bbox 1478 1075 1518 1106; x_wconf 75' lang='grc' dir='ltr'><strong>δὲ,</strong></span> <span class='ocrx_word' id='word_1_526' title='bbox 1534 1075 1581 1100; x_wconf 72' lang='grc' dir='ltr'>ἐπὶ</span> <span class='ocrx_word' id='word_1_527' title='bbox 1592 1075 1631 1109; x_wconf 85' lang='grc' dir='ltr'>τῷ</span> <span class='ocrx_word' id='word_1_528' title='bbox 1652 1075 1746 1102; x_wconf 72' lang='grc' dir='ltr'>δοῦναι</span> <span class='ocrx_word' id='word_1_529' title='bbox 1761 1075 1801 1110; x_wconf 82' lang='grc' dir='ltr'>τῷ</span> 
     </span>
    </p>
   </div>
   <div class='ocr_carea' id='block_1_69' title="bbox 1007 1119 1798 1156">
    <p class='ocr_par' dir='ltr' id='par_1_69' title="bbox 1007 1119 1798 1156">
     <span class='ocr_line' id='line_1_69' title="bbox 1007 1119 1798 1156; baseline 0.004 -12"><span class='ocrx_word' id='word_1_530' title='bbox 1007 1119 1193 1154; x_wconf 81' lang='grc' dir='ltr'>εὑρισκομένῳ</span> <span class='ocrx_word' id='word_1_531' title='bbox 1218 1119 1345 1154; x_wconf 77' lang='grc' dir='ltr'><strong>δεσπότῃ,</strong></span> <span class='ocrx_word' id='word_1_532' title='bbox 1363 1120 1412 1155; x_wconf 69' lang='grc' dir='ltr'>οὐχ</span> <span class='ocrx_word' id='word_1_533' title='bbox 1440 1120 1582 1146; x_wconf 79' lang='grc' dir='ltr'>ὑπόκειται</span> <span class='ocrx_word' id='word_1_534' title='bbox 1601 1122 1634 1156; x_wconf 77' lang='grc' dir='ltr'>τῇ</span> <span class='ocrx_word' id='word_1_535' title='bbox 1652 1122 1717 1156; x_wconf 71' lang='grc' dir='ltr'>περὶ</span> <span class='ocrx_word' id='word_1_536' title='bbox 1735 1122 1798 1148; x_wconf 75' lang='grc' dir='ltr'>κλο-</span> 
     </span>
    </p>
   </div>
   <div class='ocr_carea' id='block_1_70' title="bbox 1008 1164 1793 1202">
    <p class='ocr_par' dir='ltr' id='par_1_70' title="bbox 1008 1164 1793 1202">
     <span class='ocr_line' id='line_1_70' title="bbox 1008 1164 1793 1202; baseline 0.001 -10"><span class='ocrx_word' id='word_1_537' title='bbox 1008 1166 1060 1200; x_wconf 78' lang='grc' dir='ltr'>πῆς</span> <span class='ocrx_word' id='word_1_538' title='bbox 1074 1167 1180 1201; x_wconf 76' lang='grc' dir='ltr'>ἀγωγῇ,</span> <span class='ocrx_word' id='word_1_539' title='bbox 1196 1166 1248 1192; x_wconf 67' lang='grc' dir='ltr'>κᾶν</span> <span class='ocrx_word' id='word_1_540' title='bbox 1260 1166 1289 1192; x_wconf 72' lang='grc' dir='ltr'><strong>εὖ</strong></span> <span class='ocrx_word' id='word_1_541' title='bbox 1295 1174 1376 1202; x_wconf 79' lang='grc' dir='ltr'>ρετρα</span> <span class='ocrx_word' id='word_1_542' title='bbox 1390 1166 1468 1201; x_wconf 72' lang='grc' dir='ltr'>λάϐῃ.</span> <span class='ocrx_word' id='word_1_543' title='bbox 1486 1166 1624 1198; x_wconf 76' lang='grc' dir='ltr'><strong>Ὡσαύτως</strong></span> <span class='ocrx_word' id='word_1_544' title='bbox 1638 1167 1686 1193; x_wconf 75' lang='grc' dir='ltr'><strong>καὶ</strong></span> <span class='ocrx_word' id='word_1_545' title='bbox 1710 1164 1741 1191; x_wconf 72' lang='grc' dir='ltr'>τὸ</span> <span class='ocrx_word' id='word_1_546' title='bbox 1755 1164 1793 1198; x_wconf 67' lang='grc' dir='ltr'><strong>ξεί</strong></span> 
     </span>
    </p>
   </div>
   <div class='ocr_carea' id='block_1_71' title="bbox 1008 1211 1797 1247">
    <p class='ocr_par' dir='ltr' id='par_1_71' title="bbox 1008 1211 1797 1247">
     <span class='ocr_line' id='line_1_71' title="bbox 1008 1211 1797 1247; baseline 0 -10"><span class='ocrx_word' id='word_1_547' title='bbox 1008 1220 1069 1246; x_wconf 73' lang='grc' dir='ltr'>κεφ.</span> <span class='ocrx_word' id='word_1_548' title='bbox 1083 1212 1129 1238; x_wconf 75' lang='grc' dir='ltr'>τοῦ</span> <span class='ocrx_word' id='word_1_549' title='bbox 1152 1214 1175 1245; x_wconf 90' lang='grc' dir='ltr'><strong>γ’</strong></span> <span class='ocrx_word' id='word_1_550' title='bbox 1193 1211 1282 1238; x_wconf 86' lang='grc' dir='ltr'>τίτλου</span> <span class='ocrx_word' id='word_1_551' title='bbox 1307 1211 1352 1238; x_wconf 77' lang='grc' dir='ltr'>τοῦ</span> <span class='ocrx_word' id='word_1_552' title='bbox 1372 1214 1393 1237; x_wconf 84' lang='lat' dir='ltr'><strong>v’</strong></span> <span class='ocrx_word' id='word_1_553' title='bbox 1407 1211 1508 1246; x_wconf 74' lang='grc' dir='ltr'>βιϐλίου</span> <span class='ocrx_word' id='word_1_554' title='bbox 1520 1211 1591 1238; x_wconf 74' lang='grc' dir='ltr'>οὕτω</span> <span class='ocrx_word' id='word_1_555' title='bbox 1607 1212 1797 1247; x_wconf 57' lang='grc' dir='ltr'>διαλαμβάνει·</span> 
     </span>
    </p>
   </div>
   <div class='ocr_carea' id='block_1_72' title="bbox 1014 1256 1800 1292">
    <p class='ocr_par' dir='ltr' id='par_1_72' title="bbox 1014 1256 1800 1292">
     <span class='ocr_line' id='line_1_72' title="bbox 1014 1256 1800 1292; baseline 0 -10"><span class='ocrx_word' id='word_1_556' title='bbox 1014 1256 1076 1282; x_wconf 79' lang='grc' dir='ltr'><strong>Ἐάν</strong></span> <span class='ocrx_word' id='word_1_557' title='bbox 1091 1264 1132 1287; x_wconf 86' lang='grc' dir='ltr'>τις</span> <span class='ocrx_word' id='word_1_558' title='bbox 1157 1256 1272 1287; x_wconf 76' lang='grc' dir='ltr'>ἀπόντος</span> <span class='ocrx_word' id='word_1_559' title='bbox 1299 1257 1415 1292; x_wconf 79' lang='grc' dir='ltr'>πρᾶγμα</span> <span class='ocrx_word' id='word_1_560' title='bbox 1438 1257 1554 1292; x_wconf 77' lang='grc' dir='ltr'>κατέσχε</span> <span class='ocrx_word' id='word_1_561' title='bbox 1584 1257 1726 1291; x_wconf 73' lang='grc' dir='ltr'>σχολάζον,</span> <span class='ocrx_word' id='word_1_562' title='bbox 1749 1258 1800 1283; x_wconf 63' lang='grc' dir='ltr'><strong>οικ</strong></span> 
     </span>
    </p>
   </div>
   <div class='ocr_carea' id='block_1_73' title="bbox 1007 1300 1798 1338">
    <p class='ocr_par' dir='ltr' id='par_1_73' title="bbox 1007 1300 1798 1338">
     <span class='ocr_line' id='line_1_73' title="bbox 1007 1300 1798 1338; baseline 0.004 -12"><span class='ocrx_word' id='word_1_563' title='bbox 1007 1302 1118 1336; x_wconf 77' lang='grc' dir='ltr'>ἐνήγετο</span> <span class='ocrx_word' id='word_1_564' title='bbox 1133 1300 1162 1326; x_wconf 86' lang='grc' dir='ltr'>τὺ</span> <span class='ocrx_word' id='word_1_565' title='bbox 1174 1301 1288 1327; x_wconf 80' lang='grc' dir='ltr'>παλαιὸν</span> <span class='ocrx_word' id='word_1_566' title='bbox 1303 1302 1320 1336; x_wconf 81' lang='grc' dir='ltr'>ἢ</span> <span class='ocrx_word' id='word_1_567' title='bbox 1335 1301 1373 1337; x_wconf 81' lang='grc' dir='ltr'><strong>τῷ</strong></span> <span class='ocrx_word' id='word_1_568' title='bbox 1388 1302 1451 1337; x_wconf 74' lang='grc' dir='ltr'>περὶ</span> <span class='ocrx_word' id='word_1_569' title='bbox 1465 1302 1524 1336; x_wconf 79' lang='grc' dir='ltr'><strong>βίας</strong></span> <span class='ocrx_word' id='word_1_570' title='bbox 1542 1303 1767 1338; x_wconf 76' lang='grc' dir='ltr'>παραγγέλματι,</span> <span class='ocrx_word' id='word_1_571' title='bbox 1782 1304 1798 1338; x_wconf 73' lang='grc' dir='ltr'>ἢ</span> 
     </span>
    </p>
   </div>
   <div class='ocr_carea' id='block_1_74' title="bbox 1006 1346 1799 1384">
    <p class='ocr_par' dir='ltr' id='par_1_74' title="bbox 1006 1346 1799 1384">
     <span class='ocr_line' id='line_1_74' title="bbox 1006 1346 1799 1384; baseline 0.005 -13"><span class='ocrx_word' id='word_1_572' title='bbox 1006 1346 1054 1381; x_wconf 75' lang='grc' dir='ltr'><strong>τῷ,</strong></span> <span class='ocrx_word' id='word_1_573' title='bbox 1073 1347 1161 1382; x_wconf 83' lang='grc' dir='ltr'>Ὅπερ</span> <span class='ocrx_word' id='word_1_574' title='bbox 1184 1347 1228 1382; x_wconf 73' lang='grc' dir='ltr'><strong>βίᾳ</strong></span> <span class='ocrx_word' id='word_1_575' title='bbox 1242 1347 1259 1382; x_wconf 85' lang='grc' dir='ltr'>ἢ</span> <span class='ocrx_word' id='word_1_576' title='bbox 1277 1346 1375 1383; x_wconf 77' lang='grc' dir='ltr'>λάθρα,</span> <span class='ocrx_word' id='word_1_577' title='bbox 1391 1349 1415 1374; x_wconf 81' lang='grc' dir='ltr'>εἰ</span> <span class='ocrx_word' id='word_1_578' title='bbox 1431 1348 1468 1383; x_wconf 82' lang='grc' dir='ltr'>μὴ</span> <span class='ocrx_word' id='word_1_579' title='bbox 1483 1348 1538 1384; x_wconf 82' lang='grc' dir='ltr'>ἄρα</span> <span class='ocrx_word' id='word_1_580' title='bbox 1553 1350 1585 1383; x_wconf 81' lang='grc' dir='ltr'>τῇ</span> <span class='ocrx_word' id='word_1_581' title='bbox 1600 1348 1634 1374; x_wconf 72' lang='grc' dir='ltr'>τὰ</span> <span class='ocrx_word' id='word_1_582' title='bbox 1652 1349 1707 1375; x_wconf 66' lang='grc' dir='ltr'>ἴδια</span> <span class='ocrx_word' id='word_1_583' title='bbox 1728 1350 1799 1376; x_wconf 74' lang='grc' dir='ltr'>ἐκδι-</span> 
     </span>
    </p>
   </div>
   <div class='ocr_carea' id='block_1_75' title="bbox 1007 1390 1799 1430">
    <p class='ocr_par' dir='ltr' id='par_1_75' title="bbox 1007 1390 1799 1430">
     <span class='ocr_line' id='line_1_75' title="bbox 1007 1390 1799 1430; baseline 0.003 -11"><span class='ocrx_word' id='word_1_584' title='bbox 1007 1393 1092 1430; x_wconf 80' lang='grc' dir='ltr'>κούσῃ</span> <span class='ocrx_word' id='word_1_585' title='bbox 1101 1394 1208 1428; x_wconf 85' lang='grc' dir='ltr'><strong>ἀγωγῇ,</strong></span> <span class='ocrx_word' id='word_1_586' title='bbox 1226 1395 1255 1420; x_wconf 82' lang='grc' dir='ltr'>ὲν</span> <span class='ocrx_word' id='word_1_587' title='bbox 1269 1390 1291 1427; x_wconf 81' lang='grc' dir='ltr'>ᾧ</span> <span class='ocrx_word' id='word_1_588' title='bbox 1308 1394 1439 1429; x_wconf 78' lang='grc' dir='ltr'><strong>δεσπότης</strong></span> <span class='ocrx_word' id='word_1_589' title='bbox 1451 1392 1483 1430; x_wconf 75' lang='grc' dir='ltr'>ἦν</span> <span class='ocrx_word' id='word_1_590' title='bbox 1496 1397 1510 1421; x_wconf 87' lang='grc' dir='ltr'><strong>ό</strong></span> <span class='ocrx_word' id='word_1_591' title='bbox 1523 1394 1609 1420; x_wconf 83' lang='grc' dir='ltr'>ἀπών.</span> <span class='ocrx_word' id='word_1_592' title='bbox 1633 1394 1730 1429; x_wconf 77' lang='grc' dir='ltr'>Ἡμεῖς</span> <span class='ocrx_word' id='word_1_593' title='bbox 1742 1393 1799 1426; x_wconf 72' lang='grc' dir='ltr'>οὖν,</span> 
     </span>
    </p>
   </div>
   <div class='ocr_carea' id='block_1_76' title="bbox 1006 1440 1801 1478">
    <p class='ocr_par' dir='ltr' id='par_1_76' title="bbox 1006 1440 1801 1478">
     <span class='ocr_line' id='line_1_76' title="bbox 1006 1440 1801 1478; baseline 0.005 -13"><span class='ocrx_word' id='word_1_594' title='bbox 1006 1440 1044 1472; x_wconf 82' lang='grc' dir='ltr'><strong>ὡς</strong></span> <span class='ocrx_word' id='word_1_595' title='bbox 1054 1440 1140 1475; x_wconf 82' lang='grc' dir='ltr'>νομέα</span> <span class='ocrx_word' id='word_1_596' title='bbox 1157 1440 1229 1472; x_wconf 70' lang='grc' dir='ltr'>ὅντα,</span> <span class='ocrx_word' id='word_1_597' title='bbox 1258 1440 1408 1476; x_wconf 78' lang='grc' dir='ltr'>βουλόμεθα</span> <span class='ocrx_word' id='word_1_598' title='bbox 1425 1442 1586 1476; x_wconf 76' lang='grc' dir='ltr'>κρατεῖσθαι</span> <span class='ocrx_word' id='word_1_599' title='bbox 1602 1442 1641 1476; x_wconf 81' lang='grc' dir='ltr'>τῷ</span> <span class='ocrx_word' id='word_1_600' title='bbox 1659 1443 1726 1478; x_wconf 70' lang='grc' dir='ltr'>περὶ</span> <span class='ocrx_word' id='word_1_601' title='bbox 1740 1443 1801 1477; x_wconf 72' lang='grc' dir='ltr'><strong>βίας</strong></span> 
     </span>
    </p>
   </div>
   <div class='ocr_carea' id='block_1_77' title="bbox 1007 1486 1800 1523">
    <p class='ocr_par' dir='ltr' id='par_1_77' title="bbox 1007 1486 1800 1523">
     <span class='ocr_line' id='line_1_77' title="bbox 1007 1486 1800 1523; baseline 0.004 -11"><span class='ocrx_word' id='word_1_602' title='bbox 1007 1486 1107 1521; x_wconf 83' lang='grc' dir='ltr'>γενικῷ</span> <span class='ocrx_word' id='word_1_603' title='bbox 1125 1487 1346 1522; x_wconf 77' lang='grc' dir='ltr'>παραγγέλματι’</span> <span class='ocrx_word' id='word_1_604' title='bbox 1364 1487 1466 1521; x_wconf 78' lang='grc' dir='ltr'>γελοῖον</span> <span class='ocrx_word' id='word_1_605' title='bbox 1486 1487 1540 1523; x_wconf 79' lang='grc' dir='ltr'><strong>γάρ</strong></span> <span class='ocrx_word' id='word_1_606' title='bbox 1563 1489 1621 1514; x_wconf 80' lang='grc' dir='ltr'>ἐστι</span> <span class='ocrx_word' id='word_1_607' title='bbox 1649 1489 1679 1514; x_wconf 83' lang='grc' dir='ltr'>τὺ</span> <span class='ocrx_word' id='word_1_608' title='bbox 1695 1489 1800 1522; x_wconf 58' lang='grc' dir='ltr'>λέγειν.</span> 
     </span>
    </p>
   </div>
   <div class='ocr_carea' id='block_1_78' title="bbox 1007 1532 1801 1569">
    <p class='ocr_par' dir='ltr' id='par_1_78' title="bbox 1007 1532 1801 1569">
     <span class='ocr_line' id='line_1_78' title="bbox 1007 1532 1801 1569; baseline 0.003 -11"><span class='ocrx_word' id='word_1_609' title='bbox 1007 1532 1047 1558; x_wconf 82' lang='grc' dir='ltr'>ὅτι</span> <span class='ocrx_word' id='word_1_610' title='bbox 1064 1532 1187 1567; x_wconf 75' lang='grc' dir='ltr'>ἐνόμιζον</span> <span class='ocrx_word' id='word_1_611' title='bbox 1202 1533 1265 1559; x_wconf 77' lang='grc' dir='ltr'>ἴδιον</span> <span class='ocrx_word' id='word_1_612' title='bbox 1291 1533 1322 1559; x_wconf 76' lang='grc' dir='ltr'><strong>τὸ</strong></span> <span class='ocrx_word' id='word_1_613' title='bbox 1336 1533 1483 1568; x_wconf 78' lang='grc' dir='ltr'>ἀλλότριον·</span> <span class='ocrx_word' id='word_1_614' title='bbox 1501 1533 1596 1569; x_wconf 80' lang='grc' dir='ltr'>ὥσπερ</span> <span class='ocrx_word' id='word_1_615' title='bbox 1613 1532 1660 1560; x_wconf 75' lang='grc' dir='ltr'>οὗν</span> <span class='ocrx_word' id='word_1_616' title='bbox 1675 1535 1725 1560; x_wconf 74' lang='grc' dir='ltr'><strong>καὶ</strong></span> <span class='ocrx_word' id='word_1_617' title='bbox 1754 1536 1801 1561; x_wconf 75' lang='grc' dir='ltr'>ἐπὶ</span> 
     </span>
    </p>
   </div>
   <div class='ocr_carea' id='block_1_79' title="bbox 1007 1578 1801 1616">
    <p class='ocr_par' dir='ltr' id='par_1_79' title="bbox 1007 1578 1801 1616">
     <span class='ocr_line' id='line_1_79' title="bbox 1007 1578 1801 1616; baseline 0.003 -12"><span class='ocrx_word' id='word_1_618' title='bbox 1007 1578 1055 1612; x_wconf 79' lang='grc' dir='ltr'><strong>τῆς</strong></span> <span class='ocrx_word' id='word_1_619' title='bbox 1069 1579 1130 1614; x_wconf 78' lang='grc' dir='ltr'>περὶ</span> <span class='ocrx_word' id='word_1_620' title='bbox 1144 1578 1247 1614; x_wconf 72' lang='grc' dir='ltr'>κλοπῆς</span> <span class='ocrx_word' id='word_1_621' title='bbox 1267 1579 1308 1610; x_wconf 78' lang='grc' dir='ltr'><strong>εἰς</strong></span> <span class='ocrx_word' id='word_1_622' title='bbox 1333 1579 1363 1606; x_wconf 83' lang='grc' dir='ltr'>τὸ</span> <span class='ocrx_word' id='word_1_623' title='bbox 1382 1579 1521 1606; x_wconf 76' lang='grc' dir='ltr'>διπλάσιον</span> <span class='ocrx_word' id='word_1_624' title='bbox 1545 1580 1658 1615; x_wconf 56' lang='grc' dir='ltr'><strong>ἀγωγῆς</strong></span> <span class='ocrx_word' id='word_1_625' title='bbox 1672 1581 1801 1616; x_wconf 73' lang='grc' dir='ltr'>εἴπομεν,</span> 
     </span>
    </p>
   </div>
   <div class='ocr_carea' id='block_1_80' title="bbox 1008 1624 1803 1662">
    <p class='ocr_par' dir='ltr' id='par_1_80' title="bbox 1008 1624 1803 1662">
     <span class='ocr_line' id='line_1_80' title="bbox 1008 1624 1803 1662; baseline 0.005 -13"><span class='ocrx_word' id='word_1_626' title='bbox 1008 1624 1073 1650; x_wconf 71' lang='grc' dir='ltr'>ἕτιὸ</span> <span class='ocrx_word' id='word_1_627' title='bbox 1097 1625 1171 1659; x_wconf 74' lang='grc' dir='ltr'>παρὰ</span> <span class='ocrx_word' id='word_1_628' title='bbox 1187 1624 1299 1660; x_wconf 75' lang='grc' dir='ltr'>γνώμην</span> <span class='ocrx_word' id='word_1_629' title='bbox 1314 1624 1361 1651; x_wconf 81' lang='grc' dir='ltr'>τοῦ</span> <span class='ocrx_word' id='word_1_630' title='bbox 1378 1625 1506 1652; x_wconf 76' lang='grc' dir='ltr'>δεσπότου</span> <span class='ocrx_word' id='word_1_631' title='bbox 1535 1626 1669 1661; x_wconf 57' lang='grc' dir='ltr'>ψηλασῶν</span> <span class='ocrx_word' id='word_1_632' title='bbox 1695 1627 1803 1662; x_wconf 62' lang='grc' dir='ltr'>κλοπὴν</span> 
     </span>
    </p>
   </div>
   <div class='ocr_carea' id='block_1_81' title="bbox 1008 1670 1803 1707">
    <p class='ocr_par' dir='ltr' id='par_1_81' title="bbox 1008 1670 1803 1707">
     <span class='ocr_line' id='line_1_81' title="bbox 1008 1670 1803 1707; baseline 0.004 -12"><span class='ocrx_word' id='word_1_633' title='bbox 1008 1670 1170 1706; x_wconf 74' lang='grc' dir='ltr'>ἁμαρτάνει.</span> <span class='ocrx_word' id='word_1_634' title='bbox 1195 1671 1289 1696; x_wconf 77' lang='grc' dir='ltr'>Ταῦτα</span> <span class='ocrx_word' id='word_1_635' title='bbox 1311 1671 1339 1697; x_wconf 79' lang='grc' dir='ltr'><em>δέ</em></span> <span class='ocrx_word' id='word_1_636' title='bbox 1356 1680 1455 1706; x_wconf 77' lang='grc' dir='ltr'>φαμεν,</span> <span class='ocrx_word' id='word_1_637' title='bbox 1473 1671 1519 1698; x_wconf 78' lang='grc' dir='ltr'>ἐὰν</span> <span class='ocrx_word' id='word_1_638' title='bbox 1536 1673 1573 1707; x_wconf 85' lang='grc' dir='ltr'><strong>μὴ</strong></span> <span class='ocrx_word' id='word_1_639' title='bbox 1590 1674 1803 1707; x_wconf 74' lang='grc' dir='ltr'>τριακονταετία</span> 
     </span>
    </p>
   </div>
   <div class='ocr_carea' id='block_1_82' title="bbox 1009 1714 1804 1754">
    <p class='ocr_par' dir='ltr' id='par_1_82' title="bbox 1009 1714 1804 1754">
     <span class='ocr_line' id='line_1_82' title="bbox 1009 1714 1804 1754; baseline 0.004 -11"><span class='ocrx_word' id='word_1_640' title='bbox 1009 1717 1144 1752; x_wconf 74' lang='grc' dir='ltr'>παρῆλθεν</span> <span class='ocrx_word' id='word_1_641' title='bbox 1160 1717 1190 1749; x_wconf 80' lang='grc' dir='ltr'><strong>ἐξ</strong></span> <span class='ocrx_word' id='word_1_642' title='bbox 1206 1714 1236 1743; x_wconf 72' lang='grc' dir='ltr'>οὗ</span> <span class='ocrx_word' id='word_1_643' title='bbox 1253 1718 1301 1752; x_wconf 80' lang='grc' dir='ltr'><strong>τῆς</strong></span> <span class='ocrx_word' id='word_1_644' title='bbox 1318 1719 1402 1753; x_wconf 78' lang='grc' dir='ltr'>νομῆς</span> <span class='ocrx_word' id='word_1_645' title='bbox 1422 1718 1577 1744; x_wconf 70' lang='grc' dir='ltr'>ἐπελάϐετο.</span> <span class='ocrx_word' id='word_1_646' title='bbox 1594 1719 1756 1754; x_wconf 75' lang='grc' dir='ltr'>Σημείωσαι</span> <span class='ocrx_word' id='word_1_647' title='bbox 1769 1720 1804 1746; x_wconf 70' lang='grc' dir='ltr'><strong>τὰ</strong></span> 
     </span>
    </p>
   </div>
   <div class='ocr_carea' id='block_1_83' title="bbox 1008 1763 1804 1800">
    <p class='ocr_par' dir='ltr' id='par_1_83' title="bbox 1008 1763 1804 1800">
     <span class='ocr_line' id='line_1_83' title="bbox 1008 1763 1804 1800; baseline 0.004 -11"><span class='ocrx_word' id='word_1_648' title='bbox 1008 1763 1124 1789; x_wconf 72' lang='grc' dir='ltr'>ἐνταῦθα</span> <span class='ocrx_word' id='word_1_649' title='bbox 1153 1764 1333 1799; x_wconf 76' lang='grc' dir='ltr'>γεγραμμένα</span> <span class='ocrx_word' id='word_1_650' title='bbox 1362 1765 1425 1799; x_wconf 70' lang='grc' dir='ltr'>περὶ</span> <span class='ocrx_word' id='word_1_651' title='bbox 1454 1764 1508 1790; x_wconf 80' lang='grc' dir='ltr'><strong>τῶν</strong></span> <span class='ocrx_word' id='word_1_652' title='bbox 1539 1766 1715 1800; x_wconf 74' lang='grc' dir='ltr'>πραγμάτων</span> <span class='ocrx_word' id='word_1_653' title='bbox 1748 1766 1804 1792; x_wconf 76' lang='grc' dir='ltr'><strong>τῶν</strong></span> 
     </span>
    </p>
   </div>
   <div class='ocr_carea' id='block_1_84' title="bbox 1008 1809 1800 1846">
    <p class='ocr_par' dir='ltr' id='par_1_84' title="bbox 1008 1809 1800 1846">
     <span class='ocr_line' id='line_1_84' title="bbox 1008 1809 1800 1846; baseline 0.003 -10"><span class='ocrx_word' id='word_1_654' title='bbox 1008 1809 1194 1845; x_wconf 73' lang='grc' dir='ltr'>αἰχμαλώτων.</span> <span class='ocrx_word' id='word_1_655' title='bbox 1218 1810 1364 1844; x_wconf 76' lang='grc' dir='ltr'>’Λνάγνωθι</span> <span class='ocrx_word' id='word_1_656' title='bbox 1378 1811 1424 1836; x_wconf 80' lang='grc' dir='ltr'><strong>καὶ</strong></span> <span class='ocrx_word' id='word_1_657' title='bbox 1438 1810 1506 1845; x_wconf 77' lang='grc' dir='ltr'>βιϐλ.</span> <span class='ocrx_word' id='word_1_658' title='bbox 1521 1810 1567 1844; x_wconf 69' lang='grc' dir='ltr'><strong>λᾶ,</strong></span> <span class='ocrx_word' id='word_1_659' title='bbox 1593 1819 1645 1837; x_wconf 86' lang='grc' dir='ltr'>τιτ.</span> <span class='ocrx_word' id='word_1_660' title='bbox 1670 1815 1707 1843; x_wconf 90' lang='grc' dir='ltr'><strong>α’,</strong></span> <span class='ocrx_word' id='word_1_661' title='bbox 1736 1820 1800 1846; x_wconf 61' lang='grc' dir='ltr'>κεξῡ.</span> 
     </span>
    </p>
   </div>
   <div class='ocr_carea' id='block_1_85' title="bbox 1010 1855 1806 1893">
    <p class='ocr_par' dir='ltr' id='par_1_85' title="bbox 1010 1855 1806 1893">
     <span class='ocr_line' id='line_1_85' title="bbox 1010 1855 1806 1893; baseline 0.004 -12"><span class='ocrx_word' id='word_1_662' title='bbox 1010 1855 1053 1887; x_wconf 77' lang='grc' dir='ltr'><strong>ιζ’,</strong></span> <span class='ocrx_word' id='word_1_663' title='bbox 1071 1856 1160 1889; x_wconf 71' lang='grc' dir='ltr'>λέγονο</span> <span class='ocrx_word' id='word_1_664' title='bbox 1185 1855 1253 1886; x_wconf 71' lang='grc' dir='ltr'>Τοὺς</span> <span class='ocrx_word' id='word_1_665' title='bbox 1270 1856 1472 1891; x_wconf 64' lang='grc' dir='ltr'>ἀναληφθέντας</span> <span class='ocrx_word' id='word_1_666' title='bbox 1487 1856 1563 1891; x_wconf 83' lang='grc' dir='ltr'>παρὰ</span> <span class='ocrx_word' id='word_1_667' title='bbox 1589 1857 1641 1883; x_wconf 80' lang='grc' dir='ltr'>τῶν</span> <span class='ocrx_word' id='word_1_668' title='bbox 1664 1857 1806 1893; x_wconf 63' lang='grc' dir='ltr'>πολεμίων</span> 
     </span>
    </p>
   </div>
   <div class='ocr_carea' id='block_1_86' title="bbox 1008 1901 1805 1939">
    <p class='ocr_par' dir='ltr' id='par_1_86' title="bbox 1008 1901 1805 1939">
     <span class='ocr_line' id='line_1_86' title="bbox 1008 1901 1805 1939; baseline 0.004 -12"><span class='ocrx_word' id='word_1_669' title='bbox 1008 1902 1110 1936; x_wconf 77' lang='grc' dir='ltr'>ἀγροὺς</span> <span class='ocrx_word' id='word_1_670' title='bbox 1125 1902 1150 1927; x_wconf 79' lang='grc' dir='ltr'>οἱ</span> <span class='ocrx_word' id='word_1_671' title='bbox 1166 1901 1261 1937; x_wconf 80' lang='grc' dir='ltr'>πρώην</span> <span class='ocrx_word' id='word_1_672' title='bbox 1276 1901 1496 1936; x_wconf 75' lang='grc' dir='ltr'>ἀναλαμϐάνουσι</span> <span class='ocrx_word' id='word_1_673' title='bbox 1509 1902 1648 1929; x_wconf 79' lang='grc' dir='ltr'>δεσπόται·</span> <span class='ocrx_word' id='word_1_674' title='bbox 1660 1903 1691 1929; x_wconf 69' lang='grc' dir='ltr'>οὐ</span> <span class='ocrx_word' id='word_1_675' title='bbox 1705 1904 1762 1939; x_wconf 74' lang='grc' dir='ltr'><strong>γὰρ</strong></span> <span class='ocrx_word' id='word_1_676' title='bbox 1776 1905 1805 1930; x_wconf 83' lang='grc' dir='ltr'>ἐν</span> 
     </span>
    </p>
   </div>
   <div class='ocr_carea' id='block_1_87' title="bbox 1008 1948 1804 1985">
    <p class='ocr_par' dir='ltr' id='par_1_87' title="bbox 1008 1948 1804 1985">
     <span class='ocr_line' id='line_1_87' title="bbox 1008 1948 1804 1985; baseline 0 -9"><span class='ocrx_word' id='word_1_677' title='bbox 1008 1949 1082 1981; x_wconf 73' lang='grc' dir='ltr'>τάξει</span> <span class='ocrx_word' id='word_1_678' title='bbox 1099 1948 1215 1984; x_wconf 77' lang='grc' dir='ltr'>πραιδας</span> <span class='ocrx_word' id='word_1_679' title='bbox 1228 1948 1297 1974; x_wconf 61' lang='grc' dir='ltr'>εἰσιν</span> <span class='ocrx_word' id='word_1_680' title='bbox 1315 1948 1374 1974; x_wconf 67' lang='grc' dir='ltr'>οῦδὲ</span> <span class='ocrx_word' id='word_1_681' title='bbox 1396 1948 1518 1983; x_wconf 77' lang='grc' dir='ltr'>δημόσιοι</span> <span class='ocrx_word' id='word_1_682' title='bbox 1542 1949 1673 1982; x_wconf 76' lang='grc' dir='ltr'>γίνονται.</span> <span class='ocrx_word' id='word_1_683' title='bbox 1690 1950 1732 1976; x_wconf 75' lang='grc' dir='ltr'>υὺ</span> <span class='ocrx_word' id='word_1_684' title='bbox 1750 1951 1804 1985; x_wconf 73' lang='grc' dir='ltr'><strong>γὰρ</strong></span> 
     </span>
    </p>
   </div>
   <div class='ocr_carea' id='block_1_88' title="bbox 1008 1993 1804 2030">
    <p class='ocr_par' dir='ltr' id='par_1_88' title="bbox 1008 1993 1804 2030">
     <span class='ocr_line' id='line_1_88' title="bbox 1008 1993 1804 2030; baseline 0.003 -10"><span class='ocrx_word' id='word_1_685' title='bbox 1008 1994 1062 2020; x_wconf 87' lang='grc' dir='ltr'>τῶν</span> <span class='ocrx_word' id='word_1_686' title='bbox 1078 1994 1215 2029; x_wconf 79' lang='grc' dir='ltr'>πολεμίων</span> <span class='ocrx_word' id='word_1_687' title='bbox 1228 1993 1438 2028; x_wconf 73' lang='grc' dir='ltr'>λαμϐανόμενοι,</span> <span class='ocrx_word' id='word_1_688' title='bbox 1457 1994 1575 2028; x_wconf 81' lang='grc' dir='ltr'>γίνονται</span> <span class='ocrx_word' id='word_1_689' title='bbox 1595 1995 1734 2030; x_wconf 77' lang='grc' dir='ltr'>δημόσιοι.</span> <span class='ocrx_word' id='word_1_690' title='bbox 1753 1997 1804 2030; x_wconf 65' lang='grc' dir='ltr'>Σιε-</span> 
     </span>
    </p>
   </div>
   <div class='ocr_carea' id='block_1_89' title="bbox 1010 2038 1805 2076">
    <p class='ocr_par' dir='ltr' id='par_1_89' title="bbox 1010 2038 1805 2076">
     <span class='ocr_line' id='line_1_89' title="bbox 1010 2038 1805 2076; baseline 0.003 -10"><span class='ocrx_word' id='word_1_691' title='bbox 1010 2041 1125 2076; x_wconf 80' lang='grc' dir='ltr'>μεὶωσαι</span> <span class='ocrx_word' id='word_1_692' title='bbox 1137 2038 1194 2072; x_wconf 76' lang='grc' dir='ltr'>οὖν,</span> <span class='ocrx_word' id='word_1_693' title='bbox 1212 2040 1252 2066; x_wconf 79' lang='grc' dir='ltr'><strong>ὅτι</strong></span> <span class='ocrx_word' id='word_1_694' title='bbox 1269 2039 1316 2066; x_wconf 66' lang='grc' dir='ltr'><strong>καὶ</strong></span> <span class='ocrx_word' id='word_1_695' title='bbox 1331 2039 1385 2066; x_wconf 78' lang='grc' dir='ltr'>ἀπὸ</span> <span class='ocrx_word' id='word_1_696' title='bbox 1400 2039 1454 2066; x_wconf 85' lang='grc' dir='ltr'><strong>τῶν</strong></span> <span class='ocrx_word' id='word_1_697' title='bbox 1472 2041 1592 2066; x_wconf 70' lang='grc' dir='ltr'>κανόνων</span> <span class='ocrx_word' id='word_1_698' title='bbox 1613 2042 1662 2067; x_wconf 78' lang='grc' dir='ltr'>καὶ</span> <span class='ocrx_word' id='word_1_699' title='bbox 1676 2042 1735 2068; x_wconf 77' lang='grc' dir='ltr'><strong>ἀπὸ</strong></span> <span class='ocrx_word' id='word_1_700' title='bbox 1751 2042 1805 2068; x_wconf 71' lang='grc' dir='ltr'><strong>τῶν</strong></span> 
     </span>
    </p>
   </div>
   <div class='ocr_carea' id='block_1_90' title="bbox 1008 2085 1804 2123">
    <p class='ocr_par' dir='ltr' id='par_1_90' title="bbox 1008 2085 1804 2123">
     <span class='ocr_line' id='line_1_90' title="bbox 1008 2085 1804 2123; baseline 0.003 -10"><span class='ocrx_word' id='word_1_701' title='bbox 1008 2087 1098 2123; x_wconf 82' lang='grc' dir='ltr'>νόμων</span> <span class='ocrx_word' id='word_1_702' title='bbox 1111 2087 1141 2113; x_wconf 86' lang='grc' dir='ltr'>οὺ</span> <span class='ocrx_word' id='word_1_703' title='bbox 1159 2086 1233 2122; x_wconf 87' lang='grc' dir='ltr'>μόνοι</span> <span class='ocrx_word' id='word_1_704' title='bbox 1250 2086 1275 2112; x_wconf 88' lang='grc' dir='ltr'>οἱ</span> <span class='ocrx_word' id='word_1_705' title='bbox 1289 2085 1324 2112; x_wconf 74' lang='grc' dir='ltr'>τὰ</span> <span class='ocrx_word' id='word_1_706' title='bbox 1350 2085 1404 2112; x_wconf 84' lang='grc' dir='ltr'><strong>τῶν</strong></span> <span class='ocrx_word' id='word_1_707' title='bbox 1431 2086 1710 2121; x_wconf 70' lang='grc' dir='ltr'>αἰχμαλωτισθέντων</span> <span class='ocrx_word' id='word_1_708' title='bbox 1735 2089 1804 2115; x_wconf 70' lang='grc' dir='ltr'>ἁπο-</span> 
     </span>
    </p>
   </div>
   <div class='ocr_carea' id='block_1_91' title="bbox 1011 2132 1803 2169">
    <p class='ocr_par' dir='ltr' id='par_1_91' title="bbox 1011 2132 1803 2169">
     <span class='ocr_line' id='line_1_91' title="bbox 1011 2132 1803 2169; baseline 0.004 -11"><span class='ocrx_word' id='word_1_709' title='bbox 1011 2133 1143 2164; x_wconf 82' lang='grc' dir='ltr'>συλῶντες</span> <span class='ocrx_word' id='word_1_710' title='bbox 1165 2133 1181 2167; x_wconf 84' lang='grc' dir='ltr'>ἢ</span> <span class='ocrx_word' id='word_1_711' title='bbox 1203 2132 1371 2168; x_wconf 73' lang='grc' dir='ltr'>ἁρπάζοντες</span> <span class='ocrx_word' id='word_1_712' title='bbox 1396 2132 1553 2165; x_wconf 76' lang='grc' dir='ltr'>κολάζονται</span> <span class='ocrx_word' id='word_1_713' title='bbox 1577 2134 1624 2160; x_wconf 70' lang='grc' dir='ltr'>καὶ</span> <span class='ocrx_word' id='word_1_714' title='bbox 1652 2134 1803 2169; x_wconf 77' lang='grc' dir='ltr'>ἐνέχονται,</span> 
     </span>
    </p>
   </div>
   <div class='ocr_carea' id='block_1_92' title="bbox 171 2173 904 2215">
    <p class='ocr_par' dir='ltr' id='par_1_92' title="bbox 171 2173 904 2212">
     <span class='ocr_line' id='line_1_92' title="bbox 171 2173 904 2212; baseline -0.007 -8"><span class='ocrx_word' id='word_1_715' title='bbox 171 2177 211 2204; x_wconf 91' lang='lat' dir='ltr'><strong>eis</strong></span> <span class='ocrx_word' id='word_1_716' title='bbox 222 2175 380 2212; x_wconf 75' lang='lat' dir='ltr'><strong>ptenitentia</strong></span> <span class='ocrx_word' id='word_1_717' title='bbox 390 2174 564 2210; x_wconf 72' lang='lat' dir='ltr'><strong>injungetur;</strong></span> <span class='ocrx_word' id='word_1_718' title='bbox 577 2174 726 2201; x_wconf 83' lang='lat' dir='ltr'><strong>secundum</strong></span> <span class='ocrx_word' id='word_1_719' title='bbox 739 2173 844 2200; x_wconf 86' lang='lat' dir='ltr'><strong>civilem</strong></span> <span class='ocrx_word' id='word_1_720' title='bbox 855 2177 904 2199; x_wconf 75' lang='lat' dir='ltr'><strong>aut</strong></span> 
     </span>
    </p>
   </div>
   <div class='ocr_carea' id='block_1_93' title="bbox 1070 2173 1803 2215">
    <p class='ocr_par' dir='ltr' id='par_1_93' title="bbox 1070 2178 1803 2215">
     <span class='ocr_line' id='line_1_93' title="bbox 1070 2178 1803 2215; baseline 0.003 -10"><span class='ocrx_word' id='word_1_721' title='bbox 1070 2188 1077 2205; x_wconf 88' lang='lat' dir='ltr'><strong>t</strong></span> <span class='ocrx_word' id='word_1_722' title='bbox 1094 2179 1140 2205; x_wconf 82' lang='grc' dir='ltr'>καὶ</span> <span class='ocrx_word' id='word_1_723' title='bbox 1156 2179 1179 2204; x_wconf 87' lang='grc' dir='ltr'>οἱ</span> <span class='ocrx_word' id='word_1_724' title='bbox 1196 2178 1300 2213; x_wconf 74' lang='grc' dir='ltr'>εὗρεμὰ</span> <span class='ocrx_word' id='word_1_725' title='bbox 1312 2187 1338 2204; x_wconf 85' lang='grc' dir='ltr'><strong>τι</strong></span> <span class='ocrx_word' id='word_1_726' title='bbox 1351 2178 1366 2212; x_wconf 78' lang='grc' dir='ltr'>ἦ</span> <span class='ocrx_word' id='word_1_727' title='bbox 1379 2178 1506 2214; x_wconf 74' lang='grc' dir='ltr'>ἀκίνητον</span> <span class='ocrx_word' id='word_1_728' title='bbox 1526 2179 1659 2214; x_wconf 68' lang='grc' dir='ltr'>σχολάζον</span> <span class='ocrx_word' id='word_1_729' title='bbox 1678 2180 1803 2215; x_wconf 73' lang='grc' dir='ltr'>λέγοντες</span> 
     </span>
    </p>
   </div>
   <div class='ocr_carea' id='block_1_94' title="bbox 173 2219 958 2256">
    <p class='ocr_par' dir='ltr' id='par_1_94' title="bbox 173 2219 958 2256">
     <span class='ocr_line' id='line_1_94' title="bbox 173 2219 958 2256; baseline -0.006 -6"><span class='ocrx_word' id='word_1_730' title='bbox 173 2223 215 2250; x_wconf 92' lang='lat' dir='ltr'><strong>vel</strong></span> <span class='ocrx_word' id='word_1_731' title='bbox 235 2227 265 2250; x_wconf 91' lang='lat' dir='ltr'><strong>ut</strong></span> <span class='ocrx_word' id='word_1_732' title='bbox 282 2221 358 2253; x_wconf 80' lang='lat' dir='ltr'><strong>fures</strong></span> <span class='ocrx_word' id='word_1_733' title='bbox 374 2221 537 2256; x_wconf 90' lang='lat' dir='ltr'><strong>puniuntur,</strong></span> <span class='ocrx_word' id='word_1_734' title='bbox 561 2221 584 2248; x_wconf 88' lang='lat' dir='ltr'><strong>si</strong></span> <span class='ocrx_word' id='word_1_735' title='bbox 599 2229 642 2248; x_wconf 84' lang='lat' dir='ltr'><strong>res</strong></span> <span class='ocrx_word' id='word_1_736' title='bbox 658 2220 709 2247; x_wconf 91' lang='lat' dir='ltr'><strong>erit</strong></span> <span class='ocrx_word' id='word_1_737' title='bbox 727 2219 848 2252; x_wconf 90' lang='lat' dir='ltr'><strong>mobilis,</strong></span> <span class='ocrx_word' id='word_1_738' title='bbox 862 2219 903 2246; x_wconf 91' lang='lat' dir='ltr'><strong>vel</strong></span> <span class='ocrx_word' id='word_1_739' title='bbox 915 2219 958 2245; x_wconf 83' lang='lat' dir='ltr'><strong>in-</strong></span> 
     </span>
    </p>
   </div>
   <div class='ocr_carea' id='block_1_95' title="bbox 173 2266 958 2299">
    <p class='ocr_par' dir='ltr' id='par_1_95' title="bbox 173 2266 958 2299">
     <span class='ocr_line' id='line_1_95' title="bbox 173 2266 958 2299; baseline -0.005 -3"><span class='ocrx_word' id='word_1_740' title='bbox 173 2269 290 2296; x_wconf 89' lang='lat' dir='ltr'><strong>terdicto</strong></span> <span class='ocrx_word' id='word_1_741' title='bbox 304 2268 339 2296; x_wconf 86' lang='lat' dir='ltr'><strong>de</strong></span> <span class='ocrx_word' id='word_1_742' title='bbox 354 2268 392 2299; x_wconf 85' lang='lat' dir='ltr'><strong>vi,</strong></span> <span class='ocrx_word' id='word_1_743' title='bbox 415 2267 438 2295; x_wconf 87' lang='lat' dir='ltr'><strong>si</strong></span> <span class='ocrx_word' id='word_1_744' title='bbox 463 2267 515 2295; x_wconf 89' lang='lat' dir='ltr'><strong>erit</strong></span> <span class='ocrx_word' id='word_1_745' title='bbox 540 2267 699 2294; x_wconf 86' lang='lat' dir='ltr'><strong>immobilis.</strong></span> <span class='ocrx_word' id='word_1_746' title='bbox 721 2266 836 2299; x_wconf 84' lang='lat' dir='ltr'><strong>Quando</strong></span> <span class='ocrx_word' id='word_1_747' title='bbox 856 2270 958 2297; x_wconf 80' lang='lat' dir='ltr'><strong>autem,</strong></span> 
     </span>
    </p>
   </div>
   <div class='ocr_carea' id='block_1_96' title="bbox 172 2313 960 2350">
    <p class='ocr_par' dir='ltr' id='par_1_96' title="bbox 172 2313 960 2350">
     <span class='ocr_line' id='line_1_96' title="bbox 172 2313 960 2350; baseline -0.003 -8"><span class='ocrx_word' id='word_1_748' title='bbox 172 2315 245 2350; x_wconf 83' lang='lat' dir='ltr'><strong>quod</strong></span> <span class='ocrx_word' id='word_1_749' title='bbox 261 2315 403 2341; x_wconf 84' lang='lat' dir='ltr'><strong>inventum</strong></span> <span class='ocrx_word' id='word_1_750' title='bbox 420 2315 572 2349; x_wconf 75' lang='lat' dir='ltr'><strong>neglectum</strong></span> <span class='ocrx_word' id='word_1_751' title='bbox 588 2319 640 2345; x_wconf 89' lang='lat' dir='ltr'><strong>est,</strong></span> <span class='ocrx_word' id='word_1_752' title='bbox 655 2314 727 2348; x_wconf 90' lang='lat' dir='ltr'><strong>quod</strong></span> <span class='ocrx_word' id='word_1_753' title='bbox 743 2322 757 2340; x_wconf 85' lang='lat' dir='ltr'><strong>a</strong></span> <span class='ocrx_word' id='word_1_754' title='bbox 775 2313 879 2348; x_wconf 81' lang='lat' dir='ltr'><strong>legibus</strong></span> <span class='ocrx_word' id='word_1_755' title='bbox 895 2321 960 2349; x_wconf 86' lang='lat' dir='ltr'><strong>pro-</strong></span> 
     </span>
    </p>
   </div>
   <div class='ocr_carea' id='block_1_97' title="bbox 172 2360 960 2395">
    <p class='ocr_par' dir='ltr' id='par_1_97' title="bbox 172 2360 960 2395">
     <span class='ocr_line' id='line_1_97' title="bbox 172 2360 960 2395; baseline 0 -7"><span class='ocrx_word' id='word_1_756' title='bbox 172 2361 332 2388; x_wconf 77' lang='lat' dir='ltr'><strong>derelictum</strong></span> <span class='ocrx_word' id='word_1_757' title='bbox 356 2365 542 2395; x_wconf 77' lang='lat' dir='ltr'><strong>nuncupatur,</strong></span> <span class='ocrx_word' id='word_1_758' title='bbox 565 2367 619 2388; x_wconf 92' lang='lat' dir='ltr'><strong>non</strong></span> <span class='ocrx_word' id='word_1_759' title='bbox 635 2360 759 2387; x_wconf 84' lang='lat' dir='ltr'><strong>similiter</strong></span> <span class='ocrx_word' id='word_1_760' title='bbox 775 2361 896 2395; x_wconf 90' lang='lat' dir='ltr'><strong>punitur,</strong></span> <span class='ocrx_word' id='word_1_761' title='bbox 913 2362 960 2395; x_wconf 88' lang='lat' dir='ltr'><strong>qui</strong></span> 
     </span>
    </p>
   </div>
   <div class='ocr_carea' id='block_1_98' title="bbox 174 2406 961 2442">
    <p class='ocr_par' dir='ltr' id='par_1_98' title="bbox 174 2406 961 2442">
     <span class='ocr_line' id='line_1_98' title="bbox 174 2406 961 2442; baseline 0 -8"><span class='ocrx_word' id='word_1_762' title='bbox 174 2408 200 2434; x_wconf 84' lang='lat' dir='ltr'><strong>id</strong></span> <span class='ocrx_word' id='word_1_763' title='bbox 214 2407 341 2435; x_wconf 87' lang='lat' dir='ltr'><strong>detinuit.</strong></span> <span class='ocrx_word' id='word_1_764' title='bbox 357 2406 410 2434; x_wconf 90' lang='lat' dir='ltr'><strong>Sed</strong></span> <span class='ocrx_word' id='word_1_765' title='bbox 428 2407 451 2434; x_wconf 90' lang='lat' dir='ltr'><strong>si</strong></span> <span class='ocrx_word' id='word_1_766' title='bbox 468 2407 504 2433; x_wconf 89' lang='lat' dir='ltr'><strong>sit</strong></span> <span class='ocrx_word' id='word_1_767' title='bbox 517 2406 626 2441; x_wconf 89' lang='lat' dir='ltr'><strong>quidem</strong></span> <span class='ocrx_word' id='word_1_768' title='bbox 650 2414 693 2433; x_wconf 87' lang='lat' dir='ltr'><strong>res</strong></span> <span class='ocrx_word' id='word_1_769' title='bbox 717 2407 836 2439; x_wconf 86' lang='lat' dir='ltr'><strong>mobilis,</strong></span> <span class='ocrx_word' id='word_1_770' title='bbox 853 2407 961 2442; x_wconf 79' lang='lat' dir='ltr'><strong>cogitur</strong></span> 
     </span>
    </p>
   </div>
   <div class='ocr_carea' id='block_1_99' title="bbox 173 2452 960 2486">
    <p class='ocr_par' dir='ltr' id='par_1_99' title="bbox 173 2452 960 2486">
     <span class='ocr_line' id='line_1_99' title="bbox 173 2452 960 2486; baseline 0.001 -7"><span class='ocrx_word' id='word_1_771' title='bbox 173 2461 235 2479; x_wconf 77' lang='lat' dir='ltr'><strong>cum</strong></span> <span class='ocrx_word' id='word_1_772' title='bbox 256 2452 367 2479; x_wconf 89' lang='lat' dir='ltr'><strong>domino</strong></span> <span class='ocrx_word' id='word_1_773' title='bbox 383 2452 537 2484; x_wconf 84' lang='lat' dir='ltr'><strong>restituere,</strong></span> <span class='ocrx_word' id='word_1_774' title='bbox 563 2457 589 2479; x_wconf 90' lang='lat' dir='ltr'><strong>et</strong></span> <span class='ocrx_word' id='word_1_775' title='bbox 609 2452 698 2479; x_wconf 88' lang='lat' dir='ltr'><strong>solum</strong></span> <span class='ocrx_word' id='word_1_776' title='bbox 722 2453 774 2479; x_wconf 85' lang='lat' dir='ltr'><strong>nisi</strong></span> <span class='ocrx_word' id='word_1_777' title='bbox 790 2453 850 2486; x_wconf 87' lang='lat' dir='ltr'><strong>ejus</strong></span> <span class='ocrx_word' id='word_1_778' title='bbox 872 2453 960 2480; x_wconf 90' lang='lat' dir='ltr'><strong>domi-</strong></span> 
     </span>
    </p>
   </div>
   <div class='ocr_carea' id='block_1_100' title="bbox 174 2490 960 2532">
    <p class='ocr_par' dir='ltr' id='par_1_100' title="bbox 174 2490 960 2532">
     <span class='ocr_line' id='line_1_100' title="bbox 174 2490 960 2532; baseline 0.003 -8"><span class='ocrx_word' id='word_1_779' title='bbox 174 2499 251 2525; x_wconf 87' lang='lat' dir='ltr'><strong>nium</strong></span> <span class='ocrx_word' id='word_1_780' title='bbox 269 2490 411 2525; x_wconf 55' lang='lat' dir='ltr'><strong>assgcutus</strong></span> <span class='ocrx_word' id='word_1_781' title='bbox 426 2498 470 2530; x_wconf 86' lang='lat' dir='ltr'><strong>sit,</strong></span> <span class='ocrx_word' id='word_1_782' title='bbox 486 2503 516 2525; x_wconf 90' lang='lat' dir='ltr'><strong>ut</strong></span> <span class='ocrx_word' id='word_1_783' title='bbox 537 2497 614 2525; x_wconf 62' lang='lat' dir='ltr'><strong>bonae</strong></span> <span class='ocrx_word' id='word_1_784' title='bbox 637 2499 697 2525; x_wconf 81' lang='lat' dir='ltr'><strong>lidci</strong></span> <span class='ocrx_word' id='word_1_785' title='bbox 718 2506 871 2532; x_wconf 77' lang='lat' dir='ltr'><strong>possessor,</strong></span> <span class='ocrx_word' id='word_1_786' title='bbox 889 2500 960 2526; x_wconf 87' lang='lat' dir='ltr'><strong>intra</strong></span> 
     </span>
    </p>
   </div>
   <div class='ocr_carea' id='block_1_101' title="bbox 174 2543 961 2579">
    <p class='ocr_par' dir='ltr' id='par_1_101' title="bbox 174 2543 961 2579">
     <span class='ocr_line' id='line_1_101' title="bbox 174 2543 961 2579; baseline 0.003 -9"><span class='ocrx_word' id='word_1_787' title='bbox 174 2544 337 2577; x_wconf 79' lang='lat' dir='ltr'><strong>triennium;</strong></span> <span class='ocrx_word' id='word_1_788' title='bbox 365 2543 388 2571; x_wconf 91' lang='lat' dir='ltr'><strong>si</strong></span> <span class='ocrx_word' id='word_1_789' title='bbox 408 2548 498 2571; x_wconf 84' lang='lat' dir='ltr'><strong>autem</strong></span> <span class='ocrx_word' id='word_1_790' title='bbox 516 2544 582 2571; x_wconf 90' lang='lat' dir='ltr'><strong>illud</strong></span> <span class='ocrx_word' id='word_1_791' title='bbox 599 2545 747 2576; x_wconf 80' lang='lat' dir='ltr'><strong>immobile,</strong></span> <span class='ocrx_word' id='word_1_792' title='bbox 763 2545 834 2579; x_wconf 87' lang='lat' dir='ltr'><strong>quod</strong></span> <span class='ocrx_word' id='word_1_793' title='bbox 850 2553 900 2579; x_wconf 87' lang='lat' dir='ltr'><strong>pro</strong></span> <span class='ocrx_word' id='word_1_794' title='bbox 914 2545 961 2572; x_wconf 79' lang='lat' dir='ltr'><strong>tle-</strong></span> 
     </span>
    </p>
   </div>
   <div class='ocr_carea' id='block_1_102' title="bbox 174 2589 960 2625">
    <p class='ocr_par' dir='ltr' id='par_1_102' title="bbox 174 2589 960 2625">
     <span class='ocr_line' id='line_1_102' title="bbox 174 2589 960 2625; baseline 0.003 -9"><span class='ocrx_word' id='word_1_795' title='bbox 174 2590 270 2617; x_wconf 80' lang='lat' dir='ltr'><strong>relieto</strong></span> <span class='ocrx_word' id='word_1_796' title='bbox 283 2590 424 2617; x_wconf 86' lang='lat' dir='ltr'><strong>detentum</strong></span> <span class='ocrx_word' id='word_1_797' title='bbox 448 2595 499 2621; x_wconf 85' lang='lat' dir='ltr'><strong>est,</strong></span> <span class='ocrx_word' id='word_1_798' title='bbox 526 2590 578 2617; x_wconf 84' lang='lat' dir='ltr'><strong>nisi</strong></span> <span class='ocrx_word' id='word_1_799' title='bbox 599 2591 658 2625; x_wconf 82' lang='lat' dir='ltr'><strong>ejus</strong></span> <span class='ocrx_word' id='word_1_800' title='bbox 669 2589 757 2617; x_wconf 81' lang='lat' dir='ltr'><strong>factus</strong></span> <span class='ocrx_word' id='word_1_801' title='bbox 772 2591 808 2618; x_wconf 86' lang='lat' dir='ltr'><strong>sit</strong></span> <span class='ocrx_word' id='word_1_802' title='bbox 822 2591 960 2623; x_wconf 88' lang='lat' dir='ltr'><strong>dominus,</strong></span> 
     </span>
    </p>
   </div>
   <div class='ocr_carea' id='block_1_103' title="bbox 175 2635 962 2671">
    <p class='ocr_par' dir='ltr' id='par_1_103' title="bbox 175 2635 962 2671">
     <span class='ocr_line' id='line_1_103' title="bbox 175 2635 962 2671; baseline 0.003 -9"><span class='ocrx_word' id='word_1_803' title='bbox 175 2636 247 2662; x_wconf 83' lang='lat' dir='ltr'><strong>intra</strong></span> <span class='ocrx_word' id='word_1_804' title='bbox 260 2635 431 2662; x_wconf 84' lang='lat' dir='ltr'><strong>decennium.</strong></span> <span class='ocrx_word' id='word_1_805' title='bbox 454 2635 583 2663; x_wconf 75' lang='lat' dir='ltr'><strong>Vacantis</strong></span> <span class='ocrx_word' id='word_1_806' title='bbox 596 2640 697 2669; x_wconf 87' lang='lat' dir='ltr'><strong>autem,</strong></span> <span class='ocrx_word' id='word_1_807' title='bbox 713 2641 739 2662; x_wconf 89' lang='lat' dir='ltr'><strong>et</strong></span> <span class='ocrx_word' id='word_1_808' title='bbox 753 2636 812 2670; x_wconf 85' lang='lat' dir='ltr'><strong>ejus</strong></span> <span class='ocrx_word' id='word_1_809' title='bbox 826 2636 900 2671; x_wconf 88' lang='lat' dir='ltr'><strong>quod</strong></span> <span class='ocrx_word' id='word_1_810' title='bbox 913 2644 962 2671; x_wconf 91' lang='lat' dir='ltr'><strong>pro</strong></span> 
     </span>
    </p>
   </div>
   <div class='ocr_carea' id='block_1_104' title="bbox 177 2682 961 2716">
    <p class='ocr_par' dir='ltr' id='par_1_104' title="bbox 177 2682 961 2716">
     <span class='ocr_line' id='line_1_104' title="bbox 177 2682 961 2716; baseline 0.003 -9"><span class='ocrx_word' id='word_1_811' title='bbox 177 2682 306 2709; x_wconf 83' lang='lat' dir='ltr'><strong>derelicto</strong></span> <span class='ocrx_word' id='word_1_812' title='bbox 321 2682 444 2713; x_wconf 82' lang='lat' dir='ltr'><strong>habetur,</strong></span> <span class='ocrx_word' id='word_1_813' title='bbox 460 2690 556 2716; x_wconf 82' lang='lat' dir='ltr'><strong>magna</strong></span> <span class='ocrx_word' id='word_1_814' title='bbox 571 2686 612 2709; x_wconf 91' lang='lat' dir='ltr'><strong>est</strong></span> <span class='ocrx_word' id='word_1_815' title='bbox 624 2682 786 2709; x_wconf 75' lang='lat' dir='ltr'><strong>dilferentia.</strong></span> <span class='ocrx_word' id='word_1_816' title='bbox 798 2682 876 2715; x_wconf 86' lang='lat' dir='ltr'><strong>Quod</strong></span> <span class='ocrx_word' id='word_1_817' title='bbox 889 2683 961 2709; x_wconf 88' lang='lat' dir='ltr'><strong>enim</strong></span> 
     </span>
    </p>
   </div>
   <div class='ocr_carea' id='block_1_105' title="bbox 177 2728 963 2762">
    <p class='ocr_par' dir='ltr' id='par_1_105' title="bbox 177 2728 963 2762">
     <span class='ocr_line' id='line_1_105' title="bbox 177 2728 963 2762; baseline 0.001 -8"><span class='ocrx_word' id='word_1_818' title='bbox 177 2732 267 2758; x_wconf 62' lang='lat' dir='ltr'><strong>vacat,</strong></span> <span class='ocrx_word' id='word_1_819' title='bbox 299 2728 389 2755; x_wconf 86' lang='lat' dir='ltr'><strong>animo</strong></span> <span class='ocrx_word' id='word_1_820' title='bbox 418 2728 600 2762; x_wconf 70' lang='lat' dir='ltr'><strong>possidemus,</strong></span> <span class='ocrx_word' id='word_1_821' title='bbox 628 2728 735 2755; x_wconf 84' lang='lat' dir='ltr'><strong>etiamsi</strong></span> <span class='ocrx_word' id='word_1_822' title='bbox 760 2729 786 2755; x_wconf 90' lang='lat' dir='ltr'><strong>id</strong></span> <span class='ocrx_word' id='word_1_823' title='bbox 804 2729 963 2756; x_wconf 86' lang='lat' dir='ltr'><strong>naturaliter</strong></span> 
     </span>
    </p>
   </div>
   <div class='ocr_carea' id='block_1_106' title="bbox 177 2774 964 2809">
    <p class='ocr_par' dir='ltr' id='par_1_106' title="bbox 177 2774 964 2809">
     <span class='ocr_line' id='line_1_106' title="bbox 177 2774 964 2809; baseline 0.004 -10"><span class='ocrx_word' id='word_1_824' title='bbox 177 2780 232 2800; x_wconf 82' lang='lat' dir='ltr'><strong>non</strong></span> <span class='ocrx_word' id='word_1_825' title='bbox 249 2774 436 2808; x_wconf 82' lang='lat' dir='ltr'><strong>possidemus;</strong></span> <span class='ocrx_word' id='word_1_826' title='bbox 455 2774 527 2808; x_wconf 83' lang='lat' dir='ltr'><strong>quod</strong></span> <span class='ocrx_word' id='word_1_827' title='bbox 542 2779 632 2801; x_wconf 80' lang='lat' dir='ltr'><strong>autem</strong></span> <span class='ocrx_word' id='word_1_828' title='bbox 650 2782 697 2809; x_wconf 85' lang='lat' dir='ltr'><strong>pro</strong></span> <span class='ocrx_word' id='word_1_829' title='bbox 712 2776 850 2807; x_wconf 81' lang='lat' dir='ltr'><strong>derelicto,</strong></span> <span class='ocrx_word' id='word_1_830' title='bbox 862 2783 912 2802; x_wconf 88' lang='lat' dir='ltr'><strong>nec</strong></span> <span class='ocrx_word' id='word_1_831' title='bbox 925 2776 964 2803; x_wconf 92' lang='lat' dir='ltr'><strong>ci-</strong></span> 
     </span>
    </p>
   </div>
   <div class='ocr_carea' id='block_1_107' title="bbox 177 2819 962 2856">
    <p class='ocr_par' dir='ltr' id='par_1_107' title="bbox 177 2819 962 2856">
     <span class='ocr_line' id='line_1_107' title="bbox 177 2819 962 2856; baseline 0.003 -10"><span class='ocrx_word' id='word_1_832' title='bbox 177 2819 276 2853; x_wconf 76' lang='lat' dir='ltr'><strong>vrliter,</strong></span> <span class='ocrx_word' id='word_1_833' title='bbox 287 2826 338 2848; x_wconf 77' lang='lat' dir='ltr'><strong>nec</strong></span> <span class='ocrx_word' id='word_1_834' title='bbox 355 2820 516 2848; x_wconf 81' lang='lat' dir='ltr'><strong>naturaliter</strong></span> <span class='ocrx_word' id='word_1_835' title='bbox 532 2821 719 2856; x_wconf 83' lang='lat' dir='ltr'><strong>possidemus;</strong></span> <span class='ocrx_word' id='word_1_836' title='bbox 735 2826 760 2848; x_wconf 88' lang='lat' dir='ltr'><strong>et</strong></span> <span class='ocrx_word' id='word_1_837' title='bbox 776 2821 837 2848; x_wconf 82' lang='lat' dir='ltr'><strong>ideo</strong></span> <span class='ocrx_word' id='word_1_838' title='bbox 855 2829 870 2848; x_wconf 86' lang='lat' dir='ltr'><strong>a</strong></span> <span class='ocrx_word' id='word_1_839' title='bbox 884 2821 962 2848; x_wconf 69' lang='lat' dir='ltr'><strong>bona:</strong></span> 
     </span>
    </p>
   </div>
   <div class='ocr_carea' id='block_1_108' title="bbox 1010 2224 1804 2261">
    <p class='ocr_par' dir='ltr' id='par_1_108' title="bbox 1010 2224 1804 2261">
     <span class='ocr_line' id='line_1_108' title="bbox 1010 2224 1804 2261; baseline 0.004 -10"><span class='ocrx_word' id='word_1_840' title='bbox 1010 2226 1145 2261; x_wconf 72' lang='grc' dir='ltr'>ὲφευρεῐν,</span> <span class='ocrx_word' id='word_1_841' title='bbox 1156 2225 1203 2251; x_wconf 78' lang='grc' dir='ltr'><strong>καὶ</strong></span> <span class='ocrx_word' id='word_1_842' title='bbox 1216 2225 1252 2260; x_wconf 87' lang='grc' dir='ltr'>μὴ</span> <span class='ocrx_word' id='word_1_843' title='bbox 1265 2224 1364 2251; x_wconf 80' lang='grc' dir='ltr'>αὐτίκα</span> <span class='ocrx_word' id='word_1_844' title='bbox 1374 2224 1404 2250; x_wconf 81' lang='grc' dir='ltr'>τὸ</span> <span class='ocrx_word' id='word_1_845' title='bbox 1418 2225 1533 2260; x_wconf 70' lang='grc' dir='ltr'>πρᾶγμα</span> <span class='ocrx_word' id='word_1_846' title='bbox 1544 2226 1698 2261; x_wconf 74' lang='grc' dir='ltr'>κατάδηλον</span> <span class='ocrx_word' id='word_1_847' title='bbox 1714 2228 1804 2254; x_wconf 62' lang='grc' dir='ltr'>ποιοὺ-</span> 
     </span>
    </p>
   </div>
   <div class='ocr_carea' id='block_1_109' title="bbox 1012 2270 1801 2306">
    <p class='ocr_par' dir='ltr' id='par_1_109' title="bbox 1012 2270 1801 2306">
     <span class='ocr_line' id='line_1_109' title="bbox 1012 2270 1801 2306; baseline 0.003 -9"><span class='ocrx_word' id='word_1_848' title='bbox 1012 2279 1097 2306; x_wconf 86' lang='grc' dir='ltr'>μενοι,</span> <span class='ocrx_word' id='word_1_849' title='bbox 1111 2270 1158 2297; x_wconf 76' lang='grc' dir='ltr'><strong>καὶ</strong></span> <span class='ocrx_word' id='word_1_850' title='bbox 1176 2270 1354 2304; x_wconf 70' lang='grc' dir='ltr'>φυλάττοντες</span> <span class='ocrx_word' id='word_1_851' title='bbox 1369 2271 1433 2297; x_wconf 79' lang='grc' dir='ltr'>αὐτὸ</span> <span class='ocrx_word' id='word_1_852' title='bbox 1448 2272 1487 2302; x_wconf 78' lang='grc' dir='ltr'><strong>εἱς</strong></span> <span class='ocrx_word' id='word_1_853' title='bbox 1501 2271 1586 2306; x_wconf 74' lang='grc' dir='ltr'>ὄνομα</span> <span class='ocrx_word' id='word_1_854' title='bbox 1598 2272 1647 2298; x_wconf 78' lang='grc' dir='ltr'>τοῦ</span> <span class='ocrx_word' id='word_1_855' title='bbox 1659 2273 1801 2304; x_wconf 58' lang='grc' dir='ltr'>δεσπόται,</span> 
     </span>
    </p>
   </div>
   <div class='ocr_carea' id='block_1_110' title="bbox 1011 2317 1804 2355">
    <p class='ocr_par' dir='ltr' id='par_1_110' title="bbox 1011 2317 1804 2355">
     <span class='ocr_line' id='line_1_110' title="bbox 1011 2317 1804 2355; baseline 0.003 -11"><span class='ocrx_word' id='word_1_856' title='bbox 1011 2317 1080 2344; x_wconf 77' lang='grc' dir='ltr'>κατὰ</span> <span class='ocrx_word' id='word_1_857' title='bbox 1100 2318 1149 2352; x_wconf 80' lang='grc' dir='ltr'><strong>μὲν</strong></span> <span class='ocrx_word' id='word_1_858' title='bbox 1171 2317 1217 2343; x_wconf 78' lang='grc' dir='ltr'><strong>τὸν</strong></span> <span class='ocrx_word' id='word_1_859' title='bbox 1246 2317 1471 2352; x_wconf 78' lang='grc' dir='ltr'>ἐκκλησιαστικὸν</span> <span class='ocrx_word' id='word_1_860' title='bbox 1493 2318 1574 2353; x_wconf 83' lang='grc' dir='ltr'>νόμον</span> <span class='ocrx_word' id='word_1_861' title='bbox 1587 2319 1804 2355; x_wconf 68' lang='grc' dir='ltr'>ὲπιτιμηθήπν-</span> 
     </span>
    </p>
   </div>
   <div class='ocr_carea' id='block_1_111' title="bbox 1010 2362 1803 2400">
    <p class='ocr_par' dir='ltr' id='par_1_111' title="bbox 1010 2362 1803 2400">
     <span class='ocr_line' id='line_1_111' title="bbox 1010 2362 1803 2400; baseline 0.001 -10"><span class='ocrx_word' id='word_1_862' title='bbox 1010 2372 1063 2395; x_wconf 89' lang='grc' dir='ltr'>ται,</span> <span class='ocrx_word' id='word_1_863' title='bbox 1078 2363 1147 2390; x_wconf 74' lang='grc' dir='ltr'>κατὰ</span> <span class='ocrx_word' id='word_1_864' title='bbox 1162 2363 1190 2389; x_wconf 80' lang='grc' dir='ltr'><strong>δὲ</strong></span> <span class='ocrx_word' id='word_1_865' title='bbox 1204 2363 1250 2388; x_wconf 86' lang='grc' dir='ltr'><strong>τὸν</strong></span> <span class='ocrx_word' id='word_1_866' title='bbox 1265 2362 1400 2389; x_wconf 78' lang='grc' dir='ltr'>πολιτικὸν</span> <span class='ocrx_word' id='word_1_867' title='bbox 1416 2363 1431 2398; x_wconf 84' lang='grc' dir='ltr'><strong>ἢ</strong></span> <span class='ocrx_word' id='word_1_868' title='bbox 1447 2363 1484 2394; x_wconf 81' lang='grc' dir='ltr'>ὡς</span> <span class='ocrx_word' id='word_1_869' title='bbox 1509 2363 1627 2390; x_wconf 79' lang='grc' dir='ltr'>κλέπται</span> <span class='ocrx_word' id='word_1_870' title='bbox 1644 2366 1803 2400; x_wconf 74' lang='grc' dir='ltr'>τιμωρηθή-</span> 
     </span>
    </p>
   </div>
   <div class='ocr_carea' id='block_1_112' title="bbox 1011 2408 1803 2445">
    <p class='ocr_par' dir='ltr' id='par_1_112' title="bbox 1011 2408 1803 2445">
     <span class='ocr_line' id='line_1_112' title="bbox 1011 2408 1803 2445; baseline 0 -9"><span class='ocrx_word' id='word_1_871' title='bbox 1011 2418 1113 2441; x_wconf 84' lang='grc' dir='ltr'>σονται,</span> <span class='ocrx_word' id='word_1_872' title='bbox 1129 2409 1177 2435; x_wconf 73' lang='grc' dir='ltr'>ἐάν</span> <span class='ocrx_word' id='word_1_873' title='bbox 1189 2410 1246 2434; x_wconf 72' lang='grc' dir='ltr'>ἐστι</span> <span class='ocrx_word' id='word_1_874' title='bbox 1260 2409 1291 2434; x_wconf 86' lang='grc' dir='ltr'><strong>τὸ</strong></span> <span class='ocrx_word' id='word_1_875' title='bbox 1307 2409 1422 2444; x_wconf 72' lang='grc' dir='ltr'>πρᾶγμα</span> <span class='ocrx_word' id='word_1_876' title='bbox 1432 2408 1550 2443; x_wconf 64' lang='grc' dir='ltr'>κινητόν,</span> <span class='ocrx_word' id='word_1_877' title='bbox 1568 2409 1585 2444; x_wconf 82' lang='grc' dir='ltr'>ἦ</span> <span class='ocrx_word' id='word_1_878' title='bbox 1603 2409 1642 2444; x_wconf 79' lang='grc' dir='ltr'>τῷ</span> <span class='ocrx_word' id='word_1_879' title='bbox 1660 2411 1728 2445; x_wconf 74' lang='grc' dir='ltr'>περὶ</span> 
     </span>
    </p>
   </div>
   <div class='ocr_carea' id='block_1_113' title="bbox 1012 2454 1807 2491">
    <p class='ocr_par' dir='ltr' id='par_1_113' title="bbox 1012 2454 1807 2491">
     <span class='ocr_line' id='line_1_113' title="bbox 1012 2454 1807 2491; baseline 0 -10"><span class='ocrx_word' id='word_1_880' title='bbox 1012 2454 1233 2490; x_wconf 77' lang='grc' dir='ltr'>παραγγέλματι,</span> <span class='ocrx_word' id='word_1_881' title='bbox 1257 2454 1304 2480; x_wconf 80' lang='grc' dir='ltr'><strong>ἐὰν</strong></span> <span class='ocrx_word' id='word_1_882' title='bbox 1320 2455 1394 2480; x_wconf 78' lang='grc' dir='ltr'>ἐστιν</span> <span class='ocrx_word' id='word_1_883' title='bbox 1410 2454 1548 2489; x_wconf 76' lang='grc' dir='ltr'>ἀκίνητον.</span> <span class='ocrx_word' id='word_1_884' title='bbox 1570 2455 1656 2481; x_wconf 84' lang='grc' dir='ltr'>Ὅταν</span> <span class='ocrx_word' id='word_1_885' title='bbox 1677 2455 1706 2482; x_wconf 74' lang='grc' dir='ltr'><strong>δὲ</strong></span> <span class='ocrx_word' id='word_1_886' title='bbox 1721 2457 1807 2491; x_wconf 75' lang='grc' dir='ltr'>ἁπρο.</span> 
     </span>
    </p>
   </div>
   <div class='ocr_carea' id='block_1_114' title="bbox 1012 2498 1805 2535">
    <p class='ocr_par' dir='ltr' id='par_1_114' title="bbox 1012 2498 1805 2535">
     <span class='ocr_line' id='line_1_114' title="bbox 1012 2498 1805 2535; baseline 0.003 -9"><span class='ocrx_word' id='word_1_887' title='bbox 1012 2499 1105 2534; x_wconf 80' lang='grc' dir='ltr'>νόητόν</span> <span class='ocrx_word' id='word_1_888' title='bbox 1124 2499 1181 2524; x_wconf 81' lang='grc' dir='ltr'>ἐστι</span> <span class='ocrx_word' id='word_1_889' title='bbox 1192 2499 1222 2524; x_wconf 80' lang='grc' dir='ltr'><strong>τὸ</strong></span> <span class='ocrx_word' id='word_1_890' title='bbox 1235 2498 1354 2534; x_wconf 79' lang='grc' dir='ltr'>εὑρεθὲν,</span> <span class='ocrx_word' id='word_1_891' title='bbox 1372 2499 1402 2524; x_wconf 74' lang='grc' dir='ltr'><strong>τὸ</strong></span> <span class='ocrx_word' id='word_1_892' title='bbox 1420 2499 1496 2534; x_wconf 77' lang='grc' dir='ltr'>παρὰ</span> <span class='ocrx_word' id='word_1_893' title='bbox 1519 2501 1576 2530; x_wconf 82' lang='grc' dir='ltr'>τοῖς</span> <span class='ocrx_word' id='word_1_894' title='bbox 1593 2500 1690 2535; x_wconf 83' lang='grc' dir='ltr'>νόμοις</span> <span class='ocrx_word' id='word_1_895' title='bbox 1710 2502 1805 2528; x_wconf 57' lang='lat' dir='ltr'><strong>malo-.2-</strong></span> 
     </span>
    </p>
   </div>
   <div class='ocr_carea' id='block_1_115' title="bbox 1014 2543 1806 2580">
    <p class='ocr_par' dir='ltr' id='par_1_115' title="bbox 1014 2543 1806 2580">
     <span class='ocr_line' id='line_1_115' title="bbox 1014 2543 1806 2580; baseline 0 -10"><span class='ocrx_word' id='word_1_896' title='bbox 1014 2553 1093 2580; x_wconf 84' lang='grc' dir='ltr'>μενον</span> <span class='ocrx_word' id='word_1_897' title='bbox 1107 2544 1325 2579; x_wconf 76' lang='grc' dir='ltr'>προδερέλικτον,</span> <span class='ocrx_word' id='word_1_898' title='bbox 1333 2544 1363 2570; x_wconf 87' lang='grc' dir='ltr'><strong>οὐ</strong></span> <span class='ocrx_word' id='word_1_899' title='bbox 1373 2543 1515 2576; x_wconf 75' lang='grc' dir='ltr'>κολάζεται</span> <span class='ocrx_word' id='word_1_900' title='bbox 1526 2546 1690 2580; x_wconf 80' lang='grc' dir='ltr'>παρομοὶως</span> <span class='ocrx_word' id='word_1_901' title='bbox 1703 2548 1718 2572; x_wconf 78' lang='grc' dir='ltr'><strong>ὁ</strong></span> <span class='ocrx_word' id='word_1_902' title='bbox 1730 2546 1806 2572; x_wconf 76' lang='grc' dir='ltr'>τοῦτο</span> 
     </span>
    </p>
   </div>
   <div class='ocr_carea' id='block_1_116' title="bbox 1013 2588 1805 2625">
    <p class='ocr_par' dir='ltr' id='par_1_116' title="bbox 1013 2588 1805 2625">
     <span class='ocr_line' id='line_1_116' title="bbox 1013 2588 1805 2625; baseline 0.003 -9"><span class='ocrx_word' id='word_1_903' title='bbox 1013 2589 1165 2624; x_wconf 78' lang='grc' dir='ltr'>κατασχών·</span> <span class='ocrx_word' id='word_1_904' title='bbox 1188 2588 1245 2616; x_wconf 80' lang='grc' dir='ltr'>ἀλλ’</span> <span class='ocrx_word' id='word_1_905' title='bbox 1261 2590 1284 2614; x_wconf 83' lang='grc' dir='ltr'><strong>εἰ</strong></span> <span class='ocrx_word' id='word_1_906' title='bbox 1304 2590 1352 2624; x_wconf 77' lang='grc' dir='ltr'><strong>μὲν</strong></span> <span class='ocrx_word' id='word_1_907' title='bbox 1373 2589 1482 2624; x_wconf 85' lang='grc' dir='ltr'>κινητόν</span> <span class='ocrx_word' id='word_1_908' title='bbox 1509 2589 1595 2621; x_wconf 80' lang='grc' dir='ltr'>ἐστιν,</span> <span class='ocrx_word' id='word_1_909' title='bbox 1621 2591 1805 2625; x_wconf 71' lang='grc' dir='ltr'>ἀναγκάζεται</span> 
     </span>
    </p>
   </div>
   <div class='ocr_carea' id='block_1_117' title="bbox 1013 2635 1804 2670">
    <p class='ocr_par' dir='ltr' id='par_1_117' title="bbox 1013 2635 1804 2670">
     <span class='ocr_line' id='line_1_117' title="bbox 1013 2635 1804 2670; baseline 0.001 -8"><span class='ocrx_word' id='word_1_910' title='bbox 1013 2636 1078 2662; x_wconf 80' lang='grc' dir='ltr'>αὺτὺ</span> <span class='ocrx_word' id='word_1_911' title='bbox 1091 2636 1246 2666; x_wconf 71' lang='grc' dir='ltr'>ἀποδοῦναι,</span> <span class='ocrx_word' id='word_1_912' title='bbox 1261 2636 1309 2662; x_wconf 75' lang='grc' dir='ltr'>καὶ</span> <span class='ocrx_word' id='word_1_913' title='bbox 1325 2635 1413 2670; x_wconf 71' lang='grc' dir='ltr'>μόναν,</span> <span class='ocrx_word' id='word_1_914' title='bbox 1427 2636 1451 2660; x_wconf 84' lang='grc' dir='ltr'><strong>εἰ</strong></span> <span class='ocrx_word' id='word_1_915' title='bbox 1465 2635 1501 2670; x_wconf 87' lang='grc' dir='ltr'><strong>μὴ</strong></span> <span class='ocrx_word' id='word_1_916' title='bbox 1515 2636 1665 2663; x_wconf 77' lang='grc' dir='ltr'>ἐδὲσποσεν</span> <span class='ocrx_word' id='word_1_917' title='bbox 1679 2638 1757 2669; x_wconf 69' lang='grc' dir='ltr'>αὐτὸ,</span> <span class='ocrx_word' id='word_1_918' title='bbox 1770 2638 1804 2663; x_wconf 76' lang='grc' dir='ltr'><strong>ὡς</strong></span> 
     </span>
    </p>
   </div>
   <div class='ocr_carea' id='block_1_118' title="bbox 1013 2681 1805 2718">
    <p class='ocr_par' dir='ltr' id='par_1_118' title="bbox 1013 2681 1805 2718">
     <span class='ocr_line' id='line_1_118' title="bbox 1013 2681 1805 2718; baseline 0.001 -10"><span class='ocrx_word' id='word_1_919' title='bbox 1013 2683 1082 2717; x_wconf 83' lang='grc' dir='ltr'>καλῇ</span> <span class='ocrx_word' id='word_1_920' title='bbox 1095 2682 1185 2708; x_wconf 67' lang='grc' dir='ltr'>πίστει</span> <span class='ocrx_word' id='word_1_921' title='bbox 1210 2681 1318 2716; x_wconf 77' lang='grc' dir='ltr'>νομεὺς,</span> <span class='ocrx_word' id='word_1_922' title='bbox 1343 2681 1417 2713; x_wconf 73' lang='grc' dir='ltr'>ἐντὸς</span> <span class='ocrx_word' id='word_1_923' title='bbox 1428 2682 1559 2717; x_wconf 79' lang='grc' dir='ltr'>τριετίας·</span> <span class='ocrx_word' id='word_1_924' title='bbox 1577 2682 1643 2709; x_wconf 78' lang='grc' dir='ltr'>εἰδὲ</span> <span class='ocrx_word' id='word_1_925' title='bbox 1669 2683 1805 2718; x_wconf 69' lang='grc' dir='ltr'>ἀκίνητον.</span> 
     </span>
    </p>
   </div>
   <div class='ocr_carea' id='block_1_119' title="bbox 1014 2728 1804 2765">
    <p class='ocr_par' dir='ltr' id='par_1_119' title="bbox 1014 2728 1804 2765">
     <span class='ocr_line' id='line_1_119' title="bbox 1014 2728 1804 2765; baseline -0.001 -9"><span class='ocrx_word' id='word_1_926' title='bbox 1014 2729 1080 2756; x_wconf 71' lang='grc' dir='ltr'>αὐτὸ</span> <span class='ocrx_word' id='word_1_927' title='bbox 1094 2730 1182 2755; x_wconf 75' lang='grc' dir='ltr'>ἐκεῖνο</span> <span class='ocrx_word' id='word_1_928' title='bbox 1194 2730 1223 2755; x_wconf 81' lang='grc' dir='ltr'><strong>τὸ</strong></span> <span class='ocrx_word' id='word_1_929' title='bbox 1240 2728 1404 2763; x_wconf 70' lang='grc' dir='ltr'>κατασχεθὲν</span> <span class='ocrx_word' id='word_1_930' title='bbox 1421 2728 1459 2759; x_wconf 80' lang='grc' dir='ltr'><em>ὼς</em></span> <span class='ocrx_word' id='word_1_931' title='bbox 1483 2728 1707 2764; x_wconf 77' lang='grc' dir='ltr'>προόερέλικτον,</span> <span class='ocrx_word' id='word_1_932' title='bbox 1731 2731 1756 2755; x_wconf 74' lang='grc' dir='ltr'><strong>εἰ</strong></span> <span class='ocrx_word' id='word_1_933' title='bbox 1770 2731 1804 2765; x_wconf 71' lang='grc' dir='ltr'>μὴ</span> 
     </span>
    </p>
   </div>
   <div class='ocr_carea' id='block_1_120' title="bbox 1014 2774 1794 2811">
    <p class='ocr_par' dir='ltr' id='par_1_120' title="bbox 1014 2774 1794 2811">
     <span class='ocr_line' id='line_1_120' title="bbox 1014 2774 1794 2811; baseline -0.001 -11"><span class='ocrx_word' id='word_1_934' title='bbox 1014 2775 1111 2808; x_wconf 80' lang='grc' dir='ltr'>γέγονε</span> <span class='ocrx_word' id='word_1_935' title='bbox 1125 2775 1220 2801; x_wconf 79' lang='grc' dir='ltr'>τούτου</span> <span class='ocrx_word' id='word_1_936' title='bbox 1234 2775 1376 2809; x_wconf 73' lang='grc' dir='ltr'>δεσπότης.</span> <span class='ocrx_word' id='word_1_937' title='bbox 1394 2774 1471 2804; x_wconf 75' lang='grc' dir='ltr'>ἐντὸς</span> <span class='ocrx_word' id='word_1_938' title='bbox 1487 2774 1642 2806; x_wconf 76' lang='grc' dir='ltr'>δεκαετίας.</span> <span class='ocrx_word' id='word_1_939' title='bbox 1662 2774 1794 2811; x_wconf 68' lang='grc' dir='ltr'>Σχηλάζον</span> 
     </span>
    </p>
   </div>
   <div class='ocr_carea' id='block_1_121' title="bbox 1014 2820 1803 2857">
    <p class='ocr_par' dir='ltr' id='par_1_121' title="bbox 1014 2820 1803 2857">
     <span class='ocr_line' id='line_1_121' title="bbox 1014 2820 1803 2857; baseline -0.001 -9"><span class='ocrx_word' id='word_1_940' title='bbox 1014 2830 1059 2853; x_wconf 80' lang='grc' dir='ltr'>τος</span> <span class='ocrx_word' id='word_1_941' title='bbox 1071 2821 1098 2848; x_wconf 78' lang='grc' dir='ltr'><strong>δὲ</strong></span> <span class='ocrx_word' id='word_1_942' title='bbox 1115 2821 1161 2848; x_wconf 72' lang='grc' dir='ltr'>καὶ</span> <span class='ocrx_word' id='word_1_943' title='bbox 1185 2822 1352 2857; x_wconf 70' lang='grc' dir='ltr'>ἀπρονοήτου</span> <span class='ocrx_word' id='word_1_944' title='bbox 1366 2820 1470 2855; x_wconf 73' lang='grc' dir='ltr'>μεγάλη</span> <span class='ocrx_word' id='word_1_945' title='bbox 1486 2820 1617 2856; x_wconf 55' lang='grc' dir='ltr'>διαφορά.</span> <span class='ocrx_word' id='word_1_946' title='bbox 1639 2822 1676 2847; x_wconf 81' lang='grc' dir='ltr'><strong>Τὸ</strong></span> <span class='ocrx_word' id='word_1_947' title='bbox 1692 2822 1744 2856; x_wconf 78' lang='grc' dir='ltr'>μὲν</span> <span class='ocrx_word' id='word_1_948' title='bbox 1756 2822 1803 2857; x_wconf 54' lang='grc' dir='ltr'>ξαρ</span> 
     </span>
    </p>
   </div>
  </div>
