1857 3047
64 113 122 140 1057

62 168 174 205 σχολάζον
187 168 254 205 ψυχῇ
268 169 415 205 νεμόμεοα,
431 169 482 196 κᾶν
499 169 618 205 φυσικῶς
633 170 697 196 αὑτὴ
713 171 743 196 οὐ
761 179 827 196 κατ-
841 175 862 202 Α

61 216 146 251 έχομεν
156 223 162 230 ·
184 215 213 241 τὸ
227 215 255 241 δὲ
269 216 474 252 προδερῦακτον
490 216 551 244 οὐδὲ
566 217 687 252 νομίμως
701 217 760 243 οὐδὲ
775 225 823 250 φυ-

62 261 133 292 σικῶς
144 261 305 296 κατέχομεν·
335 262 382 288 καὶ
407 262 450 289 διὰ
472 262 549 288 τοῦτο
572 262 730 294 δεσπόςεται
749 262 823 297 παρὰ

58 307 98 333 τοῦ
109 306 172 342 καλῇ
185 307 272 333 πίστει
295 307 458 342 νεμηθέντος
474 308 549 335 αὐτό.
574 308 666 335 Ταῦτα
690 308 718 334 δὲ
732 307 824 343 χώραν

58 353 101 379 οὒκ
113 351 211 387 ἔχουσιν
224 352 269 379 ἐπὶ
281 353 334 379 τῶν
348 353 501 389 ἀνηκόντων
511 355 565 386 τοῖς
574 353 822 389 αἰχμαλωτισοεῐσι·

670 111 836 140 EPISTOLA
853 112 1035 140 CANONICA.

1591 113 1658 140 1053

879 171 938 198 fidei
951 177 1108 205 possessore
1125 169 1184 203 ejus
1198 169 1348 196 dominium
1360 169 1518 203 acquiritur.
1535 167 1598 197 Haec
1610 177 1658 195 au-

877 221 931 244 tem
953 218 1042 244 locum
1057 224 1110 242 non
1127 215 1227 243 habent
1243 215 1270 242 in
1289 215 1323 242 iis
1337 223 1397 249 qua:
1411 215 1443 242 ad
1459 215 1581 250 captivos
1595 223 1657 249 pcr-

877 262 978 295 tinent;
997 267 1025 288 et
1043 261 1104 289 ideo
1118 261 1164 295 qui
1186 268 1218 288 ea
1232 260 1369 294 detinent,
1391 265 1419 287 et
1433 268 1486 288 non
1502 261 1658 292 restituunt.

878 311 909 334 ut
924 308 1050 342 superius
1069 307 1182 340 dictum,
1208 307 1277 334 citra
1292 306 1376 333 ullam
1402 306 1617 339 distinctionem,
1632 311 1660 334 et

877 357 1014 384 tenentur.
1028 358 1055 380 et
1069 353 1226 387 puniuntur.

58 401 98 427 καὶ
119 401 159 427 διὰ
183 400 260 427 τοῦτο
275 402 300 427 οἰ
333 402 493 438 κατέχοντες
518 394 586 430 αὐτὰ
614 403 660 430 καὶ
686 402 722 438 μὴ
745 401 991 433 ἀποκαθιστῶντες,
1019 402 1057 433 ὡς
1069 401 1171 428 ἄνωθεν
1193 401 1308 436 εἴρηται,
1329 401 1506 433 ἀδιαστίκτως
1532 402 1578 431 καὶ
1603 402 1660 429 ἑνι-

58 456 139 482 χονται
152 447 197 474 καὶ
212 447 379 479 κολάζονται.

86 494 196 521 ΖΩΝΑΡ.
212 495 272 522 Ὂτι
284 496 320 531 μὴ
338 496 499 530 ἐξαπατάτω
509 498 551 529 τὶς
563 498 667 529 ἑαυτὸν,
683 498 720 529 ὡς
736 497 822 533 εὑρὼν

57 540 82 566 το
93 540 134 566 τοῦ
150 541 261 576 ἀδελφοῦ
279 543 393 578 πρᾶγμα
415 544 578 579 ἐρριμμένον
594 545 658 576 ἴσως
673 545 719 571 καὶ
731 545 824 571 ἀνεπι-

57 586 159 622 μέλητον
173 588 308 622 κείμενον.
325 589 383 616 Κᾶν
409 589 463 625 γὰρ
479 590 564 622 οὕτως
580 590 648 627 εὕρῃ
669 591 744 622 αὐτὸ,
773 592 823 618 οὐκ

56 631 133 663 ἔξεστι
146 632 272 668 κερδῆσαι
288 633 354 660 αὐτὸ
368 635 414 661 καὶ
428 634 620 662 οἰκειώσασθαι
633 635 663 661 τὸ
674 635 820 671 ἀλλότριον·

55 679 99 705 κᾶν
117 679 178 711 ἴσως
189 680 272 716 ἀγνοῇ
295 681 340 707 τὸν
350 681 482 718 δεσπότην
495 682 542 708 τοῦ
555 681 725 717 πράγματος
740 690 824 717 χρεω-

56 726 105 750 στεῖ
115 724 166 760 γὰρ
179 725 270 752 λαϐεῖν
283 726 357 758 αὐτὸ,
371 728 417 753 καὶ
432 727 546 762 φυλάξαι
564 728 616 760 ἕως
628 729 642 754 ὁ
664 727 757 764 κύριος
775 728 824 754 αὐ-

54 770 94 797 τοῦ
107 771 158 806 γνῷ
174 772 219 798 καὶ
231 771 336 809 ζητήσῃ
355 774 429 800 αὐτό.
443 774 497 800 Καὶ
512 773 546 800 τὰ
559 774 605 800 τοῦ
618 775 823 809 Δευτερονομίου

54 816 136 843 καὶτὰ
156 817 204 852 τῆς
223 817 330 851 Ἐξόδου
345 819 440 853 ἐπάγει
457 819 543 853 λέγων
558 819 608 852 ὅτι,
625 819 686 846 Ἐὰν
699 821 727 846 ὲν
738 820 824 856 καιρῷ

54 861 153 897 εἰρήνης
166 863 180 888 ό
195 862 308 896 ἀδελφός
320 871 366 889 σου
381 864 397 899 ἢ
420 865 434 890 ό
461 865 555 900 ἐχθρός
572 873 618 890 σου
639 865 670 891 ἐκ
691 865 825 900 ῥᾳθυμίας
841 860 863 890 Β

54 906 163 944 ἀπολέσῃ
185 908 214 934 τὸ
234 909 309 941 ἴδιον,
326 909 376 936 οὐκ
393 909 480 942 ἔξεστί
507 918 546 936 σοι
562 910 668 946 εὑρόντι
681 911 746 937 αὐτὸ
760 911 823 947 κέρ-

53 952 92 984 δος
105 953 165 980 ἴδιον
188 954 362 990 ποιήσασθαι,
378 955 446 982 ἀλλὰ
468 955 642 983 ὲπανασῶσαι
669 956 706 992 τῷ
729 956 826 983 ἀπολέ-

56 1006 122 1025 σαντι
143 999 206 1025 αὐτὸ
231 1001 333 1036 ἀπαιτῇ
358 1001 430 1029 κατὰ
454 1002 499 1028 τὸν
523 1002 605 1037 νόμον
626 1002 672 1028 τὸν
697 1002 824 1030 παλαιόν·

54 1044 121 1080 πόσῳ
140 1045 247 1080 μᾶλλον,
267 1046 315 1074 ἐὰν
327 1047 373 1074 τοῦ
391 1048 535 1082 φεύγοντος
551 1047 664 1083 ἀδελφοῦ
685 1057 730 1075 σου
745 1049 761 1084 ἢ
777 1049 824 1075 τοῦ

54 1090 304 1124 αἱχμαλωτισθέντος
323 1094 448 1129 εὑρήσεις
473 1094 622 1130 πράγματα
646 1095 710 1130 παρ’
738 1095 826 1125 αὐτῶν

54 1135 300 1172 ὲγκαταλειφϐέντα,
317 1139 368 1174 χρή
385 1147 414 1165 σε
435 1139 549 1174 φυλάξαι
566 1140 635 1166 αὐτὰ
648 1139 696 1166 καὶ
712 1139 824 1166 ἀποδοῦ-

53 1187 90 1205 ναι
102 1180 137 1216 τῷ
155 1181 352 1218 δυσπραγοῦντι
362 1192 369 1215 ;

357 1229 475 1256 ΚΛΝΩΝ
491 1231 528 1256 Ε’.

85 1279 93 1295 ι
106 1271 190 1298 Ἄλλοι
203 1273 232 1300 δὲ
252 1274 365 1306 ἑαυτοὺς
388 1275 570 1309 ἐξαπατῶσιν,
592 1277 651 1303 αντὶ
674 1277 727 1303 τῶν
753 1277 825 1304 ἰδίων

55 1325 64 1341 ι
79 1317 128 1343 τῶν
141 1318 315 1354 ἀπολομένων
327 1320 345 1347 ἃ
360 1317 439 1356 εὗρον
457 1321 583 1357 ἀλλότρια
598 1322 766 1357 κατέχοντες·
783 1323 826 1350 ἵνα

55 1370 63 1386 t
83 1362 170 1399 ἐπειδὴ
194 1364 289 1396 αὐτοῖς
307 1365 419 1402 Βοράδοι
437 1367 483 1393 καὶ
495 1367 587 1394 Γότθοι
601 1367 634 1394 τὰ
649 1368 695 1394 τοῦ
708 1368 825 1404 πολέμου

55 1415 63 1432 t
80 1409 243 1444 εἰργάσαντο,
271 1411 347 1438 αὐτοὶ
370 1412 459 1444 ἄλλοις
486 1413 596 1449 Βοράδοι
613 1413 659 1440 καὶ
673 1413 765 1440 Γότθοι
782 1414 826 1448 γί-

54 1462 62 1478 ‹
80 1463 180 1482 vomat.
199 1456 412 1493 Ἀπεστεῐλαμεν
426 1456 471 1485 οὖν
481 1458 525 1484 τὸν
537 1458 650 1494 ἀδελφὺν
664 1460 710 1486 καὶ
727 1460 824 1494 συγγέ-

55 1507 63 1524 t
80 1508 155 1535 ροντα
178 1502 350 1537 Εὐφρόσυνον
364 1503 407 1530 διὰ
422 1503 508 1531 ταῦτα
535 1504 603 1540 πρὸς
619 1505 700 1540 ὑμᾶς,
721 1505 763 1532 ἵνα
777 1502 826 1533 xc.-

54 1554 61 1571 ι
79 1547 109 1574 τὰ
122 1547 165 1574 τὸν
183 1548 279 1575 ἐνθάδε
293 1549 377 1576 τύπον
403 1550 451 1577 καὶ
471 1551 551 1582 αὐτὸς
573 1550 628 1587 δώῃ
655 1553 755 1587 ὁμοίως
778 1554 825 1579 καὶ

55 1601 62 1616 ι
78 1588 112 1619 ὧν
125 1593 163 1620 δεῖ
176 1594 226 1626 τὰς
247 1596 413 1631 κατηγορίας
424 1596 595 1632 προσίεσθαι,
607 1598 653 1624 καὶ
667 1597 714 1631 οὓς
728 1598 768 1625 δεῖ
780 1600 826 1626 ἑκ-

55 1646 62 1662 ‹
76 1638 184 1674 κηρύξαι
200 1640 257 1667 τῶν
272 1641 385 1676 εὐχῶν.»

82 1683 173 1711 ΒΑΛΣ.
197 1685 450 1721 Ἀπολογησάμενος
475 1686 489 1713 ό
502 1687 578 1721 ἅγιος
594 1687 630 1714 τὰ
648 1689 740 1716 εἰκότα
759 1689 826 1725 πρὸς

49 1730 104 1761 τοὺς
115 1730 254 1765 λέγοντας,
270 1731 308 1763 ὡς
329 1732 483 1768 ἐρριμμένοι
506 1733 552 1760 καὶ
568 1733 723 1769 ἀτημέλητα
736 1734 825 1770 εὑρεῖν

49 1775 78 1802 τὰ
89 1776 140 1803 τῶν
152 1773 426 1813 αἰχμαλωτισθέντων
453 1779 613 1814 πράγματα,
626 1780 673 1807 καὶ
688 1780 732 1807 διὰ
746 1781 825 1808 τοῦτο

50 1821 195 1850 ἰδιώσασθαι
208 1824 289 1851 αὑτά·
316 1824 378 1860 ἄρτι
393 1825 562 1859 ἀπολογεῖται
579 1826 646 1862 πρὸς
666 1827 729 1858 τοὺς
750 1827 824 1854 ἀντι-

49 1869 215 1904 ποιουμένους
230 1869 286 1897 τῶν
303 1870 484 1905 διαφερόντων
502 1873 557 1902 τοῖς
571 1872 824 1906 αἰχμαλωτισθεῖσιν

46 1912 99 1941 ἀντὶ
110 1915 162 1942 τῶν
172 1915 335 1950 φθασάντων
344 1915 419 1951 παρὰ
429 1916 482 1942 τῶν
498 1917 634 1952 πολεμίων
644 1918 825 1954 ἀφαιρεθῆναι

47 1961 208 1996 πραγμάτων
220 1961 321 1988 αὐτῶν.
347 1961 416 1996 Φησὶ
443 1961 496 1998 γὰρ
516 1962 554 1994 ὡς
573 1963 619 1989 καὶ
642 1964 720 1990 τοῦτο
732 1965 821 2001 ἀπάτη

45 2005 97 2031 ἐστὶ
107 2007 152 2032 καὶ
182 2007 287 2042 ματαία
309 2007 456 2043 πρόφασις.
471 2007 537 2033 Οὐδὲ
563 2007 617 2042 γὰρ
640 2008 743 2036 δίκαιόν
764 2010 823 2038 ἐστι

44 2050 146 2083 τούτους
159 2052 307 2086 γεγονότας
318 2053 504 2088 παρανάλωμα
518 2053 581 2079 πολε
586 2054 645 2088 μίου
657 2054 822 2091 βαρϐαρικοῦ

46 2096 78 2132 μὴ
103 2099 283 2134 καρτερῆσαι,
306 2098 373 2125 ἀλλὰ
395 2098 520 2134 γενέσθαι
553 2099 651 2131 αὐτοὺς
678 2101 822 2136 πολεμίους

43 2141 91 2168 τῶν
103 2143 243 2178 ἀδελφῶν,
269 2145 314 2171 καὶ
335 2145 504 2182 χρηματίσαι
528 2146 567 2176 είς
590 2146 699 2178 τούτους
727 2147 822 2179 ἄλλους

44 2186 198 2224 βαρϐάρους.
214 2190 265 2217 Διὰ
275 2190 361 2218 ταῦτα
374 2192 582 2229 ἀπεστείλαμεν,
594 2193 677 2227 λέγει,
691 2193 735 2219 τὸν
746 2192 820 2220 ἀδελ-
837 2203 858 2230 [)

44 2233 86 2266 φὺν
97 2235 273 2271 Εὐφρόσυνον
288 2237 356 2272 πρὸς
374 2238 455 2273 ὑμᾶς,
477 2238 522 2265 ἵνα
537 2239 607 2265 κατὰ
634 2239 680 2265 τὸν
704 2239 821 2267 ἐνταῦθα

43 2278 128 2312 τύπον,
148 2282 246 2316 ἤγουν,
272 2282 363 2314 καθὼς
391 2284 472 2319 ἡμεῖς
500 2283 617 2311 ἐνταῦθα
643 2285 820 2321 ἐποιήσαμεν,

42 2323 90 2361 δώῃ
99 2326 182 2353 τύπον
202 2328 250 2354 καὶ
268 2328 359 2354 αὐτόθι
378 2328 448 2355 ὥστε
467 2329 538 2356 οὓτω
552 2332 638 2357 ποιεῖν
654 2331 735 2366 ὑμᾶς.
755 2329 822 2358 Εἶτά

42 2377 116 2405 φησιν
135 2373 173 2404 ὡς
193 2374 207 2400 ὁ
224 2373 306 2405 αὐτὸς
329 2374 501 2409 Εὑφρὸσυνος
516 2376 666 2408 ἁναδιδάξει
685 2377 760 2409 τίνας
781 2377 821 2404 δεῖ

43 2417 233 2453 προσδέχεσθαι
249 2419 468 2455 κατηγοροῦντας
490 2421 560 2448 κατά
580 2430 670 2453 τινων,
685 2423 732 2448 καὶ
747 2422 821 2454 τίνας

42 2462 87 2497 χρὴ
99 2463 302 2500 ἀποκηρύττειν
317 2465 367 2500 τῆς
387 2465 547 2502 Ἐκκλησίας
559 2467 605 2493 καὶ
618 2467 667 2502 τῆς
681 2467 821 2499 κοινωνίας

40 2510 87 2533 τῶν
100 2510 214 2536 πιστῶν.

70 2553 188 2581 ΖΩΝΑΡ.
204 2555 295 2586 Τινὲς,
319 2556 411 2591 φησιν,
428 2556 610 2587 ἀπολέσαντες
631 2558 717 2583 οἰκεῖα
736 2557 822 2592 πράγ-

42 2607 116 2632 ματα,
127 2601 174 2627 καὶ
185 2601 315 2636 εὑρόντες
331 2601 469 2637 ἀλλότρια,
486 2602 594 2636 λέγουσι
609 2603 731 2638 κατέχειν
739 2602 819 2634 αὐτὰ,

39 2643 90 2670 ἀνθ’
99 2641 135 2672 ὥν
149 2646 307 2680 ἀπώλεσαν,
320 2647 508 2680 ἐξαπατῶντες
520 2648 642 2679 ἑαυτούς.
657 2649 744 2684 Ὅπερ
755 2649 818 2684 γὰρ,

41 2692 124 2724 φησὶν,
134 2693 261 2726 ἐγένοντο
275 2694 391 2725 ἐκείνοις
404 2695 428 2720 ot
442 2694 565 2728 πολέμιοι
583 2694 726 2730 βάρϐαροι,
742 2695 821 2721 τοῦτο

40 2735 151 2769 γίνονται
168 2738 250 2764 αὐτοὶ
260 2740 318 2770 τοῖς
334 2739 467 2773 ἀδελφοῖς.
485 2740 631 2773 Ἥρπασαν
646 2741 672 2767 οἱ
688 2740 820 2776 βάρὸαροι

39 2783 68 2809 τὰ
91 2785 213 2816 ἐκείνων,
241 2786 362 2812 κάκεῖνοι
377 2785 412 2812 τὰ
442 2785 496 2812 τῶν
524 2785 653 2821 ἀδελφῶν.
672 2786 721 2813 Διὰ
734 2786 820 2813 ταῦτα

40 2827 247 2866 ἀπεστείλαμεν,
264 2831 347 2866 λέγει,
361 2831 404 2859 ἶνα
430 2831 502 2858 κατὰ
524 2831 568 2859 τὸν
591 2831 708 2859 ἐνταῦθα
724 2832 820 2865 τύπον,

912 496 1011 524 Zomn.
1031 496 1069 524 Ne
1083 496 1216 531 quispiam
1232 503 1261 524 se
1276 497 1363 530 ipsum
1377 496 1499 528 seducat,
1512 497 1588 530 quasi
1601 504 1659 523 rem

876 542 969 570 fratris
982 542 1128 577 projectum
1146 542 1262 569 fortasse
1277 542 1408 577 planeque
1421 542 1569 576 neglectam
1585 543 1659 569 inve-

875 589 955 616 nerit.
972 589 1038 615 Nam
1049 588 1102 614 etsi
1115 588 1152 614 ita
1168 587 1288 614 inveniat
1303 588 1400 622 ipsam,
1415 588 1517 617 lucrari
1534 588 1604 615 haud
1618 587 1660 614 fas

876 638 928 666 est,
954 634 1061 668 sibique
1083 640 1140 660 rem
1166 633 1282 660 alienam
1302 633 1452 665 vindicare,
1467 633 1574 661 etiamsi
1590 633 1659 661 forte

877 679 984 714 ignoret
1005 679 1163 711 dominum;
1187 679 1233 706 sed
1258 679 1331 706 illam
1353 687 1461 706 sumere
1482 684 1600 714 oportet,
1626 687 1659 707 ac

876 732 962 759 usque
988 725 1060 751 illam
1086 725 1213 752 dominus
1235 725 1308 751 norit
1331 732 1363 751 ac
1382 725 1518 759 requirat,
1539 733 1658 753 scrvare.

877 770 946 797 Tum
967 770 1167 797 Deulcronomii
1185 778 1216 797 ac
1232 771 1317 798 Exodi
1330 771 1403 798 locos
1418 771 1529 806 profert,
1548 772 1583 799 ita
1601 772 1659 800 dis--

876 823 971 844 serens
987 825 994 842 :
1008 815 1035 842 Si
1051 816 1126 850 pacis
1142 820 1262 850 tempore
1280 815 1363 843 frater
1377 821 1449 848 tuus,
1469 821 1516 844 aut
1532 817 1659 845 inimicus

879 865 942 889 tuus
956 869 989 889 ex
1003 862 1163 897 negligentia
1178 869 1233 888 rem
1254 869 1331 888 suam
1347 863 1451 898 perdat,
1461 863 1533 890 haud
1546 862 1586 890 fas
1606 868 1657 893 est.

876 907 899 934 si
922 914 981 934 eam
1004 907 1149 940 inveneris,
1171 906 1220 933 tibi
1243 907 1380 941 propriam
1402 907 1549 940 vindicare,
1571 906 1618 934 sed
1633 908 1658 934 ei

875 953 920 988 qui
936 953 1052 988 perdidit
1068 954 1169 980 servari
1186 953 1295 988 antiqua
1315 954 1354 981 lex
1368 954 1460 989 jubet;
1481 959 1584 990 quanto
1598 962 1658 982 ωας

876 999 917 1033 gis
932 999 954 1025 si
972 1006 1016 1026 res
1038 999 1174 1026 inreneris
1196 999 1288 1027 fratris
1303 1000 1341 1026 tui
1359 1000 1406 1035 qui
1428 1000 1542 1036 aufugit,
1565 1006 1612 1028 aut
1630 1001 1658 1028 in

877 1044 1034 1071 servitutem
1058 1045 1191 1073 abductus
1213 1051 1264 1078 cst,
1281 1047 1315 1073 ab
1329 1047 1389 1082 ipso
1409 1048 1528 1080 relictas,
1550 1055 1659 1076 servare

877 1089 937 1117 illas
951 1097 982 1117 ac
998 1089 1154 1118 infortuniis
1167 1099 1261 1126 presso
1275 1093 1386 1119 reddere
1400 1093 1555 1127 oportebit?

1170 1226 1286 1255 CANON
1305 1228 1337 1255 V.

916 1279 925 1294 ε
944 1270 996 1297 Atii
1021 1277 1110 1299 autem
1126 1273 1231 1307 seipsos
1248 1273 1390 1307 seducunt,
1407 1282 1457 1309 pro
1467 1276 1585 1310 propriis
1597 1284 1658 1312 quas

880 1324 889 1340 ι
909 1317 1056 1350 perierunt,
1083 1318 1170 1345 aliena
1195 1327 1256 1353 qua:
1285 1319 1455 1355 invenerunt,
1481 1321 1655 1351 detinentes:

879 1370 889 1386 ε
910 1366 940 1388 ut
954 1362 1081 1396 quoniam
1095 1362 1192 1391 Boradi
1207 1369 1234 1393 et
1253 1364 1335 1392 Gothi
1350 1366 1390 1393 eis
1400 1366 1512 1395 hostilia
1525 1368 1656 1401 fecerunt,

880 1417 889 1433 ι
910 1407 962 1442 ipsi
983 1409 1038 1440 sint
1053 1409 1114 1437 aliis
1133 1410 1231 1437 Boradi
1259 1415 1285 1437 et
1311 1410 1402 1439 Gothi.
1424 1411 1569 1448 Propterea
1592 1422 1658 1450 ergo

880 1463 890 1478 ‹
910 1453 1020 1482 fratrem
1035 1460 1061 1482 et
1081 1463 1225 1484 consenem
1247 1461 1371 1484 nostrum
1392 1457 1601 1495 Euphrosynum
1623 1462 1657 1488 ad

881 1507 891 1525 ‹
910 1507 959 1527 vos
976 1500 1112 1534 misimus,
1128 1506 1157 1528 nt
1171 1503 1318 1530 secundum
1337 1503 1451 1531 formam
1467 1513 1528 1540 quae
1545 1506 1590 1533 hic
1604 1511 1656 1539 est,

879 1555 891 1572 ι
911 1550 939 1573 et
951 1546 1008 1581 ipse
1023 1547 1068 1574 det
1081 1548 1215 1581 similiter,
1231 1553 1257 1576 et
1276 1557 1391 1584 quorum
1409 1553 1595 1580 accusationes
1609 1554 1658 1586 ad-

880 1601 889 1617 ε
909 1592 1016 1619 mittere
1031 1597 1162 1629 oporteat,
1178 1599 1205 1622 et
1220 1603 1289 1630 quos
1303 1604 1318 1623 a
1330 1597 1456 1631 precibus
1472 1598 1607 1626 abdicare.
1627 1608 1637 1625 ι

910 1682 990 1710 B.u.s.
1006 1683 1153 1720 Postquam
1170 1692 1293 1719 sanctus,
1308 1695 1367 1722 quae
1379 1693 1458 1716 erant
1474 1694 1657 1719 consentanea

874 1730 1016 1764 respondit
1031 1731 1065 1758 iis
1085 1732 1130 1766 qui
1151 1732 1276 1760 dicebant
1288 1741 1318 1761 se
1334 1738 1363 1761 ut
1378 1733 1508 1769 disjectas
1520 1739 1547 1762 et
1564 1735 1657 1770 negle—

875 1776 929 1802 ctui
944 1776 1053 1803 habitas
1070 1785 1113 1804 res
1129 1779 1298 1813 captivorum
1313 1780 1451 1808 invertisse
1468 1786 1495 1808 et
1514 1786 1656 1816 propterea

874 1827 906 1847 ea
920 1821 970 1848 sibi
984 1822 1136 1849 vindicasse
1149 1831 1156 1855 ;
1171 1831 1243 1851 nunc
1258 1824 1291 1851 iis
1305 1825 1460 1860 respondet,
1477 1827 1534 1861 qui,
1549 1835 1609 1862 qum
1623 1828 1657 1856 ad

875 1866 996 1900 captivos
1011 1867 1193 1908 pertinebant,
1218 1876 1267 1903 pro
1282 1870 1315 1897 iis
1333 1878 1394 1905 qua:
1411 1871 1461 1898 sibi
1477 1872 1511 1898 ab
1531 1872 1657 1900 hostibus

873 1911 950 1945 prius
963 1911 1051 1939 ablata
1066 1912 1182 1947 fuerant,
1196 1915 1378 1944 vindicabant.
1394 1917 1465 1945 Dicit
1479 1919 1551 1946 enim
1564 1924 1590 1948 et
1604 1920 1657 1947 hoc

873 1963 933 1984 esse
953 1957 1074 1986 fraudem
1098 1963 1125 1986 et
1148 1960 1255 1988 inanem
1280 1967 1451 1997 praetextum.
1472 1963 1566 2000 Neque
1581 1967 1655 1995 enim

873 2009 981 2036 aequum
996 2008 1048 2035 est,
1062 2008 1091 2031 ut
1109 2005 1155 2040 qui
1175 2014 1206 2033 ex
1223 2007 1293 2034 bello
1306 2009 1448 2037 barbarico
1462 2010 1654 2039 detrimentum

873 2049 1036 2083 acceperint,
1050 2057 1104 2077 non
1115 2052 1260 2079 toleranter
1271 2052 1367 2086 ferant,
1378 2055 1425 2082 sed
1436 2056 1490 2082 sint
1501 2056 1550 2090 ipsi
1562 2057 1655 2088 hostes

873 2092 999 2127 fratrum,
1018 2100 1044 2122 et
1062 2096 1108 2123 alii
1127 2097 1153 2124 in
1174 2097 1248 2132 ipsos
1260 2099 1569 2134 barbariappellentur.
1587 2102 1655 2130 Pro-

874 2144 975 2174 pterea,
993 2142 1091 2177 inquit,
1109 2143 1234 2171 misimus
1258 2145 1291 2171 ad
1307 2152 1355 2172 vos
1370 2144 1479 2173 fratrem
1498 2146 1655 2184 Euphrosy-

874 2193 951 2220 num,
967 2192 997 2214 ut
1010 2188 1087 2222 juxta
1105 2188 1218 2216 formam
1234 2190 1277 2216 hic
1293 2191 1429 2223 traditam,
1452 2200 1501 2220 seu
1521 2195 1653 2228 quemad~

872 2232 981 2259 modum
1001 2233 1044 2261 hic
1065 2233 1194 2267 fecimus,
1212 2235 1291 2263 isthic
1308 2244 1416 2272 quoque
1431 2238 1476 2265 det
1491 2238 1606 2268 formam
1623 2244 1654 2273 ut

872 2278 911 2306 sic
925 2286 974 2306 vos
989 2278 1105 2307 faciatis.
1122 2280 1219 2308 Deinde
1231 2281 1296 2308 dicit
1310 2291 1316 2308 :
1332 2281 1529 2319 Euphrosynus
1542 2293 1590 2312 vos
1602 2286 1653 2313 do-

872 2324 943 2351 cebit
956 2332 1089 2359 quosnam
1106 2331 1133 2353 et
1147 2327 1277 2354 adversus
1293 2335 1363 2362 quos
1376 2335 1538 2358 accusantes
1554 2329 1654 2359 admit—

873 2375 939 2402 tere,
955 2376 982 2398 et
997 2379 1130 2405 quosnam
1151 2372 1185 2400 ab
1203 2372 1322 2400 Ecclesia
1342 2378 1370 2400 et
1392 2375 1511 2403 ﬁdelium
1528 2384 1653 2406 commu-

873 2416 953 2443 nione
965 2417 1090 2445 abdicare
1105 2422 1237 2453 oporteat.

907 2553 1009 2581 Zama.
1030 2554 1168 2590 Nonnulli,
1193 2558 1290 2593 inquit,
1315 2559 1426 2587 amissis
1439 2560 1522 2588 rebus
1534 2561 1602 2595 suis,
1620 2569 1654 2590 ae

872 2600 959 2627 aliena
982 2601 1160 2635 invenientes,
1175 2611 1224 2638 pro
1240 2605 1274 2632 iis
1291 2613 1351 2641 quae
1372 2599 1522 2638 amiserunt
1537 2615 1568 2635 ea
1582 2608 1653 2636 deti-

871 2653 935 2673 nere
951 2653 980 2673 se
993 2652 1129 2680 asserunt,
1160 2650 1264 2684 seipsos
1278 2651 1453 2686 decipientes.
1472 2652 1550 2686 Quod
1566 2654 1653 2688 enim,

863 2694 919 2725 .ait,
935 2693 987 2720 illis
1003 2690 1081 2721 fuere
1101 2695 1193 2723 hosles
1208 2697 1327 2729 barbari,
1341 2698 1392 2725 hoc
1409 2699 1458 2733 ipsi
1478 2700 1545 2726 fiunt
1560 2698 1653 2727 fratri-

870 2741 931 2768 bus.
945 2741 1055 2769 Barbari
1076 2749 1120 2770 res
1136 2742 1243 2769 illorum
1255 2749 1413 2778 rapuerunt,
1427 2753 1460 2772 ac
1473 2743 1511 2772 illi
1526 2744 1652 2776 fratrum.

870 2786 1025 2822 Propterea.
1042 2788 1141 2823 inquit,
1159 2788 1393 2826 [Euphrosynum]
1406 2791 1439 2817 ad
1453 2798 1502 2818 vos
1518 2791 1656 2823 misimus.

871 2838 900 2860 ut
918 2834 1066 2861 secundum
1091 2833 1209 2861 formam
1230 2835 1274 2862 hic
1293 2835 1464 2863 observatam
1481 2845 1530 2864 vos
1547 2844 1656 2872 quoque
