1857 3047
39 103 104 130 109ιῖ

655 101 822 130 EPISTOLA
839 102 1024 130 CANONICA.

1577 106 1647 133 l026

37 165 49 189 ὁ
62 164 145 196 αγιος.
161 160 206 188 καί
221 169 312 196 φησιν,
330 161 369 187 ὅτι
387 161 410 187 ει
425 160 524 195 ἔφαγον
549 161 573 187 οι
594 161 760 196 αἰχμάλωτοι
781 161 813 187 τὰ

916 166 985 194 ctus,
1001 162 1093 195 aitque
1104 161 1126 188 si
1143 166 1204 196 qua:
1217 169 1232 188 ει
1249 162 1367 190 dominis
1381 163 1447 197 ipsis
1458 162 1579 197 apposita
1593 163 1649 189 l'uec

36 208 107 244 παρὰ
124 208 177 234 τῶν
194 207 455 242 αἰχμαλωτησάντων
481 207 578 239 αὐτοὺς
599 206 812 242 παρατιθέμενα,

36 255 109 282 τοῦτο
123 255 153 280 οὺ
173 254 255 289 βαρεῖ,
272 253 332 280 ἀντὶ
343 253 400 285 τοῦ,
413 253 443 280 οὐ
460 253 570 288 βαρεῖαν
582 254 690 287 ἐμποιεῖ
702 253 811 288 βλάϐην·

37 303 79 329 καὶ
100 300 198 336 μᾶλλον
219 300 260 326 ὅτι
284 297 323 331 εἷς
347 299 424 333 λόγος
446 299 520 335 παρὰ
536 300 654 331 πάντων,
668 299 750 335 ἤγουν
772 300 813 326 ὅτι

37 350 130 378 πάντες
143 347 173 373 τὸ
186 346 250 372 αὐτὸ
265 345 398 380 λέγουσιν,
410 346 450 372 ὃτι
464 347 488 372 οι
498 346 532 372 τὰ
546 346 666 381 ἡμέτερα
682 345 815 381 καταδρα-

37 393 128 427 μόντες
143 391 276 427 βάρϐαροι
287 391 405 422 εἰδώλοις
421 391 470 417 οὐκ
481 390 589 420 ἔθυσαν,
604 390 673 416 ὥστε
695 390 754 416 οὐδὲ
775 391 813 417 ει-

36 438 164 464 smmum
180 437 279 471 ἔφαγον
300 437 324 463 οἱ
346 436 520 471 αἰχμάλωτοι.
541 436 662 471 Παραγει
676 436 704 462 δὲ
721 436 766 462 καὶ
781 437 813 462 ἐκ

35 483 78 510 τοῦ
97 483 256 510 Ἀποστόλου
272 484 383 518 χρήσεις
403 483 450 509 καὶ
472 483 504 508 ὲκ
523 482 569 509 τοῦ
587 482 764 516 Εὑαγγελίου·
781 482 812 508 ὲκ

38 531 82 564 μὲν
91 530 137 556 τοῦ
160 530 317 556 ’Λποστόλου
332 529 372 560 τὸ,
384 529 421 555 Τὰ
427 528 566 563 ,βρώματα
590 527 626 562 τῇ
642 529 749 561 κοιλίῃ,
764 528 811 554 καὶ

36 577 53 608 ὴ
72 576 168 602 κοιλία
190 575 251 608 τοῖς
269 575 421 609 βρώμασι·
439 574 532 600 καὶτὰ
548 574 659 609 ἑξῆς.’“0
673 574 700 600 δὲ
716 573 813 610 χωρίον

38 621 94 656 περὶ
110 620 266 656 πλησμονῆς
281 620 353 654 λέγει
373 621 419 646 καὶ
430 621 658 656 γαστριμαργίας.
675 622 729 647 Καὶ
744 621 814 657 βρώ-

39 675 104 702 ματα
115 666 165 701 μὲν
178 666 211 692 τὰ
224 667 338 702 περιττὰ
353 666 480 700 ὀνομάζει
497 668 543 693 καὶ
557 667 607 701 τὴν
620 669 725 703 τρυφήν
735 676 741 682 ·
757 677 813 694 χοι-

37 712 90 738 λὶαν
109 712 136 738 δὲ
153 712 203 746 τὴν
217 713 447 748 γαστριμαργίαν.
463 713 520 740 ἀλλ’
539 713 598 748 οὐχὶ
618 714 667 748 τὴν
682 714 812 749 γαστέρα.

38 757 80 784 Διὰ
87 758 113 783 δὲ
123 757 224 784 τούτων
235 758 414 790 ὀἈπόστολος
433 759 506 793 λέγει
517 780 523 792 ,
537 760 603 794 ὅτιὴ
618 759 754 794 ἀδηφαγῐα
767 759 815 786 καὶ

38 804 52 837 ἡ
67 804 151 839 τρυφὴ
168 805 201 839 τῇ
217 804 420 839 γαστριμαργίᾳ
432 806 538 840 ἀνήκει.
550 805 606 831 ἀλλ’
620 806 650 831 οὑ
665 805 732 840 πρὸς
748 805 814 831 Θεὸν

866 212 926 234 rant
949 207 1046 242 captivi
1069 207 1253 239 comederunt,
1277 209 1303 235 id
1323 216 1375 235 non
1397 216 1520 243 gravare,
1540 209 1591 236 hoc
1608 213 1649 236 est

863 261 945 287 grave
958 254 1086 280 damnum
1099 254 1210 281 minime
1223 254 1336 288 aﬂ‘errc;
1353 255 1501 289 prmscrtim
1511 255 1581 289 quod
1594 263 1648 282 una

864 299 934 333 apud
949 307 1042 327 omnes
1057 304 1098 327 est
1115 299 1196 330 fama.
1221 301 1277 327 sive
1301 302 1373 335 quod
1390 308 1485 328 omnes
1503 302 1572 328 idem
1596 302 1648 329 hoc

864 343 1006 376 allirmant,
1024 344 1154 371 barbaros
1168 345 1213 379 qui
1229 351 1337 373 nostras
1349 346 1472 380 regiones
1488 347 1648 374 incursioni-

863 389 915 416 bus
939 394 1090 421 vastaruut,
1116 397 1286 425 nequaquam
1314 391 1393 418 idolis
1416 392 1596 426 sacriﬁcasse,
1619 398 1647 420 ut

865 435 976 469 proinde
998 443 1086 470 neque
1107 436 1204 468 captivi
1221 436 1370 472 idoluthyta
1390 438 1565 466 comederint.
1582 438 1647 465 Pro-

863 478 916 506 fert
941 486 1005 506 vero
1027 487 1088 506 cum
1106 488 1138 506 ex
1156 480 1294 516 Apostolo,
1310 486 1364 508 tum
1390 489 1422 508 ex
1448 482 1592 518 Evangelio
1606 484 1649 509 de-

863 529 987 559 prompta
1009 526 1127 553 oracula.
1147 527 1184 553 Ex
1201 528 1329 562 Apostnlo
1353 529 1460 562 quidem
1486 529 1560 561 illud,
1577 529 1646 556 Esca

863 572 955 603 ventri,
969 577 993 598 et
1016 577 1102 599 venter
1125 574 1202 605 escis;
1215 578 1242 600 et
1256 581 1316 608 quae
1338 579 1496 608 sequuntur.
1514 574 1565 608 Qui
1580 583 1646 603 sane

863 617 940 644 locus
959 618 991 644 de
1007 618 1123 653 ingluvie
1137 626 1169 646 ac
1189 619 1351 646 helluatione
1363 624 1404 646 cst
1415 621 1597 655 accipiendus.
1608 622 1646 648 Ac

864 670 933 690 esca:
950 664 1058 697 quidem
1083 665 1202 696 nomine,
1219 673 1445 700 supervacaneam
1462 667 1515 693 cibi
1531 667 1647 700 copiam,

865 709 1013 744 luxumque
1042 710 1166 744 intelligit
1181 720 1187 737 :
1205 719 1252 745 per
1272 717 1392 739 ventrem
1408 718 1497 739 autem
1514 713 1645 740 voracita-

865 759 930 786 tcm,
945 763 998 782 non
1014 756 1102 790 ipsum
1118 757 1308 783 ventriculum.
1324 757 1425 785 Iudicat
1441 759 1522 793 igitur
1537 759 1579 786 his
1591 767 1648 786 ver-

866 800 908 828 bis
929 800 1083 835 Apostolus,
1103 802 1214 829 nimiam
1242 803 1295 830 cibi
1319 805 1424 837 copiam
1448 809 1475 831 et
1502 805 1593 831 luxum
1615 805 1648 832 ad

38 850 117 885 cpépat,
141 851 186 876 καὶ
210 851 243 886 τῇ
267 853 355 887 τρυφῇ
379 851 409 877 τὸ
432 852 481 887 τῆς
496 851 714 887 γαστριμαργίας
732 851 816 883 πάθος

913 846 1059 874 litationem
1072 848 1227 882 perducere,
1237 856 1290 875 non
1302 850 1335 876 ad
1348 849 1430 885 Deum
1446 850 1532 883 ferre;
1547 851 1651 877 luxum-

38 895 174 929 οζικείωται,
189 896 236 922 καὶ
259 895 371 932 Θάτερον
387 897 493 932 θατέρῳ
508 897 642 924 δουλεύεισ
665 899 679 924 ὁ
703 897 730 924 δὲ
749 897 815 929 Θεὸς

38 942 157 975 ἄπρακτα
173 941 222 967 καὶ
234 942 305 976 ἀργὰ
321 943 427 978 ποιήσει
443 943 536 974 ταῦτα,
551 944 620 970 ὥστε
635 943 672 979 μὴ
683 943 712 976 ἐξ
727 944 815 970 αὐτῶν

40 987 108 1017 τινὰς
124 986 397 1021 βλάπτεσθαι.Ἐοικε
413 989 442 1015 δὲ
457 990 471 1015 ὁ
486 989 562 1023 ἅγιος
576 986 652 1021 οὗτος
665 989 815 1025 χρήσασθαι

38 1033 86 1063 τοῖς
108 1033 293 1065 ἀποπολικοίς
319 1035 436 1069 ῥήμασιν
452 1035 565 1061 ἐνταῦθα
576 1055 583 1066 ,
599 1035 713 1066 δεικνὺς,
728 1036 767 1062 ὅτι
783 1035 816 1062 τὰ

40 1078 100 1104 κατὰ
113 1079 218 1114 τρυφὴν
234 1079 280 1106 καὶ
301 1080 455 1115 ἀδηφαγίαν
469 1081 598 1114 γινόμενα
616 1081 814 1116 διαϐέϐληνται,

41 1123 80 1148 καὶ
97 1124 241 1158 ἐπιτιμίων
259 1124 326 1150 εξσὶν
337 1123 409 1156 ἄξια,
424 1124 454 1150 οὑ
465 1124 500 1150 τὰ
513 1124 546 1151 δι’
559 1125 680 1160 ἀνάγκην
696 1126 742 1152 καὶ
757 1125 816 1160 βίαν

41 1169 205 1204 σωματικήν·
233 1168 302 1196 ὥστε
329 1169 380 1196 κᾶν
404 1170 504 1204 ἔφαγον
527 1171 550 1196 οἱ
574 1171 738 1205 αἰχμάλωτοι
757 1179 816 1197 τινα

41 1214 162 1249 βρώματα
171 1215 228 1241 τῶν
241 1216 482 1250 ἀπηγορευμένων,
495 1216 581 1243 δοῦλοι
597 1217 682 1249 ὅντες,
703 1217 737 1244 δι’
750 1218 815 1244 ἁπο-

42 1261 94 1294 ρίαν
108 1260 202 1296 ἐτέρας
219 1261 331 1296 τροφῆς,
347 1261 396 1296 τῆς
419 1261 523 1295 φύσεως
545 1263 680 1297 τραφῆναι
695 1262 817 1298 βιαζομέ-

40 1315 90 1341 νης,
106 1307 135 1333 οὐ
160 1307 230 1342 βαρῦ
253 1307 341 1338 τοῦτο,
358 1308 395 1339 ὡς
413 1308 459 1334 καὶ
481 1308 631 1343 ἁμάρτημα
647 1308 814 1345 λογισθῆναι.

46 1352 86 1378 Ἐκ
97 1352 124 1378 δὲ
136 1352 182 1379 τοῦ
201 1353 366 1387 Εὑαγγελίου
378 1354 511 1389 ἐχρήσατο
523 1355 578 1385 τοῖς
591 1354 636 1380 τοῦ
650 1355 751 1391 Κυρίου
769 1356 817 1391 ρή-

42 1406 100 1432 μασι
113 1400 166 1430 τοῖς
181 1399 317 1433 λέγουσιν,
333 1400 384 1430 ὅτι,
404 1401 444 1427 Οὐ
457 1400 489 1427 τὸ
501 1402 749 1435 εἰσπορευόμενον
761 1411 818 1429 κοι-

41 1444 82 1470 νοῖ
93 1445 142 1472 τὸν
153 1445 309 1479 ἄνθρωπον
319 1455 325 1461 ”
340 1447 386 1472 κλὶ
399 1447 483 1473 ταῦτα
495 1447 522 1472 δὲ
536 1447 603 1482 πρὸς
610 1448 659 1483 τὴν
669 1448 816 1484 εἰρημένην

41 1490 160 1517 τείνουσιν
182 1491 296 1518 ἔννοιαν.
321 1492 387 1518 Elea.
413 1492 460 1519 καὶ
485 1493 550 1529 περὶ
573 1493 708 1527 γυναικῶν
735 1503 816 1530 φησιν

41 1536 209 1571 αἰχμαλώτων
222 1536 265 1568 αἷς
280 1539 304 1564 οἱ
325 1537 456 1574 βάρϐαροι
476 1539 690 1574 συνεφθάρησαν.
707 1540 761 1566 Καὶ
774 1540 814 1566 δί-

42 1581 97 1608 δωσι
112 1583 233 1618 γνώμην,
248 1585 299 1615 ὅτι,
313 1585 337 1610 εξ
352 1584 399 1619 μὲν
415 1585 429 1610 ὁ
447 1583 541 1620 πρώην
555 1584 643 1611 αὐτῶν
664 1585 719 1619 βίος
734 1594 815 1611 κατε-

43 1627 182 1662 γδωσμένος
198 1625 244 1662 ἧν,
259 1627 394 1660 ὑπόπτους
408 1628 492 1660 αὑτὰς
509 1630 580 1654 ποιεῖ
594 1630 610 1663 ἡ
623 1630 737 1664 πορνικὴ
749 1630 814 1661 ἕξις,

44 1673 82 1698 καὶ
101 1674 128 1699 ὲν
149 1673 186 1708 τῷ
207 1673 296 1709 καιρῷ
319 1674 368 1708 τῆς
383 1673 587 1709 αἰχμαλωσίας·
612 1676 658 1701 καὶ
680 1675 724 1701 διὰ
739 1675 817 1702 τοῦτο

43 1719 180 1755 προχείρως
202 1720 299 1750 αὑταῖς
315 1720 345 1745 οὑ
365 1719 540 1755 συνεύχεσθαι
553 1720 602 1750 δεῖ,
616 1720 683 1747 ἀλλὰ
700 1720 768 1756 μετὰ
786 1721 816 1748 τὺ

43 1764 168 1792 δουλεῦσαι
191 1765 293 1800 δηλαδὴ
310 1766 547 1801 ὲπιτιμίοις.”Εξις
564 1766 586 1793 δ’
601 1767 683 1799 ἐστὶν,
700 1768 716 1802 ἡ
731 1767 817 1802 χρονι-

45 1818 103 1837 σασα
117 1812 258 1847 συνήθεια,
279 1812 325 1838 καὶ
339 1811 378 1846 τῷ
392 1812 479 1847 χρόνῳ
495 1812 674 1846 παγιωθεῖσα,
696 1813 755 1848 ἥτις
770 1813 817 1839 καὶ

43 1856 111 1889 φύσει
125 1858 295 1893 προσέοικεν,
310 1857 378 1884 ὥστε
397 1859 423 1884 αἱ
438 1858 491 1893 μὴν
503 1858 623 1885 τοιαῦται
635 1859 683 1893 οὐχ
695 1859 816 1894 ἥμαρτον

44 1901 189 1934 βιασθεῖσαι.
208 1903 240 1928 Et
254 1903 283 1928 δὲ
297 1904 310 1929 ό
325 1903 455 1938 πρότερος
471 1903 560 1930 αὐτῶν
575 1903 631 1938 βίος
645 1903 759 1940 σώφρων
771 1904 817 1930 καὶ

43 1947 225 1983 ἀνεπίληπτος,
237 1948 411 1976 δουλωθεῖσαι
433 1950 461 1976 δὲ
483 1949 529 1976 καὶ
549 1949 592 1976 διὰ
615 1950 662 1985 τῆς
679 1950 817 1985 αἰχμαλω-

44 1993 105 2025 σίας,
124 1994 156 2020 ἐκ
172 1994 234 2029 βίας
250 1994 399 2029 ὑπέμειναν
421 1995 469 2031 τὴν
492 1994 545 2021 τῶν
569 1994 713 2030 βαρόάρων
728 1995 815 2031 ὕϐριν,

43 2038 190 2074 ἀνέγκλητοι
208 2040 271 2066 εἰσι.
296 2041 351 2066 Καὶ
376 2040 578 2076 παραδείγματι
594 2040 725 2076 κέχρηται
740 2043 772 2076 τῇ
788 2043 816 2068 ὲν

43 2083 75 2117 τῷ
88 2086 284 2121 Δευτερονομιῳ
298 2086 460 2122 θεσμοθεσία
470 2088 503 2122 τῇ
518 2087 581 2122 περὶ
597 2087 645 2122 τῆς
662 2086 817 2122 βιασθείσης

46 2130 178 2164 παρθένου,
193 2131 228 2166 ἢν
240 2132 270 2157 ἐν
282 2132 383 2167 ἐρημίᾳ
395 2133 410 2157 ὁ
421 2130 584 2166 βιασάμενος
598 2130 716 2166 ἔφθειρε,
728 2131 818 2165 λεγού-

46 2186 74 2214 σῃ
84 2188 90 2193 ⁸
105 2181 159 2207 Οὐκ
174 2180 252 2206 ἔσται
267 2181 300 2216 τῇ
317 2181 415 2208 νεάνιδι
432 2181 583 2216 ἁμάρτημα
598 2181 722 2207 Θανάτου.

867 900 920 927 que
936 893 1094 928 plerumque
1109 895 1203 921 vitium
1222 895 1393 923 helluationis
1412 898 1597 932 consequitur,
1612 898 1651 924 al-

868 944 1010 974 terumque
1027 940 1103 967 alteri
1118 940 1252 973 deservit;
1269 941 1340 969 Deus
1358 947 1447 969 autem
1464 944 1539 970 irrita
1554 944 1610 971 haec
1625 950 1652 972 ct

868 991 945 1012 cassa
960 986 1062 1018 reddet,
1081 991 1110 1012 ut
1123 986 1192 1013 nihil
1207 994 1239 1014 ex
1258 987 1324 1022 ipsis
1337 987 1428 1015 damni
1444 989 1571 1023 cuiquam
1585 998 1651 1017 con-

869 1030 1081 1064 tingat.Videtur
1093 1039 1175 1066 porro
1191 1033 1235 1060 hic
1248 1034 1422 1063 sanctushoc
1436 1035 1496 1062 loco
1510 1043 1576 1063 usus
1589 1044 1651 1071 apo-

869 1078 972 1105 stolicis
989 1078 1089 1109 verbis,
1105 1082 1136 1104 ut
1156 1079 1355 1107 demonstraret
1369 1088 1429 1115 qua:
1445 1081 1481 1108 ob
1499 1082 1591 1108 luxum
1619 1090 1651 1110 ac

868 1123 1027 1150 edacitatem
1044 1123 1122 1156 ﬁunt,
1137 1124 1263 1152 damnata
1279 1133 1339 1152 esse
1362 1133 1393 1153 ac
1417 1128 1504 1161 pmnis
1521 1127 1649 1160 obnoxia,

870 1175 923 1195 non
939 1169 1000 1195 item
1018 1177 1049 1196 ea
1064 1178 1124 1205 qua:
1136 1170 1161 1196 vi
1178 1178 1210 1196 ac
1224 1170 1385 1198 necessitate
1401 1173 1523 1206 corporis
1538 1179 1651 1207 cogente

869 1213 1060 1241 admittuntur.
1074 1214 1191 1242 Proinde
1212 1215 1318 1242 etiamsi
1341 1216 1418 1243 cibos
1431 1217 1536 1251 aliquos
1552 1218 1656 1244 vetitos

869 1258 967 1292 captivi
993 1259 1169 1289 comederint.
1185 1267 1247 1286 cum
1271 1261 1341 1288 servi
1365 1265 1465 1292 essent,
1482 1261 1517 1288 ob
1539 1263 1649 1290 alterius

869 1305 989 1332 alimenti
1006 1305 1134 1339 inopiam,
1151 1306 1241 1333 cibum
1265 1307 1419 1333 necessario
1432 1308 1556 1337 exigente
1573 1314 1653 1334 natu-

869 1357 916 1382 ra;
930 1357 983 1376 non
1000 1354 1041 1377 est
1055 1350 1107 1377 hoc
1118 1358 1238 1385 eousque
1254 1359 1344 1385 grave,
1363 1355 1392 1378 ut
1410 1356 1436 1378 et
1452 1353 1575 1380 criminis
1592 1353 1652 1380 loco

869 1396 994 1423 ducatur.
1013 1397 1052 1423 Ex
1066 1396 1212 1432 Evangelia
1225 1402 1316 1424 autem
1337 1405 1404 1424 usus
1419 1402 1460 1424 est
1478 1398 1530 1424 illis
1544 1397 1651 1426 Domini

871 1443 983 1469 verbis:
1005 1442 1066 1469 Non
1087 1443 1156 1478 quod
1170 1444 1251 1470 intrat
1272 1452 1319 1478 per
1341 1452 1380 1476 os,
1395 1444 1546 1478 coinquinat
1568 1444 1650 1470 homi-

870 1495 948 1520 nem;
971 1493 997 1515 et
1010 1489 1042 1515 ad
1056 1489 1179 1516 eamdem
1202 1490 1260 1516 hme
1280 1497 1388 1524 quoque
1403 1491 1564 1518 sententiam
1587 1492 1653 1519 reie-

829 1535 849 1562 C
867 1539 972 1561 runtur.
994 1534 1062 1562 Ilinc
1077 1535 1110 1562 de
1134 1535 1292 1563 mulieribus
1309 1544 1416 1571 quoque
1428 1538 1541 1571 captivis
1562 1546 1622 1572 qua:
1636 1546 1652 1565 a

869 1580 994 1608 barbaris
1009 1586 1142 1616 corrupta:
1158 1586 1230 1614 sunt,
1245 1582 1370 1615 disserit;
1386 1588 1466 1618 atque
1481 1584 1516 1610 ita
1531 1592 1653 1619 pronun-

869 1626 917 1653 tiat
935 1636 942 1653 :
959 1627 982 1654 si
997 1627 1106 1661 quidem
1120 1628 1227 1655 illarum
1245 1633 1365 1656 anteacta
1381 1630 1434 1657 vita
1454 1630 1580 1659 damnata
1596 1633 1653 1660 fue-

869 1677 921 1705 rat,
940 1679 987 1699 eas
1001 1673 1082 1700 etiam
1100 1674 1264 1707 captivitatis
1281 1679 1400 1710 tempore
1423 1675 1583 1704 fornicarius
1608 1678 1654 1705 ha-

870 1718 943 1746 bitus
958 1723 1100 1754 suspectas
1116 1719 1190 1750 facit.
1209 1721 1375 1756 proindcque
1397 1722 1467 1749 haud
1492 1722 1570 1750 facile
1588 1724 1653 1758 ipsis

870 1765 896 1792 in
911 1766 1065 1799 precatione
1081 1767 1284 1794 communicare
1306 1773 1422 1802 oportet,
1436 1769 1487 1795 nisi
1511 1770 1600 1796 debita
1615 1771 1654 1797 vi—

869 1811 965 1838 delicet
989 1812 1152 1846 poenitentia:
1177 1818 1296 1847 tempora
1314 1814 1490 1848 expleverint.
1507 1814 1554 1843 Est
1575 1824 1654 1851 porro

869 1857 988 1889 habitus,
1005 1858 1132 1885 diuturna
1148 1866 1180 1885 ac
1195 1863 1315 1893 tempore
1329 1860 1487 1887 conﬁrmata
1508 1867 1654 1888 consuetu-

869 1904 914 1936 do,
930 1911 990 1938 quze
1006 1909 1111 1932 natura:
1133 1905 1229 1932 similis
1247 1910 1299 1938 est,
1319 1910 1347 1932 ut
1364 1911 1504 1941 propterea
1520 1908 1654 1942 ejusmodi

869 1950 998 1977 mulieres
1013 1957 1186 1985 nequaquam
1199 1951 1225 1977 vi
1242 1956 1350 1979 coactas
1363 1960 1490 1986 peccasse
1503 1954 1654 1988 putandum

869 1996 914 2024 sit.
931 1996 1008 2029 Quod
1024 1997 1045 2023 si
1061 1997 1177 2031 priorem
1192 1998 1276 2024 vitam
1293 2003 1367 2025 caste
1389 2006 1421 2026 ac
1436 1999 1502 2026 citra
1526 2000 1655 2027 oﬂ'eusio-

869 2049 931 2069 nem
952 2046 1075 2077 egerunt,
1090 2046 1146 2068 tum
1163 2043 1285 2070 abductae
1303 2043 1328 2070 in
1344 2044 1500 2071 servitutem
1518 2045 1553 2071 ob
1569 2047 1654 2079 capti-

869 2087 990 2120 vitatem,
1007 2095 1039 2115 ex
1052 2089 1179 2116 violentia
1194 2089 1372 2116 barbarorum
1390 2091 1581 2117 contumeliam
1596 2099 1654 2125 pas-

871 2141 908 2161 sae
919 2138 991 2164 sunt,
1011 2134 1146 2162 immunes
1162 2141 1225 2162 sunt
1240 2143 1255 2162 a
1272 2136 1350 2169 culpa
1365 2144 1372 2162 :
1386 2135 1592 2170 exemplumque
1606 2137 1653 2163 ad-

871 2179 955 2213 hibet,
969 2181 1041 2215 quod
1060 2181 1086 2207 in
1102 2180 1303 2208 Deuteronomii
1318 2182 1558 2208 constitutionibus
1571 2181 1655 2208 refer-

46 2229 91 2257 tur,
105 2227 137 2254 de
152 2228 258 2262 virgine
287 2228 342 2255 vim
370 2236 460 2263 passa,
486 2237 566 2264 quam
594 2229 620 2255 in
646 2229 791 2256 solitudine
809 2228 945 2264 quispiam
972 2229 1085 2256 violavit
1110 2238 1116 2256 :
1141 2229 1200 2256 Non
1231 2230 1293 2261 erit,
1323 2229 1420 2263 inquit,
1449 2229 1656 2270 aiio-lescentula’.

47 2281 173 2307 peccatum
186 2276 294 2303 mortis.

337 2322 456 2348 ΚΔΝΩΝ
478 2323 515 2348 B’.

77 2376 84 2391 ι
102 2369 177 2404 Δεινὴ
189 2370 207 2404 ἡ
224 2368 364 2399 πλεονεξία
377 2388 383 2399 ,
399 2369 447 2395 καὶ
469 2369 519 2394 οὐχ
543 2369 599 2394 ἔστι
620 2368 654 2395 δι’
677 2369 820 2404 ἐπιστολῆς
836 2369 857 2395 D

50 2422 56 2435 ι
76 2415 133 2447 μιᾶς
147 2414 317 2450 παραθέσθαι
335 2414 369 2441 τὰ
384 2415 442 2440 θεῖα
455 2415 620 2450 γράμματα,
638 2416 665 2442 ὲν
686 2414 726 2447 οἷς
740 2416 769 2442 οὐ
788 2416 817 2442 τὺ

50 2467 57 2481 ε
73 2458 202 2494 λῃστευειν
217 2460 295 2495 μόνον
309 2461 419 2495 φρικτὸν
431 2460 476 2486 καὶ
490 2461 620 2495 φρικῶδες
639 2461 818 2496 καταγγέλλε-

51 2513 57 2526 ι
74 2513 112 2532 ται
125 2527 131 2537 ,
151 2507 218 2533 ἀλλὰ
238 2506 351 2533 καθόλου
370 2507 399 2533 τὸ
420 2506 589 2532 πλεονεκτεῖν
606 2507 651 2533 καὶ
672 2507 817 2543 ἀλλοτρίων

51 2552 231 2586 (ὲσάπτεσθαι
253 2554 300 2580 ἐπὶ
320 2553 540 2588 αἰσχροκερδείᾳ·
562 2553 609 2579 καὶ
632 2554 685 2585 πᾶς
701 2553 819 2585 τοιοῦτος

51 2606 58 2620 ι
74 2598 232 2634 ὲκκήρυχτος
249 2599 411 2634 Ἐκκλησίας
435 2598 511 2625 Θεοῦ.
526 2599 562 2624 Τὸ
577 2598 604 2624 δὲ
621 2599 649 2625 ὲν
665 2599 751 2634 καιρῷ
770 2599 819 2634 τῆς

52 2651 58 2665 t
75 2644 250 2680 καταδρομῆς,
263 2645 291 2671 ὲν
310 2645 427 2680 τοσαύτῃ
437 2645 542 2680 οἰμωγῇ
553 2645 599 2670 καὶ
612 2644 745 2676 τοσούτοις
753 2644 820 2680 θρή-

52 2697 59 2712 ι
75 2697 124 2721 νοις
132 2690 263 2726 τολμῆσαί
279 2699 354 2722 τινας
365 2691 410 2717 τὸν
423 2691 517 2726 καιρὸν
539 2690 582 2717 τὸν
606 2691 689 2717 πᾶσιν
711 2690 820 2726 ὀλεθρον

52 2742 59 2757 ε
75 2735 181 2770 φέροντα
191 2737 300 2772 νομίσαι
314 2738 419 2768 ἑαυτοῖς
432 2737 526 2773 καιρὸν
543 2735 610 2763 εἶναι
624 2736 734 2771 κέρδους
743 2757 750 2768 ,
773 2737 819 2763 ἁν-

52 2789 59 2804 I
76 2780 184 2816 θρώπων
195 2784 266 2810 ἐστὶν
275 2784 380 2811 ἀσεϐῶν
393 2784 439 2810 καὶ
452 2783 605 2817 θεοστυγῶν
614 2804 620 2815 ,
633 2784 690 2810 οὐδὲ
705 2783 819 2819 ὑπερῦο-

53 2834 61 2850 ⁴
75 2825 119 2858 λὴν
140 2830 250 2861 ἀτοπίας
273 2830 397 2864 ἐχόντων.
415 2829 495 2856 Ὅθεν
506 2830 577 2862 ἔδοξε
601 2831 662 2862 τοὺς
684 2829 818 2861 τοιούτους

1145 2322 1260 2350 CANON
1279 2322 1310 2349 ll.

912 2377 922 2394 ‹
945 2367 1040 2395 Gravis
1056 2373 1097 2395 est
1120 2369 1232 2395 avaritia
1245 2389 1253 2401 ,
1277 2376 1328 2396 nec
1343 2372 1458 2403 possunt
1474 2376 1526 2395 una
1541 2369 1654 2404 epistola

873 2423 882 2439 ι
906 2415 1019 2449 proponi
1036 2414 1191 2449 Scripturzc,
1211 2415 1237 2441 in
1253 2415 1352 2450 quibus
1368 2423 1420 2442 non
1438 2416 1524 2442 solum
1541 2417 1655 2450 praedari

873 2470 882 2485 ‹
907 2460 1062 2495 fugiendum
1079 2461 1298 2496 horrendumque
1312 2461 1475 2495 praedicatur
1486 2482 1493 2494 ,
1510 2461 1557 2488 sed
1578 2462 1654 2496 plura

873 2516 882 2532 ι
905 2507 985 2533 etiam
1007 2506 1211 2540 concupiscere,
1236 2512 1263 2534 et
1284 2507 1372 2534 aliena
1388 2512 1496 2542 proph-r
1520 2514 1596 2542 turpe
1616 2508 1656 2534 lii-

873 2562 882 2578 (
906 2561 983 2580 crum
996 2553 1144 2586 attingere:
1163 2557 1189 2579 et
1201 2553 1354 2587 qtticunqnc
1368 2560 1409 2580 est
1419 2554 1563 2587 ejusmodi,
1582 2554 1604 2581 is
1615 2559 1656 2581 est

875 2608 884 2624 ι
908 2607 922 2625 a
942 2598 987 2625 Dei
1008 2598 1127 2625 Ecclesia
1143 2598 1294 2626 abdicatus.
1314 2599 1343 2625 lu
1359 2604 1480 2634 tempore
1502 2604 1590 2626 autem
1615 2599 1658 2625 in-

875 2654 884 2670 ι
908 2644 1058 2677 cursionis,
1076 2643 1102 2670 in
1117 2648 1190 2671 tanto
1208 2644 1281 2671 luctu
1298 2645 1432 2678 tantisque
1443 2645 1560 2676 ﬂetibus,
1575 2653 1657 2671 ausos

875 2700 884 2716 ι
907 2698 966 2717 esse
986 2690 1092 2724 aliquos
1109 2693 1213 2724 tempus
1228 2690 1299 2723 quod
1320 2689 1446 2716 omnibus
1462 2690 1576 2716 exitium
1592 2690 1657 2717 atie-

869 2746 884 2762 ι
905 2736 998 2768 rebat,
1013 2736 1170 2762 existimare
1181 2743 1241 2762 esse
1258 2735 1308 2762 sibi
1324 2735 1390 2762 lucri
1406 2739 1512 2770 tempus
1525 2755 1532 2768 ,
1555 2741 1596 2762 est
1611 2736 1660 2761 hu-

875 2792 884 2808 ι
908 2782 1010 2808 minum
1033 2782 1178 2816 impiorum
1195 2786 1221 2808 et
1239 2780 1292 2808 Deo
1316 2781 1480 2811 invisorum,
1497 2785 1521 2807 et
1540 2788 1657 2814 quorum

877 2838 885 2854 ι
907 2828 1072 2863 improbitati
1086 2828 1152 2855 nihil
1164 2832 1252 2863 potest
1265 2827 1354 2862 adjici.
1370 2826 1444 2855 Unde
1458 2835 1553 2855 omnes
1569 2826 1657 2854 istius-
