1857 3047
208 87 219 115 Ι
225 89 276 116 (2'27

773 91 803 118 S.
824 89 990 119 GREGORH
1009 91 1265 121 THAUMATURGI

1780 94 1838 120 4623

207 155 216 171 ι
241 145 312 173 modi
331 146 456 174 abdicare
469 146 556 174 visum
570 151 621 178 est,
636 154 669 174 ne
685 147 754 174 forte
766 147 792 174 in
807 153 893 175 totum
906 155 989 182 popu-

1077 149 1235 185 ἑκκηρὺεαι,
1254 150 1357 185 μήποτε
1374 151 1415 184 ἐφ’
1428 150 1488 177 ὄλον
1503 149 1568 186 ἔλθῃ
1583 150 1630 177 τὸν
1645 149 1714 178 λαδν
1735 153 1752 187 ὴ
1776 153 1837 188 ὀργὴ

208 201 216 216 ι
241 192 295 218 lum
310 192 350 218 ira
367 191 466 223 veniat,
481 196 507 218 et
522 192 548 218 in
563 199 611 219 eos
627 193 744 226 primum
758 192 804 226 qui
820 197 949 226 pws-unt,
968 196 994 218 et

206 247 216 263 Ι
241 245 293 264 non
310 238 460 272 inquirunt.
477 237 578 264 Vereor
593 239 676 271 enim,
694 242 723 264 ut
740 238 777 265 ait
792 238 944 272 Scriptura,
961 246 994 265 ne

206 292 215 308 ‹
239 283 338 317 impius
362 283 467 317 justum
489 291 542 310 una
561 291 654 312 secum
677 284 772 318 perdat
791 285 813 310 ⁹.
839 284 993 310 Fornicatio

205 338 214 354 ι
238 329 320 359 enim,
339 329 442 363 inquit,
464 335 487 356 et
505 329 635 362 avaritia,
659 337 705 364 per
719 337 778 364 qua:
796 330 865 356 venit
887 330 929 356 ira
947 329 994 356 Dei

205 385 213 399 ι
239 376 266 401 in
287 375 358 409 ﬁlias
376 373 557 402 inobedientiae
571 381 578 401 :
592 382 624 400 ne
644 375 703 401 sim
719 383 780 409 ergo
803 384 892 402 eorum
907 377 992 410 parti-

205 429 214 445 ι
235 420 314 454 cipes.
328 419 428 445 Fuisti;
443 421 512 446 enim
525 420 669 454 aliquando
680 420 809 447 tenebrae:
827 429 894 447 nunc
905 425 993 447 autem

204 475 214 491 ι
238 465 284 492 (ua:
309 466 337 492 in
361 465 483 492 Domino.
506 465 539 492 Ut
556 465 607 499 ﬁlii
630 465 696 492 lucis
722 466 854 493 ambulate
879 467 992 502 (fructus

205 521 214 537 ι
237 511 306 538 enim
331 511 396 537 lucis
412 515 450 537 est
466 511 494 537 in
510 512 580 538 omni
593 511 870 546 bonitate,etjnslitia,
886 519 911 540 et
926 513 993 539 veri-

203 567 213 584 (
237 558 319 591 tale).
345 558 482 591 probantes
505 557 574 591 quod
601 558 635 584 sit
663 557 716 584 Deo
740 563 893 592 acceptum:
916 563 941 586 et
962 567 992 586 nc

204 611 213 627 ι
236 603 426 628 communicata
440 601 605 636 iufrugiferis
619 602 739 636 operibus
753 603 928 637 tenebrarum,
946 604 991 631 sed

204 657 213 673 ι
236 648 323 680 potius
340 648 420 674 etiam
441 647 599 682 redarguite.
618 647 684 680 Quae
701 648 770 675 enim
791 651 823 675 ab
843 650 908 684 ipsis
923 650 990 684 ﬁunt

205 704 214 721 ι
236 695 402 729 clanculum,
427 701 501 730 turpe
521 701 559 722 est
581 696 622 723 vel
633 696 728 724 dicere.
757 697 853 725 Omnia
871 705 959 726 autem
974 709 990 726 α

205 752 213 767 ι
236 743 292 769 luce
308 743 425 769 convicta
438 743 646 778 manifestantur
659 744 691 771 ¹⁰.
715 743 777 772 11ωο
794 746 902 780 quidem
921 746 990 781 Apo-

203 799 213 815 1
237 789 335 816 stolus.
363 788 391 816 Si
415 793 504 816 autem
522 789 568 824 qui
587 794 697 824 propter
715 792 831 825 priorem
847 793 923 827 plura
942 794 990 820 ha-

203 845 212 861 c
236 835 316 862 bendi
343 835 538 869 cupiditatem,
566 844 627 870 quae
655 837 682 863 in
700 845 765 872 pace
789 837 857 870 fuit,
880 847 988 874 pmnam

203 891 213 906 ι
236 881 319 914 dant,
345 881 371 907 in
399 881 457 915 ipso
473 881 520 908 irae
537 886 658 916 tempore
674 891 772 911 rursus
795 884 827 911 ad
849 885 990 912 avaritiam

204 937 213 953 ι
236 932 448 959 convertuntur,
462 927 664 956 lucrifacientes
679 937 712 956 ex
728 930 859 965 sanguine
879 935 907 957 et
926 938 989 965 pcr-

203 983 212 999 ¢
236 974 306 1001 nicie
325 981 480 1001 eversorum
503 973 659 1006 hominum,
677 975 863 1009 captivorum,
881 975 991 1004 interfe-

203 1029 213 1045 ‹
236 1024 362 1052 etorum;
386 1019 450 1054 quid
472 1019 544 1046 aliud
566 1021 779 1054 exspectandum
799 1024 850 1053 est,
863 1028 944 1056 quam
961 1026 991 1048 ut

204 1075 213 1091 ε
236 1064 350 1092 avaritia
362 1065 532 1092 decertantes
548 1065 617 1095 iram
637 1066 687 1093 sibi
702 1070 729 1093 et
740 1066 870 1095 universo
890 1067 989 1102 populo

204 1120 214 1136 ‹
238 1111 429 1139 accumuleut?
443 1119 453 1137 ι

235 1201 316 1230 ΒΑιε.
336 1202 364 1230 in
381 1207 501 1238 tempore
522 1204 696 1237 incursionis,
719 1203 829 1239 quidam
847 1211 880 1232 ex
895 1203 989 1231 ortho-

201 1249 281 1276 doxis
296 1250 486 1284 corripuerunt
498 1257 542 1277 res
554 1258 615 1284 quae
629 1251 797 1285 captivorum
811 1249 989 1284 deprasdatio-

200 1302 262 1322 nem
282 1294 444 1330 effugerunt.
471 1294 509 1323 De
525 1295 568 1322 his
584 1303 648 1330 ergo
673 1296 855 1330 interrogatus
877 1299 989 1322 sam-tus

199 1339 276 1371 dicit,
290 1341 361 1375 quod
375 1340 499 1376 quisquis
516 1346 556 1368 est
573 1349 682 1374 avarus,
700 1346 742 1368 est
757 1341 791 1367 ab
804 1339 924 1368 Ecclesia
941 1340 989 1367 ab-

199 1385 317 1418 dicatus,
341 1386 366 1413 id
385 1390 437 1418 est,
455 1387 557 1422 ejectus
578 1391 605 1415 et
629 1387 743 1415 alienus.
771 1387 902 1414 Dicuntur
915 1387 987 1414 enim

199 1429 316 1457 abdicati
334 1430 380 1458 ﬁlii
396 1432 504 1466 quando
521 1436 631 1467 propter
646 1432 736 1467 aliqua
757 1432 870 1459 crimina
887 1431 921 1459 ab
935 1431 989 1458 lue-

199 1476 314 1503 reditate
329 1482 440 1512 paterna
454 1478 617 1506 alienantur.
639 1477 667 1505 In
685 1485 805 1513 tempore
820 1477 987 1506 autem'talis
1001 1492 1022 1521 ο

199 1521 363 1549 calamitatis
389 1522 489 1550 audere
511 1523 628 1558 aliquem
651 1523 756 1551 facinus
779 1524 934 1559 ejusmodi,
961 1528 988 1552 et

198 1567 355 1595 existimare
377 1568 492 1595 aliorum
509 1569 691 1597 calamitatem
706 1577 767 1598 esse
789 1570 830 1597 sni
851 1570 919 1598 lucri
942 1577 988 1598 oc-

199 1614 349 1646 casionem,
361 1619 403 1642 est
416 1615 562 1649 impiorum
575 1615 716 1642 hominum
731 1621 757 1643 et
769 1615 822 1643 Deo
837 1617 987 1644 invisorum

199 1665 226 1687 et
240 1660 287 1694 qui
304 1667 412 1687 omnem
426 1661 626 1695 improbitatem
641 1666 781 1702 superant.
808 1661 883 1690 Unde
899 1663 987 1690 visum

198 1710 242 1732 est
254 1713 301 1733 eos
318 1705 454 1739 abdicare,
471 1714 520 1741 pro
542 1714 574 1734 co
598 1708 671 1741 quod
686 1711 737 1740 est,
755 1713 847 1742 aperte
867 1708 987 1736 Ecclesia

199 1750 345 1784 expellere,
370 1755 397 1778 et
421 1758 437 1778 a
463 1751 581 1779 ﬁdelium
597 1752 770 1779 multitudine
790 1761 933 1787 separare:
955 1761 989 1782 ne

199 1801 310 1831 propter
325 1795 398 1830 ipsos
413 1797 459 1824 Dei
475 1797 515 1824 ira
533 1797 560 1823 in
578 1804 674 1824 omnes
690 1799 788 1830 veniat,
806 1803 833 1826 et
848 1804 909 1827 ante
921 1801 988 1828 alios

199 1843 226 1870 in
244 1850 291 1870 eos
306 1843 352 1876 qui
371 1847 509 1877 praesunt,
526 1842 573 1877 qui
588 1842 721 1877 ejusmodi
738 1844 861 1872 homines
879 1853 933 1872 non
947 1846 989 1873 in-

199 1887 312 1923 quirunt
327 1892 354 1915 et
365 1888 532 1915 examinant.
548 1888 648 1916 Deinde
662 1889 802 1925 subiungit
814 1891 894 1918 etiam
911 1893 988 1919 testi-

198 1933 292 1960 monia
311 1932 469 1968 Scripturaz,
487 1938 513 1961 et
533 1934 605 1961 circa
623 1935 702 1962 linem
717 1935 814 1963 infert:
834 1936 863 1964 Si
878 1937 924 1972 qui
940 1946 989 1965 au-

1048 203 1057 219 ι
1077 195 1123 221 καὶ
1139 196 1180 222 ἐπ’
1191 196 1290 227 αὐτοὺς
1301 196 1408 231 πρῶτον
1423 197 1485 227 τοὺς
1506 196 1685 232 προεστῶτας
1695 217 1703 229 ,
1722 198 1788 229 τοὺς
1807 200 1837 233 μὴ

1048 249 1056 265 ι
1078 241 1282 277 ἐπιζητοῦντας.
1305 242 1441 278 Φοϐοῦμαι
1458 243 1529 279 γὰρ⁷
1552 243 1591 274 ὡς
1604 245 1620 278 ἡ
1638 243 1740 279 Γραςὴ
1760 243 1836 278 λέγει,

1047 295 1056 312 ι
1077 287 1115 322 μὴ
1128 288 1297 324 συναπολέσῃ
1317 289 1417 324 ἀσεϐὴς
1428 288 1473 315 τὸν
1488 287 1602 316 δὶκαιον.
1620 290 1757 322 Πορνεία
1780 291 1836 324 γὰρ,

1047 341 1056 356 ι
1077 333 1158 368 φησι,
1180 334 1229 360 καὶ
1249 334 1419 366 πλεονεξία,
1433 334 1469 360 δι’
1482 334 1501 360 ἁ
1513 335 1631 368 ἔρχεται
1655 335 1675 368 ἡ
1699 335 1777 369 ὀργὴ
1791 336 1836 362 τοῦ

1047 387 1056 403 ι
1078 378 1151 404 Θεοῦ
1165 379 1214 406 ἐπὶ
1227 379 1297 412 τοὺς
1310 379 1393 413 υἱοὺς
1411 380 1466 414 τῆς
1481 380 1644 413 ἀπειθείας.
1658 379 1710 413 Μὴ
1723 379 1782 407 οὖν
1799 382 1836 414 τί·

1046 433 1055 450 ι
1076 426 1165 452 νεσθε
1179 425 1360 460 συμμέτοχοι
1370 425 1478 452 αὐτῶν.
1487 424 1555 453 Ἦτε
1566 426 1622 460 γάρ
1631 434 1710 452 ποτε
1717 428 1834 460 cura;

1047 479 1056 496 ‹
1075 470 1134 498 νῦν
1151 470 1185 497 δὲ
1197 471 1259 505 φῶς
1270 471 1305 498 ἐν
1312 472 1418 504 Κυρίῳ.
1438 472 1484 504 Ὧς
1496 471 1587 498 τέκνα
1597 471 1697 506 φωτὸς
1720 479 1836 505 περιπα-

1046 525 1055 542 ‹
1077 516 1151 543 τεῖτε
1165 517 1174 546 (
1182 518 1198 543 ό
1210 517 1265 551 γὰρ
1280 517 1393 551 καρπὸς
1403 517 1455 544 τοῦ
1470 518 1569 552 φωτὸς
1579 518 1616 544 ἐν
1631 517 1722 552 πάσῃ
1735 518 1834 552 ἁγαθο-

1045 571 1054 587 ι
1075 563 1155 596 σύνῃ
1167 562 1216 589 καὶ
1226 563 1364 598 ἀληθείᾳ)
1377 583 1384 595 ,
1403 563 1612 598 δοκιμάζοντες
1626 564 1656 591 τί
1673 564 1837 598 εὐάρεστον

1045 616 1054 632 ι
1074 607 1113 640 τῷ
1134 608 1249 642 Κυρίῳ,
1269 608 1318 635 καὶ
1340 609 1383 643 μὴ
1402 610 1632 644 συγκοινωνεῖτε
1654 610 1721 643 τοῖς
1742 611 1835 645 ἔργοις

1044 663 1053 678 ι
1074 653 1137 687 τοῖς
1158 653 1304 688 ἀκάρποις
1332 655 1386 681 τοῦ
1407 656 1554 689 σκότους,
1581 655 1710 690 μᾶλλον
1734 656 1769 683 δὲ
1791 658 1835 683 καὶ

1044 708 1053 725 ι
1071 699 1222 734 ἐλέγχετε·
1246 700 1281 727 τὰ
1296 700 1351 735 γὰρ
1377 700 1477 735 κρυερῇ
1500 702 1650 736 γινόμενα
1669 703 1723 729 ὑπ’
1743 702 1839 729 αὐτῶν·

1044 753 1053 770 ι
1073 746 1201 780 αἰσχρόν
1216 746 1282 773 ἐστι
1298 747 1347 773 καὶ
1360 747 1470 782 λέγειν.
1495 748 1533 774 Τὰ
1544 747 1579 774 δὲ
1597 748 1699 775 πάντα
1714 749 1836 783 ἐλεγχό·

1045 799 1053 816 ι
1068 799 1146 825 pera
1161 791 1221 818 ὑπὸ
1233 791 1287 819 τοῦ
1299 792 1396 826 φωτὸς
1411 792 1604 827 φανεροῦται.
1626 794 1751 821 Τοιαῦτα
1765 795 1812 829 μὲν
1825 796 1837 820 ὁ

1044 845 1053 861 ι
1083 836 1256 869 ’Ᾱπόστολος.
1279 837 1341 864 Ἐὰν
1358 837 1395 870 δὲ,
1408 837 1451 864 διὰ
1463 838 1511 873 τὴν
1529 839 1668 875 προτέραν
1680 840 1836 873 πλεονεξίαν

1043 889 1053 906 t
1070 881 1119 916 τὴν
1132 883 1159 907 ὲν
1169 883 1200 917 τῇ
1211 883 1306 919 εἰρήνῃ
1314 883 1462 918 γενομένην
1472 883 1549 919 δίκην
1559 885 1712 917 τιννὺντες,
1726 886 1756 911 ὲν
1767 886 1835 920 αἰτιᾷ

1043 935 1053 951 ‹
1072 926 1111 962 τῷ
1124 927 1211 962 καιρῷ
1235 927 1285 962 τῆς
1306 928 1390 963 ὀργῆς
1413 927 1493 954 πάλιν
1518 928 1586 964 πρὸς
1608 929 1658 964 τὴν
1677 929 1835 962 πλεονεξίαν

1043 979 1052 996 ‹
1070 971 1227 1008 ἑκτραπῶσί
1240 981 1320 1005 τινες,
1336 973 1521 1008 κερδαίνοντες
1536 973 1566 1005 ἐξ
1578 973 1698 1009 αἵματος
1722 975 1770 1001 καὶ
1785 975 1836 1000 δέ-

1043 1026 1052 1043 ι
1071 1016 1135 1052 θρου
1149 1017 1299 1052 ἀνθρώπων
1318 1019 1475 1046 ἀναστάτων
1489 1019 1646 1054 γενομένων
1659 1019 1675 1055 ἢ
1691 1020 1833 1055 αἰχμαλὺ-

1042 1072 1052 1089 ‹
1069 1072 1131 1096 των,
1145 1065 1360 1099 πεφονευμένων,
1379 1066 1405 1091 τι
1417 1065 1509 1101 ἕτερον
1526 1066 1686 1102 προσδοκᾷν
1706 1068 1788 1102 χρὴῆ
1803 1067 1836 1097 (1.;

1042 1118 1052 1134 ε
1071 1110 1325 1149 ἐπαγωνιςομένους
1337 1112 1369 1146 τῇ
1384 1110 1536 1146 πλεονεξίᾳ,
1547 1112 1739 1147 ὲπισωρεῦσαι
1750 1113 1835 1148 ὀργὴν

1042 1164 1051 1181 ι
1069 1155 1115 1182 καὶ
1128 1157 1232 1187 ἑαυτοῖς
1244 1156 1291 1182 καὶ
1307 1157 1388 1183 παντὶ
1402 1156 1441 1192 τῷ
1459 1157 1532 1192 kaq);
1549 1165 1558 1182 ι

1074 1202 1171 1229 ΒΛΛΣ.
1186 1202 1228 1228 Ἑν
1241 1201 1280 1237 τῷ
1291 1202 1378 1237 καιρῷ
1389 1203 1440 1237 τῆς
1452 1203 1505 1229 τῶν
1515 1202 1662 1238 βαρϐάρων
1673 1203 1834 1238 ἐπιδρομῆς,

1040 1247 1166 1282 ἥρπασάν
1181 1256 1252 1280 τινες
1267 1248 1322 1275 τῶν
1334 1248 1479 1284 ὀρθοδόξων
1491 1248 1525 1275 τὰ
1542 1248 1590 1284 τὴν
1611 1248 1764 1284 λεηλασίαν
1782 1249 1834 1276 δια-

1039 1293 1159 1328 φυγόντα
1188 1293 1242 1320 τῶν
1280 1294 1549 1330 αἰχμαλωτισθέντων
1571 1295 1739 1330 πράγματα.
1773 1295 1836 1329 Περὶ

1038 1339 1140 1366 τούτων
1156 1337 1202 1366 οὖν
1220 1340 1368 1376 ἐρωτηθεὶς
1379 1341 1393 1367 ὁ
1416 1340 1503 1374 ἅγιος,
1516 1340 1609 1376 φησὶν,
1625 1340 1667 1367 ὅτι
1680 1342 1740 1372 πᾶς
1762 1341 1826 1366 πλεο

1038 1385 1135 1420 νέκτης
1153 1386 1321 1421 ὲκκήρυκτος
1342 1386 1391 1421 τῆς
1418 1385 1582 1421 Ἐκκλησίας
1596 1387 1683 1418 ἐστὶν,
1702 1386 1767 1412 ἀντὶ
1780 1386 1835 1419 τοῦ,

1038 1430 1189 1466 ἀπόὸλητος
1209 1431 1256 1457 καὶ
1277 1431 1426 1467 ἀλλότριος.
1451 1431 1708 1467 Ἀποκηρύσσεσθαι
1724 1433 1782 1469 γὰρ
1796 1433 1835 1458 λέ-

1038 1485 1131 1510 γονται
1143 1478 1168 1503 οἱ
1180 1477 1232 1503 υἱοὶ
1246 1477 1309 1504 ὅταν
1328 1477 1373 1504 διά
1381 1486 1441 1504 τινα
1452 1477 1601 1512 αἰτιάματα
1611 1478 1644 1503 ὲκ
1658 1478 1710 1513 τῆς
1728 1479 1837 1512 γονικίς

1038 1522 1218 1558 κληρονομίας
1232 1521 1433 1558 ἁλλοτριῶνται.
1450 1523 1485 1549 Τὸ
1496 1523 1524 1549 δὲ
1539 1524 1568 1549 ὲν
1585 1523 1679 1558 καιρῷ
1695 1532 1728 1549 συ
1734 1525 1836 1559 {tt-api;

1037 1569 1163 1604 τοιαύτης
1174 1569 1304 1604 τολμῆσαί
1320 1578 1381 1595 τινα.
1391 1568 1510 1595 τοιοῦτον
1523 1578 1551 1595 τι
1567 1569 1655 1596 κακὸν
1666 1589 1674 1601 ,
1689 1571 1742 1596 καὶ
1768 1571 1837 1603 λογὶ-

1038 1615 1136 1642 σασθαι
1148 1615 1266 1651 κέρδους
1279 1615 1405 1651 ἀφορμὴν
1418 1615 1467 1650 τὴν
1478 1615 1531 1641 τῶν
1543 1615 1668 1650 ἀδελφῶν
1681 1623 1715 1642 συ
1720 1616 1835 1651 μςορὲν,

1038 1661 1118 1696 ἔργον
1131 1661 1204 1688 ἐστὶν
1223 1661 1373 1697 ἀνθρώπων
1389 1660 1493 1687 ἀσεϐῶν
1508 1661 1554 1687 καὶ
1568 1661 1623 1687 ὑπὸ
1637 1661 1686 1687 τοῦ
1707 1662 1778 1688 θεοῦ
1796 1672 1835 1696 μι-

1039 1705 1187 1741 σουμένων,
1200 1706 1246 1732 καὶ
1257 1706 1347 1741 πάσης
1368 1706 1482 1737 ἀτοπίας
1500 1706 1641 1732 ἐπέκεινα.
1657 1706 1741 1733 Ὀθεν
1765 1707 1835 1739 ἔδοξε

1037 1752 1100 1783 τοὺς
1110 1751 1246 1783 τοιούτους
1261 1751 1411 1787 ὲκκηρὺξαι
1425 1751 1485 1778 ἀντὶ
1496 1751 1554 1784 τοῦ,
1574 1752 1704 1787 φανερῶς
1712 1752 1837 1785 ἐκδιῶξιι

1037 1796 1087 1831 τῆς
1107 1796 1286 1832 Ἐκκλησίας,
1306 1797 1352 1823 καὶ
1369 1796 1484 1832 χωρίσαι
1508 1796 1556 1823 τοῦ
1576 1797 1768 1833 πληρώματος
1786 1799 1835 1824 τίυιι

1039 1842 1154 1870 πιστῶν·
1173 1841 1216 1868 ῐνα
1231 1843 1268 1877 μὴ
1278 1842 1310 1868 δι’
1324 1842 1423 1874 αὐτοὺς
1440 1843 1455 1878 ἡ
1473 1841 1541 1878 ὀργὴ
1554 1842 1601 1868 τοῦ
1616 1842 1686 1868 Θεοῦ
1713 1842 1781 1878 ἔλθῃ
1793 1844 1835 1869 ἐπὶ

1039 1889 1152 1920 πάντας,
1169 1888 1215 1914 καὶ
1228 1888 1279 1924 πρὸ
1291 1888 1345 1914 τῶν
1359 1887 1446 1915 ἄλλων
1461 1888 1507 1914 ἐπὶ
1517 1889 1579 1920 τοὺς
1591 1889 1786 1922 προεστῶτας,
1799 1890 1832 1924 μὴ

1039 1933 1234 1970 ἐπιζητοῦντας
1248 1933 1294 1960 καὶ
1310 1933 1486 1966 ἐξετάζοντας
1506 1933 1569 1965 τοὺς
1591 1934 1746 1965 τοιούτους.
1773 1933 1834 1960 Εἶτα

200 1984 253 2006 tem
277 1983 386 2013 propter
411 1986 488 2006 suam
508 1980 671 2013 avaritiam,
697 1987 758 2015 quae
787 1981 837 2009 fuit
870 1987 989 2017 tempore

1076 1981 1136 2015 ἁγει
1154 1981 1201 2008 καὶ
1216 1981 1356 2016 Γραφικὰς
1373 1980 1524 2016 μαρτυρίας
1535 2000 1542 2012 ,
1557 1981 1606 2007 καὶ
1624 1981 1690 2016 περὶ
1709 1981 1743 2007 τὸ
1762 1981 1834 2012 τέλος

199 2023 295 2058 pacis,
321 2024 428 2059 puniti,
453 2025 480 2052 in
507 2025 684 2053 barbarorum
711 2026 809 2054 iterum
834 2027 990 2056 incursione

199 2070 292 2097 eadem
310 2070 498 2104 peccaverint,
518 2071 554 2103 ii,
574 2071 671 2106 inquit,
688 2080 742 2099 non
757 2073 843 2100 solum
860 2073 907 2101 Dei
921 2074 988 2102 iram

197 2115 226 2143 in
247 2123 276 2143 se
294 2115 453 2149 attrahunt,
471 2116 518 2144 sed
529 2117 610 2144 etiam
627 2118 757 2146 adversus
772 2127 880 2147 omnem
904 2128 990 2157 popu-

1007 2004 1022 2040 /
1238 2004 1354 2058 τινες
1360 2004 1404 2052 bid
1412 2004 1574 2058 ἵπλεονεξίαν
1590 2004 1749 2061 γενομένην
1773 2004 1833 2062 τεσρῖ

1039 2073 1129 2101 αὐτῶν
1148 2072 1220 2100 κατὰ
1231 2073 1276 2099 τὸν
1288 2073 1337 2108 τῆς
1349 2073 1459 2108 εἰρήνης
1472 2067 1568 2107 καιρὸν
1578 2072 1773 2105 κολασθέντες,
1791 2074 1834 2098 πά-

1039 2119 1080 2146 λιν
1090 2120 1137 2146 καὶ
1151 2121 1191 2151 εἰς
1206 2119 1254 2155 τὴν
1267 2118 1319 2145 τῶν
1336 2118 1481 2154 βαρὸάρων
1495 2118 1589 2153 ἔφοδον
1603 2119 1637 2144 τὰ
1658 2118 1732 2145 αὐτὰ
1746 2119 1832 2154 ἡμαρ-

199 2161 266 2189 lum.
284 2161 346 2188 llaec
359 2169 421 2188 cum
436 2162 473 2189 ita
488 2169 517 2189 se
532 2162 659 2196 habeant,
671 2169 735 2191 nota
748 2172 781 2191 ex
794 2164 846 2192 hac
861 2160 986 2199 praesenti

1074 2174 1094 2198 ν,
1109 2165 1134 2192 οἱ
1147 2165 1276 2198 τοιοῦτοι,
1293 2165 1375 2200 φησὶν
1387 2184 1394 2196 ,
1416 2165 1446 2191 οὐ
1469 2164 1549 2200 μόνον
1569 2164 1630 2191 καθ’
1658 2165 1767 2191 ἑαυτῶν
1788 2166 1832 2199 τὴν

197 2207 323 2242 epistola,
344 2208 416 2242 quod
435 2208 570 2243 episcopis
585 2209 751 2244 permittitur
765 2218 909 2239 avarorum
924 2212 969 2246 plu
979 2227 986 2233 -

199 2261 283 2287 raque
300 2253 414 2279 habendi
435 2253 595 2288 cupidorum
620 2256 770 2288 potentiam
788 2256 875 2290 poenis
897 2256 987 2291 impo-

199 2299 258 2325 sitis
275 2306 418 2325 coercere:
441 2303 467 2326 ct
484 2306 531 2326 eos
545 2299 669 2334 quidem.
686 2301 749 2334 qui,
772 2309 833 2336 qum
848 2310 880 2329 ex
901 2303 987 2337 capti-

198 2345 281 2371 vitate
295 2343 387 2371 relicta
402 2349 466 2371 sunt
482 2344 605 2372 ﬁdelibus
615 2366 623 2379 ,
639 2347 764 2381 rapiunt,
778 2348 884 2383 magnis
899 2348 986 2375 eccle-

198 2390 316 2418 siaslicis
329 2390 610 2419 animadversionibus
625 2393 772 2428 castigare;
792 2394 839 2428 qui
852 2402 905 2421 non
922 2399 988 2422 sunt

199 2441 290 2463 autem
332 2435 466 2470 ejusmodi
498 2444 629 2472 rapaces.
675 2439 848 2467 mediocriter
877 2440 984 2475 punire.

197 2481 381 2514 Quamobrem
403 2488 437 2508 ex
463 2481 506 2508 his
529 2481 563 2509 de
593 2482 748 2517 hujusmodi
779 2485 871 2512 causis
902 2485 986 2513 laicos

199 2534 308 2562 queque
327 2527 446 2562 episcopi
465 2527 515 2554 rite
530 2528 660 2562 judicent.
685 2529 827 2562 Quomodo
849 2531 921 2558 enim
939 2539 987 2558 eos

198 2573 329 2608 punienl,
353 2573 375 2600 si
396 2581 450 2600 non
466 2574 541 2608 prius
564 2574 662 2602 veritas
679 2576 854 2610 apparuerit?
873 2576 987 2612 Propter

199 2619 340 2646 avaritiam
348 2623 437 2646 autem
453 2627 469 2645 a
482 2619 599 2647 ﬁdelium
611 2621 803 2649 communione
811 2622 929 2657 aliquem
938 2623 986 2650 ab-

199 2666 293 2698 dicari.
309 2674 435 2701 magnum
452 2672 503 2699 est,
520 2671 547 2694 et
560 2675 601 2694 vze
617 2668 722 2694 avaris!
740 2667 793 2695 Lex
809 2676 873 2696 vero
888 2668 985 2700 civilis.

197 2718 260 2738 eum
282 2711 329 2747 qui
355 2712 424 2747 rapit
446 2720 480 2740 ex
501 2712 627 2740 incendio
649 2713 690 2740 vel
715 2721 748 2740 cx
770 2713 849 2741 ruina
870 2715 985 2749 aedium,

258 2792 326 2821 Gen.
343 2800 419 2825 xvni,
432 2793 477 2827 35,
492 2793 537 2821 25.
578 2793 599 2809 ‘°
614 2793 714 2829 prcs.
731 2802 756 2828 ν,
772 2794 848 2823 8-15.

1039 2211 1124 2248 ὀργὴν
1136 2210 1181 2238 τοῦ
1201 2211 1268 2238 Θεοῦ
1291 2211 1450 2246 ἐφέλκουσιν
1462 2231 1469 2243 ,
1489 2211 1557 2238 ἀλλὰ
1576 2212 1624 2238 καὶ
1641 2211 1718 2238 κατὰ
1737 2211 1832 2242 sterni;

1040 2256 1086 2283 τοῦ
1100 2255 1175 2283 λαοῦ.
1198 2255 1306 2282 Τούτων
1327 2255 1413 2288 οὕτως
1436 2255 1552 2291 ἐχόντων
1589 2257 1763 2291 σημεεωσαι,
1794 2258 1829 2282 ὅτι

1039 2303 1086 2329 καὶ
1097 2302 1150 2329 ἀπὸ
1169 2302 1218 2337 τῆς
1233 2302 1374 2338 παρούσης
1393 2302 1538 2337 ἐπιστολῆς
1565 2303 1674 2337 ἐφεῖται
1696 2305 1755 2334 τοῖς
1775 2304 1831 2329 ἑπι-

1039 2348 1149 2379 σκόποις
1160 2348 1208 2380 τὰς
1223 2348 1276 2374 τῶν
1289 2347 1456 2374 πλεονεκτῶν
1474 2347 1634 2380 δυναστείας
1659 2348 1831 2374 ἀναστέλλειν

1036 2393 1079 2420 διὰ
1090 2393 1234 2428 ἐπιτιμίων
1245 2403 1251 2409 ·
1269 2394 1390 2425 καὶτοὺς
1405 2393 1453 2429 μὲν
1470 2394 1644 2429 ἁρπάζοντας
1667 2394 1703 2420 τὰ
1719 2395 1773 2421 ἀπὺ
1787 2395 1831 2428 τῆς

1036 2440 1222 2475 αἰχμαλωσίας
1230 2440 1438 2476 περιλειφθέντα
1454 2440 1606 2476 πράγματα
1617 2441 1673 2467 τῶν
1684 2442 1829 2477 «29906631...»-

1038 2484 1083 2511 διὰ
1101 2485 1223 2520 μεγάλων
1236 2486 1469 2521 ἑκκλησιαστικῶν
1488 2486 1667 2521 σωφρονίζειν
1684 2487 1827 2514 κολςὶσεωι⁴

1038 2531 1100 2562 τοὺς
1112 2530 1140 2556 δὲ
1155 2531 1191 2566 μὴ
1202 2531 1338 2563 τοιούτους
1349 2531 1475 2567 ἅρπαγας
1484 2533 1678 2568 μετριωτέρως
1693 2534 1827 2568 ἐπιτιμᾷν·

1039 2575 1108 2602 ὥστε
1128 2576 1182 2602 ἀπὺ
1206 2576 1334 2603 τοιούτων
1363 2577 1427 2612 περὶ
1455 2577 1582 2604 τοιούτων
1609 2578 1766 2605 ὑποθέσεων
1787 2579 1830 2604 καὶ

1039 2622 1149 2654 λαῖκοὺς
1159 2622 1315 2657 ἐνδυνάμως
1329 2622 1372 2648 ¹ιῖνα
1390 2622 1537 2649 δικάσωσιν
1552 2623 1577 2649 οἰ
1592 2624 1754 2651 ἐπίσκοποι.
1771 2624 1829 2654 Πῶς

1039 2669 1094 2705 γὰρ
1108 2670 1300 2704 ἐπιτιμήσουσι
1322 2668 1433 2701 τούτους
1454 2669 1503 2704 τῆς
1519 2669 1651 2704 ἀληθείας
1670 2671 1708 2707 μὴ
1733 2672 1829 2704 ἀνατα-

1039 2715 1131 2751 νείσης
1142 2715 1273 2751 πρότερον
1286 2723 1293 2748 ;
1309 2715 1346 2742 Τὸ
1359 2715 1387 2741 δὲ
1403 2715 1447 2742 διὰ
1465 2715 1624 2748 πλεονεξίαν
1643 2716 1830 2753 ἀποκηρύσσει-
