1857 3047
61 86 120 114 1029

60 143 113 171 σθαί
122 150 176 168 τινα
189 141 219 167 ἐκ
237 141 286 175 τῆς
301 139 443 171 κοινωνίας
457 140 510 166 τῶν
534 138 637 166 πιστῶν
661 139 731 174 μέγα
751 139 820 170 ἐστὶ,
836 142 859 170 Α

58 189 97 216 καὶ
108 188 163 215 οὐαὶ
175 188 226 218 τοῖς
239 186 452 213 πλεονεκτοῦσιν.
475 185 503 212 '0
519 185 610 221 μέντοι
629 185 766 217 πολιτικὸς
781 185 822 211 νό-

59 236 150 271 μβςτδν
161 233 312 269 ἁρπάζοντα
326 233 380 260 ἀπὸ
397 232 560 269 ἐμπρησμοῦ
580 232 597 267 ἢ
615 236 823 267 καταπεσούσης

57 279 133 311 οἰκίας
144 279 205 306 εἵσω
221 279 269 314 μὲν
282 278 403 305 ἐνιαυτοῦ
421 279 460 310 είς
477 278 507 304 τὺ
523 276 691 313 τετραπλοῦν
710 277 822 303 καταδι-

57 326 136 357 κάζει*
153 324 216 359 μετὰ
226 324 253 350 δὲ
265 324 309 351 τὸν
325 323 446 350 ἐνιαυτὸν
459 324 499 355 εἰς
514 323 544 349 τὸ
561 322 673 349 ἁπλοῦν,
691 322 745 348 Καὶ
753 322 820 349 ἀνά-

56 372 127 407 γνωθι
137 371 164 398 τὸ
173 370 276 407 πρῶτον
287 370 382 404 κεφάλ.
396 368 443 396 τοῦ
465 372 489 396 κ’
511 369 600 395 τίτλου
613 368 659 395 τοῦ
674 367 693 400 ξ’
708 367 817 405 βιὸλίου.

55 416 198 452 Παρομοίως
212 416 238 442 δὲ
251 415 408 448 κολάζονται
421 414 492 442 κατὰ
505 414 553 450 τὴν
568 413 740 450 χρηματικήν
761 422 820 440 ποι-

666 81 833 110 EPISTULA
854 81 1039 110 CANONICA.

1589 84 1659 113 1050

874 139 943 166 intra
970 147 1072 166 annum
1089 139 1197 175 quidem
1223 140 1248 168 in
1271 141 1453 177 quadruplum
1476 141 1658 169 condemnat:

873 189 933 220 post
957 193 1057 212 annum
1080 191 1169 214 autem
1193 187 1220 213 in
1240 188 1378 222 simplum.
1404 187 1438 214 Et
1461 187 1519 222 lege
1541 188 1660 222 primum

872 238 933 266 cap.
962 231 1007 260 tit.
1019 232 1055 260 20
1072 232 1119 260 lib.
1138 239 1172 259 ιι
1208 232 1337 260 Similiter
1358 238 1447 260 autem
1465 233 1617 268 puniuntur
1633 231 1660 258 in

873 283 955 312 paena
968 277 1136 312 pecuniaria,
1153 277 1200 312 qui
1219 278 1253 305 ab
1270 283 1423 313 expugnata
1444 278 1525 305 domo
1539 279 1658 313 rapiunt.

874 322 944 350 Dicit
966 323 1038 350 extim
1064 315 1213 351 secundum
1229 325 1318 352 thema
1333 333 1392 359 cap.
1409 325 1426 351 3
1442 324 1564 359 ejusdem
1589 323 1660 351 tituli

873 373 900 395 et
912 368 975 396 libri
990 369 1049 397 hate
1063 377 1206 404 expresse:
1223 370 1251 398 Si
1272 379 1288 398 a
1303 372 1385 399 domo
1398 371 1440 398 vel
1461 371 1522 398 vico
1544 371 1590 405 qui
1611 378 1660 405 op-

872 419 1008 449 pugnatur
1022 422 1126 449 raptum
1140 416 1204 451 quid
1221 416 1310 449 fuerit,
1326 417 1375 452 legi
1391 418 1467 444 lorus
1483 422 1534 444 est.

56 466 98 501 νὴν
108 465 149 491 καὶ
160 465 182 491 oi
197 464 249 491 ἀπὸ
258 464 345 495 οἰκίας
357 462 627 498 καταπολεμηθείσης
642 461 819 496 ἁρπάζοντες.
833 461 902 496 Φησὶ
917 461 971 497 γὰρ
991 461 1021 488 τὸ
1043 462 1168 504 ᾷεύτερον
1185 463 1255 499 θὲμα
1268 463 1314 490 τοῦ
1338 468 1362 498 γ’
1399 464 1495 499 κεφάλ.
1506 462 1553 490 τοῦ
1577 463 1659 490 αὑτοῦ

55 512 131 539 τίτλον
146 512 190 538 καὶ
210 511 309 546 βιϐλίου
325 510 411 537 ταῦτα
428 510 517 546 ῥητῶς
529 517 535 525 ·
552 510 612 536 Κᾶν
631 508 685 535 ἀπὸ
700 507 788 539 οίκίας
806 507 823 543 ἢ
839 507 935 543 κώμης
960 509 1236 545 καταπολεμουμένης
1258 511 1370 546 ἁρπαγῇ
1388 519 1424 542 τι,
1437 509 1512 545 χώρα
1525 509 1564 545 τῷ
1574 509 1659 545 νόμῳ.

84 559 193 587 ΖΩΝΔΡ.
214 560 258 586 Ἐν
268 558 307 594 τῷ
322 558 410 594 καιρῷ
423 558 473 593 τῆς
487 557 541 584 τῶν
563 556 708 593 μαρτύρων
726 555 823 591 λεηλα-

55 607 115 639 σίας,
125 606 192 638 τινὲς
203 605 256 632 τῶν
263 605 447 640 διαφυγόντων
459 603 574 639 ἐπῆλθον
581 604 641 634 ταῖς
655 602 754 633 οἰκίαις
768 600 822 627 τῶν

54 652 315 689 αἰχμαλωτισθέντων,
327 652 374 679 καὶ
388 652 515 687 ἥρπασαν
527 650 561 677 τὰ
574 650 649 686 παρὰ
659 649 712 676 τῶν
726 649 824 685 βαρϐά-

54 707 100 734 ρων
119 698 334 733 καταλειφθέντα.
354 698 423 733 Περὶ
450 697 552 723 τούτων
581 693 626 722 οὖν
650 694 822 730 ἐρωτηθεὶςὴ

55 745 128 779 μέγας
141 741 215 776 οὗτος
236 744 346 779 Πατὴρ,
361 744 458 780 φησὶν,
480 742 519 770 ὅτι
536 743 611 769 πᾶσα
631 740 771 773 πλεονεξία
788 741 820 775 τῇ

52 789 103 825 θείᾳ
116 790 204 826 Γραφῇ
219 789 416 825 ἀπηγόρευται,
431 788 478 815 καὶ
490 788 520 815 οὺ
535 787 645 814 δυνατὸν
660 788 688 813 ὲν
701 787 748 822 μιᾷ
761 787 822 813 ἐπι-

53 834 120 869 στολῇ
136 834 288 870 περιλαόεῖν
306 835 354 860 ὅσα
370 834 432 869 περὶ
449 832 604 866 πλεονεξίας
619 833 635 868 ὴ
648 832 743 867 Γραφὴ
755 831 824 863 διέξ-

51 888 108 906 εισι·
141 880 277 916 συντόμως
290 880 317 906 δέ
335 889 426 915 φησιν,
444 881 484 907 ὅτι
497 880 550 911 πᾶς
567 879 730 913 πλεονέκτης
745 878 823 913 ὲκκή-

52 935 137 962 ρυκτος
159 927 207 962 τῆς
230 927 392 961 Ἐκκλησίας
407 927 481 954 ἐστίν
492 935 499 942 ·
515 926 575 953 ἀντὶ
591 926 649 959 τοῦ,
671 925 824 961 ἀπόϐλητος

50 973 89 998 καὶ
100 973 242 1008 ἀλλότριος.
264 973 515 1009 ’Λποκηρύσσεσθαι
528 973 582 1008 γὰρ
590 972 712 1006 λέγονται
725 972 750 997 οἱ
760 971 822 1003 υἱοὶ,

50 1020 104 1045 ὅταν
119 1019 148 1045 δι’
162 1019 276 1054 αἰτίαμα
292 1019 341 1055 τῆς
356 1021 466 1054 γονικῆς
474 1018 655 1054 κληρονομίας
672 1017 823 1044 ἐκϐάλλων-

49 1074 94 1097 τιι,
106 1066 147 1092 καὶ
160 1065 353 1101 ἁλλοτριῶνται
361 1066 410 1102 τῆς
421 1066 590 1100 συγγενείας.
599 1065 635 1091 Τὸ
643 1065 682 1097 δὲ,
692 1065 721 1091 ἐν
736 1063 824 1099 καιρῷ

49 1113 186 1147 συμφορεῖς,
200 1113 266 1138 ὅταν
281 1111 409 1148 ἐθρήνουν
419 1112 444 1139 οἱ
459 1111 596 1148 ἄνθρωποι
606 1132 613 1144 ,
626 1113 650 1138 οἱ
664 1111 713 1147 μὲν
728 1112 825 1146 αίχμα-

49 1157 217 1189 λωτισθέντες,
231 1157 256 1183 οἱ
274 1157 303 1183 δὲ
315 1157 359 1183 διὰ
374 1157 437 1189 τοὺς
447 1158 564 1189 οἰκείους
575 1157 614 1188 είς
627 1156 748 1183 δουλείαν
764 1156 824 1190 ἀγο-

49 1202 142 1237 μένους,
158 1204 182 1229 οί
195 1203 223 1230 δὲ
234 1202 279 1230 διὰ
288 1203 336 1238 τὴν
353 1203 480 1239 στέρησιν
494 1203 676 1238 πραγμάτων·
692 1201 824 1238 τολμῆσαί

47 1256 113 1279 τινας
125 1248 169 1275 τὸν
185 1248 306 1275 τοιοῦτον
320 1248 416 1284 καιρὸν
430 1248 588 1283 λογίσασθαι
600 1248 711 1284 κέρδους
718 1249 822 1284 καιρὸν,

47 1293 140 1320 ἀσεϐῶν
154 1296 228 1321 ἐστιν
244 1294 394 1330 ἀνθρώπων
413 1295 460 1321 καὶ
477 1294 645 1329 θεοπυγῶν,
664 1294 746 1330 ἤγουν
773 1295 824 1322 ὑπὸ

47 1338 104 1365 Θεοῦ
124 1340 293 1376 μισουμένων
304 1341 349 1367 καὶ
360 1341 450 1376 πάσης
460 1341 575 1373 ἀτοπίας
589 1341 727 1367 ἐπέκεινα.
744 1340 824 1367 Ὅθεν

47 1384 108 1417 ἔδοξε
123 1387 183 1417 τοὺς
201 1386 340 1417 τοιούτους
361 1387 511 1423 ὲκκηρύξαι
523 1407 530 1419 ,
556 1387 616 1414 ἀντὶ
633 1387 690 1420 τοῦ,
702 1386 824 1422 φανερῶς

46 1431 156 1464 ἐκδιῶξαι
168 1433 217 1468 τῆς
240 1433 412 1469 Ἐκκλησίας,
426 1433 472 1460 καὶ
487 1434 601 1469 χωρίσαι
613 1432 660 1460 τοῦ
677 1432 826 1468 πληρώμα-

45 1485 83 1508 τος
95 1477 144 1504 τῶν
155 1478 271 1511 πιστῶν,
284 1479 326 1505 ἵνα
340 1479 376 1515 μὴ
390 1478 424 1505 δι’
437 1480 536 1511 αὐτοὺς
557 1480 574 1514 ὴ
594 1479 662 1515 ὀργὴ
688 1478 736 1505 τοῦ
757 1479 823 1506 Θεοῦ

45 1522 99 1558 ἔλθῃ
111 1524 153 1550 ἐπὶ
168 1524 284 1556 πάντας,
297 1524 343 1551 καὶ
363 1524 416 1559 πρὸ
427 1525 481 1551 τῶν
496 1525 582 1552 ἄλλων
597 1525 642 1551 ἐπὶ
659 1525 723 1557 τοὺς
742 1534 822 1561 προε-
834 1515 856 1544 c

46 1570 146 1602 στὼτας,
162 1571 199 1606 μὴ
216 1570 413 1606 ἐπιζητοῦντας
426 1572 470 1598 καὶ
482 1571 657 1604 ἐξετάζοντας
666 1572 729 1603 τοὺς
738 1572 823 1598 τοιού-

44 1624 104 1648 τους.
119 1617 171 1644 Καὶ
181 1618 327 1653 Γραφικὰς
343 1618 495 1653 μαρτυρίας
506 1619 634 1654 παράγει,
644 1616 702 1644 εἶτα
714 1619 819 1653 ἐπάγει·

44 1663 87 1695 ὅτι,
106 1663 164 1690 Ἐάν
186 1672 276 1695 τινες,
303 1664 348 1690 διὰ
367 1664 524 1696 πλεονεξίαν
544 1665 733 1700 προλαϐοῦσαν
748 1686 754 1697 ,
776 1666 822 1692 καὶ

44 1708 142 1744 πρὸτῆς
157 1709 212 1736 τῶν
226 1709 373 1745 βαρὸἀρων
390 1710 539 1746 ἐπιδρομῆς
553 1712 702 1747 γενομένην
715 1731 722 1742 ,
745 1712 822 1746 δίκην

43 1755 182 1788 τιννύντες,
208 1755 242 1782 οὐ
259 1756 337 1791 μόνον
354 1756 403 1782 οὐκ
418 1756 654 1792 ἐσωφρονίσθησαν
676 1758 770 1793 (τοῦτο
793 1757 822 1784 δὲ

43 1800 122 1837 διττὴν
137 1801 244 1828 ἔννοιαν
272 1802 431 1829 ὑποϐάλλειθ
457 1803 473 1838 ἢ
494 1803 547 1838 γὰρ
563 1802 651 1837 δίκην
669 1804 822 1836 τιννύντες

42 1846 106 1881 λέγει
119 1849 177 1876 ἀντὶ
198 1848 266 1882 τοῦ,
290 1848 491 1884 τιμωρούμενοι
514 1848 588 1884 παρὰ
602 1849 650 1875 τοῦ
670 1849 737 1876 Θεοῦ
749 1870 755 1882 ,
778 1850 822 1877 διὰ

41 1894 138 1927 ἀδικίας
158 1895 351 1931 προλαὸούσας
375 1896 439 1927 τοὺς
461 1895 613 1931 βαρϐάρους
635 1897 674 1928 είς
687 1897 821 1932 τιμωρίαν

40 1942 189 1976 κινήσαντος
199 1949 206 1957 ⁸
223 1942 241 1977 ἢ
253 1942 341 1976 δίκην
355 1942 509 1974 τιννύντες
524 1943 584 1969 ἀντὶ
603 1942 649 1968 τοῦ
660 1962 667 1975 ,
683 1942 716 1969 δι’
733 1943 821 1968 ἐπιτι-

41 1987 163 2022 μημάτων
189 1988 349 2015 ἐπισκόπων
374 1987 550 2023 κολαζόμενοι
569 1988 612 2015 διὰ
633 1988 822 2024 προλαὸούσας

38 2033 184 2067 πλεονεξίας
204 2034 256 2060 οὐκ
283 2033 551 2070 ἐσωφρονίσθησαν)·
576 2034 644 2061 ἀλλὰ
665 2035 711 2061 καὶ
731 2035 760 2062 ὲν
782 2035 821 2071 τῷ

40 2079 119 2115 καιρῷ
134 2080 184 2115 τῆς
198 2082 285 2116 ὀργῆς
298 2080 345 2106 τοῦ
361 2080 438 2112 Θεοῦ,
452 2080 485 2107 δι’
500 2081 533 2116 ἢν
548 2080 662 2117 ὲπῆλοον
676 2081 701 2107 οἰ
718 2081 821 2118 βάρϐα-

40 2133 84 2160 ροι,
99 2127 193 2162 αὐτῆς·
204 2128 245 2158 είς
257 2127 411 2159 πλεονεξίαν
425 2127 580 2162 ἐκτραπῶσι
594 2127 778 2163 κερδαίνοντες
791 2129 821 2162 ἐξ

840 842 860 869 Β

909 555 1009 583 Ζοαλιι,
1037 557 1096 590 Qua
1121 562 1281 592 tempestate
1308 558 1334 585 in
1366 563 1498 594 martyres
1521 557 1661 593 populatio

872 602 1065 636 exercebatur,
1081 603 1205 630 nonnulli
1221 611 1255 630 ex
1277 603 1310 630 iis
1326 603 1373 638 qui
1395 603 1554 638 effugerant,
1572 603 1660 637 capti-

872 641 968 675 vorum
985 649 1108 676 invasere
1126 650 1232 682 domos,
1249 658 1362 685 quaeque
1385 658 1400 677 a
1422 650 1546 678 barbaris
1567 650 1660 677 relicta

873 694 997 728 fuerant,
1014 695 1160 730 diripuere.
1186 695 1224 723 De
1245 695 1288 722 his
1302 697 1393 730 itaque
1415 700 1525 731 rogatus
1542 696 1586 723 hic
1601 703 1661 722 ma-

875 747 944 774 gnus
957 739 1046 773 Pater,
1059 748 1167 768 omnem
1183 741 1324 768 avaritiam
1340 741 1438 768 asserit
1450 741 1548 768 divinis
1564 740 1661 767 litteris

876 786 1063 819 interdictam,
1080 794 1130 814 nec
1150 787 1208 814 fieri
1224 794 1305 821 posse
1339 791 1369 813 ut
1392 794 1559 821 quaecunque
1576 793 1661 813 sactae

875 832 979 866 pagiuze
992 832 1026 859 de
1040 832 1154 859 avaritia
1171 833 1323 865 disserunt,
1341 840 1395 859 una
1409 832 1521 867 epistola
1535 839 1660 866 compre-

874 878 1036 905 hendantur.
1061 877 1181 906 Breviter
1200 883 1290 904 autem
1320 879 1358 904 ait
1380 885 1492 905 avarum
1513 877 1661 912 quemlibet

871 931 933 952 esse
950 924 984 951 ab
998 924 1117 951 Ecclesia
1132 923 1302 957 abdicatum,
1321 924 1373 951 hoc
1385 927 1441 956 est,
1455 923 1572 958 ejectum
1588 927 1615 950 et
1630 931 1661 950 a-

872 969 985 998 lienum.
999 969 1126 997 Abdicari
1145 976 1263 1003 namque
1274 968 1402 995 dicuntur
1418 968 1475 999 filii,
1489 975 1551 995 cum
1564 968 1600 995 ob
1611 967 1662 994 ali-

872 1016 945 1051 quod
955 1016 1058 1043 crimen
1075 1024 1090 1042 a
1100 1019 1211 1050 paterna
1230 1014 1385 1041 haereditate
1398 1014 1555 1048 ejiciuntur,
1572 1012 1662 1040 omni-

872 1069 926 1097 que
942 1062 1111 1097 cognationis
1127 1062 1189 1097 jure
1202 1061 1298 1097 privati
1317 1067 1470 1088 censentur.
1491 1060 1576 1088 Porro
1588 1060 1662 1087 cala-

873 1108 975 1135 mitatis
998 1113 1135 1143 tempore,
1153 1116 1215 1134 cutn
1233 1108 1259 1134 in
1281 1107 1354 1134 luctu
1378 1107 1502 1134 homines
1516 1113 1661 1133 versaren-

873 1161 935 1187 tttr,
951 1154 997 1182 alii
1016 1154 1124 1190 quidem
1141 1154 1240 1188 captivi
1259 1154 1367 1188 ipsitnet
1385 1153 1466 1186 facti,
1482 1153 1526 1180 alii
1541 1160 1606 1180 vero
1625 1152 1661 1180 ob

873 1200 1091 1236 consanguineos
1105 1200 1132 1227 in
1148 1201 1305 1228 servitutem
1323 1199 1471 1233 abductos,
1486 1199 1532 1226 alii
1545 1199 1662 1234 denique

873 1247 909 1274 ob
922 1255 1012 1275 rerum
1033 1255 1143 1275 suarum
1157 1248 1311 1282 jacturam;
1328 1254 1409 1274 ausos
1427 1246 1512 1274 fuisse
1526 1246 1660 1281 quosdam

873 1294 1009 1328 ejusmodi
1024 1298 1140 1329 tempus,
1154 1294 1221 1321 lucri
1233 1293 1284 1321 sibi
1297 1293 1466 1321 occasionem
1485 1293 1594 1326 ducere,
1610 1293 1662 1320 ho-

874 1339 978 1367 minum
993 1344 1034 1367 est
1052 1340 1216 1375 impiorum,
1234 1343 1261 1367 et
1278 1340 1332 1368 Deo
1348 1340 1515 1373 invisorum,
1536 1340 1593 1367 sive
1606 1339 1661 1367 Deo

874 1394 1040 1419 erosorum,
1067 1386 1194 1422 quodque
1219 1394 1327 1414 omnem
1355 1391 1465 1421 superat
1488 1387 1659 1420 pravitatem.

875 1431 980 1460 Placuit
996 1433 1088 1468 itaque
1106 1433 1241 1467 ejusmodi
1258 1433 1383 1460 homines
1396 1434 1538 1464 abdicare,
1558 1434 1583 1460 id
1601 1439 1660 1465 est.

875 1479 964 1514 palam
979 1479 1122 1506 extrudere
1132 1479 1166 1506 ab
1182 1479 1311 1511 Ecclesia_
1329 1483 1411 1514 atque
1425 1487 1440 1506 a
1457 1479 1575 1506 fidelium
1592 1479 1662 1506 mul-

873 1526 986 1553 titudine
998 1534 1149 1562 segregare,
1161 1534 1195 1554 ne
1205 1531 1313 1562 propter
1325 1527 1397 1562 ipsos
1410 1527 1451 1554 ira
1464 1526 1511 1554 Dei
1524 1528 1550 1554 in
1565 1534 1662 1554 omnes

872 1571 1030 1603 descendat,
1046 1572 1234 1606 praecipueque
1253 1572 1279 1599 in
1290 1580 1338 1600 eos
1352 1573 1399 1608 qui
1417 1578 1548 1608 przesuut,
1568 1581 1617 1600 nec
1634 1574 1661 1600 in

872 1617 1006 1651 ejusmodi
1032 1617 1157 1645 homines
1181 1617 1342 1653 inquirunt,
1367 1623 1413 1645 aut
1429 1619 1575 1647 vindicant.
1599 1619 1660 1647 Mox

873 1662 1020 1698 Scriptura:
1044 1663 1196 1690 testimonia
1218 1664 1338 1698 profert,
1354 1664 1499 1700 additque:
1518 1665 1547 1692 Si
1563 1666 1610 1700 qui
1626 1666 1661 1693 ob

871 1709 960 1736 exacti
982 1708 1114 1744 temporis
1131 1709 1284 1743 avaritiam,
1299 1714 1326 1738 et
1344 1719 1424 1746 quant
1440 1715 1504 1738 ante
1527 1711 1662 1739 incursio-

872 1763 933 1783 nem
951 1755 1129 1783 barbarorum
1142 1761 1335 1790 exercuerant,
1355 1765 1451 1792 poenas
1465 1757 1661 1792 persolventes,

872 1808 926 1827 non
942 1801 1022 1828 modo
1037 1808 1091 1828 non
1107 1801 1278 1836 resipuerunt
1291 1802 1354 1836 (hoc
1366 1810 1429 1829 vero
1447 1803 1583 1837 duplicent
1599 1811 1662 1830 sen-

872 1854 932 1873 sum
950 1846 1086 1879 admittit,
1110 1851 1157 1874 aut
1173 1847 1245 1874 euitn
1265 1856 1354 1882 pwnas
1371 1848 1543 1882 ptrsalventes
1562 1849 1662 1876 intelli-

872 1893 911 1929 git
927 1894 962 1920 ob
975 1893 1139 1928 supplicium
1151 1902 1164 1920 a
1182 1893 1237 1921 Deo
1254 1894 1397 1925 inflictum.
1413 1895 1458 1929 qui
1476 1895 1508 1922 ad
1523 1895 1662 1922 vindican-

872 1941 936 1968 dum
950 1941 1100 1975 superioris
1115 1942 1243 1976 temporis
1260 1942 1386 1977 injuriam
1406 1943 1549 1970 immiserit
1562 1943 1661 1970 barba-

871 1996 938 2019 ros.
961 1994 1009 2016 aut
1030 1989 1156 2016 solventes
1176 1997 1265 2024 pinnas
1278 2008 1286 2021 ,
1311 1989 1363 2017 hoc
1378 1994 1438 2021 est,
1459 1990 1661 2024 episropalihns

872 2035 980 2062 mulctis
998 2035 1032 2062 ob
1050 2036 1218 2070 superiorem
1241 2037 1382 2063 avaritiam
1406 2037 1529 2072 castigati
1548 2038 1661 2065 minime

873 2082 1070 2118 resipueruut),
1088 2083 1153 2118 quin
1176 2084 1267 2117 potius
1294 2083 1408 2118 ipsumet
1429 2089 1547 2119 tempore
1563 2085 1660 2112 divinae

870 2129 1029 2161 iracundiae,
1044 2130 1079 2157 ob
1094 2138 1175 2164 quam
1188 2130 1291 2157 irruere
1305 2130 1423 2161 barbari,
1438 2131 1488 2165 ipsi
1504 2138 1533 2158 se
1549 2131 1583 2158 ad
1599 2138 1661 2158 ara-

39 2172 143 2206 αἵματος
158 2173 272 2209 ὀλέθρου
283 2172 432 2208 ἀνθρώπων
449 2173 606 2200 ἀναστάτων
622 2175 784 2209 γενομένων,
802 2176 817 2211 ἢ

910 2175 961 2201 iam
987 2180 1194 2208 converterunt,
1218 2175 1322 2202 lucrum
1342 2175 1393 2202 sibi
1416 2182 1597 2210 comparantes
1627 2184 1660 2203 ex

37 2218 209 2252 αίχμαλώτων
232 2219 440 2253 πεςιονευμένων
450 2228 456 2234 ·
473 2219 504 2245 τὸ
521 2219 549 2245 δὲ
564 2219 598 2251 ἐξ
611 2219 733 2254 auratac
754 2229 822 2255 κερ-

39 2261 186 2297 δαίνοντες
212 2264 372 2300 ἑρμηνεύων
383 2284 390 2296 ,
408 2265 532 2299 ἐπήγαγε
545 2264 579 2291 τὰ
599 2264 661 2300 ἑξῆς
671 2274 677 2280 ·
706 2265 741 2291 Ἣ
755 2266 821 2302 γὰρ,

38 2310 122 2343 φησὶν,
138 2310 293 2347 ἀνθρώπων
301 2312 340 2343 εἰς
352 2310 538 2346 αἰχμαλωσίαν
553 2311 744 2346 ἀπαγομένων,
755 2311 823 2348 ὅπερ

37 2353 136 2390 ὄλεθρός
153 2356 270 2392 ὲστιν,ἢ
289 2356 483 2392 ἀναιρεθέντων
504 2356 653 2392 ἀνθρώπων
672 2357 822 2392 πράγματα

36 2398 228 2435 διαρπάζουσι*
243 2403 270 2429 τί
287 2402 349 2429 ἄλλο
364 2402 417 2438 χρὴ
433 2403 561 2435 ἐλπίζειν,
573 2404 590 2439 ἢ
603 2402 646 2430 διὰ
662 2403 712 2439 τὴν
729 2403 822 2430 πλεον-

37 2444 103 2476 εξίαν
116 2447 304 2484 ὲπισωρεῦσαι
315 2448 399 2484 ὀργὴν
410 2449 516 2480 ἑαυτοῖς
532 2449 580 2475 καὶ
598 2448 679 2475 παντὶ
696 2448 734 2484 τῷ
747 2448 803 2484 λαῷ
812 2469 819 2482 ,

36 2491 110 2526 ἧγουν
123 2493 239 2520 ἑλκύσαι
253 2494 303 2529 τὴν
317 2494 364 2520 τοῦ
377 2494 444 2521 Θεοῦ
459 2494 500 2530 ἐφ’
522 2495 634 2526 ἑαυτοὺς
651 2495 697 2521 καὶ
717 2495 762 2522 ἐπὶ
775 2495 821 2522 τὸν

35 2536 106 2571 λαόνς
123 2540 179 2566 Καὶ
201 2540 234 2572 ἐξ
251 2540 371 2577 ἱστορίας
385 2540 413 2567 δὲ
428 2541 543 2573 παλαιᾶς
562 2541 713 2576 ὑπόδειγμα
729 2550 820 2577 παρα-

33 2584 131 2620 τίθησιν
144 2606 152 2619 ,
166 2587 209 2613 ὅτι
221 2586 280 2618 ἐνὸς
296 2587 502 2623 ἁμαρτήσαντος
516 2586 608 2614 πολλοὶ
624 2587 817 2623 ἐκολάσθησαν.

872 2221 1009 2255 sanguine,
1027 2226 1054 2248 et
1068 2221 1186 2255 pernicie
1201 2221 1341 2247 hominum
1354 2229 1469 2256 quorum
1484 2229 1585 2249 eversae
1601 2221 1659 2248 for-

872 2271 944 2294 tuna:
960 2271 1033 2299 sunt,
1048 2267 1089 2294 vel
1105 2267 1273 2302 captivorum
1292 2266 1338 2301 qui
1364 2271 1427 2294 sunt
1451 2267 1603 2302 interfecti;
1630 2273 1660 2295 ut

873 2318 962 2339 autem
982 2312 1045 2340 illud
1062 2313 1218 2346 explicaret,
1235 2313 1339 2339 lucrum
1353 2313 1404 2339 sibi
1420 2319 1611 2348 comparantes
1625 2322 1659 2342 ex

872 2357 1021 2392 sanguine,
1040 2357 1156 2392 subjecit
1169 2365 1229 2392 quae
1242 2365 1304 2384 mox
1325 2363 1493 2392 sequuntur:
1512 2358 1560 2386 Vel
1575 2361 1660 2393 enim,

872 2402 976 2437 inquit,
1003 2403 1144 2430 hominum
1166 2404 1211 2438 qtti
1232 2404 1258 2430 in
1276 2404 1431 2431 servitutem
1454 2405 1563 2433 abducti
1580 2411 1660 2438 sunt.

872 2448 943 2483 quod
956 2453 998 2476 est
1009 2450 1152 2483 pernicies,
1165 2450 1207 2477 vel
1222 2449 1425 2477 interfectorum
1435 2451 1575 2479 hominum
1589 2452 1660 2481 bona

871 2494 1019 2529 diripiunt:
1039 2494 1103 2528 quid
1121 2494 1194 2522 aliud
1220 2496 1383 2531 sperandum
1406 2500 1457 2528 est.
1475 2497 1527 2525 nisi
1549 2504 1660 2532 propter

871 2539 1023 2572 avaritiam,
1038 2540 1088 2567 sibi
1105 2541 1170 2575 ipsis
1186 2548 1217 2567 ac
1234 2541 1360 2569 universo
1376 2542 1475 2576 populo
1492 2542 1559 2570 iram
1577 2551 1659 2570 accu-

872 2586 990 2618 mulare,
1004 2586 1055 2613 hoc
1065 2590 1116 2618 est,
1130 2586 1181 2613 sibi
1197 2587 1263 2621 ipsis
1277 2593 1304 2615 et
1318 2588 1417 2623 populo
1430 2587 1475 2615 Dei
1490 2589 1659 2617 iracundiam

34 2631 195 2659 conciliare?
217 2632 306 2667 Atque
332 2634 485 2669 exemplum
512 2641 543 2661 ex
567 2633 677 2668 antiqua
709 2634 822 2661 historia
839 2633 958 2665 adducit,
984 2634 1011 2661 in
1027 2641 1082 2669 quo
1100 2633 1135 2661 ob
1150 2633 1233 2660 unius
1244 2639 1384 2669 peccatum
1413 2635 1505 2671 plures
1525 2636 1660 2672 supplicio

34 2676 115 2704 affecti
128 2683 206 2706 sunt.

335 2725 454 2752 ΚΑΝΩΝ
472 2724 508 2751 Γ.

65 2779 75 2794 ι
96 2770 153 2796 Οὐκ
178 2770 238 2796 ἰδοὺ
256 2771 342 2807 Ἀχαρ
367 2771 381 2796 ὁ
397 2771 472 2806 Ζαρᾶ
490 2770 663 2806 πλημμελείᾳ
680 2770 820 2806 ἐπλημμέ-

74 2814 94 2830 ¹¹
108 2814 167 2843 Jus.
190 2823 244 2842 vlt.

1175 2723 1289 2752 CANON
1309 2724 1354 2752 lli.

909 2780 918 2797 ι
936 2770 1034 2799 Annon
1056 2777 1120 2799 ecce
1144 2769 1234 2798 Achar
1260 2769 1328 2798 Zare
1349 2771 1453 2799 filius“
1480 2772 1509 2800 in
1532 2779 1565 2801 eo
1583 2771 1656 2808 quod
