1857 3047
65 106 131 134 1033

691 106 860 135 EPISTOLA
881 97 1067 135 CANONICA.

1609 110 1679 140 ιοδιι

62 165 120 201 γῆς,
128 167 143 192 ὸ
150 165 248 201 κλῆρος
255 166 301 192 ἐπὶ
311 166 357 193 τοῦ
368 167 454 202 ’Λχαρ
466 166 546 193 ἔπεσε
555 174 561 182 ’
574 166 695 198 κάκεῖνος
704 166 829 202 ἀνακρινό

929 164 1078 199 quaestione
1086 163 1176 192 habita
1190 163 1292 192 furtum
1304 165 1447 194 confessus
1458 170 1511 199 est,
1523 174 1609 201 eaque
1620 176 1681 202 qua

61 221 140 248 μενος
164 212 322 248 ὡμολόγησε
354 213 385 239 τὸ
414 213 542 249 κλέμμα,
573 214 620 240 καὶ
645 213 681 240 τὰ
708 213 843 240 κλαπέντα

61 258 242 294 προσήνεγκεν
260 259 307 285 καὶ
322 258 494 294 ὲλιθοὸολήθη
510 259 591 291 αὐτὸς
607 259 653 286 καὶ
666 260 683 294 ἡ
695 259 763 294 γυνὴ
773 279 780 291 ,
796 259 843 286 καὶ

59 304 84 329 οἱ
104 303 194 334 παῖδες
218 303 312 335 αὑτοῦ,
329 304 376 330 καὶ
399 305 416 339 ὴ
438 304 536 340 σκηνὴ,
562 304 608 331 καὶ
634 303 668 330 τὰ
681 303 746 336 ζῶα.
778 303 842 330 Ἰδοὺ

60 346 114 380 οὖν,
129 348 206 383 φησὶ,
227 346 266 380 εἷς
285 349 402 385 ἥμαρτε.
416 350 463 376 καὶ
479 349 618 376 ἀπώλοντο
632 350 661 375 ὲν
675 349 714 385 τῷ
731 349 843 384 πολέμῳ

66 394 227 429 Ἰσραηλῖται
237 395 329 421 πολλοι
340 403 347 410 ⁶
362 395 387 421 οἱ
402 395 498 422 ἐκεῖνοι
512 395 620 427 πάντες.
636 393 701 422 Εἶτα
713 395 760 421 καὶ
771 395 843 427 ἐξαί-

59 448 100 475 ρει
120 441 135 466 ὁ
153 439 238 475 μέγας
249 437 328 472 οὗτος
344 441 438 476 Πατὴρ
453 440 501 476 τὴν
521 441 582 468 τότε
603 440 774 473 πλεονεξίαν·
795 441 842 467 καὶ

56 485 166 522 χείρονα
181 484 249 514 εἶναι
265 487 463 519 κατασκευάζει
484 488 618 522 ἁμαρτίαν
638 487 714 522 παρὰ
729 487 778 522 τὴν
794 485 840 513 τοῦ

58 532 154 568 ’Δχαρ,
174 533 326 568 συγκρίνων
340 533 433 568 ἄμφω.
457 533 512 560 Καὶ
525 533 580 569 γὰρ
595 533 609 559 ὁ
628 533 726 569 ’Δχαρ,
741 533 823 568 φησὶν
833 552 840 564 ,

55 577 86 604 ἐκ
102 578 242 614 προνομῆς
259 578 355 605 ἐλαϐεν
371 578 388 605 ἃ
402 579 535 614 ὑφείλετο,
549 579 596 605 καὶ
610 575 680 606 οὗτοι
697 579 796 614 ὁμοίως
809 579 841 606 ὲκ

55 625 206 660 προνομῆς·
230 624 286 651 ἀλλ’
308 624 412 656 ἐκεῖνος
438 625 487 661 μὲν
503 625 537 652 τὰ
553 625 607 652 τῶν
625 625 762 660 πολεμίων
780 625 841 652 ἔλα-

54 671 108 702 ϐεν,
122 669 193 698 οὗτοι
207 671 235 698 δὲ
250 671 284 698 τὰ
303 672 357 698 τῶν
371 671 491 706 ἀδελφῶν
501 681 507 686 ·
529 672 597 708 ὅπερ
614 672 703 708 μεῖζον
722 673 795 698 ποιεῖ
810 672 840 698 τὸ

54 717 146 743 κακόν.
156 714 224 744 Εἶτα
234 718 371 754 ἐπιφέρει,
385 717 422 750 ὥς
432 726 512 744 τινων
526 718 657 752 λεγόντων
663 718 703 744 ὅτι
717 718 840 753 Εὕρομεν

52 761 136 788 ταῦτα
147 763 301 799 ἐρριμμένα
313 763 404 798 τυχὸν,
416 763 453 799 μή
463 771 535 795 τινος
556 763 778 798 ἀντιποιουμένου
792 763 840 790 αὑ-

51 807 113 845 τῶν,
122 809 170 835 καὶ
182 809 242 835 οὐδὲ
255 809 365 844 ᾔδειμεν
374 809 453 836 τίνων
461 807 541 845 ἦσαν,
559 810 606 836 καὶ
618 809 784 845 ἀντιτιθησιν
792 810 840 837 αὑ-

894 211 1002 240 furatus
1013 210 1103 238 fuerat
1115 211 1239 246 protulit,
1253 212 1364 247 ipseque
1377 220 1439 240 cum
1450 221 1534 240 uxore
1541 213 1680 248 etliberis,

893 257 1008 292 ejusque
1021 257 1237 290 tabernaculum,
1252 262 1279 285 et
1295 259 1418 293 jumenta
1429 258 1564 293 lapidibus
1581 260 1681 289 obruta

893 307 968 330 sunt.
977 302 1145 337 Eccejgitur,
1160 303 1258 338 inquit,
1268 311 1338 330 unus
1346 304 1477 338 peccavit,
1487 305 1681 341 pericruntquo

893 348 920 375 in
934 348 1004 375 bello
1021 349 1149 376 lsraelitaa
1169 349 1258 381 multi,
1280 358 1311 376 ac
1336 350 1374 376 illi
1395 358 1499 378 omnes.
1525 351 1681 385 Amplitleat

892 401 976 429 porro
985 394 1030 421 hic
1040 401 1155 430 magnus
1163 394 1243 422 Pater
1254 394 1328 423 illius
1343 396 1473 430 temporis
1484 396 1638 429 avaritiam,
1647 405 1679 425 ac

892 444 1040 475 utrumque
1054 448 1234 475 comparans,
1256 441 1360 469 crimen
1379 442 1431 470 hoc
1451 442 1572 477 gravius,
1595 450 1678 476 quam

892 485 964 519 quod
976 485 1010 512 ab
1020 485 1109 512 Achar
1123 486 1273 513 admissum
1285 491 1326 513 est
1343 486 1521 514 demonstrat.
1540 486 1579 513 Ex
1587 487 1677 521 praeda

891 531 1038 566 siquidem,
1054 531 1152 565 inquit,
1162 531 1253 559 Achar
1265 539 1297 559 ea
1308 532 1419 559 sustulit
1427 539 1487 567 quae
1496 531 1603 559 furatus
1617 537 1659 559 est
1667 552 1676 562 .

891 583 924 604 ac
941 577 985 604 isti
1002 569 1102 611 pariter
1117 584 1150 603 ex
1165 577 1255 611 praeda
1272 586 1278 603 :
1300 581 1428 604 ueterum
1443 577 1488 604 ille
1501 584 1546 604 res
1557 577 1676 604 hostium

891 623 991 657 rapuit,
1008 622 1035 649 hi
1055 629 1119 649 vero
1133 621 1265 655 fratrum;
1285 622 1357 657 quod
1373 623 1483 658 gravius
1503 623 1605 649 malum
1623 623 1667 650 elll

891 666 937 693 cit.
954 666 1040 693 Infert
1052 666 1160 699 deinde,
1177 666 1278 701 quippe
1291 667 1446 695 dicentibus
1462 667 1630 701 quibusdam
1646 677 1676 697 se

891 711 950 738 haec
971 711 1109 739 invenisse
1134 711 1266 746 proiecta,
1283 719 1346 740 cum
1369 720 1450 740 nemo
1468 713 1537 740 forte
1554 713 1600 741 illa
1621 714 1675 749 sibi

889 761 1034 789 assereret,
1056 765 1145 792 neque
1171 765 1287 792 quorum
1303 763 1394 786 essent
1415 758 1540 792 novisse;
1557 766 1590 786 ac
1610 760 1676 795 ipsis

889 810 950 838 quae
965 803 991 830 in
1008 803 1218 831 Deuteronomio
1235 809 1263 831 et
1282 803 1376 831 Exodo
1399 804 1535 831 habentur
1550 807 1675 841 opponit,

50 844 104 884 τοῖς
109 852 145 879 τὰ
152 852 199 879 τοῦ
208 854 289 879 Δευτε
293 854 416 888 ρονομίου
423 855 469 881 κα)⁸
474 854 507 880 τὰ
513 854 562 890 τῆς
569 854 684 888 Ἐξόδου·
692 855 737 881 καί
746 863 825 890 φησιν

943 849 1028 883 dicit;
1050 851 1090 878 eis
1119 850 1167 885 qui
1189 850 1325 885 ejusmodi
1360 850 1543 885 loquebantur
1569 851 1609 878 sic
1638 853 1677 879 ait

51 899 118 934 πρὸς
129 899 191 931 τοὺς
202 899 269 933 (52⁸)
282 899 450 934 λέγονταςτά
463 901 596 936 εἰρημένα
610 901 691 937 φησὶν
701 902 715 928 6
730 901 836 937 Πατήρν

361 947 481 973 ΚΛΝΩΝ
501 947 517 973 Δ
526 963 535 973 .

87 999 96 1015 1
115 990 221 1025 Μηδεὶς
230 990 390 1023 ἐξαπατάτω
402 992 508 1023 ἑαυτὸν,
525 992 593 1027 μήτε
606 991 643 1023 ὠς
659 991 762 1027 εὑρών·
776 991 836 1018 οὔτε

53 1045 61 1061 ‹
78 1035 132 1072 γὰρ
145 1036 259 1072 εὑρόντα
273 1037 422 1073 κερδαίνειν
439 1038 537 1071 ἔξεστι.
555 1038 623 1073 Φησὶ
637 1038 690 1074 γὰρ
700 1039 730 1065 τὸ
742 1039 838 1065 Δευτε-

52 1089 61 1105 1
77 1081 212 1116 ρονόμιοψ
224 1083 252 1108 Μ
256 1081 283 1115 ἡ,
293 1081 363 1109 ἰδὼν
377 1082 430 1109 τὸν
433 1084 553 1117 μόσχον
568 1082 620 1110 τοῦ
633 1083 765 1117 ἀδελφοῦ
778 1091 836 1110 σου

51 1135 61 1150 1
80 1126 129 1153 καὶ
155 1126 188 1153 τὸ
212 1128 360 1161 πρόϐατον
386 1127 565 1163 πλανώμενα
582 1129 616 1155 ἐν
642 1127 678 1162 τῇ
699 1127 767 1161 ὁδῷ,
783 1135 836 1155 κε-

52 1180 61 1197 1
73 1171 174 1206 ριΐδῃς
185 1172 273 1204 αὐτὰ,
281 1173 460 1208 ἀποστροφῇ
476 1174 678 1208 ἀποστρέψεις
697 1175 773 1201 αὐτὰ
795 1174 837 1207 τῷ

51 1226 60 1243 1
78 1217 201 1253 ἀδελφῷ
227 1225 296 1246 σου.
333 1219 400 1246 Ἐὰν
433 1219 467 1246 δὲ
495 1219 539 1254 μὴ
564 1219 661 1255 ἐγγίζῃ
675 1221 689 1246 ὁ
705 1219 836 1254 ἀδελφός

52 1273 60 1289 1
77 1271 134 1291 σου
163 1264 239 1298 πρὸς
272 1264 319 1297 σὲ,
344 1265 422 1300 μηδὲ
447 1265 609 1293 ἐπίστασαι
640 1265 743 1298 αὐτὸν,
765 1272 836 1292 συν-

51 1318 61 1335 1
78 1309 160 1343 ἄξεις
186 1310 272 1342 αὐτὰ,
287 1311 336 1338 καὶ
365 1312 451 1338 ἔσται
475 1311 549 1346 μετὰ
575 1312 643 1344 σοῦ,
663 1312 720 1345 ἕως
734 1311 773 1338 ἂν
786 1312 836 1338 ἐκ·

52 1363 61 1380 1
76 1353 192 1390 ζητήσῃ
215 1355 291 1383 αὐτὰ
314 1358 330 1383 ό
347 1356 478 1391 ἀδελφός
498 1364 568 1390 σου,
593 1358 642 1384 καὶ
667 1356 835 1390 ἀποδώσεις

51 1410 61 1426 1
79 1401 164 1429 αὐτὰ.
184 1402 239 1428 Καὶ
258 1402 333 1429 οὕτω
354 1402 488 1436 ποιήσεις
499 1403 553 1429 τὸν·
573 1403 646 1430 ὄνον
659 1403 769 1436 αὑτοῦ,
785 1403 834 1430 καὶ

51 1455 61 1473 1
75 1447 150 1474 οὓτω
162 1447 300 1480 ποιήσεις
310 1447 343 1474 τὸ
354 1447 471 1482 [prith
480 1448 582 1480 αὑτοῦ,
595 1449 644 1475 καὶ
658 1449 734 1476 οὕτω
751 1450 836 1484 ποιή-

51 1503 61 1521 1
75 1501 139 1527 σεις
162 1493 239 1529 μετὰ
262 1493 365 1521 πᾶσαν
380 1495 434 1529 (55)
459 1494 611 1522 ἀπώλειαν
624 1496 677 1522 τοῦ
699 1496 834 1530 ἀδελφοῦ

50 1549 60 1566 1
77 1547 144 1573 σου,
161 1540 222 1567 ὅσα
236 1539 275 1567 ἂν
295 1541 446 1574 ἀπόληται
464 1541 531 1575 παρ’
552 1541 656 1573 αὑτοῦ,
679 1541 728 1568 καὶ
750 1541 834 1576 εὑρή-

51 1595 60 1612 1
75 1593 135 1621 σῃς
158 1587 244 1615 αὐτὰ.
272 1587 363 1614 Ταῦτα
385 1587 415 1613 τὸ
437 1588 657 1623 Δευτερονόμιον.
689 1587 732 1614 Ἑν
754 1587 781 1615 δὲ
799 1589 832 1623 τῇ

51 1641 59 1658 1
84 1632 192 1668 Ἐεόδῳ,
210 1632 240 1659 οὺ
258 1633 337 1668 μόνον
360 1633 407 1659 ἐὰν
429 1633 463 1659 τὰ
485 1632 532 1660 τοῦ
554 1632 668 1668 ἀδελφοῦ
690 1642 731 1665 τις
747 1633 832 1668 εὕρῃ,

50 1687 58 1703 1
78 1677 144 1705 ἀλλὰ
158 1678 206 1705 καὶ
223 1677 332 1714 ἐχθροῦ,
355 1679 552 1714 Ἀποστροφῇ,
571 1683 662 1714 φησὶν,
689 1678 833 1713 ἀποστρέ-

50 1732 59 1748 1
78 1725 145 1758 ψεις
162 1723 240 1751 αὐτὰ
257 1725 299 1757 εἷς
314 1724 366 1751 τὸν
383 1725 468 1751 οἷκον
486 1725 539 1752 τοῦ
556 1725 660 1759 κιιρίου
672 1724 780 1761 ᾳῠτῶν.
801 1725 832 1751 Εἰ

49 1779 59 1796 1
74 1771 102 1798 δὲ
118 1771 148 1797 ὲν
163 1771 259 1806 εἰρήνῃ
276 1770 460 1806 ρᾳθυμοῦντος
478 1771 525 1798 καὶ
540 1772 697 1807 τρυφῶντος
716 1771 763 1798 καὶ
778 1771 833 1797 τῶν

50 1826 59 1842 1
79 1817 149 1844 ιδιων
166 1816 331 1853 ἀμελοῦντος
346 1817 459 1852 ἀδελφοῦ
474 1817 490 1852 ἢ
508 1817 617 1853 ἐχθροῦ,
639 1817 768 1853 κερδᾶναι
782 1818 832 1844 οὐκ

49 1873 58 1888 1
74 1863 188 1896 ἔξεστιν,
213 1863 288 1899 πόσῳ
305 1864 404 1899 μᾶλλον
418 1863 611 1899 δυστυχοῦντος
625 1865 671 1890 καὶ
686 1864 832 1898 πολεμίους

50 1918 58 1935 1
76 1909 235 1944 φεύγοντος,
258 1911 304 1936 καὶ
326 1910 396 1936 κατὰ
416 1910 536 1946 ἀνάγκην
556 1910 590 1936 τὰ
615 1909 668 1936 ίδια
686 1909 831 1944 ἐγκαταλι-

49 1964 59 1981 ‹
76 1956 172 1987 πόντος
182 1964 190 1994 ξ
204 1966 213 1982 ›

79 2001 181 2029 ΒΑΛΣ.
193 2002 272 2034 Εἰκὸς
284 1999 317 2037 ἦν
330 2003 416 2029 εἰπεῖν
426 2001 502 2034 τινὰς
510 2001 551 2028 ὃτι
560 2001 786 2037 Οὺχὴρπάσαμεν
798 2001 833 2028 τὰ

46 2048 96 2075 τῶν
105 2049 152 2083 αξχ
156 2048 380 2084 μαλακισθέντων
388 2048 519 2082 ἀδελφῶν,
529 2048 585 2074 ἀλλ’
592 2047 780 2083 εὖρομεναὺτὰ
788 2048 832 2082 ἑρ-

47 2095 176 2130 ριμμένα,
195 2094 306 2120 καὶούκ
319 2093 427 2129 ᾔδειμεν
441 2093 520 2120 τίνων
531 2090 610 2128 ἦσαν,
626 2093 673 2120 καὶ
687 2093 730 2120 διὰ
754 2093 833 2119 τοῦτο

46 2140 232 2167 ἀκαταιτίατοι
247 2139 420 2175 νομιζόμεθα.
437 2139 508 2174 Πρὸς
528 2138 593 2173 γοῦν
606 2138 717 2170 τούτους
732 2139 832 2165 ἀντιτί-

888 893 968 922 Pater
979 904 986 923 ι

1190 939 1305 969 CANON
1325 939 1370 968 ιν.

926 999 935 1015 1
957 988 1042 1016 Nemo
1065 988 1186 1023 seipsum
1200 988 1326 1020 seducal,
1340 994 1429 1022 neque
1444 991 1573 1022 tanquam
1595 986 1675 1015 inve.

891 1043 901 1061 1
918 1035 1007 1062 nerit:
1024 1042 1111 1069 neque
1127 1035 1199 1062 enim
1213 1033 1255 1061 fas
1270 1038 1312 1061 est
1331 1034 1355 1061 ei
1371 1033 1418 1068 qui
1439 1034 1542 1061 invenit
1559 1032 1674 1062 lucrifa-

890 1089 900 1106 1
916 1088 988 1108 cere.
1015 1079 1086 1107 Dixit
1107 1080 1180 1107 enim
1199 1079 1442 1107 Deuteronomium
1466 1089 1473 1106 :
1498 1078 1558 1107 Viso
1579 1079 1674 1114 fratris

891 1136 900 1153 1
918 1127 958 1153 tui
969 1126 1062 1158 vitulo,
1070 1131 1096 1153 et
1107 1133 1152 1152 ove
1159 1131 1265 1153 errante
1273 1126 1300 1152 in
1314 1126 1369 1158 via,
1381 1134 1412 1153 ea
1421 1134 1451 1152 ne
1462 1125 1673 1160 de:pezeria,sed

890 1182 899 1199 1
916 1181 946 1200 ea
960 1172 1124 1199 restitutione
1145 1172 1268 1199 restitues
1282 1172 1362 1206 fratri
1376 1176 1431 1199 tuo.
1445 1171 1494 1200 Sin
1511 1178 1600 1198 autem
1616 1171 1674 1206 fra-

868 1250 874 1263 |
890 1228 899 1246 1
919 1224 958 1246 ter
971 1224 1031 1246 tuus
1042 1219 1077 1246 ad
1091 1225 1114 1246 te
1121 1227 1174 1246 non
1186 1218 1359 1255 approximet,
1371 1219 1547 1253 naqncipwm
1559 1218 1672 1250 noverit,

889 1274 899 1292 1
918 1273 992 1301 coges
1017 1273 1048 1292 ea
1070 1270 1094 1293 et
1109 1267 1178 1300 apud
1199 1270 1222 1293 te
1241 1269 1329 1297 erunt,
1353 1265 1434 1291 donec
1455 1272 1486 1292 ea
1509 1265 1592 1299 frater
1612 1269 1672 1291 tuus

889 1319 899 1336 1
917 1311 1060 1346 quatiet-it,
1073 1316 1098 1338 et
1113 1312 1204 1338 reddes
1218 1319 1248 1338 ea
1257 1319 1267 1343 ;
1281 1315 1305 1337 et
1318 1311 1356 1337 sic
1370 1311 1451 1344 facies
1467 1310 1500 1337 de
1513 1310 1569 1345 ejus
1585 1311 1672 1344 asino,

889 1366 898 1384 1
915 1363 940 1384 et
953 1358 990 1385 sic
1006 1358 1088 1392 facies
1099 1358 1130 1384 de
1141 1358 1198 1391 eius
1210 1362 1295 1390 veste;
1307 1362 1331 1384 et
1344 1357 1382 1384 sic
1395 1357 1477 1391 facies
1494 1361 1552 1392 post
1569 1365 1672 1385 omnem

888 1412 898 1430 1
917 1403 1088 1438 perditionem
1109 1403 1216 1439 fratris,
1240 1410 1399 1438 qum-urique
1419 1403 1471 1437 ipsi
1487 1402 1628 1438 perierint,
1645 1408 1672 1431 at

888 1459 898 1476 1
918 1454 946 1476 tu
958 1457 990 1476 ea
1012 1449 1141 1476 inveneris
1151 1449 1184 1476 ".
1197 1447 1259 1476 Hazc
1270 1447 1521 1476 Deuteronomium.
1532 1449 1561 1476 ln
1577 1449 1672 1478 Exodo

848 1514 869 1544 ϐ
889 1504 898 1520 1
917 1499 1019 1527 autem,
1038 1502 1092 1522 non
1111 1494 1198 1522 solum
1218 1495 1240 1522 si
1255 1494 1318 1529 quis
1334 1501 1379 1522 res
1400 1494 1505 1527 fratris,
1524 1495 1570 1522 sed
1587 1495 1670 1523 etiam

887 1550 897 1566 1
916 1541 1020 1569 inimici
1045 1542 1188 1574 invenerit,
1214 1539 1398 1572 Restitutione,
1423 1540 1522 1575 inquit,
1546 1541 1670 1568 restitues

888 1596 898 1612 1
917 1588 973 1622 ipsa
991 1588 1081 1614 domui
1096 1587 1198 1614 domini
1222 1587 1339 1620 ipsorum
1354 1586 1386 1613 ".
1407 1585 1437 1613 Si
1466 1590 1558 1614 autem
1583 1587 1618 1616 ab
1635 1594 1671 1614 eo

886 1642 895 1658 1
915 1633 960 1667 qui
985 1630 1098 1667 in'pace
1114 1637 1140 1660 ct
1155 1634 1182 1660 in
1201 1633 1258 1661 otio
1282 1633 1396 1662 delicate
1411 1633 1493 1660 vitam
1512 1633 1665 1669 transfigit,

886 1688 895 1704 1
914 1686 963 1706 nec
976 1678 1010 1706 de
1025 1679 1083 1706 suis
1093 1684 1135 1706 est
1150 1679 1294 1712 sollicitus,
1310 1679 1366 1707 sive
1381 1678 1466 1706 frater
1483 1679 1528 1710 sit,
1545 1679 1603 1706 sive
1615 1679 1669 1707 ini-

886 1733 896 1749 1
912 1723 1011 1756 micus,
1026 1730 1080 1751 non
1099 1723 1162 1751 licet
1177 1723 1291 1758 lucrari;
1308 1728 1410 1759 quanto
1425 1724 1513 1758 magis
1526 1723 1560 1750 ab
1574 1731 1607 1750 eo
1620 1724 1668 1759 qui

886 1779 895 1796 1
914 1770 996 1797 rebus
1011 1770 1131 1797 adversis
1147 1770 1290 1805 premitur,
1313 1775 1340 1798 et
1355 1771 1451 1798 hostes
1464 1770 1542 1806 fugit,
1566 1774 1594 1798 et
1617 1777 1669 1798 ne-

887 1826 896 1843 1
915 1816 1043 1844 cessitate
1057 1821 1168 1844 coactus
1180 1816 1289 1851 propria
1308 1815 1452 1851 relinquit?
1469 1825 1478 1842 I

919 1994 999 2022 BALS.
1017 1993 1065 2021 Est
1087 1993 1233 2021 verisimile
1253 1992 1355 2020 dixisse
1371 1992 1477 2027 aliquos
1501 1999 1531 2019 se
1545 1998 1600 2018 non
1623 1999 1668 2018 ra-

882 2042 977 2077 puisse
1000 2049 1044 2068 res
1060 2040 1172 2067 fratrum
1198 2047 1310 2067 suorum
1332 2039 1502 2073 captivorum
1521 2038 1590 2065 :sed
1605 2045 1668 2070 eas,

883 2089 1050 2123 inquiebant,
1063 2087 1192 2120 disjectas
1205 2086 1368 2118 invenimus,
1384 2092 1434 2113 nec
1458 2084 1613 2112 sciebamus
1620 2091 1670 2112 cu-

881 2134 990 2168 jusnnm
1006 2137 1094 2164 erant,
1118 2138 1144 2160 et
1165 2137 1306 2167 propterea
1325 2130 1399 2158 nulla
1425 2129 1452 2157 in
1467 2136 1516 2156 nos
1531 2129 1605 2156 cadit
1626 2138 1670 2157 re-

46 2185 121 2220 θησιν
136 2187 151 2212 ό
167 2186 245 2220 ἆγιος
259 2173 293 2212 τὰ
303 2173 351 2212 τοὺ
365 2173 574 2221 Δευτερονομίου
587 2185 678 2211 καὶτὰ
690 2185 740 2219 τῆς
761 2184 829 2218 Ἐξό-

922 2177 1039 2205 ehensio.
1056 2177 1194 2204 Adversus
1206 2183 1253 2203 eos
1267 2182 1331 2209 ergo
1343 2174 1455 2209 opponit
1471 2178 1583 2201 sanctus
1599 2173 1670 2201 Deu-

46 2232 98 2264 δον,
109 2233 157 2259 καί
179 2240 273 2267 φησιν,
294 2233 331 2262 ὡς
353 2231 403 2259 κᾶν
422 2231 575 2267 ἐρριμμένα
588 2233 634 2258 καὶ
647 2231 831 2266 ἀνεπιμέλητα

47 2278 90 2304 καὶ
105 2279 134 2304 ὲν
150 2277 241 2313 καιρῷ
264 2285 374 2312 τοιουτῳ
390 2278 493 2314 εὐρήσῃ
508 2286 549 2309 τις
566 2277 725 2312 πράγματα,
747 2277 830 2311 ἀγνοῇ

46 2324 72 2350 δὲ
87 2325 135 2350 καὶ
149 2324 197 2350 τὸν
211 2323 343 2358 δεσπότην
363 2323 462 2354 αὐτῶν,
479 2322 537 2349 οὐδὲ
558 2323 644 2354 οὓτως
670 2323 831 2357 ἐκχωρεῖται

45 2369 171 2404 κερδᾶναι
186 2368 265 2395 αὑτά.
287 2368 425 2402 Χρεωστεῐ
445 2368 499 2403 γὰρ
511 2367 626 2401 φυλάξαι
640 2366 718 2398 αὐτὰ,
734 2367 785 2397 ἕως
797 2365 830 2392 ἂν

45 2416 57 2441 ὁ
72 2415 166 2452 κύριος
183 2415 272 2441 αὐτῶν
284 2414 340 2449 γνῷ
356 2415 402 2441 καὶ
417 2415 521 2450 ζητήσῃ
537 2413 615 2440 αὑτά.
630 2411 695 2440 Εἶτα
710 2420 832 2448 προσεπ-

45 2462 102 2494 άγει
125 2461 178 2491 ὅτι,
198 2460 245 2487 ἐὰν
261 2461 330 2487 κατὰ
353 2460 403 2496 τὴν
426 2459 574 2494 Μωσαῑκὴν
603 2458 762 2494 νομοθεσίαν
781 2457 831 2484 οὐκ

45 2507 129 2539 ἔξεστί
142 2516 198 2534 τινι
213 2506 342 2534 ιδιοῦσθαι
352 2506 386 2532 τὰ
401 2505 504 2541 ἑτέροις
518 2505 652 2540 ἀνήκοντα
669 2504 830 2539 πράγματα,

45 2553 93 2578 κᾶν
107 2553 183 2587 φίλοι
204 2548 272 2579 ὦσιν
291 2549 377 2583 οὗτοι,
394 2550 445 2577 κᾶν
462 2549 564 2585 ἐχθροὶ,
581 2549 632 2575 κᾶν
646 2547 830 2582 ἀνεπιμέλητα

44 2593 103 2631 ὦσι,
117 2598 167 2626 καὶ
181 2597 267 2625 ταῦτα
279 2597 308 2624 ὲν
325 2595 413 2631 καιρῷ
427 2596 550 2631 εἰρήνης,
565 2593 632 2620 ἀλλὰ
648 2591 831 2626 ἀναγκάζεται

45 2645 230 2680 ὰποκαθιστᾷν
253 2644 324 2671 αὐτὰ
349 2643 416 2678 πρὸς
432 2643 494 2672 τοὺς
510 2639 640 2670 δεσπότας
662 2637 762 2664 τούτων
782 2637 829 2663 καὶ

44 2693 213 2728 τρυερῖντας,
229 2691 275 2718 καὶ
289 2689 356 2726 μηδὲ
373 2687 618 2725 ἐπιστρεφομένους
628 2685 677 2720 τῆς
690 2684 744 2710 τῶν
758 2683 829 2709 ἰδίων

83 2764 104 2778 ¹²
119 2762 200 2789 Deut.
217 2769 283 2794 χχιι,
302 2761 328 2794 1,
347 2760 373 2788 5.
413 2759 434 2775 ¹³
451 2758 536 2786 Exod.
553 2762 632 2790 mn,
647 2755 671 2783 4.

885 2223 1068 2252 teronomium
1082 2227 1109 2250 et
1122 2221 1245 2249 Exodum
1259 2229 1266 2247 :
1283 2220 1395 2252 etdicit,
1412 2219 1485 2254 quod
1499 2219 1607 2246 etiamsi
1620 2219 1671 2245 ali-

884 2269 947 2305 quis
962 2268 1090 2303 disjectas
1107 2266 1297 2302 neglectuique
1317 2265 1423 2293 habitas
1437 2272 1470 2292 eo
1483 2268 1604 2298 tempore
1625 2272 1671 2292 res

883 2316 1027 2347 invenerit,
1046 2315 1165 2349 ipsarum
1184 2317 1273 2341 autem
1288 2311 1429 2339 dominum
1444 2310 1619 2345 ignoraverit,
1635 2318 1670 2337 ne

883 2363 924 2390 sic
940 2361 1049 2396 quidem
1065 2368 1112 2388 eas
1128 2361 1227 2387 lucrari
1241 2358 1416 2394 permittitur.
1439 2356 1523 2383 Debet
1536 2356 1609 2383 enim
1622 2363 1670 2383 eas

883 2416 1004 2441 servare,
1021 2409 1108 2435 donec
1121 2415 1214 2434 earum
1236 2406 1364 2434 dominus
1380 2405 1440 2432 illas
1463 2403 1620 2438 cognoverit
1643 2409 1670 2430 et

883 2455 1031 2491 quaesierit.
1042 2453 1143 2481 Deinde
1157 2453 1247 2484 infert,
1264 2452 1337 2487 quod
1351 2452 1373 2478 si
1391 2451 1448 2486 lege
1465 2448 1584 2477 Mnsaica
1602 2449 1669 2476 nulli

883 2502 955 2533 licet,
973 2508 1004 2528 ea
1022 2507 1081 2534 quae
1102 2500 1135 2526 ad
1151 2499 1218 2525 alios
1233 2498 1380 2532 pertinent,
1404 2500 1532 2531 tanquam
1550 2501 1600 2521 sua
1615 2494 1668 2521 sibi

883 2546 993 2581 propria
1018 2544 1165 2577 ascribere,
1180 2543 1238 2570 sive
1251 2542 1269 2568 ii
1290 2542 1345 2569 sint
1364 2540 1455 2572 amici,
1478 2539 1535 2567 sive
1550 2538 1666 2569 inimici,

883 2591 991 2618 etiamsi
1006 2594 1126 2624 tempore
1142 2589 1217 2623 pacis
1229 2586 1363 2622 neglectui
1381 2584 1470 2612 habita
1485 2585 1550 2615 sint,
1563 2583 1608 2610 sed
1619 2591 1668 2610 co-

883 2637 956 2672 gitur
970 2642 1002 2663 ea
1015 2635 1135 2663 dominis
1148 2635 1269 2670 ipsorum
1282 2632 1433 2664 restituere,
1450 2629 1577 2664 quamvis
1587 2629 1668 2656 luxu-

883 2682 956 2711 riose
971 2686 998 2709 et
1019 2681 1134 2709 delicate
1150 2681 1253 2713 vivant,
1268 2685 1318 2706 nec
1334 2676 1461 2716 proprias
1487 2683 1530 2704 res
1545 2674 1667 2703 invenire

78 2821 149 2854 (52‘)
166 2820 222 2846 Καί
236 2826 344 2854 φησιν’
366 2818 537 2854 πρὸς-τούς..
558 2816 638 2854 Forte
661 2813 803 2854 legendum
822 2822 828 2839 :

922 2811 976 2847 πρὸς
992 2812 1064 2843 τούς.
1081 2808 1221 2837 1.ιιιτ.ῐ“Αι
1230 2816 1290 2836 not.

79 2849 350 2890 (ἓῦίιᾘετίίπὶὶσαν
376 2849 457 2884 LXX,
477 2852 546 2880 κατὰ
565 2852 653 2879 πᾶσαν
671 2849 820 2876 ἀπώλειαν.

171 2903 307 2932 l‘nnor.
327 2901 385 2929 (in.
405 2901 446 2933 X,

1474 2888 1514 2918 33
