1857 3047
173 94 242 123 1035

729 94 757 122 S.
779 95 945 123 GREGORll
965 95 1160 125 THAUMATU
1167 97 1222 125 RGl

1735 102 1806 130 1056

172 158 270 182 curent
284 163 292 181 :
307 159 410 189 quanto
430 154 517 188 magis
531 154 612 182 debet
629 154 652 182 is
666 155 713 189 qui
732 162 778 182 res
792 155 895 184 invenit

1071 165 1156 188 asto;-
1185 158 1260 193 πόσῳ
1289 159 1387 194 μᾶλλον
1413 159 1515 194 ὀφείλει
1537 161 1552 186 ὸ
1573 159 1665 196 εὑρὼν
1687 159 1804 195 ἁδελφοῦ

174 201 224 228 tris
240 200 353 229 adversa
367 200 477 228 fortuna
496 201 609 233 utentis,
627 205 654 227 et
667 201 695 227 in
710 201 896 236 captivitatem
917 202 963 230 ab-

172 248 257 279 ducti.
267 248 308 275 vel
318 248 447 274 barbaros
456 247 596 282 fugientis,
610 252 638 275 et
650 248 697 283 qui
711 248 737 275 in
754 253 828 275 tanta
847 249 962 277 necessi-

172 298 228 322 tate
239 302 288 322 sua
297 293 418 328 neglecta
430 293 604 328 reliquit,eas
615 298 670 321 tam
680 293 848 322 infortunato
857 295 961 322 homini

171 340 333 368 restituere?
347 339 435 374 Atque
448 341 505 367 hazc
520 340 629 375 quidem
644 345 754 368 sanctus
768 340 895 368 describit
910 349 917 367 :
935 346 961 368 et

170 387 249 414 docet
259 385 386 420 deinceps
393 387 531 420 quomodo
538 386 626 420 puniri
638 386 763 418 debeant,
771 391 798 413 et
808 386 854 420 qui
863 393 906 413 res
914 393 960 414 eas

172 436 329 465 rapuerunt,
341 437 367 458 et
385 431 432 466 qui
442 439 496 459 non
513 436 672 466 rapuerunt,
684 431 730 459 sed
748 431 920 463 invenerunt,
933 436 959 458 et

172 478 220 513 qui
234 481 378 512 postquam
394 477 556 504 invenerunt
573 486 620 504 eas
633 485 686 504 non
701 478 888 504 restituerunt.
903 477 959 504 Lex

169 528 261 551 autem
276 523 365 550 civilis
385 523 442 549 haec
458 530 588 558 expresse
601 523 667 551 dicit
689 523 714 549 in
729 523 847 550 themate
859 523 886 553 5.
898 530 957 557 cap.

168 571 214 603 ιδ,
233 570 273 597 tit.
292 569 337 602 19.,
353 569 402 596 lib.
419 577 452 596 ιτ(
467 577 473 595 :
492 569 545 603 Qui
560 577 616 596 rem
633 570 749 597 alienam
765 570 897 604 abjectam
912 577 958 596 ac-

169 616 245 650 cipit,
266 619 297 642 ut
317 622 378 642 cam
398 615 530 648 lucretur,
551 616 659 643 etiamsi
681 616 789 651 ignorat
804 615 884 650 cujus
903 615 957 647 sit,

168 667 210 690 est
223 661 289 689 furti
303 661 404 689 actioni
422 661 558 689 obnoxius
572 670 578 688 :
595 662 648 689 nisi
664 661 735 689 forte
751 661 879 689 dominus
897 668 957 688 eam

168 708 206 734 ita
221 707 372 742 reliquerit,
388 710 418 733 ut
434 705 515 740 cujus
531 706 633 733 nullam
655 714 750 733 curam
772 712 857 741 gerat.
880 704 958 732 Tunc

168 754 240 781 enim
261 753 368 780 etiamsi
381 756 411 779 ut
426 759 457 778 ea
477 754 571 779 iurans
588 753 701 787 ceperit,
724 753 854 787 quoniam
873 752 958 786 ipsius

168 807 230 827 esse
245 798 337 830 desiit,
350 797 416 824 l'urti
430 805 483 823 non
496 801 613 824 tenetur.
631 797 690 824 Non
705 798 777 824 enim
794 797 824 824 lit
843 796 956 830 furtum,

169 845 223 872 nisi
240 845 277 871 sit
291 844 336 872 cui
351 843 454 870 furtum
475 844 539 870 fiat;
555 843 582 870 Si
597 847 688 870 autem
704 844 776 878 quod
789 851 841 870 non
855 849 897 871 est
909 851 958 879 pro

169 889 299 916 derelicto
314 889 450 920 habitum,
469 896 528 923 pro,
541 887 671 915 derelicto
690 896 750 915 esse
763 888 884 915 habitum
899 889 957 915 exi-

171 936 301 968 stimavit,
325 943 379 962 non
404 940 446 962 est
464 935 525 967 fur;
543 934 665 961 siautem
691 941 740 960 nec
761 941 811 967 pro
829 933 957 960 derelicto

169 982 332 1013 habebatur.
347 989 398 1008 nec
410 988 459 1016 pro
469 980 598 1007 derelicto
615 979 708 1006 haberi
724 979 899 1010 existimavit,
911 987 956 1006 ae-

170 1027 242 1063 cepit
254 1031 345 1054 autem
373 1030 403 1053 ut
424 1025 536 1053 domino
560 1024 671 1051 invento
697 1023 831 1056 redderet,
852 1024 958 1050 actione

169 1072 234 1100 furti
258 1079 312 1099 non
336 1075 454 1104 tenetur,
470 1070 579 1098 etiamsi
600 1077 650 1104 pro
669 1069 825 1096 inventione
842 1070 957 1104 pretium

170 1117 314 1152 acceperit.
325 1116 456 1144 Similiter
464 1121 491 1143 et
501 1115 533 1142 6i
548 1123 621 1149 cap.,
631 1115 648 1141 5
658 1114 712 1146 til.,
721 1122 736 1140 L
747 1113 795 1140 lib.
807 1114 956 1141 siehabet:

170 1165 199 1192 Si
219 1164 282 1199 quis
294 1162 416 1190 absentis
430 1169 487 1189 rem
503 1168 644 1188 vacantem
661 1160 838 1192 detinuisset,
852 1167 906 1186 non
918 1164 958 1186 te-

169 1211 286 1239 nebatur
306 1210 371 1238 olim
398 1210 440 1236 vel
468 1208 612 1236 interdicto
638 1208 671 1235 de
687 1207 724 1239 vi,
743 1206 785 1233 vel
802 1205 956 1237 interdicto,

169 1256 248 1291 Quod
259 1256 285 1284 vi
297 1261 345 1283 aut
361 1255 444 1287 clam,
461 1255 515 1282 nisi
531 1254 670 1289 utiquerei
686 1252 876 1283 vindicatioue,
889 1259 958 1286 qua-

169 1306 249 1328 tenus
262 1300 362 1328 absens
377 1303 436 1326 erat
448 1299 586 1326 dominus.
610 1297 665 1325 Nos
676 1305 739 1332 ergo
752 1297 879 1323 volumus
894 1304 956 1323 eum

169 1350 199 1372 ut
212 1345 259 1380 qui
271 1345 307 1372 sit
319 1350 473 1379 possessor,
487 1343 605 1378 generali
619 1343 652 1370 de
662 1343 687 1369 vi
702 1342 845 1369 interdicto
858 1342 954 1368 teneri.

169 1390 219 1418 Est
231 1390 303 1417 enim
316 1388 460 1416 ridiculum
474 1388 565 1415 dicere
579 1388 651 1422 quod
665 1388 804 1422 proprium
815 1387 957 1414 existima-

169 1437 235 1465 bant
257 1437 284 1464 id
306 1436 378 1470 quod
401 1440 444 1463 est
466 1434 848 1469 alienum:quemadrnodutn
873 1438 900 1460 ct
923 1433 956 1460 de

169 1482 237 1510 furti
252 1482 278 1509 in
293 1481 406 1516 dnpltun
427 1481 534 1508 actione
555 1480 685 1512 diximus,
708 1480 780 1514 quod
801 1479 846 1514 qui
860 1484 957 1514 praeter

170 1528 274 1556 domini
290 1527 451 1556 sententiam
463 1534 494 1554 ac
504 1526 670 1554 voluntatem
683 1530 844 1553 contrectat.
854 1525 955 1552 furtum

170 1575 324 1603 committit.
344 1573 407 1601 llaec
430 1578 521 1600 autem
541 1572 659 1599 dicimus
675 1572 728 1599 nisi
746 1580 799 1598 xu
823 1579 957 1598 annorum

170 1621 289 1656 spatium
311 1619 479 1654 praeterierit,
504 1627 537 1646 ex
561 1626 616 1653 quo
636 1618 837 1652 posseSsionem
861 1625 958 1652 appre—

171 1667 274 1700 hendit.
294 1665 364 1693 Nota
387 1672 448 1700 qua:
468 1665 511 1692 hic
526 1665 559 1691 de
576 1665 747 1698 captivorum
764 1664 846 1691 rebus
859 1663 958 1698 scripta

172 1716 247 1739 sunt.
261 1711 332 1746 Lege
347 1711 428 1738 etiam
441 1711 487 1738 lib.
504 1718 598 1743 xxxrv,
616 1710 657 1736 tit.
670 1710 696 1741 l,
710 1717 771 1744 cap.
786 1709 829 1741 17,
843 1710 936 1736 dicens
949 1718 957 1737 :

171 1756 306 1792 acceptos
318 1757 352 1783 ab
367 1756 492 1783 hostibus
505 1763 597 1790 agros,
611 1755 658 1789 qui
673 1755 749 1789 prius
764 1758 842 1781 erant
856 1754 959 1782 domini

172 1803 328 1838 recipiunt;
342 1810 396 1829 non
413 1802 486 1829 enim
496 1801 555 1828 loco
570 1801 667 1836 prreda:
681 1806 755 1833 sunt,
771 1808 859 1835 neque
872 1800 960 1835 publi-

172 1852 280 1878 cantur.
296 1847 349 1881 Qui
365 1855 399 1875 ex
417 1847 542 1874 hostibus
558 1847 630 1874 enim
648 1846 802 1881 rapiuntur,
820 1853 874 1873 non
892 1845 961 1873 ﬁunt

172 1893 287 1928 publici.
301 1892 370 1920 Nota
388 1901 453 1928 ergo
468 1892 541 1928 quod
552 1893 635 1921 etiam
650 1897 676 1919 et
688 1891 838 1919 canonibus
852 1896 880 1918 et
893 1891 959 1926 legi-

172 1942 235 1973 bus,
249 1947 306 1967 non
323 1940 412 1967 solum
425 1939 472 1974 qui
488 1940 657 1974 captivorum
674 1947 718 1966 res
732 1938 922 1973 deprzedantur
934 1942 961 1964 ct

170 1986 317 2022 diripiunt,
339 1986 490 2021 puniuntur
511 1991 538 2012 et
559 1989 701 2018 tenentur;
715 1984 763 2013 sed
780 1985 862 2012 etiam
878 1984 897 2011 ii
913 1984 959 2019 qui

172 2041 232 2060 rem
252 2032 419 2060 immobilem
440 2036 583 2059 vacantem
605 2031 743 2059 invenisse
759 2039 788 2058 se
804 2031 918 2063 dicunt,
934 2035 960 2056 et

172 2088 226 2107 nou
247 2079 342 2107 statim
365 2086 423 2105 rem
446 2078 582 2113 aperiunt,
598 2081 625 2104 et
639 2084 700 2104 eam
724 2077 835 2103 nomine
856 2075 960 2102 domini

171 2128 327 2164 possident;
345 2126 498 2155 secundum
515 2125 600 2160 legem
617 2125 726 2159 quidem
745 2123 960 2151 ecclesiasticam

1013 201 1206 238 δυστυχοῦντος
1223 204 1269 230 καὶ
1285 205 1574 241 αὶχμαλωτισθέντοςῆ
1591 205 1641 232 καὶ
1657 206 1807 240 φεύγοντος

1012 248 1076 279 τοὺς
1100 248 1271 285 βαρϐάρους,
1299 250 1460 286 πράγματα,
1491 251 1537 278 καὶ
1566 252 1640 278 κατᾶ
1669 252 1805 286 τοσαύτην

1011 293 1134 329 ἀνάγκην
1153 294 1310 330 ἁτημέλητα
1331 296 1522 328 καταλιπόντος
1548 297 1582 324 τὰ
1607 298 1713 330 οἰκεῖα,
1740 298 1800 324 ἀπο.

1011 338 1142 374 καθιπᾷν
1164 339 1233 366 αὺτὰ
1255 341 1323 376 πρὸς
1347 341 1377 367 τὸ
1404 341 1485 377 μέρος
1512 343 1559 369 τοῦ
1587 343 1662 369 οὕτω
1686 343 1806 377 δυσπρα-

1011 383 1122 417 γοῦντος
1147 385 1308 420 άνοριὶιπου;
1337 387 1391 412 Καὶ
1412 388 1426 413 ὁ
1452 387 1500 422 μὲν
1526 387 1606 420 ἅγιος
1634 387 1727 413 rain
1751 388 1805 413 ἐϐέ-

1013 436 1106 454 σπιπεθ
1130 429 1177 455 καὶ
1196 429 1294 464 ἐφεξῆς
1321 430 1440 457 διδάσκει
1462 431 1519 462 πῶς
1535 431 1696 465 ὀφείλουσιν
1722 433 1805 458 ἐπιτι-

1012 474 1112 509 μᾶσθαι
1133 475 1158 500 οἵ
1178 482 1207 500 τε
1235 474 1406 509 ἁρπάσαντες
1433 475 1467 502 τά
1491 476 1606 503 τοιαῦτα
1637 477 1804 512 πράγματα,

1011 519 1057 546 καὶ
1071 519 1094 545 οἱ
1109 519 1145 554 μὴ
1163 519 1341 555 ἁρπάζοντες,
1362 521 1429 548 ἀλλὰ
1450 521 1589 556 εὑρόντες·
1613 522 1687 557 πρὸς
1709 523 1739 548 δὲ
1762 523 1804 549 καὶ

1010 567 1034 593 οἱ
1065 567 1134 602 μετὰ
1166 567 1214 602 τὴν
1244 567 1352 603 εὕρεσιν
1385 568 1422 602 μὴ
1449 567 1698 600 ἁποκαθιστῶντες
1728 569 1802 595 αὐτὰ.

1016 613 1044 639 '0
1063 613 1092 638 δὲ
1117 613 1254 644 πολιτικὸς
1273 613 1354 649 νόμος
1376 614 1457 649 φησὶν
1473 615 1502 640 ὲν
1517 613 1617 649 θέματι
1631 614 1664 646 ε’,
1690 613 1741 641 τοῦ
1765 616 1804 648 tt)"

1009 658 1169 692 κεφαλαίου,
1193 658 1240 685 τοῦ
1260 658 1298 694 ιβ’
1321 657 1422 691 τίτλον,
1446 659 1493 684 τοῦ
1520 658 1541 691 ξ’
1570 658 1693 694 βιϐλίου,
1722 659 1805 684 ταῦτα

1009 705 1114 739 ῥητῶς·
1134 705 1163 731 Ὀ
1173 704 1204 731 τὸ
1221 704 1361 740 ἀλλότριον
1381 705 1496 740 πρᾶγμα
1509 705 1683 740 ἐρριμμένον
1702 705 1804 739 λαμεὰ-

1009 758 1061 776 νων
1072 750 1118 776 ἐπὶ
1124 750 1162 786 τῷ
1171 750 1309 785 κερδᾶναι,
1321 749 1372 776 κᾶν
1384 751 1467 786 ἀγνοῇ
1483 751 1553 782 τίνος
1562 751 1650 781 ἐστὶν,
1661 751 1804 777 ὑπόκειται

1008 797 1041 831 τῇ
1067 797 1131 832 περὶ
1159 796 1263 831 κλοπῆς
1283 797 1390 831 ἀγωγῇ·
1419 799 1443 822 ει
1472 796 1509 831 μὴ
1523 796 1577 831 ἄρα
1595 796 1774 831 ἀπρονόητον
1789 797 1803 822 ὁ

973 837 995 864 Β
1009 841 1140 876 δεσπότης
1156 840 1247 868 εἴασεν
1271 842 1352 868 αὑτό·
1383 841 1443 868 τότε
1463 842 1518 877 γὰρ
1539 842 1591 868 κᾶν
1616 841 1656 873 ὡς
1681 841 1804 868 κλέπτων

1009 887 1074 913 αὐτὸ
1084 886 1189 918 ἐλαϐεν,
1207 886 1300 922 ἐπειδὴ
1325 887 1462 913 ἐπαύσατο
1472 887 1555 914 αὐτοῦ
1572 885 1656 918 εἶναι,
1672 887 1724 922 οὐχ
1743 888 1805 913 ὑπέρ

1009 941 1107 959 κειται.
1125 933 1220 969 κλοπὴ
1236 933 1290 968 γὰρ
1310 934 1340 960 οὗ
1358 934 1462 967 γίνεται
1481 933 1518 969 μὴ
1534 934 1611 965 ῧντος
1634 933 1684 960 τοῦ
1703 934 1803 969 κλοπὴν

1009 979 1203 1013 ὑφισταμένου.
1229 979 1260 1005 Εἰ
1281 979 1309 1004 δὲ
1332 979 1363 1005 τὸ
1381 979 1418 1014 μὴ
1439 979 1468 1005 ὃν
1483 980 1652 1015 ἀπρονόητον
1679 980 1803 1014 ἐνόμισεν

1009 1024 1184 1060 ἀπρονόητον,
1209 1025 1259 1051 οὐκ
1281 1024 1338 1051 ἔστι
1366 1025 1495 1060 κλέπτηςθ
1511 1026 1535 1051 εἰ
1559 1025 1587 1052 δὲ
1608 1026 1646 1060 μὴ
1659 1023 1694 1060 ἦν
1716 1026 1805 1061 ἀπρο-

1008 1070 1111 1105 νόητον,
1142 1071 1210 1105 μήτε
1232 1070 1367 1105 ἐνόμισεν,
1384 1070 1463 1097 ἔλαϐε
1479 1071 1519 1102 δὲ,
1534 1071 1581 1097 ἐπὶ
1592 1071 1633 1106 τῷ
1654 1071 1749 1098 δοῦναι
1763 1072 1804 1107 τῷ

1008 1116 1194 1151 εὑρισκομένῳ
1218 1116 1345 1151 δεσπότῃ,
1363 1117 1412 1151 οὐχ
1440 1117 1581 1143 ὑπόκειται
1602 1119 1636 1153 τῇ
1654 1118 1720 1153 περὶ
1738 1118 1800 1144 κλο-

1008 1163 1061 1196 πῆς
1075 1163 1180 1198 ἀγωγῇ,
1197 1163 1249 1189 xiv
1260 1163 1377 1198 εὖρετρα
1390 1163 1469 1198 λάϐῃ.
1486 1162 1625 1194 Ὡσαύτως
1640 1163 1688 1190 καὶ
1712 1161 1743 1188 τὺ
1756 1160 1796 1194 Ea.’

1008 1217 1070 1243 κεφ.
1083 1208 1130 1234 τοῦ
1152 1211 1176 1242 γ’
1194 1208 1283 1235 τίτλου
1307 1208 1353 1235 τοῦ
1373 1210 1393 1234 ν’
1408 1208 1509 1243 βιϐλίου
1520 1208 1591 1234 οὕτω
1608 1208 1800 1244 διαλαμϐάνει·

1014 1253 1076 1279 Ἐάν
1091 1261 1132 1284 τις
1157 1253 1273 1284 ἀπόντος
1299 1254 1416 1288 πρᾶγμα
1439 1253 1554 1288 κατέσχε
1583 1253 1728 1288 σχολάζον,
1750 1254 1802 1280 οὐκ

1008 1298 1119 1332 ἐνήγετο
1134 1297 1163 1324 τὺ
1174 1297 1289 1324 παλαιὸν
1304 1298 1320 1333 ἢ
1335 1298 1374 1333 τῷ
1389 1299 1451 1334 περὶ
1465 1299 1525 1333 βίας
1542 1299 1769 1334 παραγγέλματι,
1784 1301 1801 1335 ἢ

1007 1342 1055 1378 τῷ,
1074 1343 1162 1378 Ὅπερ
1184 1343 1229 1379 βίᾳ
1243 1344 1259 1379 ἢ
1279 1343 1376 1380 λάθρα,
1392 1345 1416 1371 εἰ
1432 1345 1469 1380 μὴ
1484 1345 1539 1381 ἄρα.
1554 1346 1586 1379 τῇ
1600 1345 1637 1370 τὰ
1654 1345 1708 1372 ἴδια
1729 1346 1802 1372 ἐκδι-

1008 1389 1093 1426 κούσῃ
1102 1391 1209 1425 ἀγωγῇ,
1227 1391 1255 1416 ὲν
1270 1387 1292 1424 ᾧ
1308 1391 1440 1425 δεσπότης
1451 1388 1484 1426 ἦν
1496 1393 1510 1417 ό
1523 1390 1610 1416 ἀπών.
1635 1391 1732 1426 Ἡμεῖς
1742 1390 1802 1423 οὖν,

1007 1437 1044 1468 ὡς
1055 1436 1140 1472 νομέα
1157 1437 1230 1469 ὄντα,
1258 1437 1409 1472 βουλόμεθα
1427 1438 1585 1473 κρατεῖσθαι
1603 1438 1643 1473 τῷ
1660 1439 1726 1474 περὶ
1740 1439 1803 1473 βίας

1008 1483 1108 1518 γενικῴ
1126 1483 1347 1519 παραγγέλματι·
1364 1484 1467 1517 γελοῖον
1487 1484 1540 1519 γάρ
1563 1485 1623 1510 ἐστι
1650 1485 1681 1511 τὸ
1697 1486 1802 1519 λέγειν.

1008 1529 1048 1554 ὅτι
1065 1529 1188 1564 ἐνόμιζον
1203 1529 1266 1556 ἴδιον
1292 1530 1323 1556 τὸ
1337 1529 1484 1564 άλλὸτριονσ
1502 1529 1597 1565 ὥσπερ
1614 1528 1661 1557 οὖν
1676 1531 1726 1557 καὶ
1754 1533 1803 1557 ἐπὶ

1007 1575 1055 1609 τῆς
1070 1575 1131 1610 περὶ
1145 1575 1247 1610 κλοπῆς
1269 1576 1309 1607 εἰς
1334 1576 1364 1602 τὸ
1383 1575 1521 1602 διπλάσιον
1546 1576 1658 1612 ἀγωγῆς
1673 1577 1802 1612 εἴπομεν,

1008 1621 1049 1646 ὅτι
1060 1621 1074 1647 ὁ
1098 1621 1172 1656 παρὰ
1188 1621 1300 1657 γνώμην
1315 1621 1361 1648 τοῦ
1379 1622 1507 1648 δεσπότου
1536 1622 1670 1657 ψηλαξρὼν
1696 1623 1805 1658 κλοπὴν

1009 1667 1170 1702 ἁμαρτάνει.
1196 1667 1290 1693 ταῦτα
1313 1667 1340 1694 δέ
1357 1676 1456 1703 φαμεν,
1474 1668 1520 1694 ἐὰν
1537 1669 1573 1704 μὴ
1591 1670 1806 1704 τριακονταετΞα

1009 1714 1145 1749 παρῆλοεν
1160 1713 1190 1746 ἐξ
1207 1711 1236 1739 οὗ
1253 1714 1302 1749 τῆς
1320 1715 1403 1750 νομῆς
1423 1714 1577 1741 ἐπελάϐετο.
1594 1715 1756 1750 Σημείωσαι
1770 1717 1806 1742 τὰ

1009 1759 1125 1786 ἐνταῦθα
1153 1760 1334 1796 γεγραμμένα
1362 1762 1426 1796 περὶ
1455 1761 1509 1786 τῶν
1539 1762 1715 1796 πραγμάτων
1748 1763 1806 1788 τῶν

1009 1806 1195 1842 αἰχμαλώτων.
1219 1807 1366 1840 ’Λνάγνωθι
1379 1807 1426 1833 καὶ
1439 1807 1507 1842 βιϐλ.
1522 1807 1568 1840 λδ,
1593 1816 1645 1833 τιτ.
1670 1811 1708 1839 α’,
1736 1817 1801 1842 xz;

1011 1851 1054 1884 ιζ’,
1072 1853 1161 1886 λέγον·
1186 1852 1253 1883 Τοὺς
1271 1852 1473 1888 ἁναληφΟέντας
1488 1852 1563 1888 παρὰ
1589 1853 1642 1879 τῶν
1663 1854 1807 1889 πολεμίων

1009 1899 1110 1933 ἀγροὺς
1126 1899 1151 1924 οἱ
1167 1898 1262 1934 πρώην
1277 1897 1497 1933 ἀναλαμϐάνουσι
1509 1898 1649 1926 δεσπόται·
1661 1900 1691 1926 οὺ
1704 1901 1762 1935 γὰρ
1776 1901 1806 1926 ἐν

1009 1945 1083 1977 τάξει
1100 1945 1215 1980 πραίδας
1229 1944 1298 1970 εἰσὶν
1316 1944 1376 1970 οὶδὲ
1397 1944 1519 1979 δημόσιοι
1543 1945 1673 1979 γίνονται.
1689 1947 1731 1972 Οὐ
1749 1948 1805 1982 γὰρ

1009 1991 1063 2017 τῶν
1078 1990 1216 2026 πολεμίων
1229 1989 1439 2025 λαμϐανόμενοι,
1458 1990 1576 2024 γίνονται
1595 1991 1734 2026 δημόσιοι.
1752 1993 1806 2027 Ση-

1012 2037 1126 2072 μείωσαι
1138 2034 1196 2068 οὖν,
1213 2036 1253 2062 ὅτι
1270 2036 1318 2062 καὶ
1331 2036 1386 2062 ἀπὸ
1401 2036 1455 2062 τῶν
1472 2037 1593 2062 κανόνων
1614 2038 1662 2064 καὶ
1676 2038 1734 2064 ἀπὸ
1750 2039 1805 2065 τῶν

1010 2083 1099 2119 νόμων
1112 2083 1142 2110 οὔ
1160 2083 1234 2119 μόνοι
1251 2083 1276 2108 οἱ
1290 2081 1325 2108 τὰ
1351 2082 1405 2108 τῶν
1431 2083 1710 2117 αἰχμαλωτισθέντων
1735 2086 1805 2112 ἁπο-

1012 2129 1144 2161 συλῶντες
1167 2129 1183 2164 ἢ
1205 2128 1372 2164 ἁρπάζοντες
1396 2129 1555 2161 κολάζονται
1578 2130 1625 2156 καὶ
1652 2131 1804 2166 ἐνέχονται,

172 2174 212 2202 eis
223 2173 381 2209 pcenitentia
390 2171 565 2207 injungetur;
578 2171 728 2198 secundum
739 2170 845 2197 civilem
856 2174 905 2196 aut

1071 2185 1078 2202 ι
1095 2175 1142 2202 καὶ
1157 2176 1180 2201 οἱ
1197 2174 1301 2210 εὕρεμα
1313 2183 1340 2200 τι
1351 2174 1368 2209 ἢ
1380 2175 1506 2210 ἀκίνητον
1528 2175 1660 2210 σχολάζον
1678 2176 1804 2211 λέγοντες

175 2221 217 2248 vel
236 2225 266 2248 ut
282 2219 359 2247 fures
375 2219 538 2254 puniuntur,
562 2218 585 2245 si
600 2225 644 2245 res
659 2217 710 2244 erit
728 2216 849 2248 mobilis,
862 2215 904 2242 vel
916 2215 959 2242 in-

174 2266 290 2294 terdieto
305 2265 339 2293 de
355 2265 393 2297 vi,
416 2265 439 2292 si
464 2265 516 2292 erit
542 2264 700 2292 immobilis.
721 2263 836 2296 Quando
857 2266 960 2294 autem,

173 2313 246 2348 quod
262 2313 405 2339 inventum
422 2311 573 2346 neglectum
589 2316 641 2342 est,
657 2311 728 2345 quod
743 2318 758 2337 a
777 2310 880 2345 legibus
896 2318 961 2345 pro-

173 2359 333 2386 derelictum
357 2362 542 2393 nuncupatur,
566 2364 620 2384 non
637 2357 760 2384 similiter
777 2358 897 2391 punitur,
914 2358 960 2392 qui

175 2405 201 2432 id
215 2404 342 2432 detinuit.
358 2403 410 2431 Sed
429 2405 452 2431 si
469 2403 505 2430 sit
519 2403 628 2438 quidem
652 2410 694 2430 res
719 2403 837 2436 Inolnlis,
854 2404 962 2439 cogitur

174 2459 236 2477 eam
257 2450 368 2477 domino
383 2449 538 2481 restituere,
563 2454 590 2476 ct
610 2449 699 2476 solum
724 2449 775 2476 nisi
791 2449 850 2483 ejus
873 2449 962 2477 domi-

175 2497 252 2523 nium
270 2488 412 2522 assé'eutus
427 2495 472 2527 sit,
488 2499 517 2522 ut
537 2495 616 2522 bonae
638 2495 698 2522 lidei
719 2503 872 2529 possessor,
890 2497 961 2523 intra

175 2542 338 2574 triennium;
366 2541 388 2568 si
409 2545 499 2568 autem
517 2541 583 2568 illud
601 2541 748 2572 immobile,
764 2542 836 2576 quod
852 2549 901 2576 pro
915 2541 963 2568 de-

175 2588 271 2614 relicto
284 2587 425 2614 detentum
449 2592 500 2618 est,
527 2587 579 2614 nisi
600 2587 659 2621 ejus
671 2586 758 2614 factus
774 2587 809 2614 sit
823 2587 961 2620 dominus,

176 2633 247 2660 intra
261 2632 433 2660 decennium.
455 2631 584 2660 Vaeantis
597 2637 698 2665 autem,
714 2637 740 2659 et
754 2633 813 2666 ejus
828 2633 901 2667 quod
914 2641 964 2667 pro

177 2679 307 2706 derelicto
322 2679 445 2710 habetur,
461 2686 557 2713 magna
572 2683 613 2706 est
625 2679 787 2706 diﬂ‘ercntia.
800 2678 877 2712 Quod
891 2680 962 2706 enim

178 2730 268 2755 vacat.
300 2726 390 2752 animo
419 2725 601 2759 possidemus,
629 2725 736 2752 etiamsi
762 2725 788 2751 id
806 2725 964 2752 naturaliter

178 2778 233 2798 non
250 2771 437 2806 possidemus;
456 2771 528 2805 quod
543 2776 633 2798 autem
651 2779 699 2806 pro
713 2772 851 2803 derelicto,
864 2779 913 2799 nec
926 2773 965 2799 ci-

178 2817 339 2851 vnliter,uec
357 2817 516 2846 naturaliter
533 2818 720 2853 possidemus;
736 2823 761 2845 et
778 2818 838 2844 ideo
857 2826 872 2844 a
885 2818 964 2845 bona:

1011 2223 1146 2257 ὲφευρεῖν,
1157 2222 1204 2248 καὶ
1217 2222 1253 2256 μὴ
1266 2220 1365 2248 αὐτίκα
1375 2221 1405 2247 τὸ
1419 2222 1534 2257 πρᾶγμα
1545 2223 1698 2258 κατάδηλον
1714 2224 1805 2250 ποιού-

1013 2276 1098 2303 μενοι,
1113 2267 1160 2294 καὶ
1177 2267 1355 2300 φυλάττοντες
1370 2267 1434 2293 αὐτὸ
1449 2268 1489 2299 εἰς
1502 2267 1588 2303 ὄνομα
1599 2268 1648 2294 τοῦ
1659 2269 1802 2301 δεσπότου,

1011 2314 1081 2341 κατὰ
1102 2314 1151 2349 μὲν
1172 2314 1218 2339 τὸν
1247 2313 1472 2348 ἐκκλησιαστικὸν
1494 2314 1575 2350 νόμον
1588 2315 1803 2350 ἑπιτιμηῡήσον-

1011 2369 1064 2391 ται,
1079 2359 1148 2386 κατὰ
1163 2359 1191 2385 δὲ
1205 2359 1251 2385 τὸν
1266 2359 1402 2386 πολιτικὸν
1417 2359 1433 2394 ἢ
1448 2359 1485 2391 ὡς
1510 2359 1628 2386 κλέπται
1645 2362 1803 2397 τιμωρηθήο

1013 2415 1114 2437 σονται,
1131 2405 1178 2432 ἐάν
1190 2406 1247 2431 ἐστι
1262 2405 1293 2431 τὸ
1308 2406 1423 2440 πρᾶγμα
1433 2404 1552 2439 κινητὸν,
1569 2405 1586 2440 ἢ
1603 2405 1642 2440 τῷ
1659 2407 1728 2441 περὶ
1746 2407 1803 2441 βίας

1013 2451 1234 2487 παραγγέλματι,
1258 2451 1305 2477 ἐάν
1321 2451 1395 2476 ἔστιν
1411 2451 1550 2486 ἀκίνητον.
1571 2451 1656 2477 Ὅταν
1676 2451 1706 2478 δὲ
1720 2453 1806 2487 dape.

1013 2496 1106 2531 νόητόν
1125 2496 1182 2521 ἐστι
1194 2495 1224 2521 τὸ
1236 2495 1356 2530 εὑρεθὲν,
1373 2495 1404 2520 τὸ
1421 2495 1497 2530 παρὰ
1520 2497 1577 2526 τοῖς
1594 2496 1689 2531 νόμοις
1710 2498 1803 2524 καλοῦ-

1016 2550 1095 2577 μενον
1109 2540 1364 2576 προδερέλικτον,οὑ
1375 2540 1516 2572 κολάζεται
1527 2542 1689 2576 παρομοίως
1703 2544 1718 2569 ὁ
1730 2542 1805 2569 τοῦτο

1014 2586 1167 2621 κατασχών
1189 2585 1247 2612 ἀλλ’
1262 2586 1286 2611 εἰ
1305 2587 1354 2620 μὲν
1375 2585 1483 2620 κινητόν
1510 2586 1596 2617 ἐστιν,
1620 2587 1805 2621 ἀναγκάζετει

1014 2633 1080 2659 αὐτὸ
1093 2632 1248 2662 ἀποδοῦναι,
1263 2632 1310 2658 καὶ
1326 2632 1414 2667 μόνον,
1429 2633 1452 2657 εἰ
1466 2632 1502 2667 μὴ
1516 2631 1666 2659 ἑδέσποςεν
1680 2633 1755 2665 αὐτὸ,
1768 2634 1803 2660 ὡς

1015 2679 1083 2714 καλῇ
1097 2679 1186 2705 πίστει
1212 2677 1320 2712 νομεὺς,
1344 2678 1418 2709 ἐντὸς
1429 2678 1560 2713 τριετίας·
1578 2680 1603 2704 εἰ
1615 2678 1643 2705 δὲ
1669 2679 1803 2715 ἀκίνητον-

1016 2726 1081 2752 αὺτὸ
1096 2727 1184 2752 ἐκεῖνο
1195 2726 1225 2752 τὸ
1241 2724 1406 2760 κατατχξθὲν
1423 2724 1460 2755 ὡς
1484 2724 1708 2760 προδερέλικτον,
1731 2727 1754 2751 εἰ
1769 2729 1803 2762 μὴ

1016 2772 1112 2806 γέγονε
1127 2771 1221 2797 τούτου
1235 2771 1378 2806 δεντπότης,
1395 2770 1472 2801 ἐντὸς
1487 2771 1642 2802 δεκαετίας.
1662 2771 1794 2807 Σχηλάζον

1016 2827 1061 2850 τος
1073 2818 1100 2845 δὲ
1116 2818 1163 2845 καὶ
1187 2818 1353 2853 ἀπρονοήτου
1367 2816 1471 2852 μεγάλη
1488 2816 1618 2853 Cascei.
1640 2818 1678 2844 Τὸ
1695 2819 1744 2853 μὲν
1757 2819 1803 2854 γὰρ
