1857 3047
57 117 115 144 1057

667 113 832 143 EPISTULA
849 113 1031 142 CANONICA.

1587 114 1654 141 1059

55 171 167 208 σχολάζον
180 171 252 208 ψυχῇ
266 172 411 208 νεμόμεθα,
427 172 478 199 κᾶν
495 172 614 207 φυσικῶς
629 172 693 199 αὐτὸ
709 173 739 199 οὐ
756 181 821 199 κατ-

904 173 934 200 lei
947 179 1104 207 possessore
1121 171 1180 205 ejus
1194 170 1344 198 dominium
1356 170 1514 204 acquiritur.
1532 169 1594 198 iiazc
1607 177 1655 196 au-

55 219 156 255 ἐχομενο
178 217 209 244 τὺ
225 218 252 245 δὲ
266 219 470 255 πρώερέλικτον
486 219 548 246 οὐδὲ
562 220 683 254 νομίμως
697 219 756 245 οὐδὲ
771 227 820 253 φυ-

56 264 127 295 σικῶς
139 264 303 299 κατέχομεν*
331 265 379 291 καὶ
403 265 447 292 διὰ
468 264 546 291 τοῦτο
568 265 726 296 δεσπόζεται
745 264 820 300 παρὰ

53 310 93 337 τοῦ
104 309 167 345 καλῇ
180 310 269 336 πίστει
292 310 454 345 νεμηθέντος
471 311 546 337 αὑτό.
571 311 663 338 Ταῦτα
686 310 714 337 δὲ
729 309 820 345 χώραν

53 356 96 382 οὐκ
108 355 207 390 ἔχουσιν
221 355 267 382 ἐπὶ
278 356 331 382 τῶν
345 356 498 392 ἀνηκόντων
507 358 562 388 τοῖς
571 355 818 392 αίχμαλωτισθεῖσι·

873 224 927 246 tem
949 219 1039 246 locum
1054 226 1106 244 non
1123 216 1223 245 habent
1239 217 1266 243 in
1285 217 1320 244 iis
1333 224 1394 251 quas
1407 217 1439 244 ad
1456 216 1577 251 captivos
1593 224 1654 250 per-

873 265 975 297 tinent;
993 268 1022 290 et
1039 263 1100 290 ideo
1114 262 1161 297 qui
1182 269 1215 290 ea
1229 262 1366 295 detinent,
1388 266 1416 289 et
1429 270 1483 289 non
1498 262 1654 293 restituunt.

875 313 905 336 ut
920 309 1047 344 superius
1065 309 1178 341 dictum,
1205 308 1274 335 citra
1288 307 1372 335 ullam
1398 307 1613 339 distinctionem,
1628 312 1656 335 et

873 359 1010 386 tenentur,
1025 359 1052 381 et
1065 355 1223 389 puniuntur.

53 405 94 430 καὶ
115 403 155 430 διὰ
179 404 258 430 τοῦτο
273 405 297 430 οἱ
330 405 490 440 κατέχοντες
515 405 583 432 αὐτὰ
611 406 657 432 καὶ
682 405 719 440 μὴ
742 403 988 435 ἀποκαθιστῶντες,
1016 404 1054 435 ὼς
1066 403 1168 430 ἄνωθεν
1190 403 1305 438 εἴρηται,
1325 403 1502 433 ἀδιαστίκτως
1529 403 1575 432 καὶ
1599 402 1657 429 ἐνι-

54 459 135 486 χονται
148 450 194 477 καὶ
209 451 376 483 κολάζονται.

82 497 193 524 ΖΩΝΑΡ.
209 498 269 525 ’Ὁτι
281 499 318 534 μὴ
336 499 496 533 ἐξαπατάτω
506 501 547 532 τὶς
560 500 664 532 ἑαυτὸν,
680 501 716 532 ὡς
732 499 820 535 εὑρὼν

53 544 78 570 τὺ
89 543 130 570 τοῦ
146 544 258 578 ἀδελφοῦ
276 546 390 581 πρᾶγμα
412 547 574 582 ἐρριμμένον
591 547 655 579 ἴσως
670 547 716 574 καὶ
729 547 821 573 ἀνεπι-

54 589 156 625 μέλητον
170 591 305 626 κείμενον.
322 592 380 619 Κᾶν
406 592 460 628 γὰρ
476 592 562 625 οὕτως
577 593 644 630 εὕρῃ
666 593 741 625 αὐτὸ,
770 594 820 621 οὐκ

53 634 130 667 ἔξεστι
143 636 270 671 κερδῆσαι
286 637 351 663 αὐτὸ
365 637 411 664 καὶ
426 637 617 664 οἰκειώσασθαι
631 637 660 664 τὸ
671 637 817 673 ἀλλότριον·

52 683 96 709 κᾶν
114 683 175 714 ἴσως
187 684 270 719 ἀγνοῇ
292 684 337 710 τὸν
348 684 479 720 δεσπότην
493 685 539 711 τοῦ
552 684 722 720 πράγματος·
737 693 821 720 χρεω-

53 729 102 754 στεί
113 728 163 764 γὰρ
176 729 268 756 λαϐεῖν
280 730 354 760 αὐτὸ,
368 731 415 756 καὶ
430 730 543 764 φυλάξαι
562 731 614 762 ἕως
626 732 640 757 ὸ
661 730 754 766 κύριος
772 731 822 756 αὐ-

51 774 91 801 τοῦ
104 774 155 810 γνῷ
171 775 217 802 καὶ
229 775 334 813 ζητήσῃ
353 777 428 803 αὐτό.
441 776 495 803 Καὶ
510 777 545 803 τὰ
557 777 602 803 τοῦ
615 777 820 812 Δευτερονομίου

51 820 92 846 καὶ
102 820 133 846 τὰ
153 820 202 856 τῆς
222 821 327 854 Ἐξόδου
343 822 439 856 ἐπάγει
455 822 542 855 λέγων
556 822 606 853 ὅτι,
622 822 684 848 Ἐὰν
697 823 724 849 ἐν
736 821 822 858 καιρῷ

909 499 1008 526 Zona.
1027 498 1066 526 Ne
1079 498 1213 533 quispiam
1229 505 1258 525 se
1273 498 1360 532 ipsum
1375 497 1496 529 seducat,
1508 497 1584 531 quasi
1598 505 1655 523 rem

873 544 966 572 fratris
979 544 1125 579 proiectam
1143 544 1259 570 fortasse
1274 544 1405 578 planeque
1417 543 1567 578 neglectam
1582 543 1656 569 inve-

872 591 952 618 nerit.
969 590 1036 617 Nam
1047 590 1099 616 etsi
1112 589 1149 616 ita
1164 589 1284 616 inveniat
1300 589 1397 623 ipsam,
1413 589 1513 618 lucrari
1531 589 1602 616 haud
1615 588 1657 615 fas

874 640 925 668 est,
951 635 1058 670 sibique
1081 642 1137 662 rem
1163 635 1279 662 alienam
1300 634 1449 665 vindicare,
1463 634 1570 662 etiamsi
1587 634 1656 661 forte

874 681 982 716 ignoret
1002 681 1160 712 dominum;
1184 680 1230 708 sed
1256 680 1328 707 illam
1350 688 1458 708 sumere
1479 684 1598 715 oportet,
1623 688 1656 708 ac

874 734 960 761 usque
986 727 1058 753 illam
1083 726 1211 753 dominus
1233 726 1306 752 norit
1328 733 1360 753 ac
1379 726 1515 761 requirat,
1536 733 1655 754 servare.

874 772 943 799 Tum
965 772 1164 799 Deuteronomii
1183 779 1214 799 ac
1230 772 1314 799 Exodi
1328 772 1401 799 locos
1415 772 1527 807 profert,
1545 773 1580 799 ita
1599 773 1657 801 dis~

874 825 968 845 serens
985 827 992 844 :
1006 817 1033 844 Si
1049 817 1124 852 pacis
1140 822 1260 852 tempore
1277 817 1361 844 frater
1374 822 1447 849 tuus,
1466 823 1513 845 aut
1529 818 1657 846 inimicus

51 865 151 900 είρὴνης
163 866 177 892 ὁ
193 865 306 900 ἀδελφός
318 875 364 892 σου
378 866 395 902 ἥ
418 868 432 894 ὁ
459 867 554 902 ἐχθρός
570 875 616 893 σου
637 867 668 894 ὲκ
689 867 821 903 ῥᾳθυμίας

908 872 940 891 us
953 871 987 891 ex
1000 863 1161 899 negligentia
1175 870 1231 890 rem
1252 870 1329 890 suam
1345 864 1449 899 perdat,
1460 864 1530 890 haud
1543 863 1584 890 fas
1603 868 1655 894 est,

52 910 161 947 ἀπολέσῃ
183 911 213 937 τὸ
233 912 308 944 [διον,
323 913 373 939 οὐκ
390 911 478 945 ἕξεςτί
505 921 545 939 σοι
560 913 666 948 εὑρόντι
679 913 744 939 αὐτὸ
757 913 821 949 κὲρ-

51 956 90 988 δος
103 957 163 983 ἴδιον
185 957 360 993 ποιήσασθαι,
375 958 444 985 ἀλλὰ
467 958 641 986 ὲπανασῶσαι
667 959 704 994 τῷ
727 959 824 985 ἀπολέ-

53 1010 121 1029 σαντι
141 1003 205 1029 αὐτὸ
231 1004 332 1040 ἀπαιτῇ
357 1004 428 1031 κατά
453 1005 497 1032 τὸν
522 1005 603 1040 νόμον
625 1005 669 1031 τὸν
696 1004 822 1032 παλαιόν’

52 1047 119 1083 πόσῳ
138 1048 246 1084 μᾶλλον,
267 1049 313 1078 ἐὰν
325 1050 371 1077 τοῦ
389 1051 533 1085 φεύγοντος
549 1050 662 1085 ἀδελφοῦ
683 1059 728 1077 σου
743 1051 759 1086 ἢ
775 1051 822 1077 τοῦ

51 1094 303 1128 αἰχμαλωτισθέντος
322 1097 447 1132 εὑρήσεις
472 1097 621 1133 πράγματα
644 1098 708 1132 παρ’
736 1097 824 1128 αὐτῶν

51 1138 299 1175 ὲγκαταλειφθέντα,
316 1142 366 1177 χρή
383 1150 412 1168 σε
433 1142 548 1176 φυλάξαι
564 1142 634 1169 αὺτά
646 1142 694 1168 καὶ
710 1141 823 1168 ἀποδοῦ-

51 1191 88 1209 ναι
100 1184 136 1219 τῷ
153 1184 350 1221 δυσπραγοῦντι
360 1195 368 1218 ;

355 1233 474 1260 ΚᾹΝΩΝ
490 1233 516 1260 E'
521 1253 527 1259 .

82 1283 91 1299 ι
104 1275 190 1302 Ἄλλοι
202 1276 232 1303 δὲ
251 1277 364 1310 ἑαυτοὺς
387 1278 568 1311 ἐξαπατῶσιν,
591 1279 649 1306 αντὶ
672 1279 726 1305 τῶν
752 1279 824 1306 ἰδίων

53 1329 61 1345 ι
77 1320 127 1347 τῶν
139 1321 315 1358 ἀπολομένων
326 1323 345 1350 δι
359 1320 437 1359 εὗρον
456 1324 582 1360 ἀλλότρια
596 1325 765 1360 κατέχοντες·
782 1325 825 1351 ἵνα

52 1374 61 1390 ι
81 1366 170 1403 ἐπειδὴ
194 1368 288 1400 αὐτοῖς
306 1369 419 1405 Βοράδοι
435 1370 482 1396 καὶ
494 1369 586 1396 Γότθοι
599 1370 632 1397 τὰ
647 1370 694 1396 τοῦ
707 1370 824 1406 πολέμου

53 1419 60 1436 ι
78 1413 244 1448 είργάσαντο,
270 1414 346 1441 αὐτοὶ
369 1415 458 1447 ἄλλοις
484 1416 595 1451 Βοράδοι
611 1416 658 1443 καὶ
672 1415 764 1442 Γότθοι
781 1416 824 1450 γί-

51 1466 60 1482 ‹
78 1467 180 1486 νωνται,
200 1459 411 1496 Ἀπεστείλαμεν
425 1459 470 1488 οὖν
479 1461 524 1487 τὸν
536 1461 649 1496 ἀδελφὺν
663 1462 709 1489 καί
726 1461 824 1496 συγγέ-

52 1511 60 1528 ‹
78 1512 155 1539 ροντα
178 1505 350 1541 Εὐφρόσυνον
363 1506 406 1533 διὰ
421 1506 507 1533 ταῦτα
534 1507 602 1543 πρὸς
618 1507 699 1543 ὑμᾶς,
720 1507 762 1534 ῖνα
776 1517 826 1535 κα-

51 1559 59 1575 ι
76 1551 108 1578 τά
121 1551 165 1578 τὸν
183 1552 279 1579 ἐνθάδε
292 1552 377 1579 τύπον
403 1553 449 1580 καὶ
470 1553 550 1585 αὐτὸς
572 1552 627 1589 δώῃ
653 1555 754 1589 ὁμοίως
777 1556 824 1582 καὶ

52 1604 60 1620 ‹
76 1592 110 1623 ὧν
124 1597 162 1624 δεῖ
176 1598 227 1630 τὰς
247 1599 412 1635 κατηγορίας
424 1599 594 1635 προσίεσθαι,
606 1600 652 1627 καὶ
666 1600 713 1633 οὓς
727 1601 768 1628 δεῖ
779 1602 825 1628 ὲκ-

53 1649 60 1666 t
74 1642 185 1678 κηρύξαι
201 1643 257 1670 τῶν
272 1643 385 1680 εὐχῶν.»

80 1687 173 1715 ΒΑΛΣ.
197 1689 450 1725 Ἀπολογησάμενος
474 1689 488 1716 ὁ
501 1690 578 1724 ἅγιος
594 1690 629 1717 τὰ
647 1691 739 1719 εἰκότα
758 1691 825 1728 πρὸς

21 1763 23 1767 τ
47 1733 104 1765 τοὺς
114 1733 254 1769 λέγοντας,
270 1735 308 1767 ὡς
329 1735 482 1772 ἐρριμμένα
505 1736 551 1763 καὶ
567 1736 723 1772 ἀτημέλητα
735 1737 825 1773 εὑρεῖν

47 1779 76 1805 τὰ
88 1779 140 1807 τῶν
153 1776 425 1816 αἰχμαλωτισθέντων
453 1782 613 1817 πράγματα,
625 1783 673 1809 καὶ
688 1783 731 1809 διὰ
746 1783 824 1810 τοῦτο

48 1824 196 1854 ἰδιώσασθαι
210 1827 289 1854 αὐτὼ
317 1827 378 1863 ἄρτι
393 1828 562 1862 ἀπολογεῖται
578 1829 645 1865 πρὸς
666 1830 729 1861 τοὺς
750 1830 824 1856 ἀντι-

47 1872 218 1907 ποιουμένους
232 1872 287 1900 τῶν
303 1873 483 1908 διαφερόντων
502 1876 557 1905 τοῖς
571 1874 824 1909 αίχμαλωτισθεῖσιν

44 1915 99 1944 ἀντὶ
110 1918 163 1945 τῶν
174 1918 335 1954 φθασάντων
344 1918 419 1954 παρὰ
429 1919 482 1945 τῶν
498 1919 634 1954 πολεμίων
644 1921 825 1956 ἀφαιρεθῆναι

45 1965 210 1999 πραγμάτων
222 1964 322 1991 αὐτῶν,
347 1964 416 1999 Φησὶ
442 1964 497 2000 γὰρ
517 1964 554 1996 ὡς
574 1965 619 1991 καὶ
642 1966 720 1993 τοῦτο
732 1967 821 2003 ἀπάτη

44 2008 97 2035 ἐστὶ
107 2010 154 2036 καὶ.
184 2010 287 2045 ματαία
310 2009 456 2046 πρόφασις.
471 2009 537 2036 Οὐδὲ
564 2010 617 2044 γὰρ
641 2010 743 2038 δίκαιόν
765 2012 823 2040 ἐστι

43 2054 146 2087 τούτους
159 2056 308 2090 γεγονότας
319 2056 505 2090 παρανάλωμα
518 2055 645 2091 πολεμίου
658 2057 822 2093 βαρϐαρικοῦ

45 2100 78 2136 μὴ
103 2103 284 2137 καρτερῆσαι,
307 2101 373 2128 ἀλλά
396 2100 520 2136 γενέσθαι
554 2102 652 2134 αὐτοὺς
678 2103 822 2138 πολεμίους

42 2145 91 2172 τῶν
103 2147 245 2182 ἀδελφῶν,
269 2148 316 2174 καὶ
335 2148 505 2184 χρηματίσαι
529 2149 567 2179 είς
590 2149 700 2180 τούτους
727 2149 822 2181 ἄλλους

43 2190 201 2228 βαρϐάρους.
217 2193 266 2221 Διά
276 2193 362 2220 ταῦτα
375 2195 583 2231 ἀπεστείλαμεν,
594 2195 678 2229 λέγει,
691 2195 736 2221 τὸν
747 2195 821 2222 ἀδελ·
838 2204 859 2232 ι)

42 2237 87 2270 φὺν
97 2239 275 2274 Εὑφρόσυνον
289 2240 357 2276 πρὸς
375 2240 456 2276 ὑμᾶς,
478 2241 524 2268 ἴνα
538 2241 608 2268 κατὰ
635 2241 681 2268 τδν
705 2241 822 2269 ἐνταῦθα

42 2282 129 2316 τύπον,
149 2285 248 2320 ἡγουν,
273 2285 364 2317 καθὼς
392 2287 473 2321 ἡμεῖς
501 2286 618 2314 ἐνταῦθα
645 2288 821 2323 ἐποιήσαμεν.

41 2328 90 2365 δώῃ
100 2330 184 2356 τύπον
204 2331 251 2358 καὶ
269 2331 361 2358 αὐτόθι
379 2331 449 2358 ὥστε
468 2332 539 2359 οὓτω
553 2334 639 2360 ποιεῖν
656 2334 736 2369 ὑμᾶς.
756 2331 823 2360 Εῐτά

42 2382 117 2409 φησιν
136 2376 175 2408 ὡς
195 2377 210 2403 ό
227 2377 307 2408 αὐτὸς
330 2377 502 2412 Εὑφρόσυνος
517 2378 667 2411 ἀναδιδάξει
686 2379 761 2411 τίνας
781 2379 822 2406 δεῖ

42 2421 236 2456 προσδέχεσθαι
251 2422 470 2458 κατηγοροῦντας
491 2423 562 2450 κατά
581 2432 671 2455 τινων,
686 2425 733 2451 καὶ
748 2425 822 2456 τίνας

41 2466 87 2501 χρὴ
100 2467 304 2503 ἀποκηρύττειν
318 2468 369 2503 τῆς
388 2468 549 2504 Ἐκκλησίας
561 2469 607 2496 καὶ
620 2469 668 2504 τῆς
683 2469 822 2502 κοινωνίας

39 2511 87 2537 τῶν
101 2514 218 2540 πιστῶν.

70 2557 191 2584 ΖΩΝΑΡ.
207 2558 297 2590 Τινὲς,
320 2559 413 2594 φησιν,
430 2559 611 2590 ἀπολέσαντες
633 2559 719 2585 οἰκεῖα
738 2560 824 2594 πράγ-

40 2611 117 2636 ματα,
128 2605 177 2631 καὶ
188 2604 316 2640 εὑρόντες
332 2604 471 2640 ἀλλότρια,
488 2605 596 2639 λέγουσι
610 2605 733 2640 κατέχειν
741 2605 821 2636 αὐτὰ,

38 2648 90 2674 ἀνθ’
100 2645 137 2676 ὧν
151 2649 309 2684 ἀπώλεσαν,
321 2651 509 2684 ἐξαπατῶντες
522 2650 644 2682 ἑαυτούς.
659 2651 746 2686 Ὅπερ
757 2651 820 2687 γὰρ,

39 2696 126 2729 φησιν,
135 2697 263 2730 ἐγένοντο
277 2698 392 2728 ἐκείνοις
405 2698 430 2724 οι
444 2697 567 2732 πολέμιοι
585 2696 728 2733 βάρὸαροι,
744 2697 823 2723 τοῦτο

38 2739 154 2773 γίνονται
171 2742 252 2768 αὐτοὶ
263 2744 319 2773 τοῖς
335 2742 469 2776 ἀδελφοῖς.
487 2743 633 2776 Ἥρπασαν
649 2743 674 2770 οἱ
691 2742 822 2778 βάρὸαροι

37 2787 66 2813 τὰ
91 2788 217 2819 ἐκείνων,
244 2789 364 2815 κάκεῖνοι
379 2789 414 2815 τὰ
443 2789 498 2816 τῶν
525 2789 655 2824 ἀδελφῶν.
674 2789 723 2816 Διὰ
736 2789 822 2816 ταῦτα

38 2831 249 2869 ἀπεστείλαμεν,
265 2834 349 2869 λέγει,
363 2834 407 2862 ἶνα
433 2834 504 2861 κατὰ
526 2835 571 2862 τὸν
594 2834 710 2862 ενταῦθα
727 2835 822 2867 τύπον,

873 909 896 936 si
920 916 980 936 eam
1001 908 1147 941 inveneris,
1169 908 1217 935 tibi
1240 908 1377 942 propriam
1401 908 1547 941 vindicare,
1569 907 1616 936 sed
1630 909 1655 935 ei

873 955 918 990 qui
933 955 1050 990 perdidit
1065 955 1167 982 servari
1183 955 1293 990 antiqua
1313 955 1352 982 lex
1366 955 1458 990 jubet;
1478 960 1582 990 quanto
1596 963 1656 982 ma-

874 1001 915 1035 gis
931 1001 953 1028 si
970 1008 1014 1028 res
1037 1001 1172 1028 inveneris
1194 1001 1286 1028 fratris
1301 1001 1339 1028 tui
1358 1001 1404 1036 qui
1426 1001 1540 1036 aufugit,
1563 1006 1611 1029 aut
1628 1002 1656 1028 in

875 1046 1032 1074 servitutem
1056 1047 1189 1075 abductus
1211 1052 1262 1079 est,
1279 1047 1313 1075 ab
1328 1048 1387 1082 ipso
1407 1049 1527 1081 relictas,
1547 1055 1657 1076 servare

875 1091 936 1119 illas
949 1099 981 1119 ac
997 1091 1153 1120 infortuniis
1165 1100 1259 1128 presso
1273 1093 1384 1120 reddere
1399 1094 1554 1128 oportebit?

1169 1229 1284 1257 CANON
1304 1229 1336 1256 ν.

914 1281 923 1296 ί
943 1272 995 1300 Alii
1020 1278 1108 1301 autem
1124 1274 1229 1309 seipsos
1247 1275 1388 1308 seducunt,
1406 1283 1456 1311 pro
1466 1277 1584 1311 propriis
1595 1285 1656 1313 quae

879 1326 888 1342 ι
908 1319 1055 1352 perierunt,
1082 1320 1169 1347 aliena
1194 1328 1254 1355 quas
1283 1321 1454 1356 invenerunt,
1479 1322 1653 1352 detinentes:

878 1371 889 1387 ι
909 1368 939 1390 ut
953 1365 1080 1398 quoniam
1095 1364 1190 1392 Boradi
1206 1371 1233 1394 et
1251 1365 1333 1394 Gothi
1349 1368 1389 1394 eis
1398 1367 1510 1396 hostilia
1523 1368 1655 1402 fecerunt,

880 1419 889 1435 ι
909 1409 961 1444 ipsi
982 1410 1037 1442 sint
1053 1411 1113 1439 aliis
1132 1411 1229 1439 Boradi
1257 1417 1283 1438 et
1310 1412 1400 1440 Gothi.
1423 1413 1568 1448 Propterea
1591 1423 1656 1452 ergo

879 1464 889 1480 ι
909 1455 1019 1483 fratrem
1035 1461 1062 1483 et
1080 1465 1224 1485 conscnem
1247 1463 1369 1485 nostrum
1391 1458 1600 1496 Euphrmynum
1622 1462 1655 1489 ad

880 1509 890 1526 ι
910 1509 958 1529 vos
976 1502 1111 1535 misimus,
1127 1507 1156 1530 ut
1170 1505 1317 1531 secundum
1336 1504 1450 1532 formam
1466 1514 1527 1541 qua:
1543 1506 1588 1534 hic
1603 1512 1655 1540 est,

879 1556 890 1574 ι
911 1551 938 1575 et
950 1548 1008 1582 ipse
1022 1548 1067 1575 det
1081 1549 1214 1582 similiter,
1229 1555 1257 1577 et
1275 1558 1391 1585 quorum
1408 1553 1594 1581 accusationes
1608 1554 1657 1587 ad-

879 1603 888 1619 ι
909 1594 1016 1621 mittere
1030 1599 1162 1630 oporteat,
1177 1601 1204 1623 et
1219 1604 1289 1631 quos
1303 1605 1317 1624 a
1330 1598 1455 1632 precibus
1471 1599 1606 1626 abdicare.
1625 1609 1636 1625 ι

909 1683 990 1712 ΒΑιε.
1006 1685 1154 1721 Postquam
1170 1693 1293 1720 sanctus,
1307 1696 1366 1723 quae
1378 1694 1458 1716 erant
1474 1695 1656 1720 consentanea

874 1732 1016 1766 respondit
1031 1732 1066 1759 iis
1085 1733 1131 1767 qui
1151 1733 1276 1761 dicebant
1288 1742 1318 1762 se
1333 1739 1363 1762 ut
1378 1735 1507 1770 disjectas
1519 1740 1546 1763 et
1563 1736 1656 1771 negle»

874 1778 929 1804 ctui
944 1778 1053 1805 habitas
1071 1787 1113 1806 res
1129 1780 1297 1814 captivorum
1313 1781 1451 1809 invenisse
1467 1787 1494 1809 et
1514 1787 1655 1817 propterea

874 1829 905 1850 ea
919 1823 970 1850 sibi
984 1823 1136 1851 vindicasse
1149 1833 1156 1856 ;
1171 1833 1244 1852 nunc
1259 1825 1292 1852 iis
1306 1826 1459 1860 respondet,
1477 1828 1534 1862 qui,
1548 1836 1608 1863 qua:
1622 1829 1656 1856 ad

875 1868 996 1903 captivos
1011 1869 1193 1909 pertinebant,
1218 1877 1267 1904 pro
1282 1871 1316 1898 iis
1333 1879 1394 1906 qua:
1410 1871 1461 1899 sibi
1477 1872 1511 1900 ab
1531 1873 1656 1901 hostibus

873 1913 949 1947 prius
963 1913 1051 1941 ablata
1066 1914 1182 1948 fuerant,
1196 1916 1378 1945 vindicabant.
1395 1917 1465 1946 Dicit
1479 1920 1551 1947 enim
1563 1924 1590 1949 et
1604 1921 1656 1948 hoc

873 1966 933 1987 esse
953 1959 1074 1987 fraudem
1099 1965 1126 1988 et
1149 1961 1255 1990 inanem
1280 1968 1451 1998 praetextum.
1473 1964 1566 2001 Neque
1581 1967 1655 1995 enim

873 2011 980 2039 equum
996 2010 1048 2037 est,
1062 2010 1092 2033 ut
1109 2006 1155 2041 qui
1175 2016 1207 2034 ex
1224 2008 1294 2035 bello
1306 2010 1448 2038 barbarico
1462 2011 1654 2040 detrimentum

873 2051 1036 2085 acceperint,
1050 2059 1104 2078 non
1116 2053 1261 2081 toleranter
1271 2053 1368 2087 ferant,
1379 2056 1425 2082 sed
1436 2056 1490 2083 sint
1502 2057 1551 2091 ipsi
1562 2057 1655 2088 hostes

874 2094 999 2129 fratrum,
1017 2102 1044 2124 et
1063 2098 1108 2124 alii
1128 2098 1154 2125 in
1175 2099 1249 2134 ipsos
1261 2100 1569 2136 barbartappellentur.
1587 2103 1655 2131 Pro-

874 2146 976 2176 pterea,
993 2144 1092 2178 inquit,
1109 2144 1234 2173 misimus
1259 2146 1292 2173 ad
1308 2153 1356 2174 vos
1370 2146 1480 2175 fratrem
1498 2147 1655 2185 Euphrosy-

875 2196 952 2222 num,
967 2194 997 2216 ut
1010 2189 1086 2224 juxta
1105 2190 1219 2218 formam
1235 2191 1279 2218 hic
1294 2193 1430 2225 traditam,
1453 2201 1501 2222 seu
1521 2196 1654 2229 quemadv

873 2234 982 2261 modum
1002 2235 1045 2262 hic
1066 2235 1195 2269 fecimus,
1213 2237 1293 2265 isthic
1309 2246 1418 2273 quoque
1432 2239 1477 2267 det
1492 2239 1607 2268 formam
1624 2246 1654 2274 ut

873 2280 912 2307 sic
926 2288 975 2308 vos
990 2280 1106 2309 faciatis.
1122 2281 1220 2309 Deinde
1232 2282 1297 2309 dicit
1311 2293 1317 2310 :
1334 2283 1529 2321 Euphrosynus
1543 2293 1590 2313 vos
1602 2287 1654 2314 do-

873 2326 944 2352 cebit
957 2334 1090 2361 quosnam
1107 2333 1134 2355 et
1148 2328 1278 2356 adversus
1294 2336 1364 2363 quos
1378 2337 1539 2360 accusantes
1555 2331 1654 2360 admit-

874 2377 940 2404 tere.
956 2378 984 2399 et
998 2381 1131 2407 quosnam
1152 2373 1186 2401 ab
1204 2373 1324 2402 Ecclesia
1344 2379 1372 2402 et
1394 2376 1513 2405 fidelium
1529 2386 1654 2407 comnm—

874 2417 955 2445 nione
966 2419 1091 2447 abdicare
1106 2424 1238 2454 oporteat.

909 2555 1010 2583 Zama.
1032 2555 1170 2592 Nonnulli,
1194 2559 1292 2595 inquit,
1317 2559 1427 2588 amissis
1440 2560 1524 2589 rebus
1536 2562 1604 2596 suis.
1621 2571 1655 2592 ae

874 2601 961 2628 aliena
983 2602 1162 2636 invenientes.
1177 2613 1226 2640 pro
1241 2606 1276 2634 iis
1293 2614 1354 2642 qua!
1374 2607 1524 2638 amiserunt
1538 2616 1569 2636 ea
1584 2609 1654 2636 deti-

873 2655 937 2675 nere
952 2655 982 2675 se
995 2654 1131 2682 asserunt,
1162 2652 1266 2686 seipsos
1280 2652 1456 2688 decipientes.
1473 2653 1552 2687 Quod
1567 2654 1654 2688 enim.

865 2695 921 2727 ,ait,
937 2695 990 2722 illis
1005 2692 1084 2722 fuere
1103 2697 1195 2724 hosres
1210 2698 1329 2730 barbari,
1343 2699 1394 2726 hoc
1411 2699 1460 2734 ipsi
1480 2700 1547 2726 liunt
1562 2698 1655 2727 fratri-

873 2742 934 2770 bus.
947 2742 1057 2771 Barbari
1078 2750 1122 2772 res
1138 2743 1245 2771 illorum
1257 2750 1416 2779 rapuerunt,
1430 2753 1462 2773 ac
1476 2743 1514 2773 illi
1527 2745 1653 2776 fratrum.

872 2789 1028 2824 Propterea,
1044 2789 1143 2825 inquit,
1161 2789 1395 2827 [Euphrosynum]
1408 2792 1441 2818 ad
1456 2800 1504 2819 vos
1520 2792 1657 2824 misimus.

874 2840 902 2862 ut
920 2835 1068 2862 secundum
1094 2835 1211 2863 formam
1232 2836 1276 2863 hic
1295 2836 1467 2864 obs-enatam
1484 2846 1532 2865 vos
1549 2845 1658 2873 quoque
