1857 3047
199 99 268 126 4059

763 97 792 124 S.
813 96 978 125 ΕΠ.Εοοῆιί
999 96 1254 125 THAUMATL’RGI

1759 96 1820 124 10ιο

199 159 255 186 illic
268 157 382 190 faciatis,
397 161 424 184 et
433 163 549 191 quorum
563 156 754 184 accusationes
767 161 794 183 et
804 161 899 184 contra
912 164 978 191 quos

1055 157 1079 182 z‘t
1096 156 1191 182 αὐτόθι
1216 157 1286 182 ὥστε
1304 155 1389 187 οὕτως
1404 156 1475 191 ὑμᾶς
1500 157 1598 187 ποιεῖν,
1629 156 1679 182 καὶ
1703 155 1822 187 τίναςδεῖ

197 209 320 240 oporteat
332 204 490 236 admittatis,
502 209 529 231 et
542 211 611 238 quos
620 203 701 230 decet
711 202 843 231 abdicetis
853 221 861 233 .
874 203 927 230 hoc
945 207 987 229 est

198 251 315 286 ejiciatis
327 250 361 277 ab
376 249 505 282 Ecclesia,
519 253 601 284 atque
615 257 630 275 a
645 248 769 277 ﬁdelibus
784 248 941 283 segregetis,
955 257 987 276 ne

199 303 261 323 cum
276 295 342 330 ipsis
362 302 416 321 una
432 299 588 329 precentur.
606 293 692 320 Porro
707 300 889 328 quorumnam
904 301 987 321 accu-

198 342 319 369 sationes
332 341 506 368 admittenda:
522 341 587 372 sint,
601 344 708 367 sextum
724 339 851 367 secunda:
864 347 985 367 cecume—

197 388 264 415 nica:
288 386 383 422 synodi
400 391 482 422 caput
497 387 586 414 docet.
616 385 752 421 Legantnr
773 385 855 413 etiam
871 393 932 420 qua:
949 386 985 412 ibi

196 433 367 468 scripsimus.

497 477 612 505 CANON
641 477 684 504 Vl.

233 534 243 550 ι
263 524 301 552 De
316 525 349 552 iis
362 525 407 559 qui
417 524 540 559 captivos
548 531 580 551 ex
593 523 716 550 barbaris
728 521 863 557 fugientes
878 522 904 549 vi
917 522 985 550 deti-

198 580 208 596 ι
229 575 305 598 nent.
321 570 516 597 Dcnuntiatum
531 573 622 596 autem
634 573 677 596 est
692 568 772 595 nobis
786 568 925 603 quidpiam
941 568 985 595 in-

196 625 206 642 c
228 615 357 643 credibile
379 616 405 642 in
418 620 508 643 vestra
531 615 642 650 regione
662 613 764 641 factum
780 621 850 646 esse,
872 614 984 641 omnino

197 671 205 687 ι
226 662 260 688 ab
276 661 432 689 inﬁdelibus
448 666 474 688 et
488 661 589 696 impiis,
602 658 630 688 et
642 661 688 695 qui
703 668 737 687 ne
754 667 853 686 nomen
873 660 983 694 quidem

196 716 206 732 ι
227 706 336 733 Domini
351 713 469 740 novere;
497 705 570 741 quod
590 705 716 732 nonnulli
729 713 762 732 eo
777 705 985 733 inhumanitatis

197 762 206 778 ι
227 753 450 787 crudelitatisque
465 759 632 786 processere,
645 755 674 777 ut
687 750 808 785 captivos
818 750 925 785 aliquos
936 751 983 785 qui

196 808 206 824 ‹
228 798 391 834 eﬁ‘ugerunt,
411 798 438 825 vi
466 798 611 825 retineant.
637 796 735 824 Mittite
763 796 870 832 aliquos
893 797 920 824 in
941 804 984 824 re-

1038 201 1257 236 κατηγοροῦντάς
1278 209 1357 227 τινων
1377 201 1582 237 προσδέχεσθαι,
1615 201 1664 228 καὶ
1678 201 1726 233 οὓς
1749 202 1822 237 Enr,-

1039 247 1128 282 ρύξαι,
1145 247 1227 282 ἤγουν
1241 247 1317 278 τίνας
1332 247 1381 281 τῆς
1401 247 1562 282 "Emi-quia;
1581 247 1697 279 ἐξῶσαι,
1723 249 1767 274 καὶ
1778 249 1821 275 τῶν

1037 293 1143 320 πιστῶν
1173 294 1299 329 χωρίσαι,
1317 293 1388 320 ὥστε
1404 293 1440 328 μὴ
1459 294 1638 329 συνεύχεσθαι
1670 295 1768 326 αὐτοῖς.
1784 293 1820 322 Τί-

1037 348 1084 371 νας
1102 340 1129 366 δὲ
1150 339 1189 366 δεῖ
1216 339 1437 376 κατηγοροῦντας
1464 340 1677 375 προτόἑχεοοαι,
1702 341 1733 367 τὸ
1754 342 1820 368 ἕκτον

1036 385 1181 420 κεφάλαιον
1205 386 1255 420 τῆς
1282 386 1411 420 δευτέρας
1442 385 1637 420 οἰκουμενικῆς
1667 386 1774 412 συνόδω
1790 386 1821 413 δι-

1035 432 1139 458 δάσκει.
1171 433 1368 466 Ἀναγνωστέον
1381 433 1427 459 καὶ
1442 434 1477 460 τὰ
1492 434 1550 460 ἐκεῖ
1563 433 1762 468 γεγραμμένα.

1335 479 1454 505 ΚΛΝΩΝ
1470 481 1515 513 ς’.

1074 533 1082 549 ι
1099 524 1167 559 Περὶ
1176 524 1230 551 τῶν
1243 523 1287 560 βίᾳ
1304 525 1472 559 κατεχόντων
1489 525 1552 556 τοὺς
1568 525 1601 551 ἐκ
1615 525 1674 551 τῶν
1688 525 1822 560 βαρϐάρων

1038 580 1047 595 ι
1068 569 1266 605 αἰχμαλώτους.
1292 570 1464 606 ’Ᾱπηγγέλθη
1479 571 1507 597 δέ
1522 579 1547 597 τι
1561 571 1629 606 ἡμῖν
1645 572 1696 598 καὶ
1721 571 1822 597 ἄπιστον

1038 626 1046 641 ι
1068 618 1097 642 ἐν
1114 619 1147 652 τῇ
1171 616 1248 653 χώρᾳ
1276 617 1352 652 ὑμῶν
1375 617 1530 652 γενόμενον,
1561 617 1676 648 πάντως
1705 625 1755 643 που
1779 617 1822 643 ὑπὸ

1039 672 1047 687 ‹
1069 663 1190 689 ἀπίστων
1217 663 1263 689 καὶ
1290 662 1396 689 ἀσεϐῶν
1410 663 1457 690 καὶ
1478 662 1514 698 μὴ
1530 663 1641 689 εἰδότων
1660 663 1731 698 μηδὲ
1749 663 1823 698 ὖνομα

1038 718 1046 733 ι
1066 709 1179 744 Κυρίου,
1198 709 1238 736 ὅτι
1267 710 1321 746 ἄρα
1336 710 1375 741 εἰς
1393 709 1519 736 τοσοῦτόν
1539 718 1613 741 τινες
1626 709 1773 745 ὠμότητος
1784 710 1823 736 καὶ

1037 763 1046 780 ι
1069 754 1267 790 ἀπανθρωπίας
1284 754 1492 790 προεχώρησαν,
1507 754 1577 780 ὥστε
1592 755 1674 786 τινὰς
1698 756 1762 786 τοὺς
1774 755 1823 782 δια-

1038 810 1046 826 r
1066 802 1198 835 φυγόντας
1214 801 1403 837 αἰχμαλώτους
1418 801 1463 837 βία
1475 801 1613 836 κατέχειν.
1635 801 1824 828 Ἀποστείλατέ

196 843 205 870 r
226 845 346 879 gionem,
374 852 409 871 ne
435 843 478 871 vel
501 843 613 870 fulmina
632 843 658 869 in
679 850 726 870 eos
742 843 840 870 cadant
857 843 904 878 qui
925 842 978 871 haec

1064 856 1139 879 τινας
1152 848 1192 878 εἰς
1205 848 1255 882 τὴν
1267 846 1370 882 χώραν,
1388 847 1424 882 μὴ
1440 847 1487 873 καὶ
1510 847 1628 881 σκηπτοὶ
1647 847 1772 874 πέσωσιν
1783 847 1823 873 ἐπὶ

197 899 205 916 ι
227 894 321 925 agunt.
343 900 352 915 ι

227 936 312 964 ΒΑιε.
328 935 439 970 Accepit
452 939 564 963 sanctus
576 935 647 970 quod
663 935 773 969 quidam
786 935 881 970 captivi
895 935 984 963 ortho-

191 983 266 1017 doxi,
280 986 428 1018 postquam
444 989 541 1009 manus
554 981 712 1009 barbaricas
725 989 846 1014 evasere,
860 982 885 1008 vi
899 989 914 1008 a
925 981 984 1016 qui-

191 1029 308 1057 busdam
323 1029 490 1061 detinentur,
509 1035 558 1055 nec
582 1028 695 1055 domum
718 1027 817 1054 reverti
839 1027 980 1054 sinuntur.

190 1074 263 1102 Dicit
283 1082 347 1109 ergo
361 1074 404 1106 iis,
420 1074 453 1101 ad
469 1081 538 1108 quos
552 1073 682 1108 scriptum
696 1072 748 1101 hoc
760 1073 905 1108 epistolare
915 1073 982 1100 mis-

190 1127 252 1148 sum
275 1124 328 1151 est,
347 1119 421 1154 quod
445 1120 498 1147 hoc
513 1119 538 1147 ei
564 1118 723 1146 incredibile
747 1119 835 1146 visum
861 1123 921 1146 est:
940 1123 982 1147 est

191 1167 264 1193 enim
288 1165 438 1193 inﬁdelium
454 1169 481 1192 et
494 1165 641 1199 impiorum
662 1171 741 1199 opus.
759 1164 806 1191 Sin
826 1168 918 1192 autem
936 1164 978 1191 fa-

191 1216 266 1238 ctum
277 1215 329 1244 est,
346 1218 400 1238 non
415 1210 565 1238 remanebit
577 1211 751 1245 impunitum.
766 1210 798 1238 Et
809 1211 869 1238 ideo
881 1210 981 1238 debent

191 1260 249 1285 haec
262 1257 406 1293 diligenter
416 1257 529 1292 inquiri,
542 1260 568 1284 et
584 1257 657 1284 mitti
672 1258 698 1284 in
711 1257 850 1292 regionem
862 1257 909 1291 qui
923 1257 980 1284 haec

189 1307 407 1337 pcrscrutentur.
424 1302 569 1331 Existimat
580 1302 664 1336 enim,
684 1303 756 1338 quod
775 1303 856 1330 etiam
876 1303 979 1331 fulmen

189 1356 237 1375 seu
260 1348 332 1384 ignis
356 1349 391 1376 sit
414 1355 539 1383 casurus,
562 1354 590 1376 et
610 1356 658 1377 eos
680 1349 726 1384 qui
747 1350 804 1377 haec
821 1353 980 1385 agnntexu—

189 1400 293 1422 sturus.

223 1439 323 1468 lcum.
343 1439 483 1473 Nonnulli,
501 1441 601 1476 inquit,
630 1446 659 1469 ut
675 1441 837 1475 didicimus,
859 1442 979 1477 captivos

187 1484 221 1513 ex
237 1486 362 1515 hostibus
375 1486 548 1521 diﬁ‘ugientes
562 1487 588 1513 vi
606 1487 725 1515 retinent
748 1497 754 1514 :
778 1489 824 1522 qui
842 1493 905 1516 sunt
919 1496 979 1516 om-

188 1534 252 1560 nino
275 1532 398 1560 inﬁdeles
422 1536 449 1560 et
475 1532 563 1567 impii,
592 1540 680 1568 neque
694 1534 735 1560 vel
758 1533 843 1561 Deum
865 1539 975 1562 norunt.

186 1577 429 1607 Proindesanctus
443 1579 484 1605 vir
497 1579 532 1606 ab
549 1579 584 1606 iis
605 1579 638 1607 ad
653 1588 723 1615 quos
738 1580 843 1611 scribit,
860 1581 978 1615 postulat

186 1625 257 1652 mitti
275 1626 302 1652 in
313 1626 452 1660 regionem
466 1625 591 1653 homines
605 1626 650 1660 qui
662 1626 695 1653 dc
711 1626 762 1653 hac
775 1633 805 1653 re
822 1626 976 1661 inquirant;

185 1679 240 1704 ne,
261 1671 368 1705 inquit,
392 1671 463 1706 ignis
487 1671 566 1698 cadat
591 1671 718 1703 coalitus,
739 1679 772 1698 ac
792 1678 840 1699 eos
857 1672 907 1706 Qui
920 1671 978 1700 haec

187 1720 271 1751 agunt
286 1716 422 1744 absumat.
443 1715 501 1745 Hoc
518 1720 607 1744 autem
623 1717 700 1749 dixit,
716 1716 846 1744 facinoris
860 1717 977 1751 gravita-

186 1766 242 1789 tem
258 1761 393 1789 indicans.

487 1807 602 1836 CANON
619 1806 673 1834 Vll.

224 1864 234 1880 ‹
255 1854 294 1882 De
311 1855 344 1882 iis
359 1854 406 1890 qui
422 1855 492 1882 inter
508 1854 640 1881 barbaros
657 1854 826 1881 annumerati
845 1857 925 1887 sunt.
949 1858 976 1882 et

188 1910 198 1926 ι
221 1900 339 1928 absurda
353 1900 476 1935 quaedam
493 1900 521 1927 in
535 1907 582 1927 eos
596 1899 642 1934 qui
656 1904 720 1927 sunt
730 1899 771 1926 sui
787 1900 894 1934 generis
909 1898 977 1927 fece-

189 1955 198 1969 ί
223 1949 297 1972 runt.
325 1944 379 1972 Eos
401 1945 490 1980 itaque
505 1945 552 1980 qui
576 1945 644 1971 inter
670 1944 801 1971 barbaros
825 1945 976 1971 enumerati

189 2001 198 2017 ί
220 1996 301 2023 sunt,
316 1995 342 2018 et
355 1999 416 2019 cum
430 1991 470 2018 eis
485 1991 512 2018 in
536 1990 690 2025 captivitate
705 1991 880 2023 invaserunt,
899 1989 975 2018 obliti

188 2048 197 2063 (
220 2046 250 2065 se
272 2045 333 2066 esse
352 2037 479 2064 Ponticos
501 2041 528 2064 et
549 2036 739 2069 Christianos,
760 2035 863 2063 efferati
885 2040 975 2064 autem

187 2093 197 2110 ί
219 2084 383 2120 barbarique
395 2083 503 2116 redditi,
518 2087 548 2110 ut
562 2087 588 2110 et
601 2090 649 2110 eos
661 2083 708 2117 qui
724 2082 766 2109 sui
779 2085 843 2110 sunt
856 2082 974 2117 generis,

187 2140 196 2156 ι
220 2132 262 2158 vel
281 2131 354 2166 ligno
369 2131 409 2158 vel
423 2129 601 2158 suﬂ'ocationc
615 2129 796 2161 interﬁciant,
810 2129 868 2156 vias
883 2133 973 2156 autem

1037 901 1046 918 ί
1065 893 1129 924 τοὺς
1143 891 1177 918 τὰ
1191 894 1302 919 τοιαῦτα
1319 893 1518 927 πράσσοντας.)

1069 939 1157 964 ΒΛΛΣ
1186 937 1306 973 Ἔμαθεν
1318 939 1331 964 ὁ
1357 938 1431 971 ἆγιος
1443 937 1480 970 ὥς
1491 947 1562 970 τινες
1572 937 1714 974 ὀρθόδοξοι
1735 938 1824 973 αίχμὶ-

1033 985 1122 1016 λωτοι,
1148 984 1197 1015 τὰς
1226 983 1396 1020 βαρϐαρικὰς
1422 985 1516 1020 χεῖρας
1543 984 1737 1019 διαφυγόντες,
1756 984 1824 1010 κατέ-

1032 1038 1124 1065 χονται
1136 1029 1187 1055 ὑπό
1201 1037 1281 1055 τινων
1296 1029 1365 1055 κατὰ
1378 1029 1450 1064 βίαν,
1474 1030 1522 1056 καὶ
1548 1031 1578 1056 οὐ
1598 1030 1824 1066 παραχωροῦντα-ι

1032 1075 1122 1102 οἴκαδε
1138 1074 1317 1110 ὑποστρέψαι.
1329 1075 1412 1110 Φησὶν
1427 1073 1473 1102 οὖν
1490 1075 1558 1112 πρὸς
1573 1075 1621 1107 οὓς
1637 1077 1783 1111 ἀπεστάλη
1798 1076 1825 1102 τὸ

1031 1113 1235 1156 ἐπιστολιμαῖον
1251 1119 1329 1146 τοῦτο
1345 1120 1472 1156 γράμμα,
1487 1120 1526 1152 ὡς
1553 1121 1634 1147 τοῦτο
1650 1122 1698 1148 καὶ
1713 1122 1825 1148 ἄπιστον

1031 1166 1156 1202 ἐλογίσθη
1183 1166 1266 1202 αὐτῷ·
1286 1165 1365 1202 ἔργον
1390 1167 1443 1202 γάρ
1460 1168 1532 1193 ἐστιν
1560 1168 1685 1195 ἀπίστων
1704 1169 1754 1195 καὶ
1766 1169 1826 1194 ἀσε-

1031 1212 1096 1238 ϐῶν.
1113 1213 1144 1238 Εἰ
1158 1212 1186 1239 δὲ
1202 1213 1325 1247 γέγονεν,
1340 1213 1516 1248 ἀνεκδίκητον
1529 1214 1580 1239 οὐκ
1595 1213 1683 1240 ἔσται.
1714 1213 1764 1240 Διὸ
1783 1214 1825 1240 καὶ

1030 1257 1165 1292 ὀφείλουσι
1177 1257 1211 1283 τὰ
1226 1257 1290 1292 περὶ
1317 1257 1411 1284 τούτου
1439 1258 1754 1294 πολυπραγμονηθῆναι,
1783 1260 1826 1286 καὶ

1030 1303 1187 1329 ἀποστεῖλαι
1219 1303 1259 1334 είς
1271 1303 1321 1338 τὴν
1335 1303 1426 1339 χώραν
1456 1304 1504 1330 καὶ
1531 1304 1690 1341 ἐρευνῆσαι.
1710 1305 1826 1341 Νομίζει

1030 1348 1084 1384 γὰρ
1098 1348 1136 1380 ὡς
1152 1348 1199 1374 καὶ
1227 1348 1357 1384 σκηπτὸς,
1383 1349 1467 1383 ἤγουν
1496 1349 1562 1384 πῦρ,
1578 1350 1611 1377 ἐκ
1635 1350 1684 1376 τοῦ
1711 1351 1826 1387 οὐρανοῦ

1029 1393 1120 1425 ἔπεσε,
1134 1394 1180 1420 καὶ
1194 1392 1340 1428 κατέφλεξε
1356 1394 1418 1426 τοὺς
1433 1394 1519 1422 ταῦτα
1532 1396 1722 1431 πράσσοντας.

1064 1439 1184 1464 ΖΩΝΛΡ.
1200 1439 1287 1471 Τινὲς,
1303 1440 1396 1474 φησὶν,
1412 1440 1448 1471 ὡς
1466 1441 1614 1476 ἐμάθομεν,
1631 1442 1828 1476 αἰχμαλώτους

991 1502 1013 1531 c
1027 1484 1207 1518 διαφυγόντας
1220 1485 1284 1516 τοὺς
1297 1485 1453 1520 πολεμίους,
1470 1486 1516 1522 βίᾳ
1529 1487 1694 1522 κατέχουσιν
1707 1496 1713 1502 ·
1732 1489 1827 1519 οἵτινες

1029 1530 1137 1561 πάντως
1152 1531 1261 1557 ἄπιστοί
1274 1532 1327 1557 εἱσι
1342 1532 1389 1558 καὶ
1406 1531 1525 1563 ἀσεϐεῖς,
1543 1533 1590 1559 καὶ
1605 1532 1666 1559 οὐδὲ
1683 1533 1759 1560 Θεοῦ
1772 1534 1829 1560 ἐπί‹

1028 1585 1127 1611 γνωσιν
1141 1576 1255 1612 ἔχουσιν.
1278 1578 1401 1604 Ἀπαιτετ
1415 1576 1462 1604 οὖν
1477 1579 1490 1605 ὁ
1505 1579 1581 1612 ἅγιος
1598 1580 1663 1610 τοὺς
1686 1579 1763 1616 πρὸς
1785 1580 1828 1611 οἱς

1028 1623 1144 1659 γράφει,
1168 1623 1325 1650 ἀποστεῖλαι
1350 1625 1390 1656 εἰς
1412 1624 1460 1659 τὴν
1490 1623 1582 1660 χώραν
1606 1625 1654 1651 καὶ
1675 1626 1828 1661 ὲρευνῆςαι

1028 1669 1093 1705 περὶ
1106 1669 1152 1696 τοῦ
1168 1670 1338 1705 πράγματος,
1354 1671 1397 1697 ἵνα
1413 1670 1451 1706 μὴ
1463 1671 1529 1706 πῦρ,
1545 1670 1641 1706 φησιν,
1660 1671 1692 1703 ἐξ
1709 1672 1828 1708 οὐρανσῦ

1027 1716 1099 1750 πέσῃ
1113 1715 1160 1741 καὶ
1171 1716 1326 1753 καταφλέξῃ
1343 1717 1404 1748 τοὺς
1423 1716 1507 1743 ταῦτα
1527 1717 1719 1753 πράσσοντας.
1745 1719 1829 1746 Τοῦτο

1026 1761 1055 1788 δὲ
1071 1759 1141 1793 εἶπε,
1157 1761 1205 1797 τὴν
1219 1762 1333 1789 ἀτοπίαν
1348 1762 1475 1789 δεικνύων
1492 1763 1542 1798 τῆς
1555 1763 1695 1799 πράξεως.

1338 1810 1456 1836 ΚΛΝΩΝ
1473 1810 1508 1836 Ζ’.

1066 1863 1076 1879 ‹
1095 1854 1162 1889 Περὶ
1178 1855 1231 1881 τῶν
1245 1855 1498 1890 ὲγκαταλεχθέντων
1514 1857 1570 1888 τοῖς
1584 1856 1761 1893 βαρὸἀροις,
1783 1861 1828 1885 καὶ

1029 1908 1038 1924 ί
1060 1899 1147 1925 ἄτοπά
1159 1907 1219 1925 τινα
1231 1899 1301 1926 κατὰ
1309 1900 1363 1926 τῶν
1371 1900 1513 1935 ὁμοφύλων
1529 1901 1746 1937 τολμησάντων.
1759 1904 1827 1935 Τοὶς

1030 1955 1039 1970 ι
1062 1945 1110 1980 μὲν
1124 1943 1169 1972 οὖν
1186 1945 1434 1980 ὲγκαταλεχοέντας
1448 1947 1504 1977 τοῖς
1529 1946 1682 1982 βαρϐάροις
1701 1950 1752 1975 καὶ
1771 1950 1827 1984 μετ’

1029 2000 1039 2017 r
1056 1991 1145 2018 αὐτῶν
1161 1992 1189 2018 ἐν
1208 1991 1381 2027 αἰχμαλωσίᾳ
1397 1991 1576 2024 ἐπελθόντας,
1593 1993 1826 2030 ἐπιλαθομένους,

1029 2047 1038 2062 ι
1059 2037 1099 2063 ὅτι
1112 2035 1182 2072 ἦσαν
1199 2036 1324 2062 Ποντικοί.
1342 2037 1387 2063 καὶ
1403 2037 1573 2072 Χριστιανοὶ,
1591 2038 1827 2074 ὲκϐαρῦςιρωθέκο

1028 2093 1038 2108 ι
1055 2091 1104 2115 τας
1121 2083 1148 2109 δὲ
1162 2082 1199 2113 ὡς
1213 2083 1259 2108 καὶ
1276 2082 1400 2116 φονεύειν
1415 2082 1477 2113 τοὺς
1497 2082 1654 2117 ὁμοφύλους
1675 2083 1693 2119 ἢ
1722 2085 1796 2119 ξύλῳ
1811 2085 1825 2119 ἦ

1028 2138 1037 2154 ι
1056 2128 1167 2165 ἀγχόνῃ,
1186 2127 1375 2155 ὑποδεικνύναι
1386 2128 1414 2154 δὲ
1431 2128 1446 2162 ἦ
1462 2127 1562 2163 ὁδοὺςῆ
1583 2129 1675 2160 οἰκίας
1695 2130 1826 2164 ἁγνοοῦει

187 2188 196 2203 ε
219 2178 261 2205 vel
276 2178 372 2205 domos
385 2177 567 2204 nescientibus
579 2176 701 2203 barbaris
714 2175 874 2207 ostendant;
891 2175 973 2203 etiam

1057 2174 1112 2205 τοῖς
1134 2173 1295 2208 βαρϐάροις·
1312 2173 1358 2199 καὶ
1374 2173 1422 2207 τῆς
1441 2173 1601 2208 ἀκροάσεως
1620 2175 1757 2210 ἀπεῖρξαι
1777 2176 1825 2209 δεῖ,

187 2234 196 2250 ‹
219 2224 254 2251 ab
270 2223 410 2250 auditione
430 2230 523 2249 arcere
546 2226 668 2256 oportet,
691 2221 777 2248 donec
800 2221 834 2249 de
852 2221 884 2253 iis
906 2228 972 2249 con-

186 2279 196 2294 ‹
220 2269 337 2303 gregalis
350 2267 452 2295 sanctis
467 2267 568 2301 aliquid
583 2267 763 2294 communiter
778 2266 866 2294 visum
878 2265 970 2298 fuerit,

186 2324 194 2340 ε
219 2320 245 2341 et
259 2319 319 2341 ante
335 2321 383 2341 eos
399 2318 493 2341 sancto
509 2312 630 2347 Spiritui.
653 2322 662 2337 ι

224 2360 303 2387 ΒΑιε.
325 2358 379 2385 Eos
408 2359 516 2393 quidem
542 2359 587 2393 qui
610 2362 753 2392 postquam
780 2358 877 2392 captivi
906 2356 970 2384 facti

183 2410 264 2438 sunt,
288 2405 411 2432 barbaris
434 2408 652 2435 consenserunt,
676 2408 703 2430 et
733 2411 795 2430 cum
825 2404 865 2430 eis
886 2403 968 2430 veluti

184 2445 293 2478 barbari
309 2450 396 2478 eﬁecti
413 2454 492 2483 sunt,
512 2454 538 2477 et
558 2450 600 2477 sui
613 2449 720 2485 generis
739 2448 910 2476 Christianos
929 2448 970 2474 in-

182 2498 366 2528 terfecerunt,
385 2497 426 2524 vel
445 2497 503 2524 vias
522 2496 645 2524 barbaris
667 2497 774 2531 ignotas
789 2499 817 2522 ct
833 2495 866 2522 ad
891 2494 971 2522 Chri-

182 2544 286 2570 stianos
309 2542 439 2570 ducentes
461 2542 647 2574 ostenderunt,
660 2541 701 2568 vel
723 2548 817 2567 eorum
835 2540 906 2567 aedes
921 2539 970 2566 ho-

182 2589 270 2616 stibus
282 2588 440 2616 manifestas
455 2588 585 2621 fecerunt,
601 2595 635 2615 ne
646 2587 679 2614 ad
694 2587 854 2615 divinartmr
861 2585 969 2620 quidem

183 2635 292 2663 laudum
310 2634 474 2662 auditionem
490 2633 672 2665 admittendos
691 2640 751 2660 esse
767 2631 904 2659 decernit:
922 2631 969 2658 sed

182 2689 229 2709 eos
244 2682 355 2709 omnino
377 2686 451 2709 extra
482 2680 625 2708 ecclesiam
642 2679 723 2706 statui
745 2679 773 2704 in
792 2677 852 2705 loco
869 2675 970 2704 deﬂen-

183 2730 249 2755 tium
259 2749 267 2762 ,
294 2734 355 2765 post
369 2729 570 2757 confessionem
586 2727 690 2756 scilicet
705 2726 745 2753 vel
767 2725 970 2754 condemnatio-

181 2782 242 2801 nem
255 2795 263 2808 ,
288 2776 375 2803 donec
395 2775 482 2803 sancti
505 2774 586 2802 simul
609 2772 765 2807 congregati
789 2771 823 2798 de
842 2770 875 2797 iis
895 2776 970 2797 com-

181 2821 298 2850 muniter
311 2821 463 2850 statuerint.
483 2819 598 2849 Sanctos
615 2822 704 2847 autem
720 2817 862 2852 episcopos
878 2815 967 2850 appel-

1025 2228 1033 2242 ο
1056 2218 1151 2253 μέχρις
1164 2218 1196 2244 ἂν
1212 2219 1287 2253 κοινῇ
1297 2218 1361 2253 περὶ
1369 2217 1458 2244 αὐτῶν
1471 2226 1496 2243 τι
1511 2217 1575 2253 δόξῃ
1592 2219 1757 2245 συνελθοῦσι
1771 2222 1826 2250 τοῖς

1024 2274 1033 2289 ι
1052 2264 1150 2298 ἁγίοις,
1168 2264 1214 2290 καὶ
1228 2264 1280 2299 πρὸ
1295 2263 1383 2290 αὐτῶν
1400 2263 1437 2298 τῷ
1450 2264 1518 2298 ἁγίῳ
1535 2264 1690 2300 Πνεύματι.
1714 2276 1724 2291 ι

1057 2356 1153 2381 ΒΛΛΣ.
1172 2356 1240 2386 Τοὺς
1255 2354 1346 2389 μέντοι
1364 2355 1433 2389 μετὰ
1446 2355 1475 2381 τὸ
1485 2355 1746 2391 αἱχμαλωτισῦῆναι
1768 2359 1823 2388 τοῖς

1023 2402 1169 2437 βαρϐάροις
1179 2402 1428 2437 ὁμοφρονήσαντας.
1444 2401 1491 2427 καὶ
1509 2402 1567 2436 μετ’
1579 2402 1672 2428 αὐτῶν
1685 2400 1745 2429 οἷον
1761 2402 1825 2437 βαρ-

1022 2447 1203 2482 ϐαρωϐἐντας,
1219 2447 1266 2474 καὶ
1282 2447 1344 2478 τοὺς
1362 2446 1513 2481 ὁμοφύλους
1523 2447 1711 2482 Χριστιανοὺς
1726 2450 1824 2482 φονεύ-

1022 2501 1131 2524 σαντας,
1149 2493 1165 2528 ἢ
1193 2493 1269 2524 ὁδοὺς
1289 2492 1472 2526 ἀγνοουμένας
1491 2493 1548 2523 τοῖς
1574 2492 1750 2529 βαρϐάροις,
1778 2495 1821 2519 xxi

1021 2538 1179 2572 ἁπαγούσας
1195 2539 1234 2569 εἰς
1256 2537 1433 2573 Χριστιανοὺς
1456 2537 1668 2570 ὑποδείξαντατ,
1693 2539 1711 2573 ἢ
1733 2539 1822 2569 οἰκίας

1021 2584 1121 2610 τούτων
1134 2584 1299 2620 καταδήλους
1312 2585 1367 2615 τοῖς
1382 2582 1519 2618 πολεμίοις
1542 2584 1715 2618 ποιήσαντας
1724 2603 1733 2614 .
1752 2584 1822 2618 μηὶὲ

1021 2630 1060 2660 εἰς
1075 2630 1205 2665 ἀκρόασιν
1220 2629 1272 2656 τῶν
1281 2629 1361 2655 θείων
1374 2628 1532 2662 δοξολογιῶν
1545 2629 1758 2664 παῳδεχθῆναι
1767 2629 1821 2655 διο-

1023 2676 1137 2711 ρίζεται·
1157 2675 1223 2702 ἀλλὰ
1253 2675 1305 2708 ἔξω
1324 2674 1463 2705 παντελῶς
1493 2674 1544 2708 τῆς
1564 2674 1719 2708 ἐκκλησίας
1743 2675 1818 2702 im-

1022 2721 1083 2747 αοαι
1106 2722 1204 2753 αὐτοὺς
1228 2722 1256 2747 ἐν
1276 2721 1350 2755 τόπῳ
1370 2720 1590 2756 προσκλαιόντων
1614 2721 1728 2752 πάντως
1751 2720 1821 2755 μετὰ

1021 2768 1069 2803 τὴν
1084 2767 1276 2803 ἐξομολόγησιν
1291 2767 1307 2803 ἢ
1321 2767 1368 2801 τὴν
1383 2766 1542 2801 καταδίκην,
1560 2767 1615 2798 ἕως
1629 2767 1662 2793 ἂν
1672 2767 1820 2801 exosi-ﬁs»

1022 2823 1062 2840 σιν
1073 2814 1095 2840 οἱ
1113 2814 1183 2848 ἅγιοι
1201 2813 1265 2848 περὶ
1279 2812 1368 2839 αὐτῶν
1391 2813 1466 2847 κοινῇ
1491 2812 1677 2845 συνελθόντες.
1711 2813 1819 2846 Ἁγίωνς
