1857 3047
37 97 106 124 {0M

670 100 838 128 EPISTOLA
854 85 1041 128 'CANONICA.

1599 101 1666 128 10H

35 157 62 183 δὲ
74 157 140 189 τοὺς
153 157 316 190 ἐπισκόπους
326 158 410 185 καλεῖ.
424 159 459 185 Τὸ
467 159 505 189 δὲ,
520 159 575 194 πρὸ
589 159 686 186 αὐτῶν
697 160 737 193 τῷ
751 162 768 188 ἁ

948 161 1016 188 lllud
1040 163 1139 191 autem,
1156 164 1216 187 ante
1244 161 1315 194 ipsos
1339 165 1430 186 sancto
1457 157 1582 193 Spiritui,
1601 160 1666 186 Sub-

33 201 196 235 Πνσύματι,
210 203 344 237 ἐπήγαγε,
355 203 469 234 δεικνὺς,
480 204 520 230 ὃτι
534 205 582 231 ὅσα
592 205 620 231 ὲν
633 207 707 241 κοινῇ
717 206 824 232 διασκέ-

33 247 79 279 ψει
102 247 305 282 οικολθομοῦνται
330 247 404 284 παρὰ
427 249 482 276 τῶν
508 251 671 283 ἐπισκόπων,
696 250 728 277 τὺ
750 251 826 286 ἅγιον

32 291 148 328 Πνεῦμα
162 293 320 329 ὑποτίθησιν
335 295 413 322 αὑτά.
429 296 484 322 Καὶ
496 297 509 322 ὁ
534 297 582 331 μὲν
602 297 826 332 ἐκκλησιαστικὸς

32 338 117 374 νόμος
128 339 200 366 οὕτω
213 340 322 373 τούτους
345 341 452 374 κολάζει
462 351 468 358 ⁸
485 345 498 370 ὀ
519 343 547 369 δὲ
562 344 698 376 πολιτικὸς
711 345 749 380 τῷ
762 346 825 382 περὶ

32 383 226 417 καθοσιώσεως
233 385 385 421 ἐγκλήματι
400 387 597 415 καθυποϐάλλει
607 389 669 420 τοὺς
678 389 823 422 τοιούτους.

29 429 100 464 Φησὶ
114 429 169 465 γὰρ
185 430 282 465 κεφάλ.
300 434 324 457 α’
341 432 387 458 τοῦ
413 432 456 465 λς’
479 433 570 460 τίτλου
592 434 638 461 τοῦ
656 434 676 467 ξ’
701 435 821 470 βιϐλίου·

36 474 64 500 '0
81 475 150 511 περὶ
163 475 217 502 τῶν
240 477 390 504 ἐπιϐούλων
404 478 486 513 νόμος
509 479 599 514 ὅμοιός
622 481 678 507 ἑστι
699 481 737 516 τῷ
762 482 825 516 περὶ

30 520 195 557 ἱεροσυλίας.
209 523 264 549 Καὶ
278 523 398 559 ἐνέχεται
412 525 486 560 αὐτῷ
497 526 510 552 ὁ
524 526 594 553 κατὰ
609 527 654 553 τοῦ
672 527 824 562 Ῥωμαῖκοῦ

28 566 58 602 δή
64 575 117 601 μου
132 567 346 605 πλημμελήσας,
358 571 404 597 καὶ
417 572 568 604 σπουδάσας
584 574 653 600 κατὰ
666 574 740 601 δόλον
751 575 825 610 παρὰ

28 613 158 640 κέλευσιν
167 615 304 650 βασιλέως
318 617 495 653 ἀναιρεθῆναι
509 620 571 650 τοὺς
592 620 727 655 ὁμήρους·
750 621 825 656 ἢ-ἴνα

27 660 137 687 ἔνοπλοι
153 661 290 697 ἄνθρωποι
306 664 334 690 ἑν
349 664 424 690 πόλει
439 664 508 691 κατὰ
522 665 571 699 τῆς
594 665 731 698 πολιτείας
747 663 823 700 ὦσιν⁷

26 706 42 741 ἦ
58 706 104 733 ἶνα
121 707 206 739 τόπος
222 708 238 743 ἢ
257 709 317 744 ἱερὰ
330 710 545 745 κατασχεθῶσιν,
565 711 581 746 ἢ
608 711 757 747 στασιώδης
777 713 824 747 γέν

26 760 107 787 νηται
126 752 248 786 σύνοδος,
263 754 279 790 ἢ
297 754 340 781 ἵνα
357 756 470 791 φονευθῇ
492 757 505 782 ὁ
526 757 632 791 ἄρχων·
655 758 701 784 καὶ
721 758 734 783 ὁ
757 759 824 793 πρὸς

25 799 89 831 τοὺς
107 799 258 835 πολεμίους
271 800 387 837 γράμμα
397 801 413 837 ἢ
425 801 538 836 ἄγγελον
553 803 663 838 πέμψας
677 804 693 839 ἣ
712 805 823 840 σημεῖον

25 844 123 876 αὐτοῖς
140 845 305 882 δεδωκὼς,ῆ
321 847 408 880 ἄλλως
426 847 562 884 βοηθήσας
576 850 677 881 αὐτοῖς,
696 851 742 876 καὶ
759 851 824 877 ὑπο-

24 890 162 922 νοθεύσας
184 890 351 926 στρατιώτας
376 893 444 928 πρὸς
465 895 557 921 στάσιν
577 895 593 929 ἢ
626 894 739 931 θόρυϐον
755 897 824 923 κατὰ

23 934 74 969 τῆς
90 935 244 968 πολιτείας.
263 936 318 963 Καὶ
331 937 429 971 κεφάλ.
447 941 481 972 γ’,
505 938 551 964 τοῦ
569 939 650 966 αὑτοῦ
672 940 760 967 τίτλον
778 943 824 968 καὶ

24 980 132 1015 βιϐλίου
143 990 151 996 ⁸
173 981 202 1008 '0
216 983 278 1014 τοὺς
293 983 437 1018 πολεμίους
448 984 584 1020 ἐρεθίσας,
597 985 612 1020 ἢ
626 986 761 1022 παραδοὺς
774 988 824 1014 αὺ-

22 1027 78 1059 τοῖς
93 1027 232 1063 πολιτην,
256 1029 294 1060 εἰς
315 1029 435 1065 κεφαλὴν
461 1032 631 1065 τιμωρεῖται.
650 1032 704 1058 Καὶ
726 1033 824 1069 ἑφεξῆς

22 1073 184 1108 διαλέγεται
201 1075 232 1101 τὸ
249 1075 395 1109 κεφάλαιον
417 1077 481 1112 περὶ
505 1077 592 1104 ἄλλων
609 1079 689 1106 τινῶν
714 1080 822 1115 ὁμοίων.

23 1118 79 1144 Καὶ
92 1119 187 1145 ταῦτα
201 1119 251 1154 μὲν
266 1120 330 1156 περὶ
344 1120 396 1147 τῶν
414 1121 684 1157 αἰχμαλωτισθέντων
698 1124 745 1149 καὶ
758 1126 824 1159 ὁμου

21 1164 215 1200 φωνησάντων
231 1167 285 1197 τοῖς
303 1166 453 1201 πολεμίοις,
469 1167 516 1194 καὶ
531 1168 595 1203 περὶ
611 1168 665 1195 τῶν
679 1169 715 1204 μὴ
729 1171 826 1205 αἰχμα-

20 1210 228 1243 λωτισθέντων,
245 1211 319 1246 ὅμως
337 1212 427 1247 μέντοι
442 1214 498 1244 τοῖς
514 1213 651 1249 πολεμίοις
665 1215 825 1250 ὁμογνωμο-

19 1256 191 1291 νησὰντων,
213 1257 260 1284 καὶ
285 1258 476 1293 φρονησάντων
498 1259 568 1286 κατὰ
592 1260 641 1294 τῆς
668 1260 825 1296 Ῥωμαῖκῆς

21 1302 166 1335 ἐξουσίας.
183 1305 215 1330 Ui
235 1304 263 1330 δὲ
279 1306 333 1336 τοῖς
348 1305 418 1331 κατὰ
438 1305 534 1340 χέρσον
556 1305 602 1332 καὶ
624 1306 757 1334 θάλατταν
779 1308 825 1343 λῃ-

21 1349 155 1376 στεύουσι
169 1349 427 1385 συλλῃστεύσαντες,
447 1350 587 1386 πλειόνως,
603 1353 640 1384 ὡς
660 1353 721 1388 ἐμοὶ
741 1353 825 1386 δοκεῖ,

19 1393 258 1429 κολασθήσονται·
271 1394 311 1420 ὅτι
327 1394 373 1421 καὶ
387 1394 487 1429 μείζων
503 1395 560 1421 ἐστὶ
579 1396 681 1424 τούτων
698 1397 714 1431 ὴ
730 1396 822 1423 κακία.

19 1440 51 1466 οι
67 1439 122 1475 μὲν
136 1439 196 1475 γὰρ
212 1439 335 1474 πολέμιοι
356 1439 426 1466 κατά
442 1440 586 1476 πρόσωπον
608 1442 652 1468 καὶ
666 1443 754 1477 γυμνῇ
777 1451 824 1469 κει

875 206 982 241 junxit,
1004 206 1166 238 ostendens,
1193 205 1265 240 quod
1285 212 1454 239 quzecunque
1477 205 1503 231 in
1528 204 1667 231 communi

877 251 1095 278 consideratione
1109 251 1143 278 ab
1155 250 1290 285 episcopis
1300 249 1492 284 dispensentur
1506 254 1531 276 et
1545 254 1668 277 statuun—

878 301 938 329 tur,
956 296 1076 331 Spiritus
1099 302 1210 324 sanctus
1233 304 1263 323 ea
1287 297 1416 331 suggerit.
1443 295 1475 322 Et
1497 296 1539 323 lex
1556 296 1666 330 quidem

876 344 1062 373 ecclesiastica
1084 344 1158 378 ipsos
1179 336 1219 371 sic
1242 344 1329 377 punit.
1351 342 1407 370 Lex
1429 350 1495 370 vero
1515 343 1602 370 civilis
1620 351 1666 370 eos

877 392 1028 425 majestatis
1048 391 1156 417 crimini
1172 390 1290 424 subjicit.
1310 389 1379 416 Dicit
1394 389 1466 416 enim
1486 389 1602 423 primum
1619 397 1666 416 ca-

877 442 935 472 put,
957 437 990 464 36
1005 438 1058 468 tit..
1075 445 1109 464 ις
1126 436 1172 463 lib.
1193 447 1199 463 :
1218 436 1272 463 Lex
1287 435 1436 470 majestalis
1449 435 1546 462 similis
1561 439 1601 461 est
1615 435 1668 471 legi

876 483 910 510 de
922 477 1123 517 sacrilegiofEt
1142 486 1248 509 tenetur
1261 489 1302 515 ea,
1315 482 1362 516 qui
1378 481 1509 508 adversus
1535 472 1666 516 populum

877 527 1030 555 Romanum
1053 527 1210 558 commisit,
1242 531 1268 554 et
1288 527 1334 561 qui
1368 526 1431 553 dolo
1462 525 1534 552 malo
1563 526 1668 553 curavit

876 573 980 609 injussu
1000 572 1130 608 principis
1155 572 1264 600 obsides
1285 572 1422 605 interimi;
1451 571 1491 598 vel
1517 575 1547 598 ut
1569 572 1666 599 armati

875 619 1001 647 homines
1016 619 1043 645 in
1058 619 1126 645 urbe
1140 619 1194 645 sint
1206 618 1336 645 adversus
1354 617 1565 651 rempublicam,
1582 617 1623 643 vel
1637 622 1667 644 ut

876 666 934 693 loca
953 669 999 692 aut
1012 665 1108 700 templa
1125 669 1302 699 occupentur,
1319 664 1360 690 vel
1377 663 1523 690 seditiosus
1540 663 1585 689 tiat
1601 670 1668 689 con-

875 717 983 743 ventus,
1000 712 1042 738 vel
1063 716 1092 740 nt
1112 710 1252 737 occidatur
1268 709 1443 745 magistratus
1454 730 1461 742 ,
1477 714 1504 736 et
1520 709 1553 736 ad
1573 709 1667 736 hostes

877 758 1000 785 nuntium
1014 758 1054 784 vel
1069 757 1172 784 litteras
1184 757 1268 787 misit,
1283 756 1324 783 vel
1339 757 1414 791 signa
1430 756 1470 783 eis
1482 756 1564 787 dedit.
1579 755 1667 782 aliove

877 803 958 830 modo
974 803 1014 830 eis
1028 803 1090 830 tulit
1103 803 1233 829 auxilium
1245 823 1252 835 ,
1270 807 1296 829 et
1310 802 1358 836 qui
1374 801 1529 828 sollicitavit
1544 801 1586 828 vel
1602 809 1667 827 con-

875 850 969 877 citavit
995 849 1094 876 milites
1119 849 1152 876 ad
1174 849 1337 876 seditionem
1363 848 1405 875 vel
1438 848 1544 875 turbam
1569 851 1667 876 contra

876 895 1080 930 rempublicam.
1108 895 1140 921 Et
1162 903 1221 929 cap.
1246 895 1262 922 5
1284 895 1405 930 ejusdem
1422 894 1462 922 tit.
1485 898 1512 921 et
1529 894 1576 921 lib.
1591 903 1597 920 :
1614 893 1667 927 Qui

876 940 968 966 hostes
981 939 1150 972 sollicitavit,
1164 944 1191 966 et
1204 939 1243 966 eis
1260 939 1453 974 rempublicam
1469 939 1597 971 tradidit,
1618 946 1667 966 ca-

875 984 929 1018 pite
953 984 1075 1018 punitur.
1103 983 1136 1010 Et
1156 983 1284 1017 deinceps
1308 983 1419 1011 disserit
1440 987 1523 1017 caput
1546 982 1579 1010 de
1606 982 1666 1009 aliis

875 1028 1040 1063 quibusdam
1057 1028 1202 1056 similibus.
1228 1029 1260 1055 Et
1276 1028 1333 1055 haec
1348 1028 1456 1063 quidem
1476 1028 1510 1055 de
1528 1028 1562 1056 iis
1575 1029 1622 1063 qui
1636 1029 1666 1056 in

875 1075 1057 1110 captivitatem
1073 1075 1182 1103 abducti
1196 1081 1270 1106 sunt.
1285 1079 1312 1102 et
1322 1074 1445 1102 hostibus
1457 1080 1665 1108 consenserunt,

874 1122 947 1149 etde
972 1122 1005 1150 iis
1029 1122 1119 1149 itidem
1148 1122 1194 1157 qui
1215 1130 1269 1148 non
1291 1121 1317 1148 in
1343 1121 1526 1156 captivitatem
1555 1122 1665 1148 abducti

875 1172 950 1200 sunt,
965 1176 1028 1196 cum
1045 1169 1167 1195 hostibus
1185 1173 1275 1195 tamen
1288 1172 1497 1199 consenserunt,
1519 1171 1546 1194 et
1570 1167 1666 1195 advero

876 1222 923 1242 sus
945 1214 1098 1243 Romanum
1120 1214 1265 1250 imperium
1283 1212 1483 1248 conspirarunt.
1507 1212 1558 1246 Qui
1573 1217 1664 1239 autem

875 1267 938 1287 cum
960 1259 994 1287 iis
1019 1260 1065 1294 qui
1093 1264 1192 1287 terram
1218 1267 1346 1294 mareque
1372 1258 1587 1293 depopulantur,
1603 1266 1665 1289 .una

875 1305 1020 1340 deprmdati
1035 1310 1116 1338 sunt,
1131 1305 1232 1340 magis,
1250 1309 1279 1331 ut
1294 1304 1361 1332 mihi
1374 1304 1488 1336 videtur,
1501 1304 1670 1339 punientur,

875 1351 939 1386 quia
961 1351 1049 1385 major
1064 1355 1105 1378 est
1126 1358 1221 1378 eorum
1239 1351 1409 1385 improbitas.
1427 1350 1524 1378 Hostes
1542 1350 1614 1378 enim
1635 1359 1665 1378 a-

875 1401 951 1432 perta
968 1396 1067 1428 fronte,
1085 1402 1111 1425 et
1126 1397 1210 1430 nudo,
1227 1401 1255 1424 ut
1273 1397 1358 1429 aiunt,
1377 1397 1463 1431 capite
1473 1396 1572 1424 bellum
1587 1404 1663 1423 com--

875 1446 989 1477 parant;
1005 1442 1123 1469 latrones
1137 1447 1226 1469 autem
1245 1442 1314 1469 clam
1330 1447 1356 1469 et
1374 1442 1478 1469 occulte
1496 1441 1663 1477 inopinatam

19 1485 106 1521 φαλῇ,
126 1485 163 1512 τὸ
176 1485 332 1520 λεγόμενον,
346 1485 391 1512 τὸν
405 1485 522 1522 πόλεμον
550 1487 707 1513 συνιστῶσιν
719 1495 727 1503 ο
750 1500 752 1509 ι

929 1489 975 1516 lem
1001 1488 1160 1515 moliuntur.
1190 1487 1297 1521 Quanto
1322 1495 1387 1522 ergo
1420 1487 1527 1522 praevisi
1550 1487 1662 1522 periculi

19 1529 123 1566 λῃσταὶ
141 1529 269 1565 ἀοράτως
285 1530 333 1556 καὶ
349 1530 458 1565 ἀφανῶς
474 1532 676 1567 ἀπροσδόκητον
692 1533 823 1568 μελετῶσι

18 1576 113 1609 φόνον.
131 1575 218 1602 Ὅσον
230 1573 279 1602 οὖν
289 1575 336 1602 τοῦ
355 1576 534 1612 προκειμένου
548 1577 609 1604 κατ’
626 1577 687 1612 ὄψιν
700 1579 822 1606 κινδύνου

877 1542 967 1570 pugna
983 1534 1068 1561 levior
1083 1538 1125 1560 est
1140 1533 1279 1568 inopinato
1293 1533 1374 1566 malo,
1392 1537 1468 1560 tanto
1484 1533 1603 1561 hostium
1620 1533 1664 1560 in-

877 1580 964 1608 sultus
978 1584 1019 1606 est
1034 1579 1199 1607 tolerabilior
1214 1579 1348 1607 latronum
1365 1578 1481 1608 insidiis.

18 1623 36 1658 ὴ
61 1623 146 1658 μάχη
173 1623 326 1659 κουφοτέρα
344 1625 402 1650 ἐστὶ
420 1624 467 1650 τοῦ
494 1625 697 1661 ἀπροσδοκήτου
722 1627 822 1660 κακοῦ,
849 1628 974 1655 τοσοῦτον
989 1628 1034 1655 καὶ
1050 1629 1066 1664 ἡ
1081 1628 1133 1654 τῶν
1151 1627 1285 1663 πολεμίων
1308 1627 1400 1662 ἔφοδος
1428 1627 1590 1663 ἀνεκτοτέρα
1604 1627 1663 1655 ἐστὶ

17 1670 68 1704 τῆς
81 1669 142 1696 τῶν
157 1668 344 1706 λῃστευόντων
362 1670 517 1707 ἐπιδουλῆς.

53 1716 188 1743 ΖΩΝΑΡ.
208 1716 285 1743 Ὀσοι
303 1717 352 1752 μὲν
368 1715 425 1750 οὖν,
441 1720 539 1755 φησιν,
562 1720 824 1756 αῑχμαλωτισθέντες

17 1764 97 1795 ποτὲ,
116 1763 368 1798 συγκατετάγησαν
383 1765 438 1796 τοῖς
461 1764 624 1801 βαρϐάροις,
643 1767 688 1792 καὶ
705 1767 762 1802 μετ*
776 1769 825 1795 αὐ-

17 1810 72 1837 τῶν
90 1808 219 1844 ἐπῆλθον
234 1809 456 1845 βαρὸαρωθέντες
470 1811 504 1837 τὰ
518 1811 565 1847 ἕοη
576 1820 582 1826 ·
599 1813 644 1838 καὶ
659 1813 752 1849 ὥσπερ
767 1814 825 1840 ἐπι-

17 1855 184 1891 λαθόμενοι,
200 1855 241 1881 ὅτι
256 1856 287 1882 ἐκ
298 1855 345 1883 τοῦ
362 1856 465 1883 Πόντου
481 1855 552 1893 ἦσαν
566 1859 722 1894 Χριστιανοὶ
732 1879 739 1887 .
758 1860 824 1895 ὁμο-

17 1901 123 1935 φύλους
133 1901 321 1937 ὲφόνευσαν,ῆ
336 1902 411 1934 ὀδοὺς
423 1903 596 1930 ὑπεδείκνυον
611 1906 666 1936 τοῖς
677 1904 824 1941 βαρϐάροις

17 1946 217 1983 ὶγνοουμένας
226 1947 349 1983 αὐτοῖς,ἢ
363 1949 452 1981 οἰκίας
464 1949 645 1982 λανθανούσας
654 1950 762 1983 αὐτούς·
779 1948 824 1978 οὗ-

17 2001 55 2020 τοι
73 1993 151 2030 μηδὲ
167 1994 208 2024 εἰς
216 1993 346 2029 ἀκρόασιν
354 1995 603 2031 παραδεχθήτωσαν
614 1997 819 2032 μετανοοῦντες

17 2040 169 2066 τουτέστιν
189 2038 242 2070 ἔξω
266 2039 404 2072 παντελῶς
428 2041 479 2076 τῆς
497 2041 645 2078 ἐκκλησίας
672 2043 823 2078 ἐπηκέτω-

17 2095 76 2117 παν,
98 2086 132 2112 ἐν
151 2085 230 2120 τόπῳ
245 2084 344 2120 δηλαδὴ
358 2086 585 2122 προσκλαιόντων,
601 2088 653 2120 ἕως
666 2088 699 2115 ἂν
717 2089 822 2125 σκοπή-

17 2140 103 2158 ςωσιν
119 2131 150 2158 οἱ
165 2131 237 2164 ἅγιοι
252 2131 315 2166 περὶ
328 2132 418 2158 αὐτῶν
427 2134 501 2168 κοινῇ
515 2133 696 2166 συνελθόντες.
715 2134 820 2168 Ἀγίους

17 2178 40 2204 is
56 2178 74 2213 ἦ
95 2177 169 2208 τοὺς
185 2177 350 2209 ἐπισκόπους
366 2178 443 2205 καλεῖ
454 2198 461 2210 ,
478 2178 493 2213 ἦ
513 2180 577 2210 τοὺς
596 2180 708 2212 πιστοὺς
730 2180 822 2213 ἁπλῶς

17 2225 88 2252 κατὰ
107 2224 159 2250 τὸν
178 2223 264 2258 μέγαν
282 2224 430 2251 ἀπόστολον
446 2225 561 2252 Παῦλον.
582 2226 618 2252 Τὸ
632 2226 670 2258 δὲ,
687 2226 743 2260 πρὸ
768 2227 820 2253 αὺ-

17 2272 74 2298 τῶι·
86 2270 131 2303 τῷ
150 2270 227 2304 ἁγίῳ
240 2271 409 2305 Πι-εὐματι,.
425 2273 560 2307 ἐπήγαγε,
578 2272 700 2305 δεικνὺς,
715 2274 755 2300 ὅτι
771 2274 821 2300 ὅσα

17 2318 41 2343 ἓν
58 2318 147 2352 κοινῇ
171 2316 312 2352 διασκέψει
332 2317 535 2354 οἱκονομοῦνται
560 2319 634 2354 παρὰ
653 2319 818 2351 ἐπισκόπων,

17 2364 27 2399 ἢ
47 2365 100 2391 καὶ
116 2363 218 2394 ἁπλῶς
231 2363 285 2390 τῶν
298 2363 410 2395 πιστῶν,
428 2364 458 2390 τὸ
468 2364 544 2398 ἅγιον
560 2365 671 2400 Πνεῦμα
694 2366 821 2400 ὑποτίθη-

17 2419 55 2438 ςιν
72 2409 154 2438 αὐτὰ
172 2411 229 2441 τοῖς
243 2410 307 2445 περὶ
323 2410 412 2437 αὐτῶν
428 2410 677 2446 διασκεπτομένοις.

338 2503 458 2529 ΚΔΝΩΝ
475 2503 516 2529 II’.

47 2559 60 2575 ι
83 2548 164 2584 Περὶ
180 2546 234 2574 τῶν
250 2547 333 2580 οἴκοις
352 2548 502 2583 ἀλλοτρίοις
523 2548 645 2575 ἐπελθεῖν
668 2549 818 2584 τολμησάν-

17 2606 19 2621 z
39 2604 104 2622 των
125 2595 158 2621 ἐν
175 2595 208 2629 τῇ
224 2593 277 2620 τῶν
294 2594 438 2630 βαρϐάρων
449 2594 592 2630 ἐπιδρομῇ.
607 2595 676 2626 Τοὺς
692 2594 719 2621 δὲ
735 2595 819 2626 οἴκοις

17 2653 20 2669 ι
41 2640 210 2677 ἀλλοτρίοις
226 2640 348 2667 ἐπελθεῖν
362 2641 569 2677 τολμήσαντας,
595 2641 641 2668 ἐὰν
664 2641 713 2676 μὲν
735 2649 818 2676 κατη-

17 2699 18 2714 ι
41 2685 225 2725 τορηθέιτες
240 2686 399 2722 ἐλεγχθῶσι,
415 2687 481 2722 μηδὲ
494 2687 544 2722 τῆς
558 2687 715 2723 ἀκροάσεως
736 2686 818 2720 ἀξιῶ-

17 2756 18 2759 .
42 2744 93 2761 σαι
106 2743 113 2748 -
131 2732 183 2759 ἐὰν
206 2731 234 2758 δὲ
248 2732 347 2764 αὐτοὺς
364 2732 491 2764 ὲξείπωσι
509 2732 555 2759 καὶ
572 2732 723 2764 ἀποδῶσιν,
740 2733 768 2759 ἐν
788 2734 818 2768 τῇ

17 2792 19 2799 τ
40 2780 106 2808 τῶν
121 2779 350 2815 ὑποστρεψάντων
364 2779 438 2812 τάξει
455 2779 627 2807 ὑποπίπτειν.
647 2789 657 2805 ι

913 1723 1014 1751 Zomn.
1034 1722 1195 1758 Quicunque
1218 1723 1346 1757 quidem,
1371 1722 1430 1755 ait.
1462 1721 1609 1757 aliquando
1635 1722 1664 1749 in

877 1770 1033 1797 servitutem
1048 1768 1157 1796 abducti
1177 1777 1206 1796 se
1221 1768 1345 1796 barbaris
1361 1767 1552 1803 adiunxerunt,
1570 1771 1596 1795 et
1610 1775 1664 1795 una

876 1821 938 1841 cum
957 1814 990 1841 iis
1012 1813 1130 1849 grassati
1154 1818 1218 1841 sunt
1242 1821 1347 1841 morum
1371 1813 1524 1840 barbariem
1549 1812 1664 1840 induen-

876 1865 915 1886 tcs
927 1880 934 1893 ,
956 1867 987 1886 ac
1002 1859 1075 1886 velut
1092 1858 1167 1887 obliti
1187 1866 1216 1886 se
1237 1867 1271 1887 ex
1295 1858 1380 1886 Ponto
1393 1858 1564 1887 Christianos
1584 1866 1664 1892 esse,

875 1912 922 1932 eos
941 1905 987 1940 qui
1001 1904 1123 1940 ejusdem
1139 1909 1203 1932 sunt
1219 1905 1326 1939 generis
1341 1903 1499 1932 interfecere
1509 1924 1517 1936 ,
1541 1903 1584 1931 vel
1601 1904 1663 1932 bar-

875 1950 949 1978 baris
967 1951 1071 1986 ignotas
1094 1955 1281 1978 monstravere
1302 1950 1369 1983 vias,
1387 1950 1517 1977 domosve
1536 1949 1604 1985 ipsis
1620 1957 1664 1977 oc-

875 1996 979 2028 cultas;
1002 1996 1030 2023 hi
1049 2003 1084 2024 ne
1102 1995 1136 2023 ad
1152 1996 1319 2031 auditionem
1335 1995 1445 2031 quidem
1462 1994 1640 2023 admittantur
1653 2015 1662 2027 ,

874 2042 1060 2077 pcenitentlam
1083 2047 1210 2077 agentes;
1237 2042 1289 2069 hoc
1321 2046 1381 2074 est,
1411 2045 1488 2068 extra
1518 2041 1662 2068 ecclesiam

875 2089 987 2116 omnino
1002 2089 1170 2121 consistant,
1196 2088 1222 2115 in
1239 2088 1299 2115 loco
1311 2088 1436 2115 videlicet
1454 2086 1594 2118 ﬂentium,
1613 2086 1663 2113 do-

873 2142 924 2162 nec
935 2135 962 2161 in
977 2135 1115 2162 communi
1138 2139 1270 2162 conventu
1295 2133 1381 2161 sancti
1399 2132 1433 2160 de
1454 2132 1540 2168 ipsius
1559 2131 1663 2159 delibe-

840 2189 860 2215 D
875 2185 942 2207 rent.
970 2179 1086 2207 Sanctos
1103 2188 1185 2215 porro
1199 2186 1245 2207 aut
1262 2180 1405 2215 episcopos
1421 2183 1516 2210 vocat.
1533 2182 1580 2205 aut
1596 2178 1663 2206 sim-

872 2226 977 2261 pliciter
1008 2226 1120 2259 tideles,
1155 2226 1246 2261 magni
1277 2225 1354 2253 Pauli
1380 2225 1494 2259 apostoli
1525 2225 1659 2259 exemplo.

873 2271 918 2299 Illa
940 2278 1030 2299 autem
1053 2273 1153 2304 verba.
1178 2278 1238 2299 ante
1261 2272 1331 2306 ipsos
1346 2271 1460 2306 Spiritui
1472 2277 1580 2304 sancto,
1599 2271 1660 2298 ideo

872 2317 1012 2351 adjunxit,
1035 2321 1064 2344 ut
1086 2324 1254 2352 quaecunque
1279 2317 1305 2343 in
1334 2316 1473 2344 communi
1492 2317 1605 2344 consilio
1626 2316 1660 2343 ab

871 2365 1016 2400 episcopis,
1033 2365 1072 2391 vel
1084 2365 1165 2391 etiam
1179 2372 1194 2391 a
1209 2363 1417 2398 quibuscunque
1428 2363 1553 2391 ﬁdelibus
1565 2363 1660 2391 decer-

873 2416 984 2443 nuntur,
1000 2410 1131 2445 Spiritum
1143 2415 1267 2438 sanctum
1290 2417 1321 2436 ea
1333 2409 1544 2436 deliberantibus
1564 2417 1661 2444 sugge-

872 2462 933 2482 rere
947 2455 1123 2482 demonstret.

1162 2499 1277 2527 CANON
1294 2498 1360 2526 Vill.

910 2556 919 2572 ‹
943 2546 980 2574 De
1001 2547 1035 2574 iis
1051 2546 1098 2582 qui
1112 2546 1214 2573 alienas
1229 2546 1324 2574 domos
1336 2546 1469 2573 hostiliter
1483 2545 1586 2581 ingredi
1599 2546 1659 2573 ausi

875 2600 883 2617 ι
908 2598 973 2619 sunt
996 2592 1023 2618 in
1048 2591 1227 2619 barbarorum
1245 2591 1409 2618 incursione.
1432 2590 1485 2618 Eos
1508 2595 1596 2617 autem
1612 2591 1659 2625 qui

875 2647 883 2663 ι
907 2637 1011 2665 alienas
1029 2637 1124 2665 domos
1145 2635 1273 2663 invadere
1287 2636 1348 2663 ausi
1363 2635 1479 2668 fuerint,
1500 2636 1522 2662 si
1539 2636 1659 2663 accusati

875 2693 883 2709 ι
907 2684 1018 2718 quidem
1038 2682 1155 2710 convicti
1181 2681 1300 2715 fuerint,
1334 2689 1384 2709 nec
1405 2682 1543 2717 auditione
1561 2682 1659 2717 dignos

873 2739 883 2756 ‹
906 2729 1072 2756 existimare.
1087 2728 1133 2755 Sin
1149 2733 1239 2755 autem
1258 2727 1403 2755 iudicarint
1418 2735 1447 2755 se
1464 2728 1537 2763 ipsos
1553 2736 1585 2755 ac
1599 2729 1660 2755 red-

873 2787 882 2802 ε
906 2776 1043 2806 diderint,
1078 2776 1104 2802 in
1129 2783 1222 2803 eorum
1247 2775 1292 2811 qui
1318 2779 1511 2802 convertuntur
1537 2774 1659 2803 ordinem

875 2833 883 2850 ι
907 2823 1053 2852 substerni.
1070 2833 1078 2849 ι
