1857 3047
187 83 201 114 ί
207 80 259 113 04$

752 81 779 110 S.
801 81 966 110 GllECORll
985 81 1239 110 THAUMATURGI

1751 83 1813 111 {0h

223 143 303 172 ΒΑιε.
322 138 470 175 Postquam
489 144 600 167 sanctus
614 139 703 167 fusius
720 139 875 166 tractaverit
890 139 923 166 de
942 139 976 166 iis

1076 139 1158 166 ΙΑΛΣ.
1173 140 1340 175 Παχυμερῶς
1356 139 1488 167 διαλαϐὼν
1498 141 1512 168 ὁ
1523 141 1599 175 ἅγιος
1618 140 1687 176 περὶ
1704 141 1758 167 τῶν
1773 142 1814 177 ἁρ-

186 190 235 224 qui
256 190 411 221 rapuerunt.
433 185 473 213 vel
495 185 675 221 quorumdam
690 185 857 220 captivorum
872 192 916 211 res
933 185 975 211 in-

186 237 340 265 venerunt,
367 231 438 266 quod
470 231 502 258 ad
531 238 672 265 pinnarum
700 230 831 257 rationem
855 229 973 262 attinet;

188 287 262 307 nunc
275 285 384 313 quoque
398 277 505 311 species
515 276 689 310 pteuitcntiaa.
706 275 763 303 sive
779 275 976 302 ecclesiastica-

191 333 252 352 rum
273 331 413 359 ptenarum
436 322 531 357 incipit
547 322 647 349 dicere.
672 321 706 348 Et
735 321 828 348 statim
853 321 975 348 decernit

188 376 220 399 ut
239 377 291 398 nec
314 373 385 397 stent
401 376 461 396 cum
480 368 672 400 audientibus,
698 368 744 395 sed
768 375 829 394 cum
855 367 975 394 deﬂenti—

188 416 250 448 bus,
268 418 343 443 extra
360 415 517 446 ecclesiam,
540 414 586 448 qui
610 421 665 440 rem
690 413 788 447 captivi
806 417 974 447 rapuerunt,

186 465 216 490 et
230 468 290 491 eam
304 468 358 488 non
381 462 568 491 restituerunt.
582 459 629 486 sed
646 459 845 486 accusationem
867 464 894 486 et
913 466 976 493 pro-

189 508 326 535 bationem
345 510 535 540 exspectarunt
558 509 666 539 propter
698 504 897 531 infitiationem.
923 504 976 530 Eos

188 554 278 580 autem
299 553 346 587 qui
367 560 396 579 se
420 552 493 586 ipsos
506 551 669 583 detulerunt,
684 554 711 576 et
730 557 779 577 sua
801 554 897 584 sponte
916 557 977 584 qua:

187 597 337 630 abstulere,
358 601 420 625 ante
435 597 570 624 actionem
596 595 739 628 dederunt,
756 595 852 622 statuit
867 600 896 622 ut
912 603 976 630 pro-

189 649 250 679 pter
261 643 447 678 paenitentiam
459 646 676 676 comprecentur,
692 649 739 669 seu
751 643 901 669 consistant
914 649 976 669 cum

190 689 330 721 ﬁdelibus;
346 687 555 715 substernantur
580 691 672 714 autem
695 687 766 718 illis,
790 693 822 713 eo
842 686 912 721 quod
928 694 976 713 co-

189 739 292 770 guntur
313 734 404 769 egredi
422 741 483 760 eum
504 733 717 760 catecliulnenis.
739 733 778 760 Ac
800 732 841 759 lex
867 732 976 767 quidem

189 779 372 808 ecclesiastica
391 787 437 807 eos
457 779 497 806 sic
512 779 600 813 punit.
622 777 678 805 Lex
697 785 761 805 vero
783 778 871 805 civilis
886 782 978 812 rapto-

191 834 236 854 res
251 825 322 860 quod
334 825 367 852 ab
381 825 447 859 ipsis
463 829 569 859 raptum
586 828 627 851 est
640 824 720 851 etiam
736 828 796 850 ante
812 823 978 850 condemna-

190 873 292 900 tionem
316 871 480 904 offerentes,
510 878 562 897 non
581 870 718 902 admittit,
743 869 789 896 scd
818 870 979 897 condemnat

191 918 220 945 in
243 917 434 952 quadruplum.
470 916 539 943 Dicit
560 916 632 943 cnim
654 923 716 950 cap.
741 915 768 946 6,
798 915 832 942 i7
859 915 919 947 tit.,
944 922 978 941 ιι

191 962 240 991 lib.
256 972 263 990 :
281 962 385 998 Raptor
404 970 483 997 poena
501 969 553 989 non
565 962 695 989 liberatur
711 962 845 989 oblatione
857 961 893 989 rei
917 967 979 990 ante

191 1009 277 1037 litém.
306 1009 338 1036 Et
360 1009 449 1036 thema
475 1008 490 1034 7
503 1028 511 1040 ,
533 1015 592 1042 cap.
613 1008 633 1035 2
653 1008 774 1043 ejusdem
807 1007 852 1034 lib.
869 1012 896 1035 et
911 1008 951 1035 tit.
970 1015 978 1034 :

191 1054 264 1086 Intra
287 1063 388 1082 annum
416 1062 509 1081 verum
533 1054 649 1088 pretium
683 1054 899 1089 quadruplatur,
926 1061 978 1080 nou

191 1106 282 1128 autem
308 1101 334 1128 id
362 1101 433 1135 quod
465 1100 588 1129 interest,
621 1099 698 1132 Quod
721 1104 811 1126 autem
843 1099 887 1126 llic
914 1099 980 1126 dicit

190 1154 303 1174 sanetus
319 1145 353 1173 de
373 1146 407 1172 iis
428 1146 475 1180 qui
500 1151 563 1172 ante
581 1145 834 1172 condemnationem
856 1149 883 1172 et
900 1153 980 1172 accu-

191 1192 323 1220 sationem
349 1199 405 1218 rem
424 1193 587 1225 restituunt,
608 1192 650 1219 lex
674 1192 750 1227 jubet
765 1192 790 1219 id
807 1192 864 1219 fieri
885 1192 912 1218 in
934 1200 980 1220 eos

190 1237 240 1272 qui
269 1237 369 1272 aliquid
404 1246 436 1265 ex
471 1238 562 1273 aliquo
595 1243 668 1266 mctu
707 1243 877 1274 acceperunt.
912 1239 981 1267 Dicit

190 1284 264 1310 enim
281 1282 298 1310 ὅ
310 1283 425 1317 ‘tliema,
450 1284 484 1311 15
505 1292 577 1319 cap.,
588 1285 605 1311 2
627 1284 680 1319 ιίι.,
692 1293 709 1312 x
731 1285 796 1312 lib.:
813 1285 891 1313 Actio
902 1286 981 1321 cujus

192 1334 282 1356 metus
300 1337 397 1363 causa,
419 1335 461 1357 est
474 1329 578 1362 libera;
595 1335 622 1358 et
640 1331 702 1359 licet
719 1331 744 1358 ei
758 1331 888 1359 adversus
900 1340 980 1366 quem

192 1375 295 1411 agitur,
310 1375 342 1402 ad
360 1375 520 1402 sententiam
537 1384 623 1410 usque
636 1384 693 1404 rem
714 1377 867 1408 restituere,
884 1381 912 1404 et
926 1385 979 1404 non

194 1423 259 1450 dare
284 1422 476 1457 quadruplum.
505 1422 552 1448 Est
582 1426 673 1449 autem
701 1426 729 1449 et
754 1422 804 1450 alia
831 1422 981 1449 differentia

1027 185 1172 212 πεισάντων
1186 186 1203 220 ἢ
1221 185 1374 220 εὑρηκότων
1390 186 1538 222 πράγματα
1552 194 1634 213 τινων
1650 186 1814 221 αἰχμαλωτι-

1026 231 1162 262 σθέντων,
1187 231 1247 257 ὅσον
1268 231 1337 263 τέως
1351 232 1390 262 είς
1410 231 1455 258 τὸν
1469 231 1547 265 λόγον
1574 232 1631 259 τῶν
1657 233 1812 268 ἐπιτιμίων*

1025 276 1089 312 ἄρτι
1103 275 1149 303 καὶ
1162 276 1195 303 τὰ
1212 277 1268 312 εἴδη
1289 277 1339 311 τῆς
1358 277 1499 312 μετανοίας
1516 278 1575 313 ἦτοι
1591 278 1650 305 τῶν
1673 278 1813 314 ἐκκλησια-

1027 321 1126 348 στικῶν
1142 323 1286 357 ἐπιτιμίων
1298 322 1410 358 ἄρχεται
1423 323 1520 357 λέγειν.
1541 323 1597 350 Καὶ
1614 324 1720 350 αὐτίκα
1740 324 1815 359 διορί-

1028 367 1114 400 ζεται,
1142 368 1185 394 ἵνα
1215 368 1280 403 μηδὲ.
1307 367 1375 403 μετὰ
1394 367 1447 394 τῶν
1465 369 1650 404 ἀκροωμένων
1677 369 1810 399 ἱστῶνται,

1026 413 1093 439 ἀλλά
1117 413 1185 449 μετὰ
1205 414 1259 441 τῶν
1280 414 1496 450 προσκλαιόντων
1524 415 1625 447 ἔξωθεν
1645 415 1698 451 τῆς
1725 417 1815 451 ἐκκλη-

1028 460 1087 492 σίας
1099 480 1106 491 ,
1115 461 1140 486 οἱ
1155 460 1325 495 ἁρπάσαντες
1338 459 1490 487 τοιοῦτόντι
1504 462 1621 496 πρᾶγμα
1630 461 1813 496 αἰχμαλώτου,

1026 506 1074 532 καὶ
1091 506 1127 541 μὴ
1142 506 1366 542 ὰντιστρέψαντες
1373 506 1449 538 αὐτὸ,
1463 506 1529 534 ἀλλὰ
1537 507 1742 542 ἀναμείναντες
1751 516 1813 534 κατ-

1029 551 1145 587 ηγορίαν
1168 552 1215 578 καὶ
1227 552 1336 586 ἔλεγχον
1345 551 1389 578 διὰ
1402 551 1451 587 τὴν
1473 552 1597 588 ἄρνησιν.
1618 553 1693 585 Τοὺς
1715 553 1745 579 δὲ
1759 554 1814 580 ἑαν-

1026 598 1088 630 τοὺς
1104 597 1351 634 προσαγγείλαντας
1364 599 1410 625 καὶ
1423 599 1517 630 δόντας
1531 598 1690 631 καλοθελῶς
1700 599 1754 634 πρὸ
1763 600 1815 625 ἀνα-

1027 642 1118 676 γωγῆς
1136 642 1153 668 ἃ
1171 642 1326 676 ἀφείλοντο,
1348 642 1494 678 διορίζεται
1508 643 1552 669 διὰ
1568 643 1619 679 τὴν
1636 644 1816 679 μεταμέλειαν

1029 687 1214 722 συνεύχεσθαι,
1228 687 1311 722 ἤγουν
1326 688 1515 720 συνίστασθαι,
1535 689 1606 724 μετὰ
1621 689 1680 715 τῶν
1701 690 1814 715 πιστῶν

1028 733 1190 759 ὑποπίπτειν
1204 733 1232 759 δὲ
1246 733 1334 759 αὐτῶν
1345 733 1388 759 διὰ
1402 733 1432 759 τὸ
1444 734 1649 768 ἀναγκάζεσθαι
1661 735 1818 771 ὲξέρχεπθαι

1030 786 1098 814 μετα
1111 778 1165 805 τῶν
1182 778 1401 814 κατηχουμένων.
1420 780 1474 806 Καὶ
1494 781 1508 806 ὁ
1521 781 1569 816 μὲν
1588 781 1817 817 ἐκκλησιαστικὸς

1029 824 1111 860 νόμος
1122 824 1192 851 οὕτω
1206 825 1318 856 τούτους
1332 824 1440 857 κολάζει
1449 834 1455 840 ·
1469 826 1484 852 ὁ
1498 826 1526 852 δὲ
1541 827 1684 859 πολιτικὸς
1698 828 1764 859 τοὺς
1777 829 1819 863 ἆρ-

1028 878 1119 904 παγας
1133 871 1179 897 καὶ
1195 871 1247 907 πρὸ
1260 871 1406 907 καταδίκης
1422 872 1609 907 προσάγοντας
1623 872 1657 899 «at
1671 873 1721 899 ὑπ’
1736 874 1818 899 αὐτῶν

1029 917 1152 952 ἁρπαγὲν
1168 917 1198 943 οὑ
1215 917 1406 952 προσδέχεται,
1432 917 1487 944 ἀλλ’
1512 919 1551 949 εἰς
1570 918 1602 944 τὸ
1620 919 1818 954 τετραπλάσιον

1029 962 1211 994 καταδικάζει.
1226 963 1294 997 Φησὶ
1308 963 1361 997 γὰρ
1373 971 1435 998 κεφ.
1449 967 1486 995 ς’,
1501 963 1547 990 τοῦ
1562 964 1594 996 ιζ’
1619 963 1728 996 τίτλον,
1745 965 1818 998 τοῦξ·

1031 1009 1131 1044 βιϐλίου
1141 1018 1148 1024 ’
1171 1010 1198 1036 '0
1213 1009 1305 1045 ἅρπαξ
1320 1010 1370 1036 οὐκ
1383 1010 1641 1046 ἀπαλλάπεταιτῆς
1659 1011 1761 1046 ποινῆς
1772 1012 1820 1047 πρὸ

1029 1056 1078 1090 τῆς
1091 1055 1168 1091 δίκης
1184 1056 1327 1091 προσάγων
1348 1056 1379 1082 τὸ
1402 1058 1528 1092 πρᾶγμα.
1549 1057 1604 1084 Καὶ
1626 1057 1703 1093 θεμα
1728 1057 1762 1090 ζ’,
1779 1057 1820 1084 τοῦ

1032 1100 1053 1135 β’
1077 1101 1171 1135 κεφαλ.
1193 1100 1240 1127 τοῦ
1257 1101 1339 1128 αὑτοῦ
1353 1101 1455 1136 βιὸλίου
1463 1102 1510 1128 καὶ
1518 1102 1606 1129 τίτλου
1617 1111 1623 1117 ·
1638 1103 1718 1129 Εἷσω
1734 1104 1820 1129 ἐνιαυ-

1030 1146 1077 1172 τοῦ
1091 1146 1121 1173 τὺ
1137 1146 1235 1181 ἀληθὲς
1258 1145 1305 1173 τοῦ
1324 1147 1483 1182 πράγματος
1502 1147 1608 1183 τίμημα
1618 1148 1822 1184 τετραπλασιά-

1032 1192 1116 1225 ζεται,
1128 1192 1158 1219 οὑ
1172 1193 1224 1228 μὴν
1235 1193 1266 1219 τὸ
1280 1192 1417 1229 διαφέρον.
1433 1193 1520 1228 Ὅπερ
1529 1193 1557 1220 δέ
1571 1202 1657 1229 φησιν
1676 1194 1798 1221 ἐνταῦθα
1810 1196 1822 1221 ὁ

1032 1237 1109 1271 ἅγιος
1120 1237 1198 1273 χάριν
1217 1237 1271 1264 τῶν
1287 1237 1340 1272 πρὸ
1355 1237 1503 1273 καταδίκης
1519 1238 1566 1264 καὶ
1590 1238 1765 1273 κατηγορίας
1787 1239 1822 1265 δι-

1031 1283 1128 1310 δόντων
1140 1283 1170 1310 τδ
1185 1283 1329 1318 ἀφαιρεθὲν
1339 1305 1346 1317 ,
1362 1283 1442 1310 τοῦτο
1460 1283 1474 1310 ὁ
1494 1283 1576 1319 νόμος
1600 1284 1822 1319 παρακελεύεται

1032 1328 1155 1363 γίνεσθαι
1168 1330 1208 1360 είς
1223 1329 1285 1361 τοὺς
1302 1328 1372 1356 κατὰ
1389 1329 1470 1363 φόϐον
1484 1329 1616 1360 λαϐόντας
1637 1339 1665 1356 τι
1685 1331 1721 1356 ἐκ
1744 1330 1822 1361 τινός.

1032 1375 1099 1411 Φησὶ
1114 1375 1168 1411 γὰρ
1180 1375 1209 1401 τὸ
1225 1378 1244 1401 ε’
1259 1375 1338 1410 θέμα,
1362 1374 1408 1401 τοῦ
1424 1378 1457 1409 ιγ’
1478 1375 1586 1409 κεφαλ.,
1605 1375 1655 1402 τοῦ
1677 1375 1700 1410 β’
1720 1376 1821 1406 τίτλον,

1032 1421 1079 1448 τοῦ
1095 1421 1207 1448 δεκάτου
1225 1421 1341 1456 βιϐλίου·
1373 1422 1405 1448 Ἦ
1424 1422 1468 1448 διὰ
1489 1422 1570 1456 φόϐον
1586 1421 1711 1454 αἱτίασις
1730 1423 1823 1457 αἱρετή

193 1473 289 1495 eorum
306 1468 352 1503 qui
373 1468 398 1494 vi
426 1476 470 1495 res
495 1467 633 1499 auferunt,
657 1472 685 1495 et
706 1473 802 1495 ecrum
818 1469 864 1503 qui
879 1468 980 1503 aliquid

1076 1477 1090 1495 τι
1100 1476 1106 1483 ·
1121 1468 1168 1495 καὶ
1181 1467 1269 1500 ἔξεστι
1282 1468 1319 1503 τῷ
1335 1467 1491 1503 ὲναγομένῳ
1507 1468 1587 1504 μέχρι
1604 1467 1699 1503 ψήφου
1721 1469 1825 1494 ἀποκα-

195 1513 232 1542 ab
244 1515 336 1549 aliquo
348 1519 422 1542 metu
435 1514 581 1549 accipiunt.
609 1514 740 1549 Raptores
763 1513 833 1541 enim
849 1522 903 1542 una
917 1522 979 1542 cum

194 1559 340 1594 quadrupli
352 1560 530 1587 retributione
542 1559 621 1586 etiam
634 1559 815 1592 infamantur;
832 1560 878 1594 qui
891 1564 980 1587 autem

196 1610 299 1632 metum
319 1605 480 1637 intulerunt,
504 1604 532 1631 in
548 1605 749 1632 existimatione
770 1609 874 1632 tantum
895 1605 981 1632 labem

195 1649 317 1685 aliquam
331 1651 506 1677 contrahunt.

234 1790 334 1818 Zouan.
350 1791 402 1824 Qui
413 1799 476 1818 vero
486 1790 588 1818 alienas
601 1791 698 1818 domos
713 1791 871 1818 invaserunt
888 1798 984 1826 resque

187 1837 262 1866 ‘inde
279 1839 445 1873 surripuere,
469 1838 519 1871 illi,
537 1837 634 1872 inquit,
651 1838 674 1864 si
688 1837 797 1872 quidem
811 1838 930 1865 accusati
953 1844 985 1865 ac

199 1888 379 1919 pernegantes
400 1884 515 1911 convicti
538 1883 647 1917 fuerint,
662 1891 724 1913 eum
748 1883 781 1911 iis
802 1884 903 1919 pariter
916 1891 985 1918 quos

199 1938 284 1965 supra
301 1930 420 1958 diximus
438 1931 472 1958 ab
491 1930 630 1958 auditione
646 1938 754 1966 quoque
773 1931 985 1965 prohibeantur,

199 1981 283 2011 atque
295 1976 321 2003 in
333 1976 454 2004 llentium
468 1977 590 2004 ordinem
606 1977 776 2012 relegentur;
792 1977 833 2004 sin
850 1983 939 2005 autem
958 1985 987 2005 se

202 2023 277 2056 ipsos
291 2021 457 2055 detexerint,
477 2027 525 2049 aut
546 2027 609 2050 ante
630 2023 830 2050 accusationem
849 2024 986 2051 occultum

199 2067 305 2094 crimen
320 2067 438 2095 confessi
454 2067 564 2100 fuerint,
578 2075 675 2103 resque
688 2068 791 2096 ablatas
805 2068 985 2101 reddiderint,

200 2113 404 2149 constituantur
427 2113 454 2140 in
478 2120 572 2140 eorum
588 2113 682 2140 ordine
699 2114 744 2148 qui
760 2121 775 2141 a
792 2119 903 2148 peccato
926 2122 988 2141 con-

1031 1513 1162 1548 ταστῆσαι
1176 1513 1205 1539 τὸ
1218 1514 1342 1548 πρᾶγμα,
1358 1513 1404 1539 καὶ
1420 1513 1457 1548 μὴ
1478 1512 1569 1539 δοῦναι
1588 1513 1619 1539 τὸ
1643 1514 1824 1549 τετραπλοῦν.

1034 1559 1112 1584 Ἔστι
1125 1558 1153 1584 δὲ
1165 1559 1212 1585 καὶ
1224 1558 1304 1594 ἑτέρα
1317 1557 1432 1594 διαφορὰ
1441 1559 1494 1585 τῶν
1505 1558 1598 1593 βιαίως
1612 1559 1825 1594 ἀφαιρουμένων

1033 1605 1181 1640 πράγματα
1193 1605 1303 1632 καὶτῶν
1323 1605 1393 1631 κατά
1409 1605 1488 1640 φόϐον
1505 1605 1702 1641 λαμϐανόντων
1726 1615 1753 1632 τι
1774 1606 1824 1632 ἐιπὰ

1032 1656 1103 1683 τινος
1115 1659 1122 1666 ο
1135 1650 1160 1677 οι
1175 1651 1223 1686 μὲν
1235 1651 1289 1685 γὰρ
1301 1651 1423 1686 ἅρπαγες
1445 1652 1494 1677 σὺν
1513 1652 1547 1686 τῇ
1565 1651 1697 1678 ἀποδόσει
1719 1651 1770 1678 τοῦ
1785 1661 1826 1678 τε-

1033 1695 1152 1731 τραπλοῦ
1172 1696 1218 1722 καὶ
1241 1695 1414 1731 ἀτιμοῦνται·
1437 1697 1461 1722 oi
1480 1696 1508 1723 δὲ
1531 1696 1613 1731 φόϐον
1626 1697 1826 1731 ἐπαγαγόντες.

1034 1741 1190 1768 σπιλοῦνται
1206 1740 1284 1777 μόνον
1297 1741 1367 1769 κατὰ
1379 1742 1426 1777 τὴν
1441 1741 1585 1777 ὑπόληψιν.

1071 1787 1191 1812 ΖΩΝΑΡ.
1207 1787 1239 1813 Οἵ
1253 1796 1324 1819 τινες
1338 1787 1365 1813 δὲ
1379 1787 1495 1822 ἐπῆλθον
1509 1787 1595 1819 οἴκοις
1607 1786 1765 1824 ἀλλοτρίοις
1787 1789 1828 1815 καί

1034 1832 1160 1867 ἥρπασαν
1174 1832 1276 1860 ἐκεῖθεν
1292 1833 1428 1868 χρήματα,
1449 1829 1531 1865 οὗτοι,
1548 1834 1642 1868 φησιν,
1653 1835 1677 1860 εἰ
1689 1838 1755 1870 μεν,
1766 1844 1826 1861 κατ-

1036 1877 1215 1913 ηγορηθέντες
1247 1878 1292 1904 καὶ
1313 1878 1489 1914 ἀρνούμενοι,
1516 1878 1708 1914 ὲλεγλθῶσιν,
1731 1881 1827 1916 ὁμοίως

1035 1925 1091 1956 τοῖς
1107 1924 1314 1961 προειρημένοις
1324 1926 1370 1952 καὶ
1384 1925 1433 1960 τῆς
1447 1925 1605 1962 ἀκροάσεως
1617 1927 1826 1954 κωλυέσθωσαν.

1036 1971 1083 1997 καὶ
1101 1970 1169 2005 μετὰ
1185 1971 1239 1997 τῶν
1254 1971 1470 2006 προσκλαιόντων
1484 1972 1674 2007 τετάχθωσαψ
1692 1973 1718 1999 εἰ
1731 1973 1760 1999 δὲ
1775 1973 1827 1999 ἑαυ-

1036 2016 1100 2047 τοὺς
1116 2015 1269 2048 ἐξείπωσιν,
1282 2016 1298 2052 ἢ
1313 2016 1364 2052 πρὸ
1381 2016 1426 2042 τοῦ
1450 2017 1676 2053 κατηγορηθῆναι
1705 2019 1827 2053 ὁμολογή-

1038 2068 1120 2088 σωσιν
1134 2061 1312 2096 ἀγνοούμενον
1322 2062 1352 2087 τὸ
1363 2062 1523 2097 ἁμάρτημα,
1533 2063 1580 2089 καὶ
1591 2063 1747 2090 ἀποδοῖενᾶ
1758 2064 1829 2098 ἀφεί-

1037 2107 1122 2139 λοντο,
1136 2107 1255 2142 εστωσαν
1269 2109 1297 2135 ὲν
1313 2110 1369 2140 τοῖς
1382 2109 1600 2144 ὑποστρέφουσιν
1615 2110 1672 2136 ἀπὸ
1682 2111 1827 2146 ἁμαρτίας,

199 2162 355 2190 vertuntur,
378 2158 430 2185 hoc
449 2162 501 2191 est,
522 2159 616 2185 ordine
638 2159 847 2192 substratorum,
862 2159 909 2194 qui
925 2167 987 2186 cum

1076 2154 1161 2180 Jtésn
1174 2155 1222 2190 τῆς
1240 2154 1341 2188 τάξεως
1353 2155 1406 2182 τῶν
1417 2155 1636 2187 ὑποπιπτόντων,
1650 2156 1752 2188 οἵτινες
1769 2158 1828 2183 ὑπ,-

202 2203 329 2231 fidclibus
350 2203 458 2239 quidem
475 2209 618 2239 precantur
635 2205 763 2239 templum
779 2206 919 2237 intrantes,
938 2212 989 2232 cae—

203 2254 293 2276 terum
304 2257 381 2277 more
392 2250 649 2287 catechumenorum
665 2251 849 2285 egrediuntur.

508 2296 621 2333 csNON
643 2296 689 2324 IX.

244 2351 255 2367 ι
272 2341 309 2369 De
325 2341 359 2369 iis
371 2341 417 2376 qui
428 2342 455 2369 in
472 2349 536 2377 agro
551 2343 593 2369 vel
606 2343 632 2370 in
644 2343 747 2370 aedibus
761 2344 819 2371 suis
839 2351 882 2375 ea,
897 2351 958 2378 qua:
973 2351 989 2370 a

207 2395 220 2414 1
242 2387 367 2415 barbaris
382 2388 473 2415 relicta
485 2393 558 2420 sunt,
578 2389 749 2416 invenerunt.
768 2389 823 2416 Eos
840 2394 928 2416 autem
943 2390 988 2424 qui

209 2442 221 2460 ε
243 2433 271 2461 in
289 2442 384 2468 campo
403 2434 505 2469 aliquid
530 2435 701 2467 invenerunt,
714 2436 756 2462 vel
777 2436 804 2462 in
819 2436 877 2462 suis
888 2435 991 2463 uadibus

207 2489 220 2512 ι
244 2487 259 2506 a
273 2480 397 2509 barbaris
415 2481 550 2513 relictum,
568 2482 591 2508 si
607 2482 727 2509 accusati
742 2482 851 2516 quidem
875 2483 990 2509 convicti

207 2535 220 2552 ς
244 2526 353 2559 fuerint,
369 2528 423 2554 sint
435 2527 560 2555 similiter
573 2528 643 2555 inter
651 2535 698 2555 eos
709 2529 755 2563 qui
767 2528 990 2561 substernuntur;

209 2583 221 2598 1
244 2573 285 2600 sin
300 2578 389 2600 autem
405 2582 433 2601 se
444 2574 517 2609 ipsos
533 2573 677 2601 detulerint
686 2579 713 2601 et
723 2574 898 2607 reddiderint,
910 2574 991 2601 etiam

209 2627 221 2643 1
245 2618 370 2652 precibus
383 2618 457 2654 digni
477 2619 639 2645 habeantur.
664 2629 673 2644 ι

244 2661 323 2690 Βλιε.
348 2662 452 2690 Dictum
474 2670 516 2691 est
539 2664 665 2698 superius
678 2663 711 2691 de
725 2664 759 2691 iis
777 2664 823 2698 qui
851 2663 945 2690 dicunt
963 2671 993 2691 se

209 2707 345 2735 invenisse
352 2716 394 2736 res
400 2709 570 2743 captivorum
583 2708 718 2744 neglectui
729 2709 848 2741 habitas,
859 2713 886 2735 et
899 2716 993 2735 earum

208 2752 261 2779 sllui
282 2753 473 2788 proprietatem
486 2754 651 2782 vindicasse.
667 2753 745 2781 Nunc
769 2759 858 2782 autem
872 2754 994 2781 decernit

207 2804 329 2833 uinctus,
341 2807 387 2827 eos
399 2800 446 2835 qui
456 2808 500 2828 res
517 2801 685 2835 captivorum
701 2800 727 2826 in
741 2800 867 2828 domibus
878 2801 991 2827 invene-

1043 2200 1214 2236 συνεύχονται
1232 2201 1280 2236 μὲν
1292 2203 1347 2232 τοῖς
1361 2202 1464 2232 πιστοῖς
1486 2202 1616 2234 εἰσιόντες
1632 2203 1675 2234 εἰς
1694 2203 1742 2229 τὸν
1761 2203 1827 2235 vah,

1041 2247 1194 2283 ἐξέρχονται
1205 2248 1234 2274 δὲ
1248 2248 1285 2279 ὡς
1296 2249 1320 2274 οἱ
1337 2249 1543 2284 κατηχούμενοι.

1341 2295 1459 2321 ΚΑΝΩΝ
1485 2294 1523 2321 Θ’.

1079 2350 1088 2366 ι
1106 2341 1174 2376 Περὶ
1195 2341 1249 2368 τῶν
1273 2341 1301 2366 ὲν
1315 2340 1353 2376 τῷ
1376 2340 1489 2376 πεδίῳῆ
1514 2341 1543 2367 ἐν
1561 2342 1619 2372 τοῖς
1647 2341 1728 2373 ἰδίοις
1751 2342 1830 2371 οἴκοις

1043 2395 1052 2411 ι
1071 2386 1203 2422 εὑρόντων
1225 2386 1259 2413 τὰ
1284 2387 1337 2413 ὑπὸ
1362 2387 1415 2413 τῶν
1435 2386 1579 2422 βαρϐάρων
1604 2386 1827 2420 καταλειφθέντα⁴

1044 2442 1053 2458 ι
1072 2433 1140 2464 Τοὺς
1153 2433 1180 2460 δὲ
1203 2433 1231 2459 ὲν
1256 2433 1338 2468 πεδίῳ
1352 2433 1481 2468 εὑρόντας
1503 2441 1530 2459 τι
1552 2433 1569 2468 ἦ
1590 2433 1619 2458 ὲν
1643 2435 1707 2465 ταῖς
1731 2433 1829 2459 ἑαυτῶν

1045 2486 1053 2503 ι
1072 2478 1171 2509 οἰκίαις
1185 2478 1362 2512 καταλειφθὲν
1382 2477 1434 2504 ὑπὸ
1456 2478 1510 2504 τῶν
1532 2477 1698 2513 βαρὸάρων,
1715 2478 1763 2504 ἐὰν
1787 2478 1829 2512 μὲν

1045 2532 1055 2547 ι
1073 2523 1306 2559 κατηγορηθέντες
1328 2523 1491 2558 ἐλεγχθῶσιν
1502 2542 1510 2554 ,
1524 2523 1628 2558 ὁμοίως
1644 2524 1674 2549 ὲν
1694 2525 1753 2555 τοῖς
1770 2524 1829 2549 ὑπο-

1045 2577 1054 2593 ι
1076 2569 1234 2595 πίπτουσινθ
1251 2567 1297 2595 ἐὰν
1317 2568 1346 2594 δὲ
1361 2566 1473 2598 ἑαυτοὺς
1486 2567 1618 2600 ὲξείπωσι
1633 2568 1682 2594 καὶ
1696 2567 1827 2596 ἁποδῶα.

1046 2624 1055 2639 ι
1075 2615 1121 2640 καὶ
1134 2615 1182 2649 τῆς
1197 2614 1280 2649 εὑχης
1293 2613 1417 2646 ἀξιῶσαι.
1434 2624 1442 2639 ι

1080 2661 1174 2687 ΒΑΔΣ.
1190 2661 1303 2695 Εἴρηται
1318 2659 1427 2686 ὄπισθεν
1441 2660 1504 2695 περὶ
1520 2659 1576 2686 τῶν
1597 2659 1734 2694 λεγόντων
1747 2658 1829 2693 εὑρεῖν

1042 2706 1226 2742 ἀνεπιμέλητα
1242 2705 1277 2732 τὰ
1292 2705 1345 2732 τῶν
1368 2705 1644 2740 αἰχμαλωτισθέντων
1672 2706 1829 2741 πράγματα,

1044 2754 1089 2779 καὶ
1105 2751 1260 2779 ἰδιώσασθαι
1275 2751 1353 2778 αὑτά.
1370 2752 1425 2778 Καὶ
1445 2750 1492 2777 νῦθ
1507 2751 1536 2777 δὲ
1558 2752 1710 2787 διορίζεται
1731 2753 1745 2778 ὀ
1759 2752 1830 2784 Ξγιιξ

1045 2800 1106 2829 τοὺς
1122 2800 1150 2825 ἐν
1164 2799 1222 2829 ταῖς
1237 2798 1335 2828 οἰκίαις
1347 2797 1401 2823 τῶν
1415 2797 1692 2832 αἰχμαλωτισθέντων
1707 2797 1829 2832 sitm;
