1857 3047
70 89 128 117 1045

670 85 839 114 EPISTOLA
856 86 1041 114 (ΣΑΝΟΝΙΟΛ.

1598 89 1666 116 ιοιϋ

66 144 209 180 πράγματα,
220 143 258 174 ὡς
271 143 307 178 μὴ
324 142 400 178 παρά
414 142 467 169 τῶν
482 141 626 178 βαρϐάρων
642 142 832 179 ἀφαιρεθέντα,

925 148 959 175 nt,
972 148 1063 178 utpote
1076 151 1129 170 non
1149 151 1163 170 ιι
1184 143 1306 170 barbaris
1320 143 1434 175 ablatas,
1449 144 1488 171 vel
1504 145 1530 171 in
1543 145 1594 171 viis
1619 146 1660 172 ab-

66 190 133 226 ἢκαὶ
147 188 212 216 κατά
225 189 274 220 τὰς
297 188 372 220 ὁδοὺς
393 188 514 224 ῥιφέντα,
531 189 576 216 διὰ
592 191 622 217 τὺ
639 190 721 227 βάρος
739 191 830 225 τυχὸν,

65 235 287 266 ἀποκαθιστῶντας
302 235 351 269 μὲν
372 234 550 270 εὐγνωμόνως
571 236 605 263 τὰ
625 236 779 272 εὑρεθέντα,
793 237 833 268 είς

65 283 104 309 τὸν
123 281 197 308 τόπον
220 280 344 308 ἵστασθαι
365 281 411 308 τὸν
429 281 530 309 τέλειον
547 282 616 318 μετὰ
634 283 688 309 τῶν
710 282 830 309 mani»;-

65 330 85 355 εί
97 328 122 354 δὲ
134 327 356 359 καταδικασθῶσι,
370 328 515 354 τάττεσθαι
530 329 578 355 σὺν
592 330 648 360 τοῖς
665 329 832 355 ὑποπίπτου-

65 382 109 405 σιν,
121 373 197 408 ἤγουν
208 372 367 408 ἐξέρχεσθαι
382 373 451 408 μετά
464 373 519 400 τῶν
534 374 755 409 κατηχουμένων.
768 373 833 400 Τού-

63 429 109 447 των
121 418 201 451 οὕτως
222 419 337 454 ἐχόντων
348 440 355 452 ,
371 419 443 446 εἴποι
463 428 516 453 τις,
531 420 568 452 ὠς
584 421 615 446 τὺ
636 419 706 447 οὕτω
724 420 834 452 κολάζε-

65 466 119 492 σθαι
135 466 195 496 τοὺς
211 465 395 500 ἀναμένοντας
421 466 571 502 καταδίκην
592 466 671 502 χάριν
692 467 833 501 ἀντιστρο-

64 512 109 546 φῆς
129 511 171 538 τοῦ
184 511 346 547 εὐρέματος,
361 511 528 538 δικαιότατόν
555 513 628 538 ἐστιν
641 532 648 544 ,
674 512 714 538 ὅτι
738 511 784 538 καὶ
800 513 832 547 τῇ

63 557 120 593 περὶ
137 556 238 591 κλοπῆς
253 558 348 593 ἀγωγῇ
365 558 518 593 ἐνέχονται,
536 557 606 584 κατά
629 557 674 584 τὸν
694 558 775 592 νόμον
789 557 834 583 τὸν

62 603 177 638 λέγοντα·
208 603 334 639 κλέπτης
363 604 436 630 ἐστὶν
463 605 478 631 ὁ
498 603 529 630 τὸ
551 603 689 640 ἀλλότριον
718 605 835 640 πρᾶγμα

62 649 180 683 ψηλαφῶν
195 649 272 685 παρὰ
286 648 397 684 γνώμην
415 649 462 676 τοῦ
477 649 606 676 δεσπότου
627 651 656 676 ἐν
675 649 773 684 είδήσει
787 649 834 676 τοῦ

61 695 168 730 λυπῆσαι
189 695 280 721 αὐτόν.
299 695 336 721 Τὸ
350 695 379 721 δὲ
400 695 576 722 συνίστασθαι
591 696 647 727 τοῖς
658 697 773 727 πιστοῖς,
789 695 835 722 καὶ

62 741 133 776 μόνον
149 741 185 777 μὴ
207 741 347 774 ἀξιοῦσθαι
366 742 395 769 δὲ
416 741 470 768 τῶν
496 742 674 778 ἀγιασμάτων
691 742 736 768 τὸν
752 750 835 777 προσ-

59 788 212 822 αγγείλαντα
225 787 321 814 ἑαυτὸν
331 788 378 815 καὶ
392 787 568 823 εὐγνωμόνως
581 787 662 815 δόντα
675 788 705 815 τὺ
721 787 833 823 εὕρεμα,

59 833 143 860 καινόν
158 834 247 860 ἐστιν·
262 833 336 865 ἄξιος
353 833 407 869 γὰρ
431 834 529 869 μᾶλλον
549 834 730 869 Εὐχαριστίας
750 834 833 866 ἐστὶν,

58 880 91 911 ὡς
111 880 140 906 τδ
154 881 270 915 πρᾶγμα
296 879 344 906 τοῦ
368 880 630 915 αἰχμαλωτισθέντος
643 880 762 914 φυλάξας
788 880 835 906 καὶ

59 925 278 960 ἀποκαταστήσας
292 925 368 952 αὐτὸ.
387 925 431 952 Διὸ
445 925 492 952 καὶ
509 925 617 959 λέγουσι
629 934 703 957 τινες
721 926 834 952 συνέπε-

59 970 113 997 σθαι
129 972 161 1006 τῇ
180 970 249 1006 μετά
274 971 328 998 τῶν
349 971 452 998 πιστῶν
475 971 618 1003 συστάσει,
642 972 690 998 καὶ
712 971 759 1007 τὴν
782 972 835 997 τῶν

58 1017 227 1051 ἀγιασμάτων
245 1017 351 1052 μέθεξιν
368 1026 455 1052 σιωπη
460 1017 523 1053 ρῶς.

88 1063 204 1089 ΖΩΝΑΡ.
231 1064 263 1089 Οἱ
280 1063 425 1099 βάρϐαροι,
449 1063 641 1098 λεηλατοῦντες
661 1064 709 1098 τὴν
732 1063 834 1100 χώραν,

57 1108 170 1143 ἥρπαζον
198 1110 363 1144 πράγματα·
390 1110 436 1136 καὶ
464 1109 480 1145 ἢ
505 1110 641 1144 κρείττοσι
665 1110 732 1145 μετὰ
752 1111 836 1137 ταῦτα

56 1155 269 1190 ἐντυγχάνοντεςτ
283 1156 299 1192 ἢ
315 1156 357 1182 διὰ
373 1156 455 1192 βάρος
471 1156 508 1191 μὴ
522 1156 663 1191 δυνάμενοι
679 1157 772 1192 φέρειν
787 1157 835 1184 ὅσα

55 1200 184 1235 ἥρπασαν,
201 1201 239 1228 τὰ
256 1202 302 1236 μὲν
325 1203 354 1228 ἐν
368 1202 406 1237 τῷ
422 1202 505 1237 πεδίῳ
527 1201 671 1237 ἔρριπτον,
690 1203 724 1229 τὰ
739 1204 767 1230 δὲ
789 1204 836 1230 καὶ

54 1245 80 1271 ἐν
100 1246 196 1278 οἰκίαις
221 1247 320 1279 τινῶν,
344 1248 373 1274 ἐν
397 1245 439 1279 αἷς
467 1247 531 1280 ἴσως
553 1249 679 1275 καλλίονα
699 1249 834 1284 εὕρισκον.

56 1292 127 1319 Ὅσοι
149 1292 234 1327 γοῦν,
262 1294 359 1328 φησὶν,
382 1291 459 1329 εὗρόν
481 1303 542 1321 τινα
565 1297 593 1322 ἐν
612 1295 650 1331 τῷ
675 1295 757 1330 πεδίῳ
775 1295 791 1330 ἦ
808 1296 836 1321 ἐν

54 1339 109 1370 ταῖς
124 1339 231 1365 ἑαυτῶν
258 1339 375 1371 οἰκίαις,
401 1337 490 1373 οὗτοι,
505 1342 529 1367 εί
557 1342 605 1376 μὲν
628 1340 836 1377 κατηγορηθῶσι

54 1384 96 1409 καὶ
111 1384 272 1420 ἐλεγχθῶσι,
293 1386 481 1412 ταττέσθωσαν
503 1388 531 1413 ἐν
546 1388 602 1418 τοῖς
623 1387 834 1413 ὑποπίπτουσιν

53 1429 97 1455 ἐὰν
122 1430 150 1456 δὲ
179 1431 294 1462 ἑαυτοὺς
319 1431 555 1466 προσαγγείλωσι,
584 1433 630 1459 καὶ
657 1432 791 1459 ἀποδῶσιν
820 1432 837 1458 ἃ

881 189 975 224 jcctas.
988 189 1102 216 fortasse
1110 194 1216 224 propter
1226 189 1341 223 pondus,
1350 190 1664 224 iuventasquidcmbona

883 236 935 263 ﬁde
948 236 1132 267 restituentes,
1148 235 1174 261 in
1189 234 1306 270 perfecto
1316 235 1399 270 gradu
1411 240 1483 263 stare
1500 236 1665 264 dcltereeutn

883 281 1017 308 ﬁdelibus.
1032 281 1079 307 Sin
1093 285 1182 307 autent
1200 281 1373 308 eundemnati
1404 281 1515 314 fuerim,
1539 283 1667 309 collocari

884 335 945 354 cum
962 327 994 354 iis
1011 328 1057 361 qui
1067 328 1288 360 substernuntur,
1301 328 1404 355 scilicet
1415 329 1506 363 egredi
1517 337 1579 356 cttm
1591 334 1666 357 cate-

884 372 1036 400 chumenis.
1045 371 1107 399 Haec
1114 380 1176 400 cum
1188 373 1223 400 ita
1235 380 1263 400 se
1276 373 1403 406 habeam,
1414 373 1512 401 dixerit
1520 375 1665 409 quispiam,

884 428 931 448 eos
948 420 987 447 sic
1002 421 1101 454 puniri,
1115 421 1161 455 qui
1178 428 1227 455 pro
1242 428 1271 447 re
1285 420 1393 447 inventa
1410 421 1574 449 restituenda
1602 430 1668 449 con-

885 466 1084 494 demnationem
1107 471 1276 500 exspectant,
1299 474 1358 494 esse
1373 467 1577 501 justissimum,
1595 477 1666 503 quo-

885 512 959 539 niam
975 511 1039 538 furti
1053 519 1161 546 quoque
1178 512 1284 539 actione
1299 517 1442 545 tenentur,
1457 513 1606 541 secundum
1627 515 1667 541 le-

885 565 956 592 gem,
971 565 1031 592 qua:
1046 557 1129 584 dicit:
1145 557 1199 583 Fur
1211 561 1252 584 est
1263 557 1308 591 qui
1324 566 1379 584 rem
1392 558 1507 586 alienam
1519 563 1667 586 contrectat

885 607 982 637 praeter
996 602 1099 630 domini
1114 602 1292 634 voluntatem,
1314 605 1404 631 sciens
1414 604 1440 631 id
1459 604 1497 631 illi
1522 605 1666 634 molestum

885 656 954 676 esse.
970 649 1038 681 Cum
1053 648 1177 675 ﬁdelibus
1187 653 1276 675 autem
1291 649 1450 681 consistere.
1464 655 1491 677 et
1507 658 1666 678 sacramen-

887 694 920 721 tis
947 698 1052 721 tantutn
1064 701 1118 720 non
1134 693 1239 728 dignari
1253 702 1314 720 eum
1329 695 1374 729 qui
1389 702 1418 722 se
1430 695 1518 730 ipsum
1530 696 1666 728 detulerit,

886 744 910 766 et
923 740 1006 774 probe
1014 747 1070 766 rem
1084 740 1221 766 inventam
1233 739 1346 771 dederit,
1360 748 1458 768 novum
1471 747 1529 774 est;
1545 746 1585 769 est
1595 737 1666 770 enim

878 786 976 820 potius
993 784 1162 812 Eucharistia
1175 785 1283 820 dignus.
1295 791 1322 812 ut
1334 786 1380 820 qui
1394 794 1449 813 rem
1464 787 1564 821 captivi
1578 795 1669 815 serva-

886 831 965 862 verit,
981 835 1008 858 et
1022 833 1108 865 ipsam
1121 831 1280 858 restituerit.
1301 831 1334 858 Et
1356 832 1416 859 ideo
1427 833 1520 860 dicunt
1534 834 1667 865 nonnulli,

886 884 948 903 cum
961 877 1085 904 ﬁdelibus
1096 877 1311 910 consistentiam,
1319 883 1553 907 sacramentorum
1562 886 1669 915 quoque

887 925 1118 959 participationem
1134 925 1215 952 tacite
1232 926 1372 960 consequi.

922 1061 1020 1090 Zonxn.
1039 1061 1162 1093 Barbari,
1176 1070 1237 1089 cmn
1265 1063 1492 1097 depopularentur
1515 1063 1668 1098 regionem,

887 1117 931 1136 res
947 1109 1079 1143 quasdam
1108 1114 1275 1143 rapuerunt;
1304 1116 1422 1143 moxque
1448 1109 1490 1136 vel
1503 1110 1574 1136 obvii
1604 1109 1668 1137 facti

887 1155 1058 1186 melioribus,
1072 1155 1113 1182 vel
1125 1155 1228 1190 gravati
1242 1156 1370 1190 pondere,
1378 1164 1439 1183 cum
1451 1164 1512 1191 quae
1524 1161 1670 1190 rapuerant

888 1201 959 1228 ferre
972 1201 1084 1228 minime
1102 1206 1224 1236 possent,
1241 1202 1340 1236 partim
1354 1209 1403 1236 per
1415 1209 1524 1236 campos
1535 1202 1667 1236 abjecere,

885 1245 985 1279 partim
1013 1245 1040 1271 in
1057 1245 1211 1280 aliquorum
1240 1246 1353 1277 uadibus,
1380 1246 1406 1272 in
1433 1247 1532 1281 quibus
1556 1247 1668 1274 meliora

887 1289 954 1317 forte
969 1295 1134 1324 repererant,
1149 1291 1308 1325 deposuere.
1336 1291 1497 1326 Quicunque
1514 1292 1605 1327 igitur,
1625 1293 1668 1320 in-

887 1336 957 1371 quit,
970 1341 1016 1364 aut
1031 1337 1058 1363 in
1070 1337 1174 1371 catnpis
1189 1341 1236 1364 attt
1258 1338 1285 1364 in
1304 1337 1361 1365 suis
1385 1338 1509 1365 domibus
1519 1339 1611 1371 aliqua
1625 1338 1668 1365 in-

887 1382 1075 1415 venerunt,illi
1088 1383 1110 1410 si
1128 1383 1237 1418 quidem
1253 1383 1372 1411 accusati
1386 1388 1411 1410 et
1427 1383 1542 1411 convicti
1557 1383 1668 1415 fuerint,

887 1428 957 1454 inter
967 1435 1014 1454 cos
1025 1428 1071 1462 qui
1081 1429 1294 1455 substernuntur
1305 1429 1393 1456 locum
1405 1429 1547 1464 accipiant.
1563 1428 1592 1456 Si
1603 1437 1668 1457 vero

53 1471 144 1510 εὖρον,
170 1478 219 1503 καὶ
237 1477 286 1512 τῆς
310 1478 392 1513 εὐχῆς
415 1478 617 1511 ἀξιούσθωσαν·
647 1478 730 1514 ἤγουν
756 1478 833 1514 μέχρι

933 1473 1006 1507 ipsos
1021 1473 1177 1506 detulerint,
1190 1482 1221 1501 ac
1232 1481 1263 1501 ca
1280 1482 1340 1508 quae
1352 1475 1477 1501 invertere
1493 1475 1668 1507 reddiderint,

52 1521 141 1554 τέλους
169 1523 224 1558 τῆς
261 1523 344 1558 εὐχῆς
372 1524 609 1558 συνεπηκέτωσαν
634 1525 690 1555 τοῖς
713 1525 835 1555 πιστοῖς,

53 1567 132 1602 μόνης
162 1569 216 1603 τῆς
241 1569 322 1603 ἀγίας
356 1569 531 1605 μεταλήψεως
552 1569 729 1605 κωλυόμενοι·
754 1570 837 1605 ἤγουν

53 1614 144 1649 μέχρις
159 1615 193 1641 ἂν
212 1615 356 1650 μετάνοιαν
372 1616 569 1649 ἐπιδείξωνται,
582 1617 629 1643 καὶ
639 1616 740 1651 ταύτης
756 1616 837 1648 ἀξιω-

52 1659 125 1687 θῶσι.

361 1743 480 1769 ΚΑΝΩΝ
500 1744 528 1769 I'.

85 1795 93 1810 t
115 1786 186 1818 Τοὺς
202 1787 234 1813 δὲ
257 1787 307 1823 τὴν
328 1788 435 1823 ἐντολὴν
456 1787 625 1824 πληροῦντας
646 1789 723 1820 ἐκτὸς
747 1788 837 1823 πάσης

50 1840 59 1856 t
77 1833 306 1868 αἰσχροκερδείας
321 1834 440 1870 πληροῦν
454 1835 504 1866 δεῖ,
521 1835 588 1870 μήτε
613 1836 733 1871 μήνυτρα
749 1835 764 1870 ἢ
782 1835 837 1861 σᾶν

50 1886 59 1901 ‹
79 1886 162 1913 στρα,
179 1879 196 1914 ἢ
213 1878 349 1915 εῦρετρα,
366 1880 382 1915 ἢ
408 1877 429 1914 ᾧ
449 1880 560 1916 ὀνόματι
583 1880 669 1907 ταῦτα
694 1880 836 1915 καλοῦσιν,

49 1932 58 1947 ί
77 1932 277 1957 απαιτιουντας.
293 1935 302 1950 1
416 1947 422 1953 ι

79 1969 180 1997 ΒΑΛΣ.
199 1970 412 2006 ’Δποδεξάμενος
423 1970 471 2006 τὴν
485 1970 676 2005 ἀγαθοθὲλειαν
687 1970 740 1997 τῶν
756 1979 839 2006 προσ-

43 2015 236 2049 αγγειλάντων
264 2018 378 2048 ἐαυτοὺς
405 2017 453 2043 καὶ
481 2016 632 2043 ἀποδόντων
661 2017 838 2052 εὐγνωμονως

43 2061 72 2087 τὸ
88 2061 220 2097 εὕρεμα,
237 2063 414 2098 προστίθησιν
437 2063 451 2088 ὁ
474 2062 570 2096 ἅγιος,
592 2062 644 2094 ὡς,
669 2063 692 2088 εί
717 2062 837 2088 θέλουσιν

41 2105 114 2135 οὗτοι
139 2109 303 2144 λογισθῆναι
327 2109 468 2145 πληρωταὶ
486 2110 535 2144 τῆς
557 2109 667 2145 ἐντολῆς
692 2109 738 2135 τοῦ
759 2110 837 2141 Genu,

888 1519 1046 1553 precatione
1060 1527 1169 1554 quoque
1180 1519 1254 1554 digni
1271 1520 1420 1547 habeantur
1436 1530 1441 1546 :
1461 1521 1510 1547 hoc
1523 1525 1574 1551 est,
1589 1520 1620 1547 ad
1635 1520 1668 1547 ﬁ-

888 1571 1049 1598 nemusque
1062 1565 1228 1599 precationis
1244 1573 1305 1592 cum
1321 1565 1444 1593 ﬁdelibus
1457 1566 1620 1600 consistant,
1637 1574 1668 1593 ac

888 1616 903 1635 a
921 1613 1014 1635 sancta
1032 1609 1224 1635 communione
1249 1609 1437 1636 tantummodo
1451 1613 1612 1642 arceantur;
1625 1609 1667 1635 vi-

888 1653 983 1680 delicet
1005 1653 1155 1687 usquedum
1174 1654 1360 1688 ptenitentiam
1383 1655 1602 1689 ostenderint,ct
1617 1654 1668 1681 hac

889 1706 997 1734 quoque
1009 1699 1083 1734 digni
1099 1699 1298 1727 existimentur.

1196 1744 1309 1778 CANON
1325 1745 1359 1772 Χ.

927 1800 936 1816 α
959 1791 1012 1819 Eos
1026 1795 1117 1818 autem
1133 1790 1179 1825 qui
1194 1795 1305 1818 servant
1317 1791 1453 1824 mandata,
1478 1792 1580 1826 absque
1595 1791 1670 1817 omni

891 1845 901 1862 ι
922 1837 994 1871 turpi
1018 1836 1096 1864 lucro
1110 1843 1219 1863 servare
1233 1841 1356 1871 oportet;
1383 1845 1433 1864 nec
1448 1837 1540 1864 indicii
1556 1837 1598 1863 vel
1619 1844 1670 1864 cu-

891 1891 900 1908 t
920 1882 1025 1915 stodiae,
1045 1882 1087 1908 vel
1108 1881 1273 1909 inventionis
1287 1882 1415 1916 pretium,
1439 1883 1480 1909 vel
1508 1890 1672 1918 quocunque

891 1937 901 1954 t
925 1928 1034 1955 nomine
1049 1927 1101 1955 hoc
1120 1927 1264 1962 appellant,
1280 1927 1428 1962 exigentes.
1449 1937 1459 1953 ι

896 1988 899 1991 ι
923 1973 1004 2001 Βλιε.
1017 1973 1085 2000 Cum
1106 1972 1262 2000 admisisset
1278 1977 1389 2000 sanctus
1401 1973 1499 2000 bonam
1515 1980 1611 2000 eorum
1623 1980 1671 2000 vo-

888 2018 1031 2051 luntatem,
1043 2018 1088 2052 qui
1105 2025 1134 2045 se
1149 2017 1224 2052 ipsos
1236 2017 1392 2044 detulerunt
1414 2022 1440 2044 et
1469 2018 1608 2045 inventum
1622 2018 1670 2044 be-

889 2064 985 2091 nevole
995 2064 1183 2093 reddiderunt,
1193 2063 1296 2098 adjicit,
1306 2065 1377 2098 quod
1390 2064 1412 2091 si
1426 2063 1445 2090 ii
1458 2063 1538 2090 velint
1553 2062 1671 2089 mandati

891 2110 935 2137 Dei
949 2110 1139 2138 observatores
1150 2109 1247 2141 videri,
1263 2110 1363 2137 debent
1374 2110 1476 2143 absque
1491 2108 1671 2143 quovis'turpi

42 2153 184 2188 ὀφείλουσι
218 2155 304 2191 χωρὶς
326 2155 439 2190 αἰσχροῦ
464 2155 576 2190 κέρδους
593 2155 648 2181 οἵου
660 2155 691 2190 δή
703 2163 773 2186 τινος
789 2155 833 2189 τὴν

925 2163 967 2183 :ro
981 2163 1038 2183 rem
1058 2156 1193 2183 inventam
1211 2156 1332 2183 reddere.
1353 2155 1496 2182 Deﬁnitum
1514 2159 1603 2181 autem
1619 2158 1670 2186 est,

40 2199 172 2227 ἀπόδοσιν
189 2199 241 2226 τοῦ
259 2200 408 2236 εὑρέματος
424 2201 520 2226 ποιεῖν.
540 2200 647 2235 Ὠρίσθη
662 2199 690 2226 δὲ
703 2200 739 2235 μὴ
756 2200 839 2226 ἀπαι-

39 2246 147 2272 τεῖσθαι
176 2245 257 2281 παρὰ
284 2245 331 2272 τοῦ
360 2246 505 2281 εὑρηκότος
531 2246 563 2271 ἐκ
594 2245 640 2271 τοῦ
672 2245 769 2281 μέρους
791 2245 838 2272 τοῦ

39 2290 228 2326 αἰχμαλώτου
246 2292 369 2327 μήνυτρα
391 2291 408 2326 ἣ
425 2291 533 2327 σῶστρα
547 2292 563 2327 ἢ
579 2291 695 2327 εὕρετρα
707 2311 713 2323 ι
737 2291 754 2327 ἦ
775 2292 839 2319 ἀλλο

38 2345 74 2365 τι.
89 2337 136 2363 διὰ
149 2337 186 2363 τὸ
206 2336 246 2372 μὴ
262 2337 291 2370 ἐξ
308 2337 438 2372 ἀμελείας
457 2337 511 2363 τῶν
532 2336 668 2363 δεσποτῶν
691 2337 708 2372 ἦ
730 2338 777 2366 καὶ
791 2347 838 2364 τυ-

38 2383 125 2418 χαίως
139 2383 275 2418 γενέσθαι
288 2383 337 2418 τὴν
348 2383 495 2415 ἀπώλειαν,
507 2382 575 2409 ἀλλά
589 2383 642 2409 ἀπὸ
653 2384 839 2419 περιστάσεως

39 2429 168 2466 μεγάλης
190 2429 242 2456 καὶ
264 2429 414 2465 ἐπιδρομῆς
436 2430 613 2466 βαρϐαρικῆς.
630 2431 661 2457 Οἰ
683 2431 736 2467 γὰρ
757 2431 839 2467 εὑρη-

37 2475 118 2508 κότες
135 2476 297 2512 πράγματα
311 2475 342 2508 ἐξ
357 2476 484 2511 ἀμελείας
500 2476 554 2503 τῶν
571 2476 706 2503 δεσποτῶν
722 2477 738 2512 ἢ
755 2477 839 2512 τύχης

37 2523 246 2552 ἁπολεσθέντα,
261 2523 309 2549 καὶ
320 2522 556 2556 ἀποκαθιστᾶΝτες
570 2522 667 2555 ταῦτα,
679 2523 839 2550 ἀπαιτοῦσιν

36 2568 171 2605 εὖρετρα,
191 2568 287 2600 καθὼς
303 2568 382 2595 τοῦτο
395 2569 568 2603 ἀναφαίνεται
589 2569 643 2596 ἀπὸ
656 2569 711 2596 τῶν
728 2569 839 2596 ὄπισθεν

35 2613 300 2650 καταστρωθέντιιιν
316 2614 417 2648 νόμων.

69 2661 207 2687 ΖΩΝᾹΡ.
244 2660 306 2692 Τοῖς
334 2659 493 2695 ὁμολογοῦσι
519 2660 549 2687 τὸ
574 2660 680 2696 εὕρεμα
703 2662 733 2688 τὸ
762 2661 838 2688 ἁλλό-

32 2714 111 2740 τριον
142 2705 206 2741 (54)
236 2706 504 2742 συγγνωμονέστερον
531 2706 696 2733 διατίθεσθαι
721 2707 736 2732 ὁ
762 2707 840 2741 ἆγιος

66 2787 130 2822 (54)
156 2787 198 2814 Τὸ
218 2786 389 2821 ἀλλότριον.
406 2786 500 2815 Scribe
515 2786 569 2814 τῶν
584 2786 739 2822 ἀλλοτρίων.

889 2209 942 2228 non
960 2202 1067 2237 exigere
1080 2208 1205 2237 oportere
1219 2209 1281 2229 eum
1297 2201 1343 2236 qui
1366 2201 1478 2232 invenit,
1504 2201 1537 2227 ab
1566 2208 1599 2227 eo
1624 2200 1670 2234 qui

890 2247 1012 2281 captivus
1032 2247 1093 2280 fuit,
1107 2248 1146 2274 vel
1160 2247 1262 2280 indicii,
1278 2247 1317 2273 vel
1331 2246 1470 2279 custodire,
1485 2246 1525 2272 vel
1539 2246 1672 2272 inventio-

890 2294 932 2320 nis
943 2293 1070 2327 pretium,
1087 2294 1127 2320 vel
1144 2293 1245 2327 aliquid
1257 2292 1345 2323 aliud;
1365 2300 1398 2319 eo
1415 2292 1487 2326 quod
1501 2300 1554 2318 non
1573 2300 1605 2318 ex
1623 2299 1670 2319 ne-

889 2339 1019 2374 gligentia
1034 2339 1219 2370 dominorum,
1233 2338 1275 2365 vel
1285 2338 1365 2366 etiam
1386 2337 1496 2364 fortuito
1514 2346 1557 2365 res
1570 2338 1670 2364 amissa

890 2385 936 2418 sit,
952 2385 998 2412 sed
1022 2392 1119 2419 magna
1134 2384 1288 2411 calamitate
1303 2387 1330 2410 et
1345 2383 1488 2410 barbarica
1503 2382 1670 2409 incursione.

890 2430 941 2464 Qui
963 2431 1035 2458 enim
1054 2439 1097 2458 res
1113 2431 1285 2458 dominorum
1307 2429 1468 2463 negligentia
1493 2429 1534 2455 vel
1561 2428 1672 2455 fortuito

890 2477 1008 2512 perditas
1022 2477 1185 2504 invenerunt
1205 2481 1232 2503 et
1253 2484 1300 2503 eas
1320 2475 1483 2506 restituunt,
1509 2474 1674 2501 inventionis

889 2523 1006 2558 pretium
1018 2527 1093 2550 recte
1107 2523 1229 2557 exigunt.
1244 2521 1471 2556 quemadmodum
1485 2521 1536 2547 hoc
1552 2527 1584 2546 ex
1607 2519 1672 2553 legi-

891 2569 941 2596 bus
957 2569 1083 2604 superius
1098 2569 1194 2604 positis
1210 2573 1330 2604 apparet.

928 2660 1028 2688 Zomn.
1044 2660 1111 2688 Cum
1127 2659 1161 2687 iis
1174 2659 1221 2694 qtti
1241 2667 1297 2686 rcm
1313 2659 1426 2691 alienam
1449 2666 1463 2685 a
1485 2666 1514 2686 se
1536 2657 1672 2685 inventam

890 2706 1067 2739 denuntiant,
1090 2706 1234 2742 benignius
1256 2707 1389 2742 agendum
1415 2714 1475 2734 esse
1501 2706 1542 2733 vir
1564 2709 1672 2734 sanctus
