1857 3047
196 84 267 114 10ιῖ

756 84 784 111 S.
807 81 969 112 GREGORII
990 81 1243 110 TIIAUMATURGI

1748 79 1808 107 l0“

197 145 346 172 constituit.
372 143 472 170 Verum
495 149 530 169 ne
553 141 744 170 denuntiantes
765 141 850 176 pretia
872 141 907 169 ob
924 148 981 169 rem

1072 140 1180 172 τάξατο.
1203 141 1260 167 ἰνα
1287 139 1315 166 δὲ
1342 139 1378 175 μὴ
1397 140 1421 166 οἱ
1447 137 1641 175 ὁμολογοῦντες
1666 138 1809 164 ἀπαιτῶσιν

196 190 346 222 inventam,
363 189 405 216 vel
419 188 492 216 aliud
514 195 678 222 quocunque
692 187 757 215 illud
779 187 889 214 nomine
908 187 982 214 voci-

196 239 279 268 tetur,
295 236 413 269 exigant,
432 232 558 268 subjecit,
573 240 627 259 non
642 239 703 259 esse
714 232 862 266 quidquam
873 232 983 266 exigen-

197 281 263 308 dum
280 279 314 307 ab
332 286 364 306 eo
381 278 427 313 qui
446 278 533 305 aliena
549 277 665 312 benigne
685 277 783 310 reddit,
800 277 848 304 sed
870 277 983 304 manda-

198 329 256 352 tum
269 325 373 359 absque
386 324 458 358 turpi
475 323 552 351 lucro
565 322 742 357 implendum.
755 322 845 356 Turpe
866 329 984 356 namque

197 371 303 397 lucrum
322 375 364 397 est
385 377 480 397 revera
503 368 642 404 quidpiam
657 368 692 396 ab
712 375 746 396 eo
761 369 868 403 exigere
879 368 926 403 qui
940 375 983 395 res

196 423 262 444 suas
277 415 442 443 turbulentis
459 414 630 449 temporibus
642 413 772 449 perdidit,
784 421 836 441 nec
847 413 907 440 illas
920 420 983 447 gra-

197 461 267 488 tuito
282 461 405 488 reddere.

501 503 615 532 CANON
634 503 681 531 Xl.

234 558 251 575 ι,
261 549 354 578 Fletus
374 558 425 578 seu
446 551 547 584 luctus,
569 555 611 577 est
631 554 710 578 extra
731 553 836 585 portam
855 548 983 582 oratorii,

200 605 210 621 ε
225 595 271 623 ubi
288 600 459 631 peccatorem
473 600 589 624 stantem
604 601 710 630 oportet
726 595 818 624 ﬁdeles
831 594 986 636 ingredien-

201 651 210 667 ι
227 646 268 670 tes
282 649 371 675 orare,
391 646 422 669 ut
443 650 493 677 pro
511 650 540 670 se
554 645 708 677 precentur.
729 641 842 670 Auditio
856 646 899 668 est
915 641 985 668 intra

201 697 211 713 ι
227 691 333 722 portam
347 688 375 714 in
388 688 505 723 porticu,
517 688 564 715 ubi
582 691 690 723 oportet
704 695 766 714 eum
785 688 832 723 qui
852 689 985 723 peccavit,

200 740 213 760 σ
227 737 310 766 stare,
333 741 421 768 usque
438 733 472 761 ad
495 733 718 766 catechumenos,
738 737 766 760 et
789 734 865 761 illinc
883 735 984 769 egredi.

203 788 212 804 ι
228 778 350 807 Audiens
366 778 455 812 enim,
480 779 584 814 inquit,
602 778 760 814 Scripturas
779 784 806 806 et
823 779 984 814 doctrinam,

202 833 213 851 ι
228 824 364 859 ejiciatur,
380 829 408 853 et
421 826 577 860 precatione
596 824 724 860 indignus
738 829 893 853 censeatur.
915 826 986 853 Sub-

202 879 212 896 (
225 871 308 906 jectio
328 875 419 898 autem
440 878 487 899 seu
507 871 657 898 substratio
677 876 735 904 est,
747 876 778 898 ut
798 871 869 899 intra
892 872 985 907 templi

203 925 214 942 ι
230 921 336 951 portam
349 920 435 951 stans,
446 924 508 944 cum
523 916 724 945 eatechumenis
738 917 901 952 egrediatur.
914 917 986 946 Con-

204 972 214 988 ‹
229 963 350 998 gregatio
363 970 411 991 seu
424 962 599 990 consistentia
611 966 662 996 est,
674 967 704 989 ut
714 970 776 990 eum
787 962 911 991 ﬁdelibus
922 971 984 992 eon-

203 1016 214 1034 ‹
229 1008 322 1041 sistat,
339 1012 366 1036 et
379 1015 442 1036 cum
455 1007 660 1036 catechumenis
674 1015 728 1036 non
744 1008 915 1043 egrediatur;
935 1016 984 1044 po-

203 1062 214 1079 (
229 1057 331 1081 stremo
343 1057 386 1081 est
400 1053 572 1089 participatio
583 1058 825 1082 sacramentorum.
840 1063 850 1079 ι

235 1143 315 1172 ΒΑιε.
335 1143 459 1173 Praesens
477 1144 587 1180 quidem
607 1149 728 1179 sanctus,
743 1145 887 1174 declaratis
904 1146 984 1181 quiu—

199 1197 254 1225 que
268 1190 335 1218 locis
346 1198 440 1218 eorum
452 1190 500 1226 qui
515 1195 600 1226 agunt
610 1191 807 1226 pmnitentiam,
827 1199 878 1220 nec
887 1199 982 1220 eorum

200 1235 325 1263 exercitii
348 1240 470 1271 tempora
492 1236 650 1270 declaravit,
667 1244 718 1264 nec
740 1241 853 1272 peccata
874 1241 984 1273 propter

200 1289 263 1317 qua:
279 1282 440 1318 paenitentia
455 1282 565 1311 deﬁnita
583 1287 635 1311 cst.
664 1284 778 1319 Magnus
797 1289 888 1312 autem
909 1284 985 1313 Basi-

201 1327 267 1360 lius,
282 1327 311 1355 in
329 1328 388 1356 suis
403 1329 546 1357 canonicis
559 1329 693 1365 epistolis,
708 1331 766 1358 haec
776 1331 868 1359 omnia
890 1336 985 1359 exacte

201 1373 323 1401 tradidit.
348 1373 448 1403 Verum
480 1374 525 1403 hic
548 1383 657 1411 quoque
682 1383 825 1412 poenarum
852 1377 984 1406 medelam

202 1419 349 1456 episcopali
366 1420 479 1450 arbitrio
498 1421 616 1458 reliquit.

1031 184 1158 220 εὖρετρα,
1175 185 1192 220 ἦ
1206 193 1232 211 τι
1248 183 1366 211 τοιοῦτον
1378 184 1415 216 ὡς
1428 184 1461 211 ἂν
1471 181 1594 216 subito,
1616 183 1758 218 ἐπήγαγεν
1776 183 1810 209 ὅτι

1031 232 1062 257 οὐ
1077 231 1117 257 δεῖ
1137 239 1163 257 τι
1186 229 1377 263 ἀπαιτεῖντὺν
1399 230 1556 257 ἀποδιδόντα
1579 228 1760 263 εὐγνωμόνως
1782 229 1810 255 τὰ

1032 276 1174 312 ἀλλότρια,
1188 276 1255 303 ἀλλὰ
1275 277 1358 312 χωρὶς
1374 275 1486 311 αῑσχροῦ
1502 275 1617 311 κέρδους
1635 275 1688 310 τὴν
1711 275 1809 309 ἐντολὴν

1032 322 1195 358 ἐκπληροῦν.
1215 322 1330 357 Αῑσχρὺν
1344 322 1398 356 γὰρ
1407 322 1490 354 ὅντως
1502 321 1598 357 κέρδος
1613 321 1674 347 ἐστὶ
1688 320 1722 347 τὸ
1737 320 1810 346 dnt-

1032 369 1088 395 τεῖν
1111 376 1137 394 τι
1161 368 1215 394 ἀπὸ
1240 367 1287 394 τοῦ
1314 367 1494 400 ἀπολέσαντος
1515 367 1549 393 τὰ
1571 367 1661 394 οἰκεῖα
1685 367 1715 393 ὲν
1732 366 1810 401 καιρῷ

1034 413 1232 448 περιστάσεως,
1246 414 1293 440 καὶ
1310 413 1346 449 μὴ
1362 413 1514 440 ἀποδιδόναι
1528 413 1599 440 αὐτὰ
1616 413 1725 448 ἀμισθί.

1329 505 1448 531 ΚΛΝΩΝ
1464 505 1526 531 IA'.-

1073 560 1082 576 ι
1107 550 1139 577 Ἦ
1160 550 1341 586 πρόσκλαυσις
1360 550 1412 583 ἔξω
1433 551 1482 586 τῆς
1500 551 1588 586 πύλης
1607 550 1656 577 τοῦ
1676 550 1810 587 εὐκτηρίοιι

1038 605 1048 622 ι
1067 596 1156 623 ἐστιν’
1183 596 1246 623 ἔνθα
1270 596 1374 623 ἑστῶτα
1399 596 1444 623 τὸν
1474 597 1666 632 ἁμαρτάνοντα
1691 597 1745 633 χρὴ
1765 597 1810 623 τῶν

1038 652 1048 668 ‹
1066 643 1203 670 εἰσιόντων
1224 643 1326 670 δεῖσθαι
1349 643 1469 675 πιστῶν,
1491 643 1563 678 ὑπὲρ
1576 643 1661 671 αὑτοῦ
1684 643 1810 678 εὔχεσθαι.

1038 698 1048 714 ι
1073 689 1105 715 Ἦ
1130 689 1261 724 ἀκρόασις
1282 689 1367 715 ἔνδοθι
1388 688 1438 723 τῆς
1461 688 1550 724 πύλης
1572 690 1602 715 ὲν
1625 689 1665 724 τῷ
1687 689 1810 724 νάρθηκι.

1039 744 1048 761 ι
1067 734 1131 762 ἔνθα
1143 735 1252 762 ἑστάναι
1266 735 1318 771 χρὴ
1339 735 1384 762 τὸν
1397 735 1576 772 ἡμαρτηκότα
1593 735 1647 767 ἓως
1663 735 1720 762 τῶν
1739 743 1815 769 κατη-

1039 790 1048 807 ι
1067 781 1216 816 χουμένων,
1233 782 1279 808 καὶ
1292 781 1415 808 ἐντεῦθεν
1431 780 1597 817 ὲξέρχεσθαι.
1616 781 1739 808 ’Δκούων
1757 780 1814 815 γὰρ,

1041 837 1050 853 ι
1070 818 1146 862 φήσὶ,
1161 827 1214 854 τῶν
1230 827 1346 863 Γραφῶν
1358 827 1405 855 καὶ
1424 828 1474 863 τῆς
1491 827 1677 859 διδασκαλίας,
1696 827 1816 854 ἑκϐαλλέ-

1042 882 1051 899 ι
1072 872 1138 904 σθω,
1158 872 1204 899 καὶ
1223 871 1260 908 μὴ
1271 871 1403 904 ἀξιούσθω
1415 873 1577 908 προσευχῆς.
1595 872 1626 899 Ἡ
1647 872 1679 898 δὲ
1697 871 1817 898 ὑπόπτω-

1040 927 1049 944 ι
1070 926 1121 950 σις,
1143 917 1203 950 ἵνα,
1226 916 1325 944 ἔσωθεν
1340 916 1390 951 τῆς
1413 916 1501 952 πύλης
1514 916 1562 943 τοῦ
1576 915 1642 943 ναοῦ
1667 915 1817 950 tardissim.

1040 973 1050 990 ι
1069 963 1139 999 μετὰ
1158 963 1212 991 τῶν
1227 963 1438 999 κατηχουμένων
1458 963 1612 999 ὲξέρχηται.
1632 962 1668 989 Ἤ
1683 961 1818 993 σύστασις,

1040 1019 1049 1036 ι
1069 1010 1113 1037 ἵνα
1139 1010 1295 1037 συνιστᾶται
1318 1010 1373 1041 τοῖς
1397 1010 1523 1041 πιστοῖς,
1540 1007 1586 1035 καὶ
1611 1007 1652 1044 μὴ
1679 1007 1818 1043 eamut

1039 1067 1049 1083 ι
1070 1058 1139 1093 μετὰ
1162 1057 1216 1084 τῶν
1242 1055 1466 1092 κατηχουμένων·
1489 1055 1643 1082 τελευταῖον
1669 1055 1688 1090 ἡ
1719 1053 1819 1090 μέθεξις

1038 1112 1048 1128 ι
1067 1102 1121 1129 τῶν
1136 1101 1324 1137 ἀγιασμάτων.
1341 1110 1350 1127 ι

1071 1148 1169 1175 ΒΛΛΣ.
1194 1148 1223 1174 '0
1241 1147 1290 1183 μὲν
1308 1145 1401 1182 παρὼν
1417 1146 1509 1180 ἅγιος,
1525 1145 1607 1172 πέντε
1624 1144 1730 1176 τόπους
1746 1152 1820 1179 μετα-

1037 1192 1167 1220 νοούντων
1183 1191 1371 1224 ὑποτυπώσας,
1392 1191 1423 1218 οὗ
1442 1190 1620 1226 παρεδήλωσε
1631 1190 1699 1221 τοὺς
1716 1189 1819 1224 καιροὺς

1037 1238 1086 1273 τῆς
1099 1237 1228 1273 ἐργασίας
1243 1235 1343 1269 αὐτῶν,
1359 1235 1421 1263 οὕτε
1435 1235 1487 1272 μὴν
1500 1235 1534 1261 τὰ
1551 1234 1747 1270 ἁμαρτήματα
1765 1233 1795 1259 δι’
1806 1233 1820 1260 5

1038 1283 1055 1319 ἡ
1072 1283 1198 1318 μετάνοια
1217 1281 1332 1318 ὡρίσθη.
1353 1281 1383 1308 '0
1400 1281 1428 1308 δὲ
1449 1280 1534 1317 μέγας
1554 1279 1699 1311 Βασίλειος
1718 1279 1748 1305 ὲν
1768 1279 1819 1309 ταῖς

1038 1328 1192 1361 κανονικαῖς
1212 1326 1470 1365 ἐπιστολαῖςμύτοῦ
1487 1325 1574 1353 ταῦτα
1592 1324 1666 1361 μετὰ
1684 1324 1820 1360 ἀκριϐείας

1037 1374 1190 1411 παρέδωκε.
1201 1373 1275 1410 Πλὴν
1292 1373 1338 1401 καὶ
1359 1369 1435 1405 οὗτος
1448 1372 1488 1404 εις
1505 1371 1555 1407 τὴν
1568 1371 1758 1407 ὲπισχοπικὴν
1773 1370 1821 1396 διὰ-

1038 1429 1128 1458 ιιρισιν
1149 1421 1198 1456 τὴν
1214 1420 1258 1447 διὰ
1273 1419 1327 1447 τῶν
1343 1419 1487 1455 ἐπιτιμίων
1499 1417 1651 1454 Θεραπείαν
1664 1418 1820 1454 ἀνήρτησεν.
