1857 3047
190 97 261 127 £055

759 95 787 125 S.
809 95 972 125 GREGORII
992 95 1244 126 THAUMATL‘RGI

1757 101 1824 130 ωδε

190 156 257 183 tium
272 154 318 183 sed
334 154 551 190 corruptibilium
566 154 704 189 variisque
715 155 804 182 modis
817 160 844 182 et
859 155 913 183 cito
930 163 962 190 pe

1043 156 1163 183 ποιεῖσθαί
1185 164 1246 183 τινα
1270 156 1429 192 σεμνοειδῶς
1450 157 1496 184 καὶ
1516 157 1693 194 ἀξιοπρεπῶς
1718 158 1753 194 δὴ
1765 161 1823 191 217.;

190 200 329 228 reuntium
346 199 489 232 rationem,
508 203 637 234 tanquam
652 200 679 226 in
695 207 724 226 re
744 200 819 234 gravi
835 207 867 227 ac
886 200 979 235 digna,

191 243 409 280 pertimescendo
420 247 467 270 aut
483 242 716 278 subterfugiendo,
734 241 861 277 frigidum
877 242 980 270 scilicet

191 296 225 317 ac
243 289 320 316 futile
336 288 494 316 videretur:
511 288 579 315 mihi
601 292 674 316 certe
695 288 718 315 si
738 288 802 322 quid
822 288 919 315 horum
945 287 979 316 ad

191 335 337 363 dicendum
357 334 527 370 propositum
546 338 628 367 esset,
643 334 780 362 inutilium
802 339 829 363 et
845 335 978 367 inanium,

191 386 219 409 et
232 381 323 416 qualia
339 388 478 415 nunquam
493 381 583 408 dicere
601 381 790 414 instituerem;
803 381 826 408 si
842 381 917 416 quid,
937 381 979 408 in-

189 432 283 460 quam,
299 426 365 452 mihi
382 426 551 460 propositum
565 431 636 453 esset
650 426 795 460 ejusmodi,
816 434 864 453 nec
884 426 978 453 formi-

189 471 282 499 dinem
298 471 379 498 ullam
396 471 509 499 haberet
524 472 623 503 oratio,
638 480 687 500 nec
698 477 844 505 vereretur,
861 480 895 499 ne
911 473 977 507 quid

189 515 298 551 uspiam
311 516 405 544 dicens
419 515 490 544 infra
499 516 657 552 dignitatem
671 518 760 553 eloqui
775 517 977 546 viderer.Nunc

188 569 254 590 vero
277 562 349 597 quod
374 562 401 589 in
424 570 456 590 eo
481 567 523 590 est
546 563 589 590 vel
609 571 692 598 prope
713 564 846 595 divinum,
861 563 902 591 vel
921 563 977 591 Deo

188 616 270 643 quam
286 609 465 642 simillimum,
489 609 626 636 inclusum
650 609 759 645 quidem
783 610 835 637 hoc
855 616 977 645 aspecta-

187 655 235 682 bili
252 662 284 682 ac
299 655 420 687 mortali,
436 655 482 683 sed
497 656 530 683 ad
547 655 594 683 Dei
613 656 816 684 similitudinem
833 657 975 685 studiosis-

187 700 258 728 sime
279 701 469 728 contendens:
489 701 570 737 hujus
591 709 641 737 ego
662 703 827 730 mentionem
845 702 933 731 facere
949 708 976 731 et

187 752 231 772 res
253 745 372 780 majores
398 746 530 781 attingere
553 753 672 781 parans,
700 746 810 782 Deoque
832 752 974 783 propterea

186 790 288 824 gratias
303 798 392 825 agere,
409 791 483 826 quod
496 791 570 819 hunc
590 792 657 819 mihi
672 793 759 820 virum
773 794 893 821 nancisci
908 801 971 821 con-

1030 200 1185 234 ὰναϐολαῖς,
1201 201 1237 236 μὴ
1245 201 1291 228 καὶ
1306 201 1409 237 ψυχρὸν
1423 201 1439 237 ἢ
1455 202 1593 238 πέρπερον
1640 203 1707 239 (48)·
1725 205 1777 232 οὐχ
1791 207 1821 232 ἂν

1030 255 1075 282 μοι
1086 246 1187 274 τούτων
1199 247 1278 283 εἴπερ
1290 256 1316 274 τι
1334 247 1421 282 λέγειν
1438 249 1591 284 προῦκειτο,
1609 250 1757 286 ἀχρήστων
1772 252 1820 286 μὲν

1028 291 1112 319 ὅντων
1125 293 1172 320 καὶ
1187 292 1319 329 ματαίων,
1331 294 1377 321 καὶ
1389 295 1452 321 οἴων
1467 295 1517 321 οὐκ
1528 296 1561 322 ἄν
1576 305 1640 323 ποτε
1657 297 1730 323 ἑκὼν
1742 298 1820 332 προὺ-

1029 338 1115 374 θέμην
1139 339 1237 373 λέγειν·
1258 340 1288 366 οὐ
1307 340 1362 376 μὴν
1384 341 1440 368 ἀλλ’
1458 341 1536 377 εἴπερ
1561 343 1709 378 προῦκειτό
1724 344 1778 379 (49)
1794 353 1818 371 τι

1028 382 1157 415 τοιοῦτον,
1169 384 1224 411 οὐδ’
1237 381 1308 419 εἶχεν
1324 383 1357 411 ἂν
1369 385 1510 412 εὐλάϐειαν
1524 387 1538 412 ὁ
1550 387 1638 420 λόγος,
1657 388 1719 414 οὐδὲ
1735 397 1816 425 φρον-

1028 428 1097 460 τίδα,
1117 430 1153 464 μή
1171 430 1208 464 πή
1223 438 1248 456 τι
1263 430 1359 465 λέγων,
1382 431 1469 466 ἥττων
1491 431 1540 466 τῆς
1563 431 1642 464 ἀξίας
1659 434 1815 469 φαινοίμην.

1027 473 1094 500 Νυνὶ
1106 474 1134 500 δὲ
1148 474 1163 501 ὅ
1182 483 1207 501 τι
1224 475 1419 503 θεοειδέστατον
1435 476 1528 509 αὑτοῦ,
1551 478 1598 504 καὶ
1611 478 1680 514 ὅπερ
1701 480 1731 505 ὲν
1744 480 1817 516 αὐτῷ

1028 520 1156 554 συγγενὲς
1176 520 1205 547 δν
1225 522 1352 556 τυγχάνει
1370 522 1438 558 Θεῷ,
1456 523 1686 559 ἐγκαθειργμένον
1709 526 1760 560 μὲν
1780 526 1817 560 τῴ

1027 565 1181 600 φαινομένῳ
1207 567 1252 593 καὶ
1276 566 1365 602 Θνητῷ
1388 567 1466 602 τῷδε,
1495 569 1536 594 ὅτι
1556 569 1584 595 δὲ
1611 569 1818 604 edomuit-:17:

1026 610 1214 645 ἐξομοιοῦσθαι
1229 612 1284 647 (50)
1302 612 1461 648 βιαζόμενον
1481 614 1519 649 τῷ
1543 615 1616 650 ΘειῙγ
1633 616 1733 643 τούτου
1750 626 1816 652 μνη-

1028 657 1152 692 μονεύων
1174 658 1220 684 καὶ
1245 659 1412 693 ὲφάπτεσθαί
1436 669 1494 691 πως
1518 661 1622 695 μέλλων
1645 664 1817 698 πραγμάτων

1027 701 1167 737 μειζόνων,
1189 703 1233 730 καί
1245 712 1316 736 τινος
1331 704 1373 732 διὰ
1385 705 1480 731 τούτου
1495 706 1542 732 καὶ
1556 706 1607 741 τῆς
1621 708 1662 739 είς
1682 709 1714 734 τὸ
1740 709 1816 735 Θεᾱν

1025 747 1208 783 εὐχαριστίας,
1226 748 1265 775 ὃτι
1281 757 1325 784 μοι
1348 751 1518 786 συῃυρῆσαι
1537 752 1650 788 τοιούτῳ
1665 753 1817 789 δεδώρηται

1024 792 1101 828 ἀνδρὶ
1125 793 1200 829 παρὰ
1227 795 1316 821 πᾶσαν
1342 803 1374 829 γε
1398 795 1447 831 τὴν
1473 796 1625 832 ἀνθρώπων
1651 799 1818 834 προσδοκίαν

186 841 295 862 cessum
315 835 361 868 sit,
385 843 468 870 supra
484 844 593 864 omnem
615 837 756 864 hominum
780 838 965 873 cogitatione"

1043 835 1079 862 ὢν
1092 845 1121 862 τε
1141 836 1227 864 ἄλλων
1244 838 1291 864 καὶ
1308 839 1357 874 τὴν
1371 839 1437 874 ἐμοῦ
1453 840 1544 873 αὑτοῦ,
1569 842 1630 868 οὔτε
1645 832 1817 878 προθεμένην

186 885 268 915 alque
291 883 541 916 exspectationem,
567 888 624 910 tum
645 884 778 917 aliorum,
802 889 859 911 tum
885 893 972 912 meum

186 930 278 959 certe,
301 927 348 961 qui
373 935 422 955 nec
447 929 510 956 talia
528 937 646 964 unquam
668 929 734 956 mihi
754 930 904 965 proposui,
923 937 974 958 nec

186 978 253 998 sane
267 972 389 1006 speravi;
414 981 477 1001 cum
500 974 566 1007 haec,
591 975 713 1010 inquam,
736 983 836 1011 parvus
855 981 882 1004 et
897 977 973 1004 nullo

186 1016 296 1052 ingenio
318 1019 448 1052 praeditus
462 1020 614 1055 aggrediar,
636 1028 690 1048 non
707 1022 842 1049 immerito
859 1027 973 1050 cunctor

185 1069 219 1090 ac
235 1063 328 1096 timeo,
356 1069 384 1092 et
402 1065 482 1092 silere
504 1074 616 1100 prorsus
640 1067 722 1094 malo.
746 1066 780 1095 Et
805 1075 869 1095 vero
893 1069 972 1096 silere

185 1107 254 1135 mihi
276 1109 444 1138 tutissimum
461 1112 613 1145 videbatur,
637 1121 669 1140 ne
688 1114 835 1148 gratiarum
856 1115 972 1142 actionis

184 1158 327 1189 praetextu,
345 1157 476 1192 prazcipiti
491 1157 583 1185 forsan
600 1158 729 1187 facilitate
743 1161 776 1187 de
787 1161 915 1195 gravibus
927 1168 972 1188 sa-

184 1200 293 1236 crisque
307 1201 419 1230 minime
433 1204 537 1239 gravia,
556 1205 603 1232 sed
617 1205 730 1232 humilia
753 1203 834 1241 atque
856 1207 971 1241 protrita

184 1243 309 1278 dicendo,
332 1253 386 1274 non
410 1248 497 1274 solum
518 1249 660 1276 veritatem
686 1256 741 1276 non
763 1256 902 1284 assequar,
922 1249 970 1278 sed

183 1290 284 1326 aliquid
297 1292 378 1320 etiam
391 1293 424 1320 de
437 1301 480 1326 ea,
495 1295 567 1329 quod
583 1295 609 1322 in
624 1303 668 1322 me
681 1302 732 1327 est,
747 1295 887 1323 detraham
899 1296 970 1331 apud

183 1344 240 1369 eos,
257 1337 304 1372 qui
324 1345 381 1365 rem
402 1338 442 1366 sic
463 1346 493 1366 se
513 1340 613 1368 habere
628 1339 754 1374 credent,
777 1348 840 1368 cum
862 1341 970 1368 inﬁma

183 1382 273 1410 oratio
295 1384 488 1412 contumeliam
508 1385 600 1420 potius
623 1385 756 1420 inferens,
782 1394 864 1421 quam
888 1394 970 1422 opera

183 1427 312 1457 facultate
324 1430 480 1466 adaequatis,
495 1431 645 1467 etlingetur.
664 1433 699 1460 At
717 1437 763 1460 tua
780 1433 889 1468 quidem
910 1441 970 1461 om-

182 1475 228 1502 nia
252 1483 303 1503 nec
326 1477 413 1504 minui
427 1483 554 1512 possunt,
578 1486 627 1505 nec
650 1479 842 1506 contumeliam
862 1479 929 1514 pati,
950 1486 968 1507 o

182 1521 296 1549 charum
311 1527 408 1558 caput;
427 1523 469 1550 vel
488 1523 581 1551 divina
596 1524 696 1558 potius,
711 1531 772 1559 qua:
792 1524 819 1551 in
843 1532 872 1552 se
891 1524 968 1559 ipsis,

182 1567 274 1601 qualia
289 1573 362 1602 sunt,
381 1569 494 1596 immota
509 1572 677 1604 permanent,
691 1569 813 1604 nihilque
827 1570 862 1597 ab
873 1570 968 1597 humili

181 1617 209 1640 et
219 1614 329 1649 indigna
344 1615 468 1642 oratione
483 1620 576 1643 nostra
594 1615 801 1643 labefactantur.
822 1614 877 1643 Nos
893 1623 968 1648 vero,

181 1659 276 1686 nescio
292 1667 347 1694 quo
362 1665 441 1695 pacto
454 1661 573 1688 audacia:
586 1661 800 1696 temeritatisque
814 1666 906 1688 notam
918 1661 967 1688 dc-

181 1704 282 1732 clinare
297 1706 444 1740 possimus,
462 1707 508 1742 qui
523 1714 578 1742 pm
602 1707 736 1740 amentia,
752 1707 827 1734 tenui
851 1711 878 1734 et
892 1707 968 1742 inge-

182 1750 229 1778 nio
248 1754 275 1778 et
296 1756 426 1786 apparatu
452 1760 496 1779 res
516 1760 629 1787 magnas
650 1760 682 1779 ac
706 1757 816 1787 captum
843 1757 967 1781 nostrum

181 1796 344 1824 excedentes
368 1797 534 1825 adoriamur.
556 1798 634 1832 Quod
656 1798 680 1825 si
701 1798 764 1826 alibi
789 1798 916 1833 fortasse,
941 1803 967 1827 et

182 1842 255 1876 apud
274 1842 353 1875 alios,
374 1843 464 1870 simile
479 1843 618 1878 quidpiam
632 1843 745 1879 juvenili
765 1844 895 1879 iactantia
910 1851 967 1872 caa-

181 1888 328 1923 pissemus,
336 1888 454 1916 audaces
469 1889 562 1923 utique
573 1896 606 1916 ac
617 1889 785 1924 praeﬁdentes
796 1889 965 1924 videremur;

182 1933 230 1962 sed
245 1937 336 1961 tamen
351 1933 526 1968 impudentiae
536 1934 679 1962 tribuenda
693 1935 831 1963 temeritas
850 1943 906 1963 non
922 1943 966 1963 es-

181 1985 233 2012 set,
250 1979 322 2014 quod
334 1987 390 2007 non
405 1987 499 2007 coram
518 1984 544 2008 te
561 1980 625 2008 talia
639 1981 811 2009 auderemus.
825 1979 903 2008 Nunc
917 1989 966 2008 au-

180 2028 235 2052 tem
250 2033 358 2052 omnem
371 2026 496 2053 amentiae
511 2026 621 2054 modum
636 2026 819 2061 implebimus,
841 2031 888 2054 aut
907 2026 965 2062 jam

180 2071 262 2099 etiam
279 2072 462 2107 implevimus,
476 2072 523 2107 qui
545 2073 637 2105 illotis,
659 2073 732 2107 quod
750 2073 836 2105 aiunt,
851 2073 964 2108 pedibus

180 2116 214 2145 ad
234 2124 315 2145 aures
331 2118 444 2145 introire
466 2118 526 2145 ausi
551 2126 662 2151 sumus,
681 2118 709 2145 in
722 2118 821 2153 quibus
842 2118 964 2145 divinum

179 2163 270 2198 ipsum
285 2163 415 2196 Verbum,
428 2172 484 2192 non
497 2165 584 2197 tectis,
604 2169 634 2192 ut
647 2164 718 2199 apud
732 2165 804 2199 vulgi
824 2165 964 2191 hominum
980 2174 1003 2202 ι)

178 2216 277 2241 aures,
305 2209 419 2244 pedibus
442 2214 570 2244 tanquam
597 2209 648 2237 sub
673 2210 773 2237 crassis
801 2210 965 2244 quibusdam

179 2254 412 2290 aenigmaticarum
431 2259 618 2290 tectarumque
640 2263 736 2282 vocum
761 2255 890 2290 pellibus,
917 2257 964 2283 sed

179 2301 272 2335 nudis,
287 2306 318 2329 ut
340 2301 412 2331 dicat
435 2302 591 2337 quispiam,
615 2302 790 2330 manifestum
815 2307 842 2330 et
861 2303 966 2337 perspi-

218 2367 274 2403 (48)
290 2367 338 2400 Μὴ
356 2367 406 2394 καὶ
430 2368 550 2402 ψυχρὸν
571 2368 591 2402 ἢ
617 2367 763 2402 πέρπερον
782 2365 812 2403 ᾖ.
829 2367 874 2403 Μή
895 2368 966 2396 valet

179 2408 209 2430 ut
233 2411 285 2430 non
310 2403 421 2438 dicam:
436 2403 480 2430 ubi
510 2404 536 2431 id
560 2404 632 2438 quod
657 2404 746 2437 majus
774 2407 815 2430 est
837 2403 965 2437 quodque

180 2438 270 2473 ipsum
291 2437 425 2465 aﬂirmare
444 2437 610 2472 poteramus,
623 2439 789 2470 omittimus,
805 2442 835 2464 ut
849 2438 875 2464 id
892 2438 964 2472 quod

180 2472 273 2509 rninus
287 2477 340 2505 est,
350 2473 524 2509 aflirmemus.
535 2473 690 2509 Περπερεία
701 2473 834 2500 Clementi
848 2472 966 2500 Alexan-

181 2507 262 2544 drino
277 2511 319 2535 est
330 2507 531 2544 καλλωπισμρς,
547 2507 737 2544 περιττότητος
753 2508 801 2544 οιαὶ
821 2508 966 2544 ἀρχαιότη-

179 2551 226 2574 τος
247 2542 316 2578 ἔχων
340 2542 590 2578 ἔμφασινζΡεῑΓυέ
614 2542 814 2571 Alexandrinus
838 2542 863 2570 in
884 2542 963 2577 epist.

181 2585 243 2604 ean.
261 2577 305 2613 l0.
320 2577 474 2606 de'clericis
490 2579 561 2606 ultro
575 2579 608 2606 ad
627 2579 785 2613 martyrium
800 2578 943 2605 ruentibus
956 2587 964 2604 :

182 2613 247 2638 Ὅτε
259 2612 289 2649 se
303 2612 417 2649 ἔπαισαν
431 2613 469 2645 ὡς
489 2614 522 2640 ἂν
538 2612 798 2649 περπερευσάμενοι.
817 2613 865 2640 Ubi
881 2613 966 2649 Zona-

182 2655 249 2684 ras;
266 2648 433 2683 Περπερείαν
452 2649 474 2675 δ’
491 2648 606 2676 ἐνταῦθα
627 2648 677 2684 τὴν
698 2648 855 2680 ἀλαζονείαν
877 2648 964 2675 καλεῖ.

182 2681 387 2719 νει-δηιοὶίίύᾱ
411 2692 466 2719 quo
485 2689 512 2711 et
536 2681 699 2711 Sirmoudus
725 2688 752 2710 et
772 2684 967 2711 lihodomanus

183 2717 318 2754 usi_suut,
334 2717 426 2754 futile,
439 2720 502 2747 huic
523 2719 584 2747 loco
609 2720 699 2746 minus
722 2726 802 2752 quam
824 2719 885 2745 aliis
900 2727 966 2754 con-

216 2752 255 2780 uit
273 2761 278 2779 :
294 2752 401 2785 mallem
419 2755 542 2781 insolens.
562 2754 615 2782 Sed
629 2754 716 2788 ipsum
730 2762 864 2787 perpeer
882 2753 965 2780 etiam

206 2788 306 2815 atinum
322 2795 372 2816 est.
385 2789 501 2817 BENGEL.
510 2804 545 2808 —
555 2789 718 2824 llesychium
733 2789 842 2815 consule
854 2796 879 2815 v.
896 2788 966 2824 Περέ

183 2824 254 2859 περᾷ
269 2830 295 2852 et
312 2825 525 2861 περπερεύεται,
548 2823 639 2861 ibique
662 2824 788 2851 adnotata
806 2824 838 2851 cl.
862 2823 964 2851 Alberti

1024 882 1089 909 ποτὲ
1103 882 1164 909 οὔτε
1179 884 1226 909 καὶ
1238 883 1407 917 ἐλπίσαντος
1423 886 1551 913 τοιούτων
1567 888 1739 923 ἐφάπτεσθαι
1757 891 1819 925 μέ).-

1023 927 1085 961 λων,
1114 929 1211 964 μικρὸς
1236 929 1273 956 ὢν
1295 931 1341 957 καὶ
1357 931 1436 963 ἄνους
1459 933 1608 966 παντελῶς,
1624 935 1676 961 οὐκ
1697 936 1822 970 53167:»;

1023 973 1172 1009 ἀναδύομαί
1187 982 1216 1000 τε
1229 975 1276 1001 καὶ
1295 975 1367 1003 ὀκνῶ
1388 977 1434 1004 καὶ
1455 978 1527 1005 ἑκὼν
1543 977 1613 1006 εἶναι
1637 982 1747 1007 σιωπῶ.
1760 982 1817 1014 Καὶ

1023 1018 1090 1053 δῆτα
1102 1018 1151 1054 τὴν
1163 1019 1276 1054 ἡσυχίαν
1296 1020 1372 1054 ἄγειν
1391 1022 1510 1056 ἀσφαλές
1535 1033 1579 1058 μοι
1606 1026 1815 1060 καταφαίνεται,

1024 1063 1061 1098 μή
1074 1073 1111 1099 πη
1127 1066 1260 1100 προφάσει
1276 1066 1324 1102 μὲν
1342 1068 1524 1102 εὐχαριστίας,
1541 1069 1594 1097 ὑπὸ
1605 1069 1633 1096 δὲ
1649 1072 1817 1106 προπετείας

1024 1108 1088 1140 ἴσως
1112 1110 1176 1145 περὶ
1200 1111 1305 1146 σεμνῶν
1321 1111 1369 1138 καὶ
1383 1112 1462 1147 ἱερῶν
1484 1112 1591 1148 ἄσεμνα
1603 1121 1633 1139 τε
1655 1114 1704 1140 καὶ
1719 1115 1817 1150 εὐτελῆ

1022 1154 1070 1180 καὶ
1089 1157 1341 1192 καταπεπατημένα
1359 1157 1463 1190 διεξιὼν
1473 1178 1480 1190 ,
1493 1159 1524 1185 οὐ
1543 1159 1624 1194 μόνον
1634 1160 1687 1187 οὐκ
1696 1160 1819 1195 ἐφικνῶ-

1024 1208 1073 1234 μαι
1088 1200 1139 1234 τῆς
1153 1200 1291 1236 ἀληθείας,
1315 1202 1382 1229 ἀλλά
1399 1203 1446 1229 καὶ
1461 1203 1586 1239 καθαιρῶ
1609 1213 1651 1238 τι,
1668 1205 1700 1232 τό
1723 1214 1757 1239 γε
1773 1207 1815 1232 ἐπ’

1022 1246 1092 1281 ἐμοὶ,
1108 1247 1183 1282 παρὰ
1197 1248 1254 1279 τοῖς
1274 1247 1359 1279 οὕτως
1383 1248 1453 1284 ἔχειν
1475 1250 1657 1282 πιστεύουσιν,
1676 1251 1716 1282 ὡς
1736 1252 1817 1278 ἀσθε-

1021 1291 1069 1326 νὴς
1083 1291 1120 1318 ὢν
1135 1293 1150 1318 ὁ
1163 1292 1250 1326 λόγος,
1269 1294 1449 1329 περιυὸρίζων
1466 1295 1576 1330 μᾶλλον,
1588 1297 1662 1332 ἥπερ
1676 1297 1817 1333 ἐξομοιοὺ-

1022 1345 1102 1372 μενος
1116 1339 1171 1370 τοῖς
1183 1338 1272 1374 ἔργοις
1286 1341 1318 1375 τῇ
1335 1340 1460 1374 δυνάμει,
1479 1341 1699 1368 ύποτυπώσεται.
1717 1343 1816 1370 Καί-σοι

1020 1383 1055 1409 τὰ
1082 1383 1132 1418 μὲν
1156 1384 1189 1411 σὰ
1213 1385 1380 1421 ἀκαθαίρετα
1401 1386 1446 1413 καί
1469 1387 1627 1422 ἀνύὸριστα,
1647 1384 1672 1414 ὦ
1687 1388 1755 1424 φίλη
1771 1398 1816 1415 κει

1021 1427 1104 1463 φαλὴ,
1117 1428 1164 1454 καὶ
1181 1429 1246 1456 πολὺ
1265 1431 1365 1465 μᾶλλον
1382 1431 1416 1458 τὰ
1429 1431 1488 1458 θεῖα
1506 1432 1621 1467 μένοντα
1633 1433 1678 1468 ἐφ’
1695 1434 1816 1466 ἑαυτῶν,

1020 1472 1058 1504 ὼς
1079 1472 1153 1507 ἔχει,
1173 1473 1321 1508 ἀσάλευτα,
1343 1476 1417 1502 οὐδὲν
1438 1476 1611 1512 βλαπτόμενα
1628 1478 1682 1504 ὑπὸ
1695 1479 1755 1505 τῶν
1770 1488 1817 1514 μι-

1020 1518 1094 1553 κρῶν
1117 1519 1164 1546 καὶ
1186 1520 1300 1552 ἀναξίων
1320 1522 1460 1557 ἡμετέρων
1485 1522 1589 1557 λόγων⁸
1612 1525 1696 1559 ἡμεῖς
1715 1525 1747 1552 δὲ
1768 1527 1817 1552 οὐχ

1019 1561 1067 1590 οἶδ’
1083 1565 1157 1596 ὅπως
1171 1565 1221 1601 τὴν
1239 1566 1289 1597 τῆς
1304 1566 1470 1602 θρασύτητος
1485 1568 1532 1595 καὶ
1547 1570 1717 1603 προπετείας
1736 1571 1815 1603 δοξαν

1018 1609 1228 1645 διαφευξόμεθα,
1245 1611 1459 1646 ἐπιπηδήσαντες
1476 1613 1522 1639 ὑπ’
1540 1614 1642 1647 ἀνοίας,
1659 1616 1757 1652 μικρῷ
1770 1619 1815 1643 καὶ

1018 1654 1056 1689 νῷ
1070 1655 1116 1682 καὶ
1130 1658 1301 1692 παρασκευῇ,
1329 1657 1455 1691 μεγάλοις
1487 1659 1535 1685 καὶ.
1562 1659 1632 1695 ὑπὲρ
1649 1661 1730 1695 ἡμᾶς
1752 1662 1818 1694 ἴσως

1019 1701 1172 1736 πράγμασι.
1190 1702 1246 1728 Καὶ
1261 1703 1285 1728 εἰ
1309 1703 1357 1737 μὲν
1371 1702 1497 1738 ἀλλαχόθι
1521 1713 1572 1730 που
1594 1706 1641 1732 καὶ
1664 1707 1709 1732 ἐπ’
1727 1707 1816 1734 ἀλλων

1017 1747 1129 1774 τοιαῦτα
1150 1748 1377 1784 προεθυμήθημεν
1394 1750 1610 1784 νεανιεύσασθαι,
1631 1751 1750 1787 θρασεῖς
1767 1754 1815 1788 μὲν

1017 1794 1065 1820 καὶ
1081 1793 1166 1826 οὕτως
1177 1792 1247 1830 ἦμεν
1261 1795 1307 1822 καὶ
1319 1795 1447 1831 τολμηροί
1458 1805 1539 1829 τινες·
1553 1797 1583 1823 οὺ
1598 1798 1653 1833 μὴν
1666 1798 1727 1825 ἀλλ’
1738 1799 1817 1826 ἀναί-

1017 1839 1077 1866 δεια
1090 1840 1139 1875 τῆς
1154 1841 1318 1875 προπετείας
1331 1842 1416 1875 αἰτία,
1432 1842 1469 1878 τῷ
1484 1843 1521 1878 μὴ
1537 1843 1584 1869 ἐπὶ
1601 1844 1642 1870 σοὶ
1656 1843 1715 1880 (51)
1727 1845 1816 1872 ταῦτα

1017 1883 1207 1920 θρασύνεσθαι.
1234 1886 1303 1914 Νυνὶ
1328 1887 1357 1913 δὲ
1386 1888 1439 1914 πᾶν
1459 1888 1497 1922 τὸ.
1518 1888 1617 1924 μέτρον
1640 1890 1694 1925 τῆς
1719 1891 1815 1922 ἀνοίας

1016 1931 1220 1967 ἀποπλήσομεν,
1238 1932 1254 1968 ἣ
1271 1933 1318 1959 καὶ
1335 1933 1533 1969 ἀπεπλήσαμεν
1551 1935 1613 1970 ἤδη,
1630 1936 1815 1970 ἐπεμϐαίνειν

1016 1977 1198 2012 τολμήσαντες
1214 1978 1337 2010 ἀνίπτοις
1357 1981 1413 2011 τοῖς
1430 1980 1493 2006 ποσὶ
1511 1980 1601 2015 (τοῦτο
1613 1981 1645 2016 δὴ
1660 1981 1692 2008 τὸ
1706 1982 1758 2009 τοῦ
1773 1983 1814 2009 λό-

1016 2023 1076 2059 γου)
1101 2025 1209 2056 ἀκοαῖς,
1226 2022 1270 2057 αἷς
1287 2025 1366 2057 αὐτὸς
1377 2026 1391 2051 ὁ
1406 2025 1477 2058 θεῖος
1495 2026 1580 2060 Λόγος
1602 2027 1681 2053 οὐδὲν
1692 2028 1813 2054 ἐσκεπα-

1017 2069 1135 2104 σμένοις,
1151 2071 1189 2102 ὡς
1204 2072 1263 2103 ταῖς
1281 2071 1334 2098 τῶν
1349 2072 1454 2098 πολλῶν
1469 2071 1631 2108 ἀνθρώπων,
1647 2075 1707 2105 τοῖς
1722 2075 1811 2104 ποσὶν,

1016 2114 1111 2150 ὥσπερ
1127 2116 1179 2142 ὑπὸ
1193 2116 1302 2151 παχέων
1324 2117 1403 2143 τινῶν
1417 2117 1559 2152 δερμάτων
1574 2117 1630 2144 τῶν
1644 2119 1812 2153 αἰνιγματω-

1016 2161 1068 2188 δῶν
1093 2162 1140 2188 καὶ
1155 2162 1266 2197 ἀσαφῶν
1282 2162 1336 2197 (5‘2)
1351 2162 1460 2195 λέξεων,
1485 2163 1553 2189 ἀλλὰ
1566 2165 1683 2198 γυμνοῖς
1701 2164 1758 2199 (ὡς
1782 2166 1811 2191 Ξιν

1017 2207 1089 2233 εἴποι
1104 2207 1166 2242 τις),
1185 2208 1273 2243 σαφὴς
1291 2209 1338 2234 καὶ
1356 2208 1488 2244 πρόδηλος
1503 2208 1667 2243 ἐμϐατεύων
1683 2210 1810 2244 ἐνεπιδη-

1016 2255 1071 2289 μεῖ·
1090 2255 1168 2289 ἡμεῖς
1187 2254 1215 2280 δὲ
1230 2254 1324 2290 ὥσπερ
1346 2254 1431 2290 ῥύπον
1447 2255 1463 2290 ἢ
1482 2254 1566 2290 πηλόν
1590 2264 1652 2282 τινα
1679 2256 1746 2288 τοὺς
1768 2257 1810 2282 ἁν-

1016 2299 1169 2335 θρωπίνους
1192 2300 1270 2335 ἡμῶν
1302 2300 1397 2334 λόγους
1424 2301 1551 2335 φέροντες
1578 2301 1727 2328 ἐπαντλεῖν
1756 2303 1809 2337 (315i

1015 2372 1081 2395 tom.
1098 2367 1131 2399 ll,
1146 2375 1208 2402 pag.
1227 2368 1289 2395 9.15.

1050 2403 1106 2438 (49)
1118 2404 1287 2440 ΙζροίξῑίειτοΣ
1304 2403 1447 2440 Bt‘ngelius
1463 2410 1525 2430 cum
1538 2402 1708 2437 Ilceschelio,
1726 2403 1808 2440 προῦο

1015 2436 1100 2470 κείτο,
1117 2438 1172 2464 οὗθ’
1187 2438 1309 2473 ἡντινοῦν
1325 2436 1397 2473 εἶχεν
1412 2439 1454 2465 ἄν.

1051 2473 1108 2509 (50)
1129 2473 1359 2509 Ἐξομοιοῦσθαι.
1377 2473 1625 2509 Ληψίὶιιςνοιὶίιιιίᾱ
1646 2481 1750 2501 sonare
1767 2474 1807 2500 ri-

1015 2509 1095 2536 detur
1118 2508 1148 2534 τὸ
1167 2508 1364 2543 ἐξομοιοῦσθαι,
1383 2516 1465 2544 quam
1489 2508 1519 2544 το
1546 2509 1706 2544 μιμεῖσθαι,
1720 2509 1806 2543 inquit

1016 2544 1167 2571 Gatakcrus
1180 2544 1214 2571 ad
1231 2544 1332 2571 Anton.
1349 2551 1410 2578 pag.
1430 2543 1493 2570 360.
1508 2543 1612 2578 Nempe
1627 2544 1747 2571 alterutri
1765 2552 1804 2571 re-

1015 2579 1100 2606 fertur
1117 2579 1150 2605 ad
1164 2579 1296 2610 habitum,
1309 2578 1422 2605 alterum
1437 2578 1470 2605 ad
1486 2579 1619 2607 actiones.
1633 2579 1754 2606 Busan.

1052 2615 1107 2649 (51)
1127 2614 1189 2640 Ἐπὶ
1203 2614 1262 2640 σοι.
1278 2613 1393 2649 Prorsus
1416 2613 1561 2649 legendum
1583 2615 1632 2640 ἐπὶ
1657 2614 1706 2641 σοῦ
1723 2624 1729 2641 :
1744 2622 1803 2641 nam

1015 2651 1097 2676 modo
1112 2649 1139 2676 in
1155 2649 1286 2676 autitheto
1300 2648 1367 2675 dixit
1379 2648 1421 2674 ἐπ’
1436 2648 1533 2675 ἄλλων.
1550 2648 1589 2676 In.

1051 2684 1107 2719 (52)
1129 2683 1270 2717 Ἀσαφῶνν.
1283 2683 1346 2710 Ger.
1359 2683 1484 2719 Vossius,
1499 2684 1644 2718 ἀσφαλῶν.

1051 2718 1107 2754 (55)
1122 2718 1444 2754 Φέρωιτεςλὲπαντλεῖν.
1459 2718 1619 2747 ldiotismus
1633 2720 1738 2746 auctori
1755 2725 1802 2745 no-

1016 2752 1078 2790 stro
1096 2752 1232 2789 frequens.
1248 2752 1302 2790 rSic
1324 2754 1394 2780 intra
1411 2754 1501 2789 φέρων
1521 2754 1662 2790 ἐπιδοίην,
1677 2755 1802 2789 φέροντες

1017 2789 1196 2824 ἀναθήσομεν,
1221 2789 1310 2824 φέρων
1328 2789 1520 2825 κατεστήσατο,
1548 2789 1640 2825 φέρων
1675 2790 1801 2824 παριδρὺ-

1017 2833 1090 2857 σατο,
1103 2825 1191 2860 φέρων
1206 2825 1378 2859 ἐμφυτεύσει,
1397 2825 1484 2861 φέρων
1501 2825 1673 2858 ἐγκατέθετο.
1686 2825 1799 2852 Βεπςαιῖι.
