1857 3047
27 112 82 139 ἰύΞἹ

509 107 542 135 ΙΝ
562 105 738 134 ORIGENEM
752 103 881 133 ORATIO
901 102 1131 132 PANEGYRICA.

1564 101 1632 130 1058

27 168 196 205 ;τολμήταμεν
219 167 313 199 ἀκοαῖς
342 166 422 194 ϐείων
452 165 499 193 καὶ
532 165 660 200 καθαρῶν
688 164 789 191 ἀκούεις

878 171 929 190 tum
943 162 1071 190 incedens
1082 161 1241 189 obambulat
1257 170 1262 188 :
1280 165 1306 188 et
1320 168 1370 188 nos
1388 164 1477 188 autem
1490 159 1563 187 velut
1573 168 1635 187 sor—

27 215 234 251 ιεμελετηκυίαις
255 213 360 248 φωνῶν.
381 212 442 248 ’Ἆρ’
456 210 502 239 οὖν
518 212 625 247 ἀπόχρη
641 210 721 246 μέχρι
734 209 794 236 τού-

27 270 59 288 του
82 260 226 296 ἁμαρτεῖν·
255 259 301 286 καὶ
330 259 377 285 νῦν
404 258 468 293 γοῦν
490 259 637 293 σωφρονεῖν
661 256 793 292 ἄρξασθαι

27 308 74 343 χρὴ,
92 306 187 342 μηκέτι
206 305 252 341 μὲν
272 305 427 340 περαιτέρω
449 304 644 338 προδαίνοντας
658 302 792 337 τῷλόγῳ,

27 352 91 378 ιε,τοῦ
112 352 139 377 δὲ
159 351 402 383 κατα-παύσαντας,
430 350 579 385 ὲΰουλόμην
597 349 655 384 μέν.
679 348 715 375 Οὐ
741 348 793 383 μὴν

27 397 68 423 ιλλ¹
83 396 154 428 ἅπαξ
166 405 211 432 μοι
221 395 413 431 θρασυνομένῳ
433 395 533 428 ὲξέστω
555 395 604 430 τὴν
618 394 705 420 αἰτίαν
718 393 793 429 πρῶ-

27 452 58 469 :ov
79 443 179 473 εἰπεῖν,
208 442 251 476 ὑφ’
274 439 308 478 ἧς
331 441 459 477 ἐπαρθεὶς
483 441 529 466 ἐπὶ
552 440 644 467 τοῦτον
669 436 723 476 ἦκα
749 438 794 465 τὸν

27 488 110 522 ιγῶνα,
127 487 153 513 εἴ
168 497 205 522 πη
219 488 264 514 καὶ
288 486 434 523 συγγνώμη
447 487 550 521 γένοιτό
566 495 609 522 μοι
623 486 671 521 τῆς
693 493 793 521 προπε-

27 534 83 566 τείας
96 533 205 569 ταύτης.

48 627 80 652 Γ¹.
96 626 184 652 Δεινόν
209 634 253 661 μοι
274 626 290 660 ἡ
315 624 461 660 ἀχαριστία
482 623 693 658 καταφαίνεται,
709 621 792 648 δεινὸν

27 673 58 699 ut
69 672 213 698 πάνδεινον.
227 671 350 698 ῐΙαΟόντα
361 673 415 707 γάρ
429 680 456 697 τι
471 670 576 702 καλῶς,
596 669 633 704 μὴ
651 669 697 695 καὶ
714 668 793 703 ἀμεί-

27 718 102 744 ἲεσθαι
117 717 272 752 πειρᾶσθαι,
286 719 309 744 εί
328 717 374 744 καὶ
392 717 428 753 μὴ
446 716 533 748 ἄλλως
546 716 670 747 δυνατὸν,
686 715 793 750 εὐχαρι-

27 764 95 794 nim;
115 763 179 798 γοῦν
201 764 261 791 ταῖς
284 763 328 789 διὰ
345 762 442 796 λόγων,
465 762 480 797 ἢ
504 761 617 796 ἀνοήτου
644 761 730 795 πάντη
746 759 793 786 καὶ

27 808 167 843 ιναισθήτου
187 809 242 835 τῶν
258 807 432 844 εὐεργεσιῶν,
449 806 466 842 ἢ
485 807 650 842 ἀμνήμονος·
669 806 722 841 ὅτῳ

27 853 42 879 ε
54 854 96 879 καὶ
108 853 242 889 αἴσθησις,
255 853 302 880 καὶ
318 853 416 887 γνῶσις
431 849 468 879 ὧν
485 851 568 878 ἔπαθε
589 850 677 878 καλῶν
693 858 792 885 προσε-

27 899 100 931 γένετο
111 898 226 934 πρῶτον,
242 900 266 926 εἰ
287 899 324 934 μὴ
341 899 387 925 καὶ
406 898 500 933 μνήμη
516 896 676 929 διασώζεται
693 897 732 928 είς
746 896 792 923 τὸν

27 945 103 972 ’πειτα
118 945 223 981 χρόνον,
255 946 278 971 εἱ
296 945 333 980 μὴ
359 945 406 971 καὶ
429 943 558 979 ἀναφέροι
580 944 639 969 τινὰ
662 943 740 978 χάριν
754 942 792 978 τῷ

27 991 116 1026 ἱρξαντι
129 1000 181 1017 των
194 990 314 1025 ἀγαθῶν,
331 990 415 1026 ἀργὸς
435 987 511 1021 οὗτος
527 990 573 1016 καὶ
587 989 731 1024 ἀχάριστος
745 989 792 1015 καὶ

27 1037 116 1072 ισεΰὴς,
139 1037 336 1073 ἐξαμαρτάνων
362 1036 393 1062 οὐ
415 1035 576 1070 συγγνωστὰ
596 1034 658 1061 οὐτε
682 1034 791 1070 μεγάλῳ

27 1080 70 1106 ιύτε
85 1081 180 1116 μικρῷ
194 1081 219 1107 εἰ
236 1080 286 1115 μὲν
310 1080 395 1115 μέγας
411 1079 451 1111 τίς
468 1080 526 1106 ὲστι
546 1080 592 1106 καὶ
617 1079 790 1115 μεγαλόνους,

27 1127 59 1152 ιὺκ
71 1127 119 1154 ἀνὰ
133 1127 219 1162 στόμα
234 1127 323 1161 φέρων
336 1126 384 1152 σὺν
401 1125 476 1162 πάσῃ
492 1126 650 1161 εὐχαριστίᾳ
664 1125 711 1152 καὶ
725 1126 790 1160 τιμῇ

27 1172 59 1203 τὰς
83 1173 198 1207 μεγάλας
225 1172 307 1198 αὑτοῦ
331 1172 500 1207 εὐεργεσίας·
527 1172 552 1198 εἰ
575 1172 602 1198 δὲ
627 1171 722 1207 μικρὸς
745 1172 792 1198 καὶ

27 1218 252 1253 ςὺκαταφρόνητος,
272 1218 322 1244 οὐκ
345 1217 470 1253 ἀνυμνῶν
495 1217 541 1243 καὶ
563 1217 692 1252 εὐφημῶν
716 1217 790 1252 πάσῃ

27 1265 45 1298 ῑῇ
58 1263 134 1290 αὐτοῦ
151 1263 265 1298 δυνάμει
287 1263 333 1290 τὸν
352 1263 382 1290 οὐ
408 1263 532 1298 μεγάλων
551 1263 640 1298 μόνον,
663 1262 731 1289 ἀλλὰ
743 1263 790 1289 καὶ

27 1309 112 1344 ιικρῶν
125 1310 282 1345 εὐεργέτην.
298 1310 360 1341 Τοῖς
384 1309 433 1345 μὲν
448 1307 493 1336 οὖν
512 1309 615 1344 μείζοσι
635 1310 681 1336 καὶ
703 1309 791 1336 διαϐε-

27 1355 101 1390 ἲηκὸσι
112 1355 221 1391 δυνάμει
234 1355 332 1391 ψυχῆς,
349 1352 391 1382 οἶα
406 1355 437 1390 δὴ
453 1356 484 1381 ὲκ
500 1355 619 1387 πλείονος
634 1355 791 1391 περιουσίας

27 1401 58 1426 tat
83 1401 193 1435 μεγάλου
219 1400 353 1433 πλούτου,
381 1400 490 1435 μείζους
514 1401 561 1427 καὶ
586 1400 791 1436 φιλοτιμοτέρας

27 1447 149 1480 ιναγκαῖῡν
166 1446 319 1473 ἀποδιδόναι
342 1448 398 1478 τοῖς
421 1447 578 1482 εὐεργέταις
594 1446 644 1478 τὰς
660 1447 731 1473 κατὰ
746 1446 790 1473 δύ-

809 837 830 864 Β

844 209 892 236 des
904 215 936 235 ac
955 215 1062 235 caenum
1079 206 1229 242 quoddam,
1244 207 1367 234 mortalia
1379 206 1435 233 haec
1447 205 1529 233 verba
1541 211 1633 234 nostra

845 254 959 286 inferre,
986 257 1068 288 atque
1092 253 1120 280 in
1144 261 1225 281 aures
1246 252 1345 280 divinis
1368 252 1497 287 purisque
1519 252 1634 280 vocibus

844 300 986 327 audiendis
1006 304 1129 327 assuetas
1147 299 1290 326 infundere
1308 299 1450 326 audemus.
1477 297 1551 326 Satis
1568 305 1633 333 ergo

844 347 889 380 sit,
909 347 962 373 huc
983 354 1070 381 usque
1091 353 1231 381 peccasse;
1250 346 1291 373 vel
1313 353 1385 372 nunc
1405 345 1512 373 tandem
1537 353 1632 381 sapere

844 392 1027 426 incipiendum
1053 397 1113 424 est;
1138 400 1187 419 nec
1211 392 1334 419 oratione
1353 391 1461 426 longius
1481 391 1630 427 producta,

844 440 888 467 hic
903 439 1091 468 desinendum.
1115 439 1217 467 Vellem
1240 439 1383 473 equidem;
1407 446 1500 466 verum
1519 438 1632 474 pudoris

844 486 911 512 lines
923 485 1006 512 semel
1021 493 1131 520 egresso
1144 486 1225 512 liceat
1247 491 1357 512 causam
1374 484 1450 519 prius
1462 479 1563 518 dicei'e,
1577 492 1631 519 qua

843 531 941 559 ductus
957 531 985 558 in
999 536 1135 558 certamen
1153 531 1205 558 hoc
1227 531 1298 564 veni,
1322 531 1345 558 si
1370 538 1423 566 qua
1447 531 1514 558 mihi
1538 530 1631 559 forsan

842 577 1003 604 temeritatis
1020 577 1100 612 hujus
1116 577 1194 604 venia
1209 577 1385 604 concedatur.

878 622 921 650 Ill.
941 623 1014 650 Dura
1039 624 1105 650 mihi
1130 623 1274 658 gravisque
1295 631 1355 655 res,
1379 624 1502 659 ingratus
1524 623 1632 651 animus

842 669 963 702 videtur;
986 669 1091 702 gravis,
1107 669 1238 704 inquam,
1261 673 1287 696 et
1312 669 1402 704 gravis
1425 675 1630 704 usquequaque.

843 714 912 742 Eum
928 715 1001 742 enim
1022 714 1069 749 qui
1094 713 1224 741 beneficio
1249 713 1362 741 affectus
1387 714 1432 748 sit,
1447 714 1469 742 si
1483 714 1562 741 aliter
1575 721 1630 741 non

843 764 941 795 potest,
956 760 1067 795 agendis
1088 759 1183 787 saltem
1199 759 1283 787 verbo
1305 760 1399 795 gratiis
1412 759 1560 795 rependere
1575 766 1631 786 non

844 799 948 838 conari,
966 797 1013 832 aut
1024 808 1114 832 mente
1123 804 1194 840 capti
1206 809 1232 832 et
1243 812 1353 832 sensum
1367 796 1562 832 beneficiorum
1574 811 1630 832 non

843 850 968 879 habentis
985 854 1028 878 est
1043 850 1175 883 hominis,
1192 853 1239 877 aut
1252 849 1421 878 immemoris
1434 859 1441 877 :
1455 849 1500 878 cui
1519 857 1585 877 vero
1604 855 1632 877 et

842 904 939 925 sensus
953 900 981 924 et
993 896 1113 931 cognitio
1126 901 1168 924 est
1183 896 1390 929 beneficiorum,
1403 896 1456 924 nisi
1468 896 1635 924 memoriam

842 949 985 971 conservet
1002 944 1029 971 in
1046 948 1196 979 posterum,
1219 943 1271 971 nisi
1297 944 1411 979 gratiam
1436 943 1518 971 etiam
1538 944 1630 979 aliquo

842 990 922 1017 modo
940 989 1041 1017 referat
1058 979 1192 1016 bonorum
1212 989 1327 1021 auctori,
1342 989 1415 1016 iners
1430 989 1475 1017 ille
1487 993 1529 1017 est
1545 993 1574 1017 et
1589 989 1632 1016 in-

842 1040 935 1071 gratus
949 1043 980 1063 ac
993 1036 1103 1070 impius,
1118 1036 1178 1070 ejus
1190 1035 1315 1063 criminis
1334 1043 1406 1069 reus,
1420 1036 1491 1071 quod
1508 1043 1558 1064 nec
1571 1043 1631 1063 ma-

841 1089 921 1117 gnus,
945 1089 996 1109 nec
1016 1089 1116 1116 parvus
1135 1081 1275 1116 ignoscat;
1293 1081 1392 1117 quippe
1407 1082 1465 1116 qui,
1480 1082 1503 1109 si
1520 1081 1630 1116 quidem

841 1135 956 1163 magnus
970 1133 1011 1155 est
1023 1132 1050 1155 et
1064 1127 1236 1162 magniﬁcus,
1256 1135 1355 1163 magna
1377 1128 1437 1162 ejus
1454 1128 1584 1155 beneficia
1600 1127 1630 1155 in

841 1180 898 1206 ore,
912 1181 974 1200 cum
990 1173 1064 1200 omni
1082 1173 1229 1208 gratiarum
1243 1173 1350 1201 actione
1364 1177 1445 1208 atque
1458 1173 1563 1201 honore
1573 1180 1630 1201 non

841 1223 931 1254 gerat;
946 1219 988 1246 sin
1010 1226 1110 1253 parvus
1132 1223 1159 1246 et
1180 1219 1364 1254 despicabilis,
1379 1226 1434 1246 non
1446 1219 1521 1246 omni
1537 1221 1630 1246 tamen

841 1264 931 1291 studio
945 1264 1034 1291 laudet
1056 1270 1088 1290 ac
1101 1263 1229 1296 celebret,
1255 1271 1309 1291 non
1335 1271 1496 1298 magnorum
1510 1268 1628 1297 tantum,

841 1310 888 1338 sed
917 1317 1063 1345 parvorum
1087 1310 1169 1336 etiam
1191 1317 1337 1337 munerum
1359 1310 1525 1345 largitorem.
1551 1309 1585 1338 Et
1613 1319 1630 1338 a

840 1357 946 1391 magnis
971 1356 1079 1391 quidem
1105 1355 1243 1391 animique
1267 1355 1395 1383 facultate
1419 1357 1628 1391 praestantibus,

840 1406 969 1436 tanquam
986 1409 1019 1428 ex
1035 1401 1139 1437 majore
1151 1409 1232 1436 opum
1247 1402 1325 1436 copia
1341 1403 1501 1437 magnisque
1512 1403 1628 1438 divitiis,

840 1448 959 1483 majores
991 1452 1074 1482 atque
1099 1447 1263 1476 illustriores
1287 1448 1507 1476 benefactoribus
1533 1450 1629 1478 laudes

27 1500 88 1526 ιαμιν
105 1491 251 1528 εὐφημίας·
268 1495 323 1525 τοῖς
339 1493 366 1519 δὲ
383 1494 489 1528 μικροῖς
510 1493 557 1519 καὶ
572 1493 601 1518 ὲν
614 1493 699 1528 στενῷ
710 1493 789 1520 καθε-

878 1502 890 1521 o
908 1493 1012 1521 viribus
1031 1493 1107 1520 reddi
1129 1501 1239 1521 necesse
1253 1498 1309 1526 est;
1333 1501 1431 1529 parvas
1453 1498 1542 1522 autem
1556 1499 1583 1522 et
1600 1496 1629 1523 in

27 1537 113 1570 πτῶσιν,
122 1538 173 1564 οὐδ’
186 1538 278 1569 αὐτοῖς
289 1538 408 1573 ἀμελεῖν,
418 1537 478 1563 οὐδὲ
495 1537 625 1573 ῥᾳθυμεῖν
641 1538 787 1573 προσῆκον,

27 1582 63 1608 ὧδ’
76 1583 305 1614 ἀναπεπτωκέναι,
315 1583 351 1614 ὡς
368 1583 444 1609 οὐδὲν
459 1583 533 1616 ἄξιον
549 1582 655 1618 φέρειν,
670 1583 729 1609 οὐδὲ
745 1583 789 1609 τέ-

27 1637 78 1655 tam
90 1629 254 1665 δυναμένοις
272 1629 328 1656 ἀλλ’
345 1626 388 1655 οἷα
405 1629 521 1663 πένητας
537 1629 585 1664 μὲν
595 1650 602 1661 ,
617 1628 790 1664 εὐγνώμονας

27 1675 50 1706 is,
62 1675 88 1701 οὐ
99 1676 145 1711 τὴν
155 1676 202 1702 τοῦ
214 1676 385 1710 τιμωμένου,
402 1674 451 1710 τὴν
469 1675 491 1700 δ’
507 1675 595 1701 αὐτῶν
612 1675 724 1710 δύναμιν
743 1683 790 1709 με-

27 1722 163 1756 ιρήσαντας,
186 1723 218 1748 έκ
242 1722 291 1756 τῆς
313 1721 451 1756 παρούσης
478 1720 617 1755 δυνάμεως
644 1721 789 1755 ἀναφέρειν

27 1765 59 1796 τὰς
71 1766 155 1801 τιμὰς,
172 1765 320 1801 χαριέσσας
333 1765 396 1796 ἴσως
408 1765 538 1799 ἐσομένας
550 1765 596 1790 καὶ
608 1764 789 1800 καταθυμίους

27 1811 52 1845 τῷ
63 1812 238 1848 τετιμημένῳ,
256 1812 302 1838 καὶ
317 1811 367 1837 οὐκ
378 1812 406 1837 ἐν
423 1811 536 1846 δευτέρᾳ
549 1811 625 1846 χώρᾳ
637 1812 701 1847 παρ’
715 1810 789 1846 αὐτῷ

27 1857 63 1883 ςών
75 1857 192 1892 μεγάλων
205 1859 254 1885 καὶ
271 1857 384 1889 πολλῶν,
401 1859 425 1884 εἰ
446 1858 493 1884 σύν
514 1866 564 1884 τινι
581 1857 718 1892 προθυμίᾳ
731 1857 789 1892 μεί-

27 1901 66 1931 ζονι
79 1903 120 1929 καὶ
131 1903 225 1939 γνώμῃ
243 1902 421 1938 προσφέροιεν
438 1902 585 1938 ὁλοκλήρῳ.
601 1902 693 1933 Οὕτως
705 1903 734 1928 ἐν
751 1902 784 1928 ιε-

27 1949 70 1978 ni;
90 1948 188 1980 Βίϐλοις
203 1948 326 1984 φέρεται,
345 1949 387 1975 ὃτι
409 1949 441 1984 δὴ
468 1948 553 1984 μικρά
568 1957 608 1979 τις
625 1948 671 1974 καὶ
693 1947 787 1983 πτωχὴ

27 1993 76 2028 ξυνὴ
88 1994 143 2029 ἃμα
159 1995 298 2026 πλουσίοις
313 1995 359 2021 καὶ
373 1994 506 2026 δυνατοῖς,
528 1994 552 2020 οἳ
568 1994 735 2030 προσέφερον
757 1995 789 2020 ἐκ

27 2038 56 2064 ίοῦ
70 2040 175 2067 πλούτου
193 2041 300 2076 μεγάλα
322 2041 368 2067 καὶ
392 2040 533 2076 πολυτελῆ,
549 2040 616 2075 μόνη
638 2040 723 2076 μικρὰ
739 2041 787 2076 μὲν

27 2085 58 2110 ιαὶ
68 2085 199 2121 ἐλάχιστα,
216 2087 306 2113 πάντα
324 2085 352 2112 δὲ
367 2087 441 2121 ὅμως
454 2085 487 2112 τὰ
506 2086 569 2112 ὅντα
581 2086 648 2121 αὐτῇ
666 2086 786 2121 συμϐαλ-

27 2130 113 2165 ομένη,
125 2132 172 2167 τὴν
185 2131 235 2166 τῆς
255 2131 374 2162 πλείονος
386 2131 484 2162 δόσεως
502 2131 652 2166 μαρτυρίαν
667 2131 786 2166 ἀπηνέγ-

841 1544 955 1576 angusto
967 1540 1144 1572 constitutos,
1156 1547 1206 1566 nec
1219 1539 1291 1574 ipsos
1304 1539 1449 1574 negligere,
1462 1544 1509 1566 aut
1520 1540 1629 1575 segnio-

840 1594 884 1614 res
903 1593 964 1613 esse
983 1585 1124 1618 convenit,
1145 1592 1196 1612 nec
1212 1585 1312 1612 animis
1324 1585 1440 1619 ,cadere,
1460 1586 1538 1620 quasi
1560 1586 1630 1613 nihil

841 1631 953 1666 dignum
964 1630 1169 1666 perfectumque
1180 1630 1277 1657 afferre
1288 1631 1409 1665 possint;
1421 1631 1466 1658 sed
1479 1631 1553 1659 velut
1562 1639 1630 1666 pau-

840 1685 917 1713 peres
933 1678 1053 1713 quidem,
1067 1681 1095 1704 at
1107 1682 1199 1704 tamen
1213 1682 1314 1712 gratos,
1330 1684 1384 1704 non
1400 1677 1460 1712 ejus
1472 1685 1553 1712 quem
1575 1678 1628 1705 ho-

839 1729 948 1758 norant,
964 1724 1012 1752 sed
1027 1731 1105 1751 suam
1120 1723 1274 1750 facultatem
1288 1723 1441 1756 metientes,
1456 1731 1487 1750 ex
1502 1724 1629 1759 praesenti

841 1770 1033 1797 commoditate
1052 1769 1171 1797 honores
1187 1768 1309 1802 deferre;
1326 1773 1419 1804 gratos
1435 1769 1496 1797 illos
1513 1769 1629 1797 fortasse

840 1821 867 1844 et
885 1817 1020 1852 iucundos
1034 1815 1059 1843 ei
1075 1816 1122 1850 qui
1143 1815 1304 1847 honoratur,
1327 1822 1378 1842 nec
1400 1814 1529 1842 inferiore
1556 1815 1628 1847 apud

840 1870 901 1890 eum
926 1863 1003 1895 loco,
1034 1869 1116 1896 quam
1149 1861 1173 1888 si
1203 1868 1301 1896 magna
1334 1867 1448 1896 qumque
1479 1869 1511 1888 ac
1543 1861 1626 1888 multa

840 1909 1012 1940 offerrentur,
1031 1907 1152 1941 futuros,
1168 1907 1191 1934 si
1208 1907 1311 1942 majore
1332 1914 1394 1933 cum
1414 1907 1552 1934 alacritate
1571 1907 1627 1934 sin-

840 1962 957 1989 ceraque
976 1958 1003 1981 et
1024 1954 1130 1988 integro
1148 1953 1240 1980 animo
1259 1952 1425 1980 deferantur.
1442 1952 1488 1980 Sic
1506 1953 1579 1980 enim
1599 1953 1627 1979 in

840 2002 926 2029 sacris
947 2000 1056 2028 Litteris
1078 1999 1166 2034 legere
1188 1998 1273 2032 est”,
1297 2006 1410 2033 parvam
1432 1999 1576 2033 quamdam
1600 2005 1628 2026 et

839 2055 984 2082 pauperem
1004 2046 1146 2078 feminam,
1163 2051 1218 2072 una
1233 2052 1295 2072 enm
1315 2045 1445 2071 divitibus
1465 2048 1492 2071 et
1511 2045 1628 2079 potenti-

838 2093 891 2119 bus
905 2092 952 2126 qui
968 2099 1000 2118 ex
1021 2090 1195 2118 facultatibus
1218 2090 1275 2117 suis
1297 2096 1394 2123 magna
1411 2093 1439 2115 et
1455 2089 1545 2122 opima
1560 2089 1627 2116 olfe-

838 2139 944 2170 rebanl,
962 2138 1047 2165 solam
1070 2137 1179 2172 quidem
1192 2144 1274 2171 parva
1291 2141 1318 2164 et
1333 2136 1456 2167 minima,
1473 2136 1519 2163 sed
1533 2135 1625 2162 omnia

27 2178 128 2204 6170.06
150 2177 205 2213 γὰρ
227 2175 304 2212 οἶμαι
322 2177 361 2212 τῷ
384 2177 458 2212 ποσῷ
478 2177 528 2212 τῆς
549 2177 689 2212 διδομένης
711 2177 786 2212 ὕλης,

878 2192 930 2211 nen
943 2191 1003 2218 quae
1016 2183 1142 2215 habebat,
1157 2182 1315 2213 contulisse,
1332 2186 1359 2208 et
1375 2180 1488 2215 majoris
1502 2180 1625 2208 muneris

27 2223 87 2258 »ὖσης
102 2225 208 2258 ἔξωθεν,
228 2226 289 2256 ταῖς
303 2224 331 2250 δὲ
350 2222 566 2259 προσφερούσαις
584 2223 706 2258 γνώμαις
722 2223 790 2258 μᾶλ-

27 2277 56 2295 ιῦν
67 2272 107 2297 καὶ
121 2271 297 2307 προαιρέσεσι
311 2271 360 2306 τὴν
376 2270 530 2305 φιλοτιμίαν
545 2270 592 2296 καὶ
610 2270 659 2304 τὴν
675 2270 789 2305 μεγαλο-

27 2315 150 2350 πρέπειαν,
177 2319 190 2344 ὁ
213 2317 285 2352 ἱερὸς
305 2317 384 2351 λόγος
407 2316 604 2350 ὲσταῦμήσατο.
630 2315 668 2341 Οὐ
697 2316 787 2342 τοίνυν

27 2361 68 2388 ιύδὲ
88 2364 157 2398 ἡμᾶς
181 2364 310 2390 ἀποκνεῖν
335 2363 423 2398 πάντη
448 2362 585 2397 προσῆκον
606 2361 660 2387 δέει
684 2361 731 2387 τοῦ
750 2361 786 2397 μὴ

27 2406 212 2444 ;Ειοωοήσεσθαι
237 2409 287 2444 τὴν
309 2408 483 2444 εὐχαριστίαν
507 2408 566 2438 ταῖς
597 2406 786 2442 εὐεργεσίαις,

27 2452 74 2479 illi
95 2455 145 2481 πᾶν
163 2453 319 2481 τούναντίον
340 2453 442 2488 τολμᾷν
463 2453 510 2478 καὶ
524 2451 683 2487 πειρᾶσθαι,
698 2453 723 2478 εἰ
739 2451 786 2478 καὶ

27 2498 50 2533 Li}
68 2501 111 2532 τὰς
133 2501 201 2533 ἴσας,
226 2500 275 2532 τὰς
298 2499 362 2535 γοῦν
386 2499 501 2530 δυνατὰς
523 2497 685 2534 προσφέρειν
701 2497 738 2528 ὡς
757 2498 785 2524 ἐν

27 2545 104 2582 ἱμοιεῇ
116 2547 206 2582 τιμάς·
216 2546 243 2572 εἰ
253 2555 322 2578 πως,
334 2545 387 2572 τῶν
399 2544 508 2571 τελείων
521 2544 720 2579 διαμαρτάνων,
733 2543 786 2569 τῶν

27 2592 56 2617 ιπὶ
67 2593 157 2628 μέρους
174 2593 240 2627 γοῦν
253 2592 380 2627 τεύξηται
396 2592 460 2626 ἡμῖν
471 2591 484 2616 ὁ
500 2591 587 2624 λόγος,
602 2589 648 2625 τὴν
665 2588 784 2624 παντελῆ

27 2637 58 2670 πῆς
69 2639 223 2674 ἀχαριστίας
239 2639 316 2672 δόξαν
337 2637 456 2673 διαδράς.
473 2637 623 2671 Ἀχρηστον
644 2635 697 2670 γὰρ
718 2634 785 2670 ἀλη-

27 2683 62 2714 ίῶς
79 2685 94 2719 ἡ
112 2685 248 2717 παντελῶς
273 2684 362 2720 σιωπὴ
378 2684 430 2710 ὑπὸ
453 2681 558 2718 πιθανῷ
571 2682 611 2717 τῷ
624 2682 672 2708 τοῦ
693 2681 730 2716 μὴ
742 2681 786 2707 δύ-

48 2750 68 2765 ¹⁸
82 2750 144 2780 Luc.
159 2760 216 2785 ut,
230 2752 257 2780 2.

839 2229 1023 2257 testimonium
1039 2229 1200 2262 laudemque
1215 2227 1352 2255 retulisse.
1369 2226 1427 2253 Non
1448 2227 1520 2253 enim
1533 2230 1625 2254 exter-

841 2286 890 2309 nze,
909 2277 1015 2312 opinor,
1032 2275 1070 2302 rei
1091 2283 1151 2310 quae
1170 2275 1232 2301 data
1252 2278 1294 2301 est
1315 2273 1475 2307 quantitate,
1497 2271 1544 2299 sed
1564 2272 1624 2306 ipso

838 2322 976 2351 offerentis
988 2322 1080 2349 animo
1095 2328 1126 2348 ac
1140 2320 1281 2354 proposito
1299 2319 1486 2346 aestimandam
1501 2319 1624 2346 muneris

838 2368 995 2403 dignitatem
1012 2365 1296 2401 magniﬁcentiamqne
1313 2364 1413 2391 divinae
1432 2364 1539 2391 Littera:
1557 2372 1623 2392 cen-

838 2416 961 2441 suerunt.
981 2410 1040 2438 Non
1063 2411 1143 2446 igitur
1166 2409 1277 2436 omnino
1298 2409 1420 2444 refugere
1441 2417 1490 2436 nos
1506 2413 1621 2444 oportet,

839 2459 914 2486 inani
929 2462 1003 2486 metu
1017 2465 1052 2484 ne
1068 2457 1160 2492 gratia:
1174 2464 1236 2483 cum
1254 2455 1391 2483 beneficiis
1409 2463 1464 2482 non
1480 2455 1624 2489 adsequen-

839 2510 883 2532 tur
896 2514 903 2532 :
919 2505 964 2532 sed
977 2508 1071 2531 cantra
1087 2503 1178 2538 potius
1192 2502 1292 2529 audere
1309 2506 1389 2536 atque
1405 2500 1496 2528 omnia
1511 2500 1622 2533 conari;

839 2555 869 2577 ut
886 2551 908 2578 si
928 2558 980 2577 non
1004 2557 1093 2585 pares,
1120 2556 1190 2582 quos
1214 2548 1308 2575 saltem
1333 2553 1479 2581 possumus
1503 2546 1622 2572 honores

839 2595 1028 2631 rcpendamus.
1043 2593 1121 2627 Quod
1135 2595 1159 2621 si
1178 2593 1249 2620 forte
1264 2601 1318 2620 non
1339 2592 1451 2619 omnino
1471 2598 1527 2618 rem
1548 2599 1623 2619 asse-

839 2649 948 2679 quatur,
961 2646 1064 2677 partem
1077 2645 1148 2668 certe
1158 2640 1274 2674 aliquam
1288 2640 1422 2674 pcrtingat
1432 2638 1529 2669 oratio,
1541 2642 1624 2671 atque

840 2687 1024 2717 omnimedam
1037 2686 1134 2722 ingrati
1152 2686 1234 2712 animi
1247 2686 1334 2713 labem
1346 2685 1453 2712 devitet.
1465 2683 1623 2719 improbum

48 2818 98 2854 (54)
110 2820 186 2856 Ὅτῳ.
209 2821 249 2849 lla
271 2821 448 2854 lloeschelius,
474 2819 615 2856 Bcngelius
639 2828 669 2848 ac
685 2819 772 2848 editor
784 2817 955 2847 Parisiensis.
973 2815 1096 2848 Vossius,
1107 2813 1159 2842 ὅτι.
