1857 3047
29 98 80 126 fOGf

507 95 539 122 IN
551 94 729 122 ORlGENEM
741 93 871 122 ORATlf)
892 91 1120 121 PANEGYRICA.

1560 93 1630 121 1063

29 156 114 191 νὰμεως
123 174 130 186 ,
143 153 158 190 ἢ
175 153 294 188 ἐφίξεται
307 153 365 188 μὲν,
380 152 452 180 ἑκὼν
463 153 492 179 δὲ
503 153 528 188 (ὃ
544 153 580 189 μὴ
596 153 674 188 Θέμις
689 154 786 188 εἰπεῖν)

883 156 1042 187 assequatur
1054 152 1175 187 quidem,
1190 152 1284 179 volens
1295 155 1385 179 tamen
1401 151 1485 187 (quod
1497 151 1574 179 nefas
1588 157 1631 180 est

29 202 79 238 ἐάσῃ
90 200 131 226 τὸν
141 199 245 234 Πατέρα
261 199 468 235 ὰνευφήμητοψ
484 199 558 235 μόνῳ
574 199 661 233 τούτῳ
674 198 785 226 δυνατὸν

29 247 47 274 iv
60 245 197 273 τελειόταται
216 245 307 271 πᾶσαν
330 245 528 281 ἀποπληρῶσαι
552 245 600 280 τὴν
627 244 706 277 ἀξίαν
732 243 786 270 τῶν

29 292 84 327 ιῡτῷ
95 290 276 327 προσηκόντων
293 291 374 317 αῑνων
386 299 392 306 ·
412 292 442 318 ὃν
455 299 516 317 τινα
527 291 606 322 αὐτὸς
620 292 635 317 ό
652 291 706 317 τῶν
719 289 787 316 ὅλων

29 337 104 373 [ἰατὴρ
121 337 148 362 ἓν
172 335 240 371 πρὸς
261 335 342 362 αὐτὸν
364 335 549 372 ποιησάμενος
570 335 641 371 (60),
656 336 690 362 δι’
704 335 786 362 αὑτοῦ

29 382 144 417 ιονονουχὶ
159 382 238 413 αὐτὸς
255 381 336 408 αὐτὸν
354 381 490 418 ἐκπεριὼν
503 382 556 417 (61)
566 402 574 415 ,
589 383 621 417 τῇ
637 381 680 417 ἴσῃ
698 381 786 417 πάντη

29 429 118 464 ῑυνάμει
135 429 165 463 τῇ
188 427 270 454 αὑτοῦ
285 428 384 463 τρόπον
405 428 466 454 τινὰ
491 428 578 463 τιμῴη
599 428 645 454 καὶ
669 427 786 463 τιμῷτο·

29 477 78 510 ἕπερ
90 474 187 510 πρῶτος
205 475 251 500 καὶ
272 475 350 509 μόνος
369 473 441 509 ἔχειν
458 473 553 509 ἔλαχεν
567 475 599 500 ὲκ
612 474 719 500 πάντων
734 473 787 500 τῶν

29 522 91 547 ἑντων
103 521 116 546 6
132 520 284 555 Μονογενὴς
305 521 396 552 αὑτοῦ,
419 521 433 547 6
452 521 481 547 ὲν
507 520 580 556 αὑτῷ
600 521 666 551 Θεὸς
686 518 787 554 Λόγος·

29 566 65 592 τῶν
76 566 155 592 ἄλλων
174 565 229 601 (69.)
246 567 356 594 πάντων
372 566 444 593 οὕτω
466 566 544 601 μόνον
563 566 730 602 εὐχειρία-των
742 565 789 592 καὶ

29 611 121 637 νὺσεὸιῖιν
133 609 199 638 εἶναι
213 611 380 647 δυναμένων,
394 613 417 639 εί
430 613 474 638 ἐπ’
483 611 557 648 αὺτῷ
571 612 701 647 φέροντες
717 612 789 647 μόνῳ

29 658 70 683 ὶντὶ
93 658 194 684 πάντων
213 658 267 684 τῶν
294 658 371 693 παρὰ
394 658 441 685 τοῦ
463 658 570 694 Πατρὸς
585 659 650 694 ἡμῖν
669 658 788 692 ἀγαθῶν,

29 704 59 739 τὴν
84 704 192 738 δύναμιν
223 704 273 740 τῆς
303 703 381 737 ἀξίας
416 704 589 740 εὐχαριστίας
620 704 790 740 ἀναθήσομεν

30 751 83 785 μίαν
95 751 148 777 ὁδὸν
160 751 299 783 εὐσεϐείας
313 752 414 787 ταύτην
434 751 502 779 εἶναι
516 752 730 788 ὁμολογήσαντες
742 751 790 788 τὴν

31 798 44 822 ι’
58 796 132 823 αὑτοῦ
155 797 245 823 πᾶσαν
264 797 388 834 μνήμην)
411 798 450 833 τῷ
467 798 521 825 τῶν
539 798 607 825 ὃλων
629 798 707 834 αίτίῳ
724 798 789 833 (65).

838 198 939 233 dicere)
952 198 1060 226 Patrem
1071 206 1120 226 sua
1134 198 1291 226 laudatione
1305 197 1451 225 dcstituat:
1465 205 1527 224 cum
1542 198 1566 226 ei
1578 198 1630 226 soli

839 245 876 272 sit
898 245 925 272 in
948 249 1077 280 promptu
1092 243 1290 279 perfectissime
1309 251 1406 271 omnes
1421 244 1632 278 congruentium

839 291 877 318 illi
891 291 1001 318 laudum
1016 298 1146 318 numeros
1164 290 1327 326 adimplere;
1341 297 1422 325 quem
1433 290 1491 325 ipse
1506 292 1630 320 omnium

840 335 919 364 Pater
935 344 1020 363 unum
1035 344 1128 364 secum
1145 335 1267 369 faciens,
1285 344 1333 371 per
1348 336 1437 371 ipsum
1453 340 1557 364 tantum
1574 345 1631 367 non

840 389 901 410 sese
916 382 974 417 ipse
987 382 1226 416 circumambiens,
1246 383 1341 417 aequali
1356 390 1553 418 usquequaque
1567 391 1631 411 cum

841 434 890 454 sua
914 427 1014 454 virtute
1036 427 1236 462 quodammodo
1255 427 1387 461 honoret,
1412 432 1440 455 et
1466 429 1630 456 honoretur:

841 473 913 507 quod
927 473 1036 508 quidem
1056 474 1162 508 primus
1175 473 1305 508 solusque
1321 481 1354 500 ex
1369 474 1499 501 omnibus
1516 475 1632 503 sonitus

841 521 883 544 est
895 516 1059 552 Unigenitus
1073 518 1133 553 ejus
1148 518 1195 553 qui
1213 518 1241 545 in
1261 518 1321 552 ipso
1334 522 1386 549 est,
1415 518 1485 545 Deus
1499 517 1630 546 Verbum.

842 562 949 598 Reliqui
965 568 1055 590 autem
1070 571 1166 592 omnes
1181 564 1217 592 ita
1240 564 1373 592 duntaxat
1386 565 1455 600 grati
1478 569 1504 592 et
1518 565 1553 599 pii
1571 573 1632 593 esse

841 615 999 642 possumus,
1015 609 1037 637 si
1052 609 1081 636 in
1096 617 1129 637 eo
1146 607 1204 638 solo
1216 618 1265 646 pro
1279 610 1407 638 omnibus
1423 612 1451 638 in
1464 618 1515 638 nos
1527 611 1632 639 aPatre

841 653 1038 689 proﬂuentibus
1047 655 1127 683 bonis
1139 663 1248 684 omnem
1258 656 1346 692 dignae
1356 657 1504 692 gratiarum
1516 657 1631 685 actionis

843 705 970 728 conatum
986 700 1149 729 offeramus:
1170 710 1254 730 unam
1269 703 1379 737 pietatis
1392 703 1463 730 viam
1479 703 1550 731 hanc
1571 711 1633 731 esse

843 746 1011 779 confitentes,
1027 748 1050 775 si
1072 755 1180 775 omnem
1194 749 1353 776 memoriam
1370 757 1419 784 per
1437 750 1527 784 ipsum
1539 750 1634 777 condi-

844 793 896 820 tori
910 797 992 828 atque
1007 794 1111 821 auctori
1127 795 1250 822 omnium
1263 795 1431 824 dedicemus.
1448 796 1633 829 Quamobrem

29 843 55 869 ub
72 843 100 878 δὴ
120 843 168 879 τῆς
192 844 242 879 μὲν
266 843 312 871 ἐπὶ
338 844 404 871 πᾶσι
426 844 553 880 διαρκοῦς
571 844 699 880 προνοίας
719 844 748 871 ἒν
763 853 792 871 τε

883 844 973 874 rpetua
987 840 1097 874 quidem
1113 840 1167 874 illa,
1190 849 1251 876 qua:
1266 841 1294 868 in
1309 842 1437 870 omnibus
1458 843 1556 876 elucet,
1572 851 1634 878 quae

29 890 140 924 ιεγίστοις
160 891 207 916 καὶ
230 890 259 916 ὲν
281 891 337 922 τοῖς
361 890 512 925 ἐλαχίστοις
535 889 687 926 κηδομένης
702 889 791 925 ἡμῶν,

29 936 56 961 ιαί
67 937 103 968 είς
118 936 195 962 τοῦτό
210 945 242 971 γε
257 937 459 972 προαγομένης,
477 937 579 968 ἐκεῖνος
591 935 666 969 ἄξιος
679 935 793 972 διαρκὴς

29 979 74 1007 {vat
89 981 164 1016 λόγος
174 983 215 1013 εἰς
230 982 405 1018 εὐχαριστίας
421 982 468 1008 καὶ
484 980 583 1018 ὕμνους
598 981 792 1017 ὁμολογείσθω,

30 1027 165 1060 ελειότατος
182 1028 221 1055 ὢν
244 1029 292 1055 καὶ
311 1028 381 1060 ζῶν,
403 1029 450 1055 καὶ
466 1027 548 1056 αὑτοῦ
559 1026 606 1054 τοῦ
615 1028 722 1063 πρώτου
737 1027 793 1054 Νοῦ

29 1074 87 1107 ,ὀγος
104 1074 223 1110 ἔμψυχος
247 1075 283 1101 ὢν
294 1084 301 1090 ·
324 1076 338 1102 6
356 1075 378 1102 δ’
394 1075 528 1111 ἡμέτερος
541 1071 620 1106 οὗτος
633 1074 702 1101 ἔστω
716 1082 794 1110 χαρι-

29 1121 111 1155 τὴριος
124 1120 277 1156 ἀνθρώπων
294 1121 341 1156 μὲν
352 1121 461 1147 πάντων
480 1120 595 1156 μάλιστα
608 1119 647 1155 τῷ
666 1120 743 1155 ἀνδρὶ
754 1119 794 1155 τῷ

29 1167 70 1201 ερῴ
86 1166 167 1202 τῷδε·
187 1168 214 1194 εί
234 1168 263 1194 δέ
280 1176 306 1194 τι
324 1168 371 1194 καὶ
394 1168 546 1203 περαιτέρω
559 1167 718 1203 μεληγορεῖν
738 1166 794 1202 (64)

29 1212 118 1248 Ίέλοιμι
129 1233 136 1245 ,
156 1214 204 1241 καὶ
217 1214 272 1240 τῶν
288 1215 319 1240 οὒ
335 1214 503 1250 φαινομένων
523 1214 583 1248 μὲν,
608 1213 751 1249 Θειοτέρων
766 1213 794 1240 δὲ

29 1259 51 1285 αὶ
72 1260 227 1296 κηδομένων
251 1260 411 1296 ἀνθρώπων,
439 1260 525 1295 τούτῳ
547 1260 576 1292 ὃς
595 1268 628 1295 με
639 1260 671 1286 ἑκ
693 1259 795 1286 παίδων

29 1305 90 1340 plus:
103 1306 154 1332 τιν).
167 1307 274 1342 μεγάλῃ
289 1307 440 1342 οἰκονομεῖν
455 1315 485 1333 τε
500 1307 547 1333 καὶ
564 1306 730 1342 τιθηνεῖσθαι
748 1306 794 1332 καὶ

29 1352 188 1387 τιτροπεύειν
212 1353 400 1390 ἐκληρώσατο,
421 1354 435 1379 6
453 1353 524 1389 ἱερὸς
542 1352 657 1387 ἄγγελος
678 1352 757 1384 Θεοῦ,
778 1353 794 1379 ὀ

29 1397 113 1432 δέρων
130 1407 169 1433 με
187 1399 223 1426 ἑκ
243 1399 385 1433 νεότητός
401 1408 472 1434 μου,
500 1400 580 1434 φησὶν
595 1400 695 1430 ἐκεῖνος
708 1400 722 1426 6
735 1398 795 1434 Θεῷ

29 1442 76 1474 ίλος
92 1443 173 1479 ἀνὴρ,
191 1444 239 1470 τὸν
256 1444 338 1471 αὑτοῦ
348 1444 434 1478 λέγων
448 1444 546 1479 δηλαδή
560 1452 566 1459 ’
582 1444 638 1470 ἀλλ’
648 1445 662 1470 6
680 1444 729 1480 μὲν
745 1443 794 1479 μέ-

29 1497 53 1519 ις
65 1488 112 1521 ὣν,
131 1490 273 1524 ἀναλόγως
292 1490 417 1525 μέγιστόν
430 1499 490 1516 τινα
499 1490 569 1526 (ἦτοι
583 1489 661 1516 ἄλλον
673 1491 746 1522 ὅστις
761 1490 793 1517 ἂν

842 884 871 912 in
895 885 1021 913 maximis
1034 890 1060 913 et
1074 886 1195 914 minimis
1215 887 1301 915 nostri
1314 895 1409 915 curam
1432 888 1520 923 gerit,
1541 893 1568 916 et
1581 889 1635 917 huc

843 939 930 965 usque
946 936 1073 966 provecta
1095 936 1147 964 est,
1162 932 1332 967 providentia
1357 933 1456 968 dignus
1471 934 1531 967 ille.
1552 940 1634 970 atque

843 978 876 1004 ad
890 978 1037 1013 gratiarum
1052 978 1185 1006 actionem
1198 979 1369 1015 hymnosque
1384 980 1521 1009 sufﬁciens
1537 989 1635 1016 pereu-

843 1024 886 1051 nis
900 1031 990 1051 sermo
1004 1025 1187 1059 concedatur;
1215 1030 1244 1052 ut
1258 1026 1305 1060 qui
1316 1026 1531 1061 perfectissimus
1546 1036 1578 1056 ac
1593 1029 1635 1056 vi-

843 1077 926 1103 vens,
951 1074 979 1097 et
1000 1070 1086 1105 ipsius
1110 1071 1206 1106 prima;
1231 1071 1330 1099 Mentis
1345 1073 1496 1101 animatum
1514 1073 1634 1102 Verbum

843 1114 958 1142 exsistat
971 1124 977 1142 :
994 1120 1088 1143 noster
1101 1124 1166 1144 vero
1181 1117 1224 1144 hic
1238 1125 1328 1145 sermo
1342 1126 1422 1146 sacro
1433 1119 1497 1147 huic
1510 1120 1569 1148 viro
1586 1123 1634 1149 uni

844 1160 916 1187 inter
940 1168 1036 1188 omnes
1060 1163 1189 1190 mortales
1215 1163 1389 1198 potissimum
1403 1184 1411 1197 ,
1434 1165 1634 1195 eucharisticus

846 1209 905 1233 esto
919 1215 926 1233 :
940 1214 972 1233 ac
986 1207 1008 1233 si
1020 1207 1085 1241 quid
1095 1207 1177 1235 altius
1191 1216 1274 1242 porro
1287 1209 1321 1237 de
1335 1210 1368 1237 iis
1384 1210 1430 1244 qui
1443 1218 1499 1238 non
1520 1219 1635 1239 cernun-

844 1256 907 1285 tur,
924 1252 1105 1280 divinioribus
1128 1258 1155 1281 et
1178 1254 1318 1282 hominum
1341 1263 1434 1283 curam
1459 1257 1633 1292 gerentibus,

844 1299 919 1334 loqui
940 1299 1040 1333 velim;
1063 1300 1128 1327 huic
1149 1301 1232 1327 etiam
1248 1301 1293 1335 qui
1313 1309 1357 1328 me
1378 1310 1394 1329 a
1407 1310 1512 1337 puero,
1535 1311 1635 1339 magno

845 1345 963 1380 quodam
975 1345 1079 1380 judicio
1101 1347 1248 1381 regendum
1270 1347 1496 1384 educandumque
1520 1351 1634 1378 sortitus

845 1397 895 1424 est,
914 1399 991 1419 sacer
1004 1393 1115 1427 angelus
1132 1392 1179 1420 Dei
1197 1402 1203 1419 :
1219 1393 1264 1428 qui
1275 1395 1361 1428 pascit
1379 1403 1420 1422 me
1434 1395 1466 1422 ab
1485 1395 1636 1424 adolescen-

846 1439 883 1465 tia
902 1447 959 1465 mea
976 1439 1008 1470 ”,
1027 1443 1057 1466 ut
1072 1439 1110 1466 ait
1125 1439 1170 1466 ille
1184 1439 1240 1466 Deo
1254 1440 1354 1467 charus
1370 1441 1428 1474 vir;
1447 1449 1527 1468 suum
1548 1443 1635 1477 ipsius

845 1485 971 1513 videlicet
983 1485 1150 1520 intelligens:
1166 1493 1258 1513 verum
1271 1486 1315 1513 hic
1331 1487 1440 1522 quidem
1457 1489 1504 1522 qui
1519 1496 1636 1525 magnus

29 1535 100 1566 ιεῖνος
114 1532 142 1570 ᾖ,
166 1536 183 1570 ἢ
208 1535 257 1562 καὶ
272 1535 353 1561 αὑτὸν
367 1534 431 1567 ἴσως
443 1535 498 1561 τὸν
512 1534 567 1569 τῆς
575 1535 708 1570 μεγάλης
719 1535 792 1567 ,βου-

883 1536 914 1564 It,
928 1535 1109 1566 congruenter
1124 1532 1271 1558 maximum
1285 1533 1440 1567 quempiam
1455 1534 1523 1568 (sive
1540 1535 1634 1569 alium,

29 1578 59 1612 ῆς
71 1581 230 1615 Ἄγγελον,
251 1580 297 1607 τὸν
312 1581 398 1607 κοινὸν
418 1581 526 1607 πάντων
547 1581 671 1617 Σῶτηρα,
690 1582 741 1608 ὑπὸ
751 1591 796 1608 τε-

29 1625 133 1661 ῑιότητος
153 1627 236 1662 μόνον
256 1627 306 1662 ἤδη
322 1626 429 1661 φύλακα
443 1627 517 1663 αὑτῷ
537 1625 605 1653 εἶναι
620 1628 796 1663 κληρωσάμε-

29 1680 54 1702 lg,
70 1673 118 1699 οὐκ
132 1671 195 1700 οἶδα
213 1673 294 1699 τοῦτο
312 1673 431 1708 σαφῶς),
450 1673 519 1709 πλὴν
538 1674 552 1700 ὀ
574 1674 622 1708 μὲν
642 1674 686 1700 τὸν
699 1673 795 1701 ἑαυτοῦ

29 1717 86 1751 ἐγαν
105 1719 178 1751 τινὰ,
195 1719 226 1751 ὃς
243 1719 285 1750 τίς
312 1720 371 1745 ποτ’
382 1719 415 1746 ἂν
428 1718 456 1755 ᾖ,
477 1720 524 1746 καὶ
537 1719 677 1753 γινώσκων
688 1721 735 1747 καὶ
749 1721 795 1747 εὑ-

29 1764 106 1798 ημῶν.
132 1765 235 1800 Ἡμεῖς
249 1765 277 1791 δὲ
295 1765 363 1800 πρὸς
376 1765 415 1800 τῷ
433 1765 514 1800 κοινῷ
525 1765 632 1792 πάντων
645 1766 794 1802 ἀνθρώπων

29 1810 162 1848 ιϐερνήτῃ,
188 1811 240 1838 καὶ
260 1811 369 1842 τοῦτον,
387 1811 416 1842 ὃς
431 1811 472 1842 τίς
492 1811 551 1837 ποτ’
565 1812 648 1843 ἐστὶν,
665 1812 717 1848 ἰδίᾳ
733 1821 796 1839 παι-

29 1857 117 1890 ,γωγὸς
135 1859 152 1893 ὴ
157 1858 219 1893 μῶν
235 1857 320 1884 ὄντων
334 1857 450 1892 νηπίων.
473 1857 522 1888 ’⁸ος
534 1857 567 1883 τά
581 1865 610 1884 τε
624 1857 691 1885 ἄλλα
707 1858 795 1893 πάντη

29 1901 84 1929 ίντα
101 1903 207 1937 ἀγαθὸς
217 1903 257 1929 ὢν
266 1904 382 1938 τροφεὺς
393 1903 438 1929 καὶ
450 1902 574 1938 κηδεμὼν
584 1903 649 1938 ἐμὸς
657 1903 727 1939 (οὐχὶ
736 1905 797 1940 ἐμοὶ

40 1957 91 1975 τινι
116 1949 175 1976 τῶν
200 1949 266 1984 ἐμοὶ
290 1949 482 1985 προσηκόντων
497 1949 597 1983 φίλων,
624 1950 719 1985 τυφλοὶ
743 1950 797 1987 γὰρ

29 1996 74 2026 tsi;
95 1995 144 2022 καὶ
170 1995 259 2030 μηδὲν
285 1995 339 2022 τῶν
355 1991 507 2030 ἐμπροσθεῦ
529 1996 645 2030 ὁρῶντες
671 1995 741 2022 ὥττε
769 2004 796 2022 τι

29 2039 41 2065 .ὶ
55 2040 161 2075 κρίνειν
177 2039 313 2066 δύνασθαι
325 2039 379 2066 τῶν
397 2039 521 2072 δεόντων,
539 2039 595 2066 ἀλλ’
614 2039 630 2075 ἢ
646 2039 718 2076 αὐτῷ
729 2048 795 2076 προ-

29 2085 123 2122 ωμὲνῳ
139 2086 238 2112 πάντα
260 2085 294 2112 τὰ
308 2085 375 2121 πρὸς
385 2085 518 2120 ὠφέλειαν
541 2086 590 2121 τῆς
608 2085 696 2121 ψυχῆς
706 2086 795 2120 ἡμῶν,

31 2133 201 2168 μφέρονωὸ)
210 2130 283 2159 εἶναι
290 2133 509 2167 καταφαίνεται),
520 2131 602 2158 πάλαι
609 2140 638 2158 τε
647 2132 693 2158 καὶ
701 2132 748 2159 νῦν
757 2132 797 2160 ἔτι

30 2201 50 2216 ¹⁵
63 2201 135 2230 Gen.
149 2210 247 2233 XLVII,
264 2202 308 2229 15.
345 2202 368 2217 ¹⁶
384 2201 437 2229 lsa.
459 2210 497 2234 1x,
512 2202 538 2229 5.

847 1579 971 1613 quisquis
986 1578 1032 1606 ille
1047 1578 1108 1612 fuit,
1126 1579 1182 1606 sive
1193 1578 1280 1613 ipsum
1297 1578 1414 1607 fortasse
1432 1582 1520 1615 magni
1531 1582 1636 1610 consilii

846 1625 975 1660 Angelum
990 1625 1022 1657 ’⁸,
1037 1632 1209 1652 communem
1218 1625 1340 1653 omnium
1355 1626 1532 1660 Salvatorcm,
1547 1628 1635 1656 solum

844 1672 901 1706 jam
925 1671 1101 1706 perfectionis
1116 1671 1201 1706 gratia
1220 1672 1360 1700 custodem
1379 1673 1512 1708 adeptus;
1536 1674 1587 1701 hoc
1608 1682 1637 1702 e-

846 1717 956 1752 quidem
971 1717 1113 1745 manifeste
1129 1717 1231 1752 nescio)
1246 1738 1253 1749 ,
1278 1723 1396 1746 attamen
1418 1727 1497 1747 suum
1516 1721 1561 1748 ille
1579 1728 1637 1748 ma-

849 1771 931 1798 gnum
949 1764 1112 1798 quemdam,
1135 1764 1292 1799 quicunque
1314 1765 1420 1792 tandem
1436 1771 1526 1800 esset,
1544 1771 1571 1794 et
1591 1775 1636 1794 co-

849 1809 997 1844 gnoscebat
1010 1815 1036 1837 et
1048 1809 1222 1844 praedicabat.
1236 1809 1291 1838 Nos
1307 1818 1383 1844 vero,
1401 1818 1500 1846 praeter
1513 1820 1637 1841 commu-

849 1863 911 1883 nem
928 1855 1049 1883 omnium
1068 1855 1289 1890 gubernatorem,
1315 1857 1388 1884 hunc
1409 1858 1491 1885 etiam
1510 1860 1636 1894 quisquis

847 1905 889 1930 est
902 1901 1029 1936 privatim
1044 1901 1207 1937 pzedagogus
1223 1908 1326 1935 noster,
1341 1903 1387 1938 qui
1400 1911 1430 1931 re
1447 1904 1504 1939 ipsa
1521 1906 1596 1940 pueri
1610 1910 1638 1933 et

847 1947 966 1976 infantes
983 1955 1095 1981 sumus;
1112 1947 1232 1983 quicum
1248 1949 1275 1976 in
1287 1950 1391 1977 caeteris
1407 1950 1535 1978 omnibus
1549 1951 1636 1979 bonus

847 2001 954 2028 semper
971 1995 1090 2021 nutritor
1109 1999 1135 2022 et
1155 1999 1266 2022 curator
1282 2003 1358 2023 meus
1380 1995 1462 2024 fuerit
1483 1997 1544 2033 (nec
1563 1999 1635 2026 enim

848 2040 914 2068 mihi
926 2045 973 2067 aut
986 2041 1113 2075 cuiquam
1136 2048 1170 2068 ex
1186 2040 1312 2069 afﬁnibus
1334 2042 1478 2076 meil,‘qui
1502 2044 1565 2071 caici
1588 2052 1636 2072 su-

849 2094 922 2117 mus,
934 2090 961 2113 et
975 2086 1041 2113 nihil
1053 2094 1148 2113 eorum
1164 2095 1224 2122 qua:
1243 2092 1305 2114 ante
1318 2088 1399 2122 pedes
1413 2093 1485 2121 sunt,
1501 2089 1634 2124 videmus,

850 2137 879 2160 ut
893 2132 1057 2160 conveniens
1067 2132 1170 2167 aliquid
1185 2133 1339 2160 discernere
1351 2133 1502 2168 possimus;
1519 2135 1565 2162 sed
1583 2135 1634 2169 ipsi

29 2260 82 2305 (ὃν)
101 2263 162 2305 "Or:
190 2271 298 2305 (wax.
316 2262 447 2305 ἐν’-πρὸς
463 2262 569 2305 ἀύτὸν-ί
580 2264 792 2305 ποιηοζάμρνρς.

886 2265 1159 2305 nngelio_accepta._At
1171 2265 1309 2305 ρειπυῆ
1320 2266 1367 2294 τοῦ
1378 2266 1433 2305 τῷν
1450 2265 1518 2305 ἔθων
1534 2266 1632 2305 αἰτίου.

29 2299 67 2334 ηιιιῙ
97 2299 244 2333 probatur
261 2298 388 2334 Bengelio
413 2299 526 2325 verbum
556 2298 642 2332 facere
663 2298 696 2326 in
711 2300 792 2334 hujus

29 2333 42 2358 :i
55 2334 216 2369 versione:
237 2333 360 2368 adeoque
381 2333 499 2369 ipsemet
515 2334 623 2361 reddit:
642 2342 718 2369 quem
738 2333 793 2369 ipse

29 2367 107 2394 inium
130 2368 244 2395 Parens
259 2367 341 2394 unum
355 2367 443 2396 aecum
455 2367 562 2400 habens,
581 2367 716 2404 simulque
733 2367 793 2396 nio-

29 2407 36 2463 ἶ.
52 2404 84 2430 ad
106 2404 204 2439 ipsam
221 2403 368 2439 ὁμοουσίαν
385 2403 589 2440 exprimendam
608 2403 681 2432 hunc
702 2404 792 2432 locum

34 2445 88 2463 ere.

34 2445 88 2464 ere.

29 2473 79 2509 (6|)
105 2472 294 2507 Ἐκπεριών.
302 2471 487 2509 rScribendum
497 2473 643 2509 ὲκπεριῖὼν
653 2474 750 2501 statuit
759 2482 793 2502 ex

29 2508 160 2536 saubono
191 2508 353 2543 Bcngelius.
381 2508 441 2541 Quo
456 2508 574 2543 quidem
591 2509 674 2536 verbo
691 2511 792 2543 passim

31 2551 74 2571 tur
101 2550 219 2571 auctor.
246 2542 317 2580 Infra
332 2551 392 2580 cap
409 2542 512 2580 77,7391
534 2544 619 2580 τέχνῃ
643 2542 738 2571 ἑαυτοῦ
759 2547 793 2580 τῇ

29 2581 131 2616 υργιχῇ
160 2577 330 2619 ὲκπξριῖών.
355 2573 388 2621 Et
408 2573 449 2605 in,
462 2573 593 2613 Manta/1'}.
603 2573 734 2613 Εεείεηι,
760 2573 794 2614 τ,

29 2616 122 2640 ιῆλιον
135 2615 193 2640 τὴν
209 2622 266 2640 γην
280 2614 462 2640 ὲκπεοιιόντα.

29 2615 193 2678 ιῐὲλιοντὴν
209 2615 266 2648 γῆν
280 2615 462 2649 ὲκπεριῖόντα.
576 2650 581 2655 _
742 2648 747 2654 .

32 2650 78 2689 ςὶ)
107 2651 252 2689 Ἀμωρ-
277 2648 334 2689 Hoc
358 2649 509 2689 παρέλκει,
536 2657 600 2689 quia
633 2648 795 2689 subauditur

29 2684 76 2718 div;
87 2691 120 2714 ut
130 2687 224 2714 docet
241 2685 355 2721 verbum
366 2684 546 2721 ἀναθήσομεν.
558 2685 644 2712 Aliter
656 2684 797 2719 indignum

29 2727 59 2748 et
71 2723 128 2749 hoc
144 2722 228 2749 loco.
248 2720 363 2747 BENGEL.

32 2757 78 2790 65)
104 2756 152 2790 Τῷ
164 2755 236 2783 τῶν
257 2755 335 2782 ὅλων·
346 2755 438 2790 αἰτίῳ.
460 2755 504 2783 Sic
521 2755 632 2783 Vossius
649 2759 676 2782 et
691 2754 794 2790 Benge-

29 2801 46 2819 s.
64 2789 99 2820 Et
119 2789 204 2819 recte
221 2791 355 2824 quidem:
373 2790 576 2825 ἀναθήσομεν...
600 2790 638 2825 τῷ
654 2790 707 2816 τῶν
725 2789 792 2815 ὂλων

31 2828 72 2864 ίῳ.
103 2827 233 2854 Planam
271 2825 357 2853 reddit
382 2826 533 2853 orationem
562 2826 732 2861 parenthesis
758 2833 792 2853 ex

882 2300 937 2337 (64)
957 2301 1149 2336 Μελητυρεῐν.
1163 2301 1217 2337 AL,
1232 2302 1438 2337 μεγαληγορεῖν.
1454 2301 1507 2337 Sed
1521 2303 1634 2329 audien-

846 2336 898 2363 dus
911 2335 1057 2372 _Bengelius
1071 2345 1077 2363 :
1094 2345 1104 2362 ε
1123 2335 1301 2372 Μεληγορεῑν,
1317 2335 1415 2372 inquit,
1436 2336 1509 2364 haud
1524 2337 1582 2365 scio
1598 2344 1633 2365 al‘

846 2370 918 2405 apud
938 2371 1007 2398 alios
1024 2376 1151 2398 occurrat
1172 2370 1313 2406 auctores;
1330 2370 1364 2399 et'
1380 2373 1423 2399 hic
1438 2376 1527 2400 tamen
1544 2373 1635 2406 aptius

847 2411 906 2442 est:
921 2407 1025 2442 respice
1042 2406 1133 2441 ὓμνων
1148 2408 1194 2434 καὶ
1208 2407 1290 2433 αῖνων
1303 2415 1386 2442 supra
1400 2407 1452 2434 sub
1467 2407 1547 2434 ﬁnem
1563 2415 1587 2434 c.
1604 2407 1631 2435 5.

846 2441 967 2478 Acce_dit_
982 2441 1124 2478 analogia,
1149 2441 1367 2478 χρησμαγορέω,
1393 2442 1566 2478 ὑμναγόραςγ,
1588 2447 1632 2474 et,

847 2476 921 2513 quod
935 2476 969 2503 ad
985 2477 1111 2513 priorem
1119 2476 1262 2512 composui
1279 2476 1382 2512 partem
1395 2476 1507 2510 attinet,‘
1519 2477 1633 2513 μελουρ-

848 2511 906 2544 γία,
922 2513 994 2545 quod
1009 2511 1071 2547 Cyri
1092 2511 1220 2540 Germani
1236 2511 1348 2540 verbum
1364 2517 1416 2544 est,
1434 2511 1536 2547 pariter
1555 2511 1634 2547 igno-

847 2550 904 2573 tum
919 2546 1021 2574 lexicis.
1034 2546 1047 2572 ⁷»

885 2581 941 2615 (65)
955 2581 1126 2620 ξυμφέρον.
1142 2583 1286 2620 Συμφέρω,
1299 2583 1410 2618 perinde
1423 2588 1454 2610 ut
1468 2583 1632 2620 πρόσφορος,

848 2621 890 2643 est.
908 2617 1018 2654 verbum
1041 2616 1132 2654 μέσον,
1146 2616 1217 2654 unde
1231 2616 1378 2654 σύμερορος,
1394 2619 1468 2646 utilis
1475 2616 1524 2651 fet
1543 2616 1634 2646 tamen

850 2651 990 2686 συμφορά,
1018 2651 1181 2689 calamitas,
1201 2651 1298 2686 Quare
1324 2651 1472 2689 'generatim
1499 2653 1634 2688 signiﬁcat

844 2692 973 2723 competit,
993 2687 1112 2723 quadra;
1130 2688 1200 2715 unde
1224 2687 1423 2723 sensus‘hujus
1444 2690 1494 2717 loci
1511 2687 1633 2723 liquidus

845 2721 904 2749 fluit
922 2731 928 2748 :
945 2730 996 2748 non
1012 2722 1156 2758 propinquo
1167 2743 1174 2754 ,
1198 2724 1242 2750 sed
1266 2724 1358 2758 angelo
1378 2721 1512 2757 'convenil,
1529 2721 1634 2752 scilicet

845 2765 943 2817 Booten
976 2757 1057 2785 modo
1084 2758 1225 2792 positum,
1261 2757 1377 2794 τροφεὺς
1410 2760 1457 2787 καὶ
1493 2760 1632 2796 κηδεμών.

866 2800 961 2817 Εηαει.

866 2800 961 2819 Εκσει.
