1857 3047
225 71 295 100 1065

771 69 800 101 S.
820 71 983 101 GREGORII
1009 71 1261 100 THAUMATURGI

1772 71 1823 100 £065

225 129 317 158 omnia
335 131 369 158 ad
394 131 492 159 animae
516 136 616 159 nostrae
639 132 783 159 utilitatem
810 131 1003 166 prospicienti,

1063 130 1183 165 ἐκτρέφει
1203 139 1234 156 τε
1255 130 1302 157 καὶ
1323 129 1444 156 παιδεύει
1470 131 1516 157 καὶ
1544 131 1724 166 χειραγωγεῦ
1745 132 1785 158 καὶ
1802 133 1823 168 ἰὴ

222 175 297 212 quod
309 175 374 203 utile
387 180 414 203 et
425 176 526 203 bonum
545 181 598 209 est,
615 177 709 204 statim
725 177 866 212 apparet),
888 180 919 203 ut
943 176 1006 203 olim

224 229 278 254 me,
295 221 332 248 ita
345 227 418 248 nunc
436 227 545 255 quoque
562 220 619 252 alit,
634 224 661 247 et
671 220 761 248 erudit
773 228 805 247 ac
820 228 902 247 manu
916 220 1006 247 ducit:

223 271 280 296 tum
295 271 392 302 praeter
410 266 462 293 alia
478 266 580 298 omnia,
597 266 725 301 conjungi
739 273 784 293 mo
797 274 859 293 cum
872 266 924 294 hoc
936 266 1006 299 viro,

222 312 295 348 quod
307 311 429 339 omnium
442 317 515 339 certe
526 318 664 338 summum
677 316 728 345 est,
743 316 769 339 et
782 319 844 339 cum
858 319 890 339 eo
903 312 1007 339 versari

222 357 303 390 fecit;
315 357 361 392 qui
374 365 425 385 nec
436 365 544 392 genere,
559 365 608 384 nec
620 357 751 392 sanguine
765 357 820 384 ullo
834 357 1006 393 coniunctus,

222 411 273 431 nec
287 404 364 431 aliter
380 404 552 431 necessarius
568 408 615 430 aut
630 403 738 431 vicinus
759 411 847 438 neque
868 404 1007 438 popularis

221 450 334 477 omnino
353 453 413 477 erat
425 448 496 485 (qua:
521 449 626 478 scilicet
641 450 742 477 amoris
763 454 790 477 et
809 450 1006 485 coniunctionis

220 495 328 523 vincula
346 495 418 522 inter
431 495 500 522 alios
519 502 580 522 esse
597 495 714 529 solent),
731 494 776 522 sed
787 515 794 528 ,
811 499 840 522 ut
855 495 949 530 paucis
966 495 1008 522 di-

219 549 292 574 cam,
307 542 424 577 ignotos,
439 541 551 574 alienos,
565 541 732 576 peregrinos,
748 541 782 569 ab
796 541 910 569 invicem
927 542 1006 577 longe

219 585 383 620 disjunctos,
399 590 502 620 quanta
515 585 619 613 scilicet
631 586 771 621 regionum
788 590 815 613 et
829 586 960 613 montium
974 594 1006 614 ac

219 630 363 658 ﬂuminum
376 631 462 664 spatia
478 630 613 662 dividunt,
637 631 729 658 divina
751 638 815 658 vere
837 631 1006 667 sapientique

219 679 388 714 providentia
411 686 495 706 unum
518 678 545 706 in
567 679 657 706 locum
677 679 837 713 perducens,
860 680 1003 708 salutarem

221 725 288 752 mihi
313 732 489 760 congressum
512 727 585 752 hunc
612 725 765 752 conciliavit
790 734 796 752 :
820 725 893 753 hunc
915 725 1004 760 ipsum

221 769 286 796 mihi
303 777 318 796 a
331 770 428 804 primo,
442 774 473 796 ut
488 777 559 802 reor,
576 774 636 797 ortu
653 774 680 797 et
695 770 854 797 educatione
875 770 1004 798 divinitus

220 822 381 850 procurans.
409 815 533 848 Quonam
561 820 661 843 autem'
677 819 775 850 pacto,
801 816 910 851 longum
932 820 1005 844 esset

219 868 444 894 commemorare,
460 868 514 889 non
529 861 618 888 solum
632 862 654 889 si
667 866 793 889 accurate
808 861 900 889 omnia
913 869 1006 897 perse-

220 907 267 940 qui
284 906 406 941 nihilque
421 907 546 934 omittere
558 907 699 940 studeam;
717 907 764 934 sed
783 907 908 942 quamvis
920 908 1004 935 multa

215 951 322 986 passim
339 952 495 986 praeteriens
505 973 513 985 ,
529 959 613 986 pauca
629 953 785 980 summatim
800 952 900 981 referre
913 953 1003 981 velim.

254 996 288 1024 V.
307 996 400 1024 Prima
415 997 486 1024 enim
504 998 628 1025 educatio
643 998 678 1025 ab
691 1002 752 1025 ortu
767 998 826 1033 ipso
840 999 891 1026 sub
908 1007 1005 1034 paren-

221 1048 278 1070 tum
294 1051 359 1072 cura
376 1043 427 1071 fuit
439 1063 448 1077 ,
464 1048 491 1071 et
506 1043 586 1078 patrii
611 1051 701 1072 mores
719 1045 826 1071 erronei
844 1054 850 1071 :
873 1052 888 1072 a
903 1045 1004 1079 quibus

219 1087 364 1115 liberatum
379 1087 412 1114 iri
427 1095 486 1120 me,
511 1095 598 1122 neque
612 1087 699 1120 alius,
721 1087 833 1122 opinor,
859 1087 1003 1122 quisquam

220 1138 373 1168 sperasset,
390 1141 478 1168 neque
492 1133 556 1160 mihi
570 1141 631 1168 spes
648 1133 700 1160 ulla
723 1138 790 1166 erat,
813 1141 898 1168 puero
915 1133 1004 1161 adhuc

219 1183 246 1206 et
269 1178 384 1206 rationis
399 1178 514 1214 experti,
529 1179 580 1207 sub
594 1183 670 1214 patre
685 1178 884 1213 superstitioso.
903 1179 1003 1206 Secuta

218 1224 316 1252 deinde
327 1228 369 1252 est
382 1224 466 1259 patris
480 1224 602 1257 amissio,
615 1229 643 1252 et
657 1224 759 1252 orbitas
776 1233 783 1252 :
799 1231 859 1259 quae
869 1223 936 1251 milii
948 1223 1004 1251 for-

219 1275 293 1297 tasse
310 1269 492 1305 cognoscendi
503 1270 559 1296 veri
572 1269 679 1297 initium
695 1269 755 1297 fuit.
769 1269 847 1297 'l‘unc
863 1269 935 1296 enim
948 1269 1004 1304 pri-

219 1323 294 1342 mum
310 1315 342 1342 ad
360 1315 478 1342 salutare
490 1322 639 1350 verumque
651 1314 769 1342 Verbum
786 1314 893 1348 transii,
911 1314 1003 1342 nescio

220 1368 275 1396 quo
294 1365 388 1395 pacto,
412 1365 558 1388 coactusne
572 1360 673 1396 potius,
689 1367 724 1388 an
739 1360 842 1388 volens.
860 1359 1003 1393 Quodnam

219 1406 292 1433 enim
306 1405 439 1441 judicium
458 1406 525 1432 mihi
539 1410 608 1437 erat,
632 1405 836 1440 quatuordecim
851 1412 937 1432 annos
952 1412 1002 1431 na-

219 1452 266 1479 to?
286 1452 418 1481 Caeterum
431 1460 464 1479 ex
475 1459 509 1480 eo
529 1456 659 1486 tempore,
672 1451 800 1478 advenire
813 1450 879 1483 mihi
894 1458 1001 1478 sacrum

219 1497 272 1525 hoc
291 1497 409 1525 Verbum
433 1497 531 1532 coepit,
553 1497 632 1532 quasi
648 1497 765 1532 perfecta
788 1496 844 1531 jam
864 1497 1003 1524 communi

218 1543 340 1571 omnium
358 1543 500 1577 hominum
517 1543 638 1575 ratione;
658 1542 767 1569 advenit
787 1549 852 1569 sane
874 1546 932 1568 tum
948 1541 1003 1576 pri-

220 1598 305 1618 mum.
322 1589 398 1623 Quod
412 1589 537 1624 equidem
558 1596 613 1615 non
626 1596 752 1623 parvum,
776 1588 799 1614 si
823 1587 913 1614 minus
926 1588 1001 1622 olim,

219 1642 294 1663 nunc
306 1639 378 1661 certe
393 1634 570 1666 ratiocinans,
579 1640 663 1660 sacra:
673 1637 700 1660 et
712 1633 876 1660 admirandae
888 1640 950 1668 erga
960 1640 1003 1660 me

219 1679 393 1715 providentia:
404 1679 510 1714 signum
523 1678 592 1706 duco
605 1688 612 1706 :
624 1678 696 1705 hunc
706 1685 796 1704 rerum
807 1678 949 1705 decursum
962 1678 1003 1704 in-

219 1730 308 1758 tuens,
324 1724 402 1752 annis
422 1725 459 1752 ita
474 1724 632 1752 distinctum
645 1742 654 1756 ,
678 1728 708 1751 ut
733 1723 912 1758 praecedentia
932 1723 1002 1752 hanc

218 1775 325 1799 aetatem
339 1771 440 1803 omnia,
455 1774 590 1806 quotquot
604 1769 724 1803 fuerunt,
738 1769 839 1797 erroris
853 1777 945 1804 opera,
962 1770 1001 1797 in-

219 1817 311 1844 fantia:
325 1821 351 1844 et
366 1817 481 1844 rationis
495 1816 592 1851 inopiae
610 1815 811 1846 tribuerentur:
827 1823 877 1842 nec
893 1823 1002 1843 sacrum

219 1862 320 1891 frustra
331 1861 449 1890 Verbum
461 1862 559 1889 animae
570 1861 690 1889 nondum
701 1861 812 1888 rationis
826 1861 942 1895 compoti
953 1861 1003 1888 da-

219 1914 312 1942 retur;
335 1908 448 1935 rationis
464 1915 529 1934 vero
540 1907 596 1942 jam
618 1907 728 1942 capaci,
746 1907 871 1941 quamvis
888 1914 942 1934 non
957 1907 999 1934 di-

219 1954 289 1981 vinae
300 1961 428 1989 puraaque
441 1952 555 1980 rationis
566 1972 574 1986 ,
597 1956 624 1979 at
642 1951 748 1980 timoris
764 1957 836 1979 certe
852 1952 1000 1979 secundum

219 1999 291 2027 hanc
309 1999 453 2030 rationem,
473 1997 546 2025 illius
567 2003 662 2031 expers
683 2003 737 2023 non
750 2001 837 2029 esset;
856 1996 902 2023 sed
919 1995 1001 2024 simul

219 2053 281 2073 cum
295 2042 423 2078 humana,
439 2044 529 2071 divina
540 2050 649 2078 quoque
667 2042 693 2069 in
710 2049 754 2068 me
767 2041 899 2076 inciperet
913 2042 1000 2069 ratio:

218 2092 283 2118 dum
307 2091 364 2118 haec
383 2089 492 2125 quidem
518 2088 664 2121 adiuvabat
687 2091 822 2122 potestate
846 2088 911 2114 mihi
935 2094 1001 2115 sane

1058 176 1126 211 πρὸς
1145 177 1211 202 πᾶσι
1226 178 1281 208 τοῖς
1295 176 1384 208 ἄλλοις
1403 178 1449 204 καὶ
1469 177 1588 211 συνάψαι
1603 185 1638 211 με
1652 176 1692 211 τῷ
1702 177 1772 212 ἀνδρὶ
1784 179 1825 205 tv;-

1057 229 1106 256 τῳ,
1121 221 1199 247 τοῦτο
1210 221 1241 256 δὴ
1254 221 1284 248 τὸ
1297 221 1561 256 κεφαλαιωδέπατον
1577 221 1699 254 πάντων,
1707 221 1825 258 ᾠκονομή-

1058 272 1132 296 σατο,
1142 263 1203 291 οὔτε
1217 265 1288 298 γένει
1299 266 1345 292 καὶ
1360 266 1455 301 αἵματί
1463 274 1506 300 μοι
1517 265 1684 301 ἀνθρωπίνῳ
1697 266 1747 292 τινὶ
1759 275 1824 302 προς-

1058 310 1173 344 ήκοντα,
1195 310 1257 337 οὔτε
1275 311 1361 343 ἄλλως
1375 311 1570 346 προσοικοῦντα
1582 331 1590 343 ,
1608 312 1624 347 ἢ
1646 312 1712 338 ὄντα
1725 312 1780 339 τινὰ
1788 313 1826 340 alr

1058 356 1266 392 πλησιοχώρων,
1289 356 1349 383 οὕτε
1371 357 1418 384 καὶ
1435 357 1551 392 ὁμοεθνῆ
1571 357 1642 389 ὅλως
1670 358 1764 393 (ταῦτα⁵
1780 359 1825 394 (iiii

1057 402 1194 437 πρόφασις
1217 403 1307 437 φιλίας
1328 404 1374 430 καὶ
1397 403 1518 435 ἐνώσεως
1532 405 1590 435 τοῖς
1607 403 1717 436 πολλοῖς
1735 404 1826 431 τῶνάν-

1057 447 1173 483 θρώπων
1185 448 1316 484 γίνεται),
1331 449 1398 476 ἀλλὰ
1413 449 1546 476 συνελόντι
1560 450 1665 483 εἰπεῖν,
1682 449 1826 484 ἀγνὼστους,

1056 493 1220 529 ἀλλοτρίους,
1246 494 1483 530 ἀπεξενωμένους,
1511 495 1634 530 ἀλλήλων
1661 496 1827 531 ἀφεστηκότας

1056 537 1195 573 πάμπολυ,
1207 539 1268 566 ὅσον
1284 540 1354 574 μέσα
1366 539 1428 574 ἔθνη
1439 540 1485 566 καὶ
1494 539 1544 575 ὅρη
1556 540 1603 567 καὶ
1614 541 1756 575 ποταμοὺς
1765 540 1828 575 διείρ-

1056 592 1099 618 γει
1115 585 1198 620 ἠμᾶς,
1215 584 1268 611 ὑπὸ
1287 585 1337 620 τῆς
1359 584 1432 616 θείας
1453 585 1536 617 ὅντως
1562 585 1609 611 καὶ
1632 586 1724 620 σοφῆς
1745 594 1827 621 προμη-

1057 629 1130 661 θείας
1148 631 1188 662 at;
1206 630 1302 656 ταυτὸν
1321 629 1441 664 ἀγαγὼν,
1467 631 1517 666 τὴν
1545 631 1684 666 σωτήριον
1709 631 1767 666 ἐμοὶ
1782 631 1828 657 σύν-

1055 675 1113 702 οδον
1133 675 1233 711 ταύτην
1247 676 1452 712 ιέι,ι.ηχανήο·αἰτο⁸
1477 676 1578 703 ἄνωθεν
1597 676 1680 703 τοῦτο
1694 677 1829 712 προμηθού-

1057 730 1135 756 μενος
1160 718 1246 757 οἶμαι,
1270 723 1301 749 ὲκ
1322 722 1432 758 πρώτης
1456 723 1589 757 γενέσεως
1611 723 1662 750 καὶ
1683 724 1827 758 ἀνατροφῆς.

1055 768 1116 800 Πῶς
1133 767 1178 798 δὲ,
1196 768 1298 804 μακρὸν
1317 768 1350 795 ἂν
1367 769 1408 805 εῐη
1427 769 1562 802 διεξιέναι,
1578 769 1641 805 οὐχ).
1657 769 1828 805 ἀκριὸολογου-

1057 814 1129 850 μένῳ
1152 814 1230 850 μόνον
1244 814 1290 841 καὶ
1306 815 1388 850 μηδὲν
1403 815 1564 850 παραλιπεῖν
1584 814 1769 851 πειρωμένῳ,
1784 815 1826 841 ἀλλ’

1052 860 1081 885 ἐί
1099 860 1155 892 καὶ,
1179 859 1213 886 τὰ
1232 859 1317 886 πολλὰ
1333 859 1438 895 παρεὶς,
1458 859 1563 895 ἁθρόως
1580 860 1685 894 ὀλίγων
1699 859 1752 887 τῶν
1764 868 1829 894 διεξα-

1055 904 1255 941 λαιωδεστέρων
1271 905 1446 941 μνημονεύειν
1466 905 1638 946 ἐθελήσαιμι.

1094 998 1131 1024 E’.
1160 997 1319 1033 Ἀνατροφαὶ
1335 997 1388 1033 γὰρ
1404 998 1430 1024 αἰ
1446 996 1550 1031 πρῶται
1566 997 1600 1023 ὲκ
1610 996 1765 1031 γενέσεως,
1775 994 1827 1032 ἧτιν

1054 1042 1106 1069 ὑπὸ
1126 1042 1247 1077 γονεῦσιι
1271 1043 1317 1068 καὶ
1341 1042 1441 1077 πάτρια
1457 1041 1505 1077 ἔθη
1517 1041 1552 1068 τὰ
1568 1041 1783 1076 πεπλανημένα·
1801 1038 1828 1067 ὧν

1054 1088 1126 1123 ἡμᾶς
1142 1087 1405 1123 ἐλευθερωθήσεσοαι
1424 1086 1486 1113 οὔτε
1509 1086 1588 1118 ἄλλος
1608 1084 1692 1121 οἴμαι
1722 1086 1829 1121 προσεδέ-

1054 1142 1147 1169 κησεν,
1173 1133 1234 1160 οὔτε
1259 1134 1305 1160 καὶ
1328 1133 1389 1168 ἐμοὶ
1413 1132 1488 1164 ἐλπίς
1506 1141 1547 1164 τις
1558 1130 1594 1167 ἦν
1609 1132 1716 1167 παιδίῳ
1733 1132 1778 1167 μὲν
1788 1132 1830 1158 ὄντι

1053 1180 1099 1207 καὶ
1125 1179 1224 1215 ἀλόγῳ,
1251 1180 1304 1206 ὑπὸ
1331 1180 1414 1214 πατρὶ
1431 1178 1458 1205 δὲ
1482 1178 1670 1213 δεισιδαίμονι.
1703 1176 1769 1205 Εἶτα
1790 1186 1830 1204 τι·

1053 1224 1116 1261 τρὸς
1139 1224 1257 1260 ἀποϐολὴ
1279 1223 1326 1251 καὶ
1344 1223 1459 1258 ὀρφανία
1481 1224 1498 1259 ἢ
1519 1223 1551 1259 δή
1569 1223 1626 1258 (66)
1648 1232 1697 1258 μοι
1715 1224 1783 1259 τάχα
1796 1223 1831 1249 ιιι

1053 1271 1123 1306 ἀρχὴ
1145 1271 1195 1306 τῆς
1218 1270 1265 1297 τοῦ
1287 1269 1403 1305 ἀληθοῦς
1425 1269 1598 1303 ἐπιγνώσεως
1624 1266 1671 1304 ἦν.
1706 1269 1773 1295 Τότε
1790 1269 1831 1303 γὰρ

1053 1316 1160 1352 πρῶτον
1176 1315 1222 1343 ἐπὶ
1235 1316 1279 1342 τὸν
1292 1316 1423 1350 σωτήριον
1433 1314 1480 1341 καὶ
1488 1314 1575 1350 ἀληθῆ
1592 1314 1750 1350 μετετέθην
1759 1314 1830 1347 λόγον,

1052 1363 1102 1389 οὐκ
1114 1360 1161 1389 οἶδ’
1174 1363 1247 1394 ὅπως
1257 1382 1264 1393 ,
1278 1361 1533 1397 κατηναγκασμένος
1554 1360 1657 1395 μᾶλλον
1674 1361 1751 1396 ἢπερ

1052 1409 1100 1440 Τίς
1119 1408 1172 1444 γὰρ
1188 1409 1248 1444 ἐμοὶ
1261 1409 1349 1444 κρίσις
1364 1406 1413 1443 ἦν,
1439 1407 1494 1434 am
1518 1407 1832 1442 τεσσαρεσκαιδεκαετεῖ;

1053 1454 1125 1489 Πλὴν
1144 1454 1174 1486 ἐξ
1186 1453 1289 1480 ἐκείνου
1307 1462 1365 1485 πως
1387 1453 1529 1488 ἐπιδημεῖν
1554 1452 1604 1488 μέν
1622 1461 1669 1488 μοι
1682 1454 1698 1480 ὸ
1723 1453 1791 1488 ἱερὸς
1803 1453 1834 1479 ἱᾱ

1054 1500 1138 1533 Λόγος
1162 1499 1261 1535 ἠρξατο
1285 1499 1364 1530 εὐθὺς
1377 1518 1384 1532 ,
1400 1495 1443 1525 οἷα
1454 1499 1486 1534 δὴ
1508 1499 1569 1533 ἄρτι
1589 1498 1787 1535 πληρουμένου
1800 1498 1834 1524 τοῦ

1054 1545 1142 1572 κοινοῦ
1163 1546 1269 1572 πάντων
1287 1543 1435 1579 ἀνθρώπων
1456 1543 1535 1578 λόγου
1546 1565 1554 1576 ,
1583 1544 1725 1580 ἐπεδήμει
1739 1545 1762 1571 δ’
1777 1544 1835 1578 59a;

1053 1592 1112 1618 τότε
1127 1591 1244 1628 πρῶτον.
1271 1591 1302 1617 Ὃ
1320 1591 1351 1626 δὴ
1367 1591 1413 1617 καὶ
1425 1592 1454 1617 οὺ
1468 1591 1578 1626 μικρὸν,
1593 1591 1619 1617 εί
1632 1591 1684 1617 καὶ
1703 1591 1743 1627 μὴ
1756 1590 1834 1618 πάλαι.

1053 1636 1100 1664 νῦν
1126 1637 1191 1672 γοῦν
1219 1636 1442 1671 ἀναλογιζόμενος
1461 1637 1541 1671 Ιεγὼ,
1571 1635 1713 1671 σύμϐολον
1743 1636 1835 1670 τίθεμαι

1052 1683 1101 1718 τῆς
1114 1682 1188 1719 ἱερᾶς
1203 1682 1248 1709 καλ¹
1259 1681 1416 1717 θαυμαστῆς
1426 1681 1487 1717 περὶ
1498 1681 1547 1716 ἐμὲ
1563 1681 1717 1716 Προνοίας,
1731 1681 1779 1716 τὴν
1788 1689 1836 1706 σενι

1052 1727 1154 1763 δρομὴν
1176 1727 1276 1762 ταύτην
1294 1727 1363 1754 οὕτω
1384 1728 1440 1759 τοῖς
1462 1726 1533 1753 ἔτεσι
1547 1726 1788 1761 διηριθμημὲνην,
1807 1725 1837 1750 iv:

1052 1774 1086 1800 τὰ
1116 1774 1163 1809 μὲν
1192 1773 1327 1807 φθάνοντα
1354 1773 1442 1800 πάντα
1464 1772 1540 1808 τήνδε
1568 1771 1617 1807 τὴν
1644 1772 1773 1806 ἡλικίαν.
1802 1772 1837 1797 εει

1053 1819 1157 1854 πλάνης
1181 1816 1214 1854 ἢν
1237 1818 1319 1854 ἔργα,
1342 1818 1484 1853 νηπιότητι
1508 1817 1553 1844 καὶ
1577 1817 1678 1853 ἀλογίᾳ
1703 1817 1837 1853 £19155?»—

1053 1864 1123 1899 μένα
1174 1873 1180 1879 ·
1199 1863 1235 1900 μὴ
1257 1865 1343 1900 μάτην
1358 1864 1386 1890 δὲ
1399 1865 1413 1890 ὁ
1430 1864 1500 1899 ἱερὸς
1513 1863 1656 1898 παραδοθῇ
1676 1864 1770 1897 Λόγος
1781 1862 1836 1897 thr;

1051 1910 1157 1937 οὐδέπω
1177 1910 1292 1946 λογικῇ·
1323 1910 1416 1945 λογικῇ
1441 1909 1468 1935 δὲ
1497 1909 1548 1944 ἢδη
1574 1909 1720 1944 γενομένῃ
1745 1909 1837 1943 (67),ίὶ

1052 1955 1099 1982 καὶ
1121 1955 1157 1991 μὴ
1182 1955 1260 1990 λόγου
1283 1955 1360 1982 θείου
1382 1955 1429 1981 καὶ
1453 1953 1589 1990 καθαροῦ,
1615 1954 1707 1989 φόϐου
1723 1955 1789 1988 γοῦν
1803 1953 1836 1980 τοῦ

1052 2000 1121 2027 κατὰ
1139 2000 1183 2026 τὸν
1206 1999 1284 2034 λόγον
1307 1999 1391 2031 τόνδε,
1419 2001 1455 2035 μὴ
1481 1999 1584 2035 ἔρημος
1667 2000 1733 2027 ἀλλ’
1757 2000 1837 2035 ὀμιῦε

1051 2054 1080 2072 τε
1095 2046 1262 2081 ἀνθρώπινος
1277 2046 1322 2072 καὶ
1337 2047 1350 2072 ὁ
1365 2045 1433 2077 θεῖος
1453 2045 1568 2081 ἄρξηται
1586 2046 1615 2071 ἐν
1634 2047 1705 2081 ἐμοὶ
1722 2047 1813 2080 λόγος·
1828 2046 1836 2070 i

1053 2091 1101 2126 μὲν
1124 2091 1227 2126 βοηθῶν
1242 2092 1274 2126 τῇ
1296 2089 1418 2126 diem/pq;
1437 2089 1484 2125 μὲν
1506 2089 1578 2125 ἐμοὶ,
1606 2091 1704 2126 οἰκείᾳ
1729 2092 1760 2117 δὲ
1780 2089 1837 2122 aia]

219 2136 417 2171 inexplicabili,
439 2133 487 2162 sed
501 2134 587 2169 ipsius
605 2134 731 2168 propria;
749 2133 795 2160 illa
811 2140 874 2159 vero
889 2133 1002 2166 adjuva-

1063 2136 1176 2171 ῐυνάμει·
1192 2136 1206 2161 ὁ
1229 2135 1256 2161 δὲ
1275 2133 1461 2170 βοηθούμενος.
1485 2135 1517 2160 Ὃ
1542 2134 1575 2168 δὴ
1588 2134 1787 2170 λογιζόμενον,
1806 2136 1837 2160 εὖ

220 2182 310 2209 batur.
330 2181 408 2214 Quod
423 2187 530 2207 mecum
550 2179 614 2206 dum
631 2185 737 2213 reputo,
760 2179 850 2206 lmtitia
870 2179 952 2206 simul
970 2186 1001 2205 ac

221 2229 318 2255 timore
334 2226 484 2262 perfundor
496 2233 503 2251 :
517 2225 595 2252 laetus
616 2224 717 2252 scilicet
735 2229 880 2259 provectu;
903 2224 1001 2251 timens

221 2279 322 2305 autem,
338 2280 373 2299 ne
393 2271 475 2298 tantis
489 2271 626 2298 beneﬁciis
643 2270 767 2300 ali‘cctus,
794 2278 808 2296 a
827 2269 878 2296 (ine
899 2269 1000 2296 nihilo-

220 2319 312 2344 minus
327 2317 459 2344 aberrcm.
476 2315 529 2342 Sed
542 2316 612 2342 enim
628 2315 721 2342 nescio
745 2322 799 2349 quo
814 2319 892 2349 pacto
907 2314 933 2340 in
951 2314 1002 2341 hac

220 2368 312 2399 parte,
334 2363 399 2389 dum
424 2361 609 2388 admirabilem
636 2364 736 2387 nostra:
759 2361 793 2387 ad
817 2360 889 2388 hunc
913 2361 1000 2387 virum

221 2408 398 2444 profectionis
420 2407 648 2442 dispensationem
669 2414 780 2434 narrare
801 2406 876 2440 libet,
897 2406 1002 2441 longio-

222 2463 280 2482 rem
297 2462 400 2481 moram
423 2454 491 2481 mihi
514 2454 596 2481 traxit
614 2455 701 2482 oratio
716 2463 722 2481 ι
739 2461 800 2488 quae
815 2453 892 2488 prius
910 2457 1000 2479 tamen

223 2500 264 2527 vel
285 2499 380 2534 paucis
401 2499 490 2532 dictis,
515 2499 549 2526 ad
572 2499 630 2526 haec
656 2499 797 2534 sequentia
822 2497 999 2532 properabat;

258 2564 315 2600 (66)
334 2566 369 2592 Ἢ
392 2564 440 2598 δή.
460 2565 631 2593 Hoesclielius
658 2565 743 2592 edidit
768 2565 785 2599 ἡ
813 2568 875 2590 ante
899 2563 949 2599 δή,
965 2567 1001 2600 _et

221 2598 271 2636 ἤδη
285 2598 408 2636 coniecit,
423 2600 583 2636 VossiusJ‘].
596 2600 747 2636 Conjunge,
761 2598 786 2626 et
798 2603 900 2626 mutata
909 2598 1000 2636 media

222 2633 248 2661 in
262 2633 305 2670 δή,
322 2635 379 2668 lege
393 2635 410 2671 ἢ
422 2635 487 2671 ἠδη.
501 2633 572 2671 Sane
587 2636 641 2669 ἤδη
655 2633 750 2669 incipit
763 2641 834 2660 anno
845 2633 999 2671 aetatisnxtv,

221 2667 301 2705 quem
316 2667 409 2704 ipSuur
422 2667 522 2696 annum
534 2667 680 2704 Gregorius
698 2667 760 2705 mox
780 2668 913 2705 nominatt
933 2667 1000 2694 Par-

222 2703 301 2732 ticula
321 2703 375 2739 γάρ
397 2706 566 2739 subsequens
580 2703 607 2731 et
629 2712 689 2739 quae
712 2704 840 2737 deinceps
864 2703 1001 2739 adduntur

222 2747 307 2774 usque
329 2738 367 2767 ad
388 2738 495 2766 οὐδέπω
508 2740 620 2774 λογικῇ,
636 2738 753 2774 aliquam
773 2745 829 2765 rem
852 2738 998 2772 postulant,

222 2780 282 2810 post
297 2775 490 2810 disjuuctivatn
504 2775 537 2810 ﬁ;
563 2782 677 2810 quaeres
695 2774 795 2809 potius,
815 2780 894 2808 qualn
916 2774 1001 2808 όρῳα-

1054 2181 1188 2216 φροσύνης
1202 2180 1269 2215 ὁμοῦ
1286 2180 1332 2206 καὶ
1346 2180 1420 2210 δέους
1438 2178 1607 2213 ἀναπίπλησί
1629 2189 1677 2214 με,
1697 2181 1836 2215 μεγαλυνό-

1055 2235 1133 2262 μενον
1147 2226 1194 2261 μὲν
1208 2227 1240 2260 τῇ
1257 2226 1413 2261 προαγωγῇ,
1431 2224 1595 2259 ιροϐούμενον
1611 2225 1652 2257 δὲ,
1677 2226 1718 2261 μή
1734 2235 1783 2260 πη.
1802 2226 1836 2250 n‘.

1052 2271 1177 2298 τοιούτων
1198 2271 1322 2303 ἀξιωθεὶς
1339 2271 1387 2297 τοῦ
1408 2270 1500 2301 τέλους
1515 2270 1619 2304 ὁμοίως
1636 2272 1749 2306 σφαλῶ.
1773 2271 1836 2296 Ἀλὶιλ

1052 2318 1106 2352 γὰρ
1119 2317 1168 2343 οὐκ
1192 2315 1239 2343 οἷδ’
1256 2317 1329 2347 ὅπως
1349 2315 1505 2351 ὲνεϐράδυνέ
1532 2324 1576 2350 μοι
1589 2316 1663 2351 τῷδε
1677 2317 1721 2352 τῷ
1742 2317 1838 2352 μέρειι

1052 2363 1139 2396 λόγος,
1162 2362 1210 2397 τὴν
1234 2361 1392 2396 Θαυμαστὴν
1418 2361 1572 2395 οἰκονομίαν
1597 2362 1672 2397 πρὸς
1696 2362 1745 2389 τὸν
1767 2362 1838 2395 ἀνδρί

1051 2408 1124 2434 τόνδε
1138 2407 1189 2442 όδῷ
1201 2407 1378 2442 διηγήσασθαι
1395 2405 1488 2438 θέλων,
1507 2406 1633 2433 σπεύδων
1648 2407 1679 2434 δὲ
1693 2408 1771 2443 ὅμως
1784 2407 1837 2440 πρί-

1051 2461 1128 2488 τερον
1151 2453 1198 2478 καὶ
1223 2451 1472 2487 βραχυλογούμενος
1487 2451 1533 2476 ἐπὶ
1550 2451 1616 2477 τάδε
1641 2453 1681 2478 τὰ
1704 2451 1782 2486 ἑξῆς,
1799 2451 1836 2483 οἰχ

1052 2499 1089 2529 ὡς
1110 2497 1246 2533 εὐφημίαν
1268 2496 1442 2531 ὀφειλομένην
1462 2495 1501 2530 τῷ
1523 2494 1612 2527 οὕτως
1635 2498 1835 2532 οἰκονομήσαντι

1051 2566 1106 2597 via,
1117 2564 1245 2599 Gregorio
1258 2565 1379 2592 videatur
1390 2564 1496 2591 initium
1510 2566 1688 2599 agnoscendi
1706 2566 1766 2592 veri
1776 2570 1835 2599 altu:

1052 2596 1115 2626 lisse
1129 2609 1134 2625 :
1157 2596 1244 2636 attulit
1260 2606 1347 2627 autem
1364 2599 1429 2636 ἤδη.
1450 2596 1551 2636 Νειλυᾷ
1564 2601 1647 2627 obest
1663 2601 1758 2636 τάχα,
1774 2596 1834 2636 qusi

1052 2636 1076 2661 vi
1089 2635 1170 2669 ctymi
1186 2634 1310 2671 τάχιστα,
1325 2639 1355 2671 ut
1371 2633 1443 2671 prima
1456 2642 1488 2661 ex
1499 2633 1641 2671 μάλιστα,
1658 2633 1755 2670 potius
1773 2633 1834 2660 atlir-

1051 2668 1124 2699 mat.’
1135 2676 1216 2703 quam
1232 2668 1385 2696 addubitat.
1394 2668 1512 2696 Best;an

1086 2701 1280 2753 ςξῖξῃίὶογικῇ
1309 2705 1460 2740 γενομένῃ.
1484 2704 1561 2739 Legit
1580 2704 1735 2740 Bengelius
1749 2701 1834 2737 λοτιιξ

1051 2747 1194 2774 γενομένη.
