1857 3047
49 84 126 113 1065

560 84 594 112 ΙΝ
613 83 790 113 ORIGENEM
809 83 939 113 ORATIO
957 83 1185 113 PANEGYRICA.

1609 87 1678 117 £066

47 145 206 178 ἀποδιδοὺς,
221 145 237 181 ἢ
252 145 427 182 εὐχαριστίαν
442 146 488 173 καὶ
500 146 642 174 εὐσέϐειαν
653 146 703 182 (μὴ
715 147 833 183 φορτικο)

912 153 947 173 on
970 145 1050 181 quasi
1075 145 1181 173 debitas
1205 143 1300 172 laudes
1321 144 1346 172 ei
1369 144 1416 180 qui
1439 144 1479 173 sic
1499 145 1676 181 dispensavit,

48 188 104 223 μὲν
124 188 211 222 οὕτως
233 192 409 226 ὀνομάζοντες
427 193 485 228 μὲν,
509 192 582 225 ἄξιον
599 193 627 220 δὲ
644 193 768 227 λέγοντες
792 194 839 220 οὑ-

46 234 96 261 εέν
114 235 196 272 (68))·
215 237 272 264 ἀλλ’
289 238 326 270 ὡς
342 239 468 274 διήγησιν
486 240 533 266 καὶ
546 240 700 275 ὁμολογίαν,
719 241 772 276 ῆτι
786 241 840 267 τῶν

47 282 264 319 ἐπιεικεστέρων
274 284 377 311 τούτων
384 285 522 320 ὀνομάτων
529 286 687 321 ποιούμενος
697 287 703 312 (
708 287 762 323 69).
773 287 841 314 Ἐδό-

47 335 96 354 κει
111 329 145 363 τῇ
162 328 231 365 μόνῃ
244 330 276 356 ὲκ
286 329 339 356 τῶν
352 331 452 365 γονέων
469 331 598 367 κήδεσθαι
613 332 692 368 ἡμῶν
706 333 838 368 παραλει-

45 376 158 412 πομένῃ
174 377 267 412 μητρὶ,
285 378 310 403 τ’
325 377 392 404 ἄλλα
409 378 662 413 ἐκπαιδευομένους,
678 376 721 406 οἷα
743 379 840 412 παῖδας

43 422 101 448 οὐκ
113 422 232 455 ἀγεννῶς
245 422 326 458 δῆθεν
338 424 384 450 καὶ
396 418 499 457 φύνταξ
509 425 556 451 καὶ
570 425 763 460 τρεφομένους,
780 434 840 461 φοι-

44 468 101 503 τᾷν
119 467 166 495 καὶ
185 468 289 504 ῥήτορι,
302 469 339 500 ὡς
351 469 383 505 δὴ
405 470 522 505 ῥήτορας
534 470 688 506 ἐσομένους.
703 472 758 498 Καὶ
772 473 839 508 δῆτα

45 514 215 549 ὲφοιτῶμεν.
233 515 279 541 καὶ
296 516 412 551 ῥήτορας
427 516 474 551 μὲν
489 516 537 542 οὑκ
550 518 589 547 εἰς
605 518 712 553 μακρὰν
731 518 839 546 ἔσεσθαι

44 560 128 595 ἡμᾶς
153 560 284 595 ἔλεγονοι
307 561 367 588 τότε
396 563 533 598 κρίνοντες
555 561 656 596 οὕτως’
680 565 729 592 οὐκ
752 565 838 600 ἔγωγε

43 607 131 634 τοῦτο
141 607 230 642 λέγειν
246 607 307 634 οὗτε
324 606 391 640 οἶδα,
407 609 462 635 οὔτ’
480 607 512 636 ἂν
529 609 690 646 θελήσαιμι·
716 611 794 645 λόγος
809 611 838 637 δὲ

44 652 140 684 οὐδεὶς
150 651 184 689 ἦν
193 651 304 686 τούτων,
319 654 379 680 οὑδέ
391 663 433 686 τις
447 655 581 691 καταϐολὴ
595 656 702 682 οὐδέπω
725 657 778 683 τῶν
790 658 839 693 τῇ-

44 697 79 723 δε
94 698 189 734 φέρειν
205 699 279 734 ἡμᾶς
294 699 448 734 δυναμένων
468 700 573 727 αιτιῶν.
594 700 674 728 ama;
688 702 742 738 γὰρ
755 702 839 738 ἄγρυ-

44 752 118 776 πνος
138 744 177 771 ὣν
191 746 206 771 ό
220 745 291 777 θεῖος
311 745 482 780 παιδαγωγὸς
502 748 548 774 καὶ
569 747 672 783 ἀληθὴς
695 748 837 783 κηδεμὼν,

43 789 112 816 οὕτε
125 789 180 817 τῶν
196 790 302 818 οἰκείων
318 791 524 828 διανοουμένων,
541 793 602 820 οὔτε
616 794 661 821 καὶ
673 795 739 830 ἐμοῦ
756 792 854 822 αὐτοῦ’

43 835 287 872 προθυμουμένου,
306 837 386 872 ἐπῆν,
404 838 548 873 συμϐαλών
565 839 619 881 (70)
635 848 687 866 τινι
703 840 757 866 τῶν
767 841 840 876 ἐμῶν

42 881 222 909 διδασκάλων
237 882 336 918 (ἄλλως
349 883 397 919 τὴν
414 884 555 919 Ῥωμαίων
570 886 660 920 φωνὴν
671 886 840 914 ἐκπαιδεὺειν

45 935 85 962 με
104 927 328 963 πεπιστευμένῳ,
350 929 400 955 οὐκ
413 929 450 960 ὡς
466 930 509 956 ἐπ’
527 931 609 966 ἄκρον
623 931 730 966 ἥξοντα,
753 932 791 963 ὡς
813 932 841 959 δέ

45 972 89 1007 μὴ
102 973 217 1007 ἄπειρος
234 973 292 1008 εἴην
311 974 398 1009 πάντη
416 975 463 1001 καὶ
477 975 556 1010 τῆσδε
571 976 620 1011 τῆς
639 977 745 1012 φωνῆς·
762 977 840 1012 ἔτυχε

43 1018 77 1044 δὲ
85 1018 232 1053 νόμωνοὺκ
241 1019 353 1056 ἄπειρος
362 1020 422 1056 ὢν),
443 1020 519 1047 τοῦτο
529 1022 583 1057 (71)
603 1023 649 1048 ἐπὶ
664 1022 725 1049 νοῦν
740 1022 838 1057 βαλὼν,

42 1118 108 1136 νειν
132 1109 241 1145 νόμους,
266 1110 320 1137 Καὶ
335 1111 458 1147 λιπαρῶς
474 1121 505 1146 γε
522 1112 600 1139 τοῦτο
625 1113 709 1140 ἐποίει
734 1115 747 1140 ὁ
771 1115 840 1150 ἀνὴρ

43 1156 164 1189 ἐκεῖνος,
181 1155 260 1190 κάγὼ
278 1156 327 1192 μέν
339 1164 380 1184 τοι
395 1157 552 1193 ἐπειθόμην,
569 1159 662 1194 τάνδρὶ
678 1160 776 1195 μᾶλλον
792 1168 841 1195 χα-

46 1202 194 1237 ριζόμενος
217 1202 289 1238 ἥπερ
306 1203 355 1238 τῆς
378 1203 477 1239 τέχνης
492 1205 610 1240 ἐραστὴς
625 1204 672 1232 ὢν.
705 1205 732 1232 '0
753 1205 781 1232 δέ
805 1214 840 1241 με

42 1246 140 1273 λαϐὼν
162 1247 310 1283 ἀκροατὴν,
332 1249 480 1285 φιλοτίμως
502 1250 551 1286 μὲν
567 1250 702 1278 διδάσκειν
724 1252 838 1288 ἤρχετοθ

43 1292 236 1327 ἐπεφθέγξατο
253 1294 308 1330 (7‘2)
333 1295 361 1321 δὲ
380 1304 416 1327 τι,
440 1296 454 1322 ὅ
472 1305 517 1331 μοι
541 1296 711 1332 ἀληθέστατα
732 1298 839 1326 πάντων

44 1339 220 1376 ἀποόέΰηκε,
235 1340 362 1376 μέγιστον
379 1342 488 1369 ἔσεσθαί
500 1351 544 1378 μοι
555 1343 658 1377 ἐφόδιον
685 1343 773 1379 (τοῦτο
784 1344 838 1381 γὰρ

44 1386 170 1422 τοῦνομα
192 1388 294 1420 ἐκεῖνος
310 1387 472 1424 ὠνόμασεν),
492 1390 547 1416 εἴτε
568 1398 610 1422 τις
627 1391 718 1426 ῥήτωρ
739 1390 792 1418 τῶν
810 1392 838 1418 ἐν

43 1434 106 1465 τοῖς
128 1433 314 1469 δικαστηρίοις
333 1435 552 1471 ἀγωνιουμένων,
569 1437 623 1462 εἴτε
643 1437 689 1463 καὶ
706 1437 783 1469 ἄλλος
797 1446 838 1470 τις

44 1476 120 1504 εἶναι
146 1478 309 1515 θελήσαιμι,
334 1481 384 1516 τὴν
402 1481 519 1517 μάθησιν
541 1482 594 1509 τῶν
618 1482 716 1518 νόμων.
741 1484 770 1510 '0
789 1484 838 1519 μὲν

43 1524 138 1556 οὕτως
158 1525 358 1560 ἀπεῃοὲγξατο,
382 1527 475 1553 τείνων
499 1529 538 1560 εἰς
559 1527 592 1555 τὰ
615 1528 773 1564 ἀνθρώπινα
793 1530 837 1556 τὸν

44 1569 145 1604 λόγον’
165 1570 227 1605 ἐμοὶ
246 1570 267 1596 δ’
294 1571 412 1607 ἀτεχνῶς
437 1571 488 1598 ὑπό
504 1581 555 1599 τινι
583 1572 706 1610 θειοτέρα
734 1575 838 1611 ἐπινοίᾳ

44 1616 235 1650 ἀποφοιϐἀσαι
253 1616 309 1652 (75)
327 1617 400 1644 δοκεῖ
415 1618 464 1648 τῆς
477 1618 558 1645 αὑτοῦ
573 1617 741 1655 ὑπολήψεως.
761 1620 837 1646 Ἐπεὶ

45 1662 104 1698 γὰρ
135 1662 348 1700 ἐξεπαιδευόμην
375 1663 445 1690 ἐκὼν
471 1665 518 1692 καὶ
547 1664 621 1692 ἄκων
649 1666 710 1698 τοὺς
739 1666 836 1702 νόμους

44 1706 156 1739 τούσδε,
170 1707 265 1743 δεσμοὶ
284 1707 333 1743 μέν
351 1717 408 1740 πως
424 1709 473 1744 ἤδη
491 1709 689 1746 κατεϐέϐληντο
700 1710 747 1737 καὶ
763 1711 838 1738 αἰτία

44 1753 96 1779 καὶ
110 1753 223 1789 ἀφορμὴ
238 1755 287 1790 τῆς
303 1755 349 1781 ἐπὶ
366 1755 428 1782 τάδε
446 1755 517 1787 ὁδοῦ,
532 1757 548 1791 ἡ
565 1755 620 1782 τῶν
638 1756 776 1792 Βηρυτίων
789 1757 838 1783 πό-

44 1798 107 1831 λις·
128 1799 144 1834 ἡ
170 1799 197 1825 δὲ
227 1800 257 1826 οὐ
281 1801 389 1836 μακρὰν
406 1801 562 1836 ἀποχέουσα
577 1801 631 1835 (74)
653 1801 707 1828 τῶν
723 1802 838 1829 ἐνταῦθα

45 1845 130 1877 πόλις
156 1845 368 1882 Ῥωμαῖκωτέρα
391 1855 460 1879 πως,
479 1846 526 1874 καὶ
548 1847 602 1873 τῶν
625 1847 714 1883 νόμων
736 1847 837 1874 τούτων

44 1890 119 1919 εἶναι
138 1893 311 1920 πιστευθείσα
334 1894 535 1929 παιδευτήριον.
550 1893 601 1920 Τὸν
617 1893 639 1920 δ’
656 1893 727 1929 ἱερὸν
745 1894 838 1921 τοῦτον

44 1938 136 1973 ἄνδρα
152 1938 184 1964 ἐκ
199 1938 250 1973 τῆς
265 1939 402 1973 Αἰγύπτου
421 1939 487 1974 (75),
512 1940 544 1965 ἐκ
566 1939 615 1975 τῆς
643 1939 837 1975 ’Δλεξανδρέων

45 1984 165 2016 πόλεως,
184 1984 248 2012 ἔνθα
263 1985 311 2021 τὴν
327 1985 418 2012 ἑστίαν
439 1985 508 2021 ἔχων
525 1985 602 2021 ἔτυχε
619 1985 768 2022 πρότερον,
790 1986 836 2014 καὶ

44 2030 133 2056 αὐτὸν
161 2030 246 2057 ἐκίνει
274 2032 321 2058 καὶ
344 2032 490 2067 μετανίστη
516 2031 563 2058 ἐπὶ
582 2032 641 2058 τόδε
665 2031 696 2059 τὸ
720 2033 835 2068 χωρίον,

43 2077 145 2113 ὧσπερ
174 2077 362 2112 ἀπαντήσαντα
388 2078 465 2112 ἡμῖν,
489 2077 570 2114 ἕτερα
595 2078 753 2113 πράγματα.
780 2078 836 2105 Οὐκ

44 2123 139 2157 ἔγωγε
159 2121 204 2149 καὶ
220 2122 307 2150 ταῦτα
321 2123 528 2158 αἰτιολογεῖσθαι
543 2123 604 2151 οὔτε
618 2123 685 2156 οἶδα,
708 2126 754 2153 καὶ
767 2127 836 2152 ἑκὼν

892 191 1005 219 reddere
1018 199 1128 226 parans,
1142 195 1189 218 aut
1202 191 1349 225 gratiarum
1366 190 1510 224 actionem,
1527 196 1575 219 aut
1591 187 1687 227 βίοιο(

892 242 945 265 tem
961 238 1006 273 (ne
1025 237 1171 271 importuni
1194 237 1280 264 simus
1297 236 1336 264 sic
1352 237 1530 271 appellantes,
1549 238 1677 274 dignum-

890 291 943 318 que
963 283 1030 310 nihil
1047 282 1215 318 all‘erentes);
1233 283 1278 310 sed
1299 286 1427 316 tanquam
1446 284 1595 318 simplicem
1612 292 1677 312 nar-

890 328 1283 364 rationemconfessionemque
1297 330 1452 365 autaliquid
1463 330 1615 365 hujusmodi
1630 331 1678 359 hu-

890 375 1027 402 miliorum
1045 375 1186 402 nominum
1197 375 1350 404 instituens.
1361 376 1455 404 Visum
1464 381 1505 404 est
1516 377 1551 409 ei,
1561 385 1622 412 qua:
1630 384 1676 405 so—

889 421 913 448 la
921 421 1117 456 exparentibus
1126 426 1273 456 superstes,
1283 430 1376 449 curam
1386 423 1472 451 nostri
1487 424 1607 458 gerebat,
1618 431 1677 450 ma-

891 467 934 500 tri,
950 472 979 494 ut
993 466 1180 495 aliisimbutus
1191 467 1297 500 litteris,
1317 469 1417 503 quibus
1429 469 1505 504 pueri
1522 468 1609 496 solent.
1622 476 1676 496 non

890 513 1007 540 obscure
1026 513 1081 540 nati
1097 518 1144 540 aut
1160 514 1278 547 educati,
1293 514 1325 541 ad
1342 515 1478 542 rhetorem
1499 515 1580 542 etiam
1598 522 1677 542 acce-

890 559 1026 590 deremus,
1045 563 1174 594 tanquam
1194 560 1318 587 rhetores
1333 559 1428 587 futuri.
1451 560 1484 587 Et
1497 561 1606 595 quidem
1623 560 1678 589 free

890 604 1099 639 quentnbamus,
1119 605 1296 640 rhetorcsque
1312 614 1362 633 nos
1380 607 1456 633 brevi
1478 606 1586 635 futuros
1600 607 1676 635 dice-

889 650 965 682 bant,
981 650 1027 684 qui
1048 655 1105 677 tum
1125 650 1162 676 ita
1179 650 1346 685 judicabant.
1372 651 1428 679 lloc
1442 659 1507 680 vero
1521 660 1571 687 ego
1586 652 1677 681 dicere

890 704 941 723 nec
958 697 1068 728 scirem,
1086 704 1136 724 nec
1149 697 1244 724 vellem
1263 705 1269 723 :
1287 698 1357 724 ratio
1371 698 1470 733 quippe
1489 698 1586 726 horum
1602 699 1676 727 nulla

889 747 964 776 erat;
989 751 1039 769 nec
1062 741 1269 770 fundamentum
1291 744 1380 771 adhuc
1406 744 1491 772 ullum
1517 753 1674 778 causarum,

890 797 950 824 qua:
966 789 1019 816 huc
1033 789 1132 816 ducere
1151 797 1201 816 nos
1219 795 1340 824 possent.
1360 790 1413 817 Sed
1434 791 1545 826 pervigil
1567 791 1613 818 ille
1631 791 1675 819 di-

856 831 878 859 B
892 833 970 860 vinus
985 833 1158 869 pmdagogus,
1173 841 1310 869 verusque
1323 839 1442 867 curator,
1456 843 1504 862 nec
1517 836 1677 864 domesticis

891 879 1087 914 cogitantibus,
1121 887 1171 907 nec
1206 887 1249 906 me
1271 880 1330 914 ipso
1367 881 1552 913 desiderante.
1578 882 1674 915 adfuit,

890 925 997 951 cuidam
1012 932 1159 960 suggerens
1173 933 1205 952 ex
1222 925 1289 954 meis
1302 926 1451 960 magistris,
1465 927 1509 962 qni
1525 926 1675 954 Romanam

890 969 1009 1005 linguam
1026 971 1123 999 docere
1138 971 1282 1007 mejussus
1299 976 1368 1005 erat,
1379 979 1432 998 non
1446 976 1476 998 ut
1488 972 1522 999 ad
1538 980 1674 1000 summum

890 1016 950 1051 ejus
975 1017 1082 1045 culmen
1108 1018 1301 1052 pertingerem,
1328 1017 1375 1045 sed
1403 1025 1437 1044 ne
1460 1017 1536 1045 rudis
1561 1026 1675 1052 prorsus

891 1062 1056 1098 ignarusque
1079 1063 1161 1098 hujus
1183 1063 1282 1098 lingua:
1304 1063 1389 1092 forem
1411 1073 1418 1091 :
1442 1069 1502 1091 erat
1521 1069 1611 1092 autem
1631 1065 1675 1092 ille

891 1108 979 1144 legum
1000 1117 1054 1136 non
1072 1109 1224 1145 imperitus.
1239 1108 1328 1142 Quare
1342 1111 1393 1137 hoc
1409 1110 1436 1137 in
1452 1110 1573 1137 animum
1593 1111 1674 1138 indu-

890 1162 969 1187 cens,
991 1161 1087 1183 auctor
1109 1155 1176 1182 mihi
1197 1155 1248 1182 fuit
1270 1162 1299 1182 ut
1323 1156 1381 1190 ipso
1402 1156 1515 1183 docente
1537 1155 1674 1184 Romanas

890 1201 963 1235 leges
983 1201 1160 1229 addiscerem.
1188 1202 1227 1229 Ac
1247 1201 1325 1228 enixe
1343 1201 1451 1235 quidem
1476 1201 1503 1228 id
1524 1201 1619 1236 agebat
1633 1202 1676 1228 vir

890 1246 953 1279 ille;
970 1254 1020 1281 ego
1040 1255 1104 1274 vero
1121 1247 1216 1282 parui,
1237 1247 1309 1274 ultro
1324 1247 1415 1281 potius
1430 1247 1597 1281 gratificandi
1617 1252 1675 1274 stu-

889 1293 944 1324 dio,
961 1301 1044 1327 quam
1059 1293 1130 1328 quod
1148 1294 1215 1320 artis
1228 1293 1288 1328 ejus
1306 1298 1411 1320 amator
1427 1301 1525 1320 essem.
1544 1292 1595 1326 Qui
1611 1301 1674 1320 cum

890 1341 1039 1367 auditorem
1058 1348 1101 1367 me
1116 1340 1298 1374 suscepisset,
1314 1340 1436 1368 studiose
1449 1341 1546 1367 docere
1560 1347 1602 1366 me
1618 1347 1674 1367 cce-

889 1386 939 1420 pit.
966 1384 1100 1418 Quiddam
1122 1390 1212 1412 autem
1228 1385 1325 1412 effatus
1339 1389 1391 1417 est,
1406 1384 1478 1419 quod
1503 1385 1567 1411 mihi
1585 1385 1674 1419 reipsa

889 1431 1061 1458 verissimum
1083 1431 1189 1459 evasit:
1207 1432 1357 1458 maximum
1380 1431 1485 1458 scilicet
1501 1431 1566 1458 mihi
1587 1431 1668 1458 viati-

889 1485 950 1504 cum
969 1476 1031 1512 (hoc
1049 1477 1121 1504 enim
1138 1476 1248 1504 nomine
1265 1476 1428 1511 appellabat)
1445 1476 1531 1511 legum
1549 1476 1606 1504 fore
1631 1478 1674 1504 (li-

889 1522 1048 1557 sciplinam,
1070 1529 1118 1548 seu
1141 1522 1235 1548 rhetor
1250 1521 1384 1556 quispiam
1403 1529 1435 1548 ex
1459 1522 1491 1548 iis
1507 1522 1554 1556 qui
1570 1522 1596 1549 in
1614 1521 1674 1550 foro

888 1573 915 1596 et
938 1568 1122 1595 tribunalibus
1150 1567 1334 1599 contendunt,
1362 1575 1410 1594 seu
1434 1567 1503 1594 alius
1526 1568 1587 1602 quis
1613 1576 1674 1596 esse

888 1614 993 1641 vellem.
1013 1614 1059 1641 Sic
1079 1614 1161 1649 igitur
1181 1614 1226 1640 illa
1239 1614 1335 1642 ell‘atus
1347 1618 1398 1646 est,
1415 1614 1449 1641 ad
1462 1614 1579 1642 humana
1594 1622 1673 1644 suam

888 1659 1031 1686 intendens
1056 1658 1207 1686 orationem
1230 1667 1237 1686 :
1258 1659 1325 1686 mihi
1340 1666 1403 1686 vero
1425 1659 1569 1692 diviniore,
1591 1667 1673 1695 quam

887 1706 1010 1740 putabat,
1031 1705 1122 1732 aﬂlatu
1141 1705 1260 1740 quodam
1288 1705 1345 1732 haec
1365 1704 1528 1732 vaticinatus
1551 1705 1671 1734 videtur.

887 1751 1035 1786 Postquam
1052 1751 1124 1779 enim
1140 1752 1232 1778 volens
1264 1751 1358 1778 nolens
1375 1750 1418 1778 his
1434 1750 1537 1786 legibus
1550 1752 1674 1779 eruditus

888 1796 937 1830 fui,
963 1805 1026 1824 mox
1049 1797 1178 1831 injectum
1198 1801 1240 1824 est
1262 1796 1342 1831 quasi
1361 1796 1500 1823 vinculum
1525 1797 1673 1831 quoddam,

887 1847 914 1870 ct
933 1851 1016 1870 causa
1037 1848 1119 1878 atque
1142 1842 1251 1870 occasio
1266 1842 1300 1869 ad
1322 1842 1370 1869 has
1392 1849 1454 1869 oras
1470 1843 1611 1876 veniendi,
1634 1843 1674 1870 ci-

888 1889 957 1916 vitas
980 1888 1150 1925 Berytiorum
1173 1896 1180 1914 :
1198 1897 1229 1915 ea
1258 1895 1323 1915 vero
1344 1895 1398 1915 non
1420 1889 1513 1922 procul
1535 1889 1599 1916 hinc
1620 1890 1672 1916 sita

887 1935 983 1962 civitas
1004 1940 1044 1962 est
1059 1934 1173 1962 Romani
1186 1935 1267 1969 juris,
1282 1934 1378 1961 harum
1406 1934 1494 1969 legum
1519 1935 1673 1962 communis

888 1980 980 2008 schola
1003 1984 1029 2007 et
1052 1980 1226 2007 auditorium.
1259 1980 1373 2007 Sacrum
1398 1987 1462 2007 vero
1488 1981 1559 2007 hunc
1583 1981 1672 2007 virum

887 2025 922 2052 ab
933 2024 1051 2060 Egypto
1072 2025 1105 2052 ab
1118 2025 1365 2051 Alexandrinorum
1392 2024 1467 2057 urbe,
1495 2024 1522 2051 in
1546 2032 1598 2059 qua
1623 2025 1672 2052 do-

887 2071 1019 2097 micilium
1045 2070 1121 2104 prius
1148 2070 1276 2101 habebat,
1304 2070 1330 2096 in
1358 2070 1430 2096 hunc
1459 2070 1558 2102 locum,
1589 2070 1671 2098 veluti

887 2117 966 2143 nobis
982 2123 1160 2143 occursurum
1180 2123 1224 2142 res
1243 2116 1302 2142 alia:
1319 2115 1461 2142 trahebant
1479 2119 1506 2142 ct
1526 2116 1672 2143 transfere—

45 2169 166 2204 παρήσω
176 2176 182 2184 ·
197 2168 226 2195 οὐ
243 2168 294 2204 μὴν
306 2169 362 2195 ἀλλ’
376 2168 484 2204 οὕπωγε
494 2169 543 2205 τῆς
554 2170 646 2197 ἐνθάδέ
663 2180 706 2206 μοι
717 2171 833 2207 ἀφίξεως

912 2168 959 2189 mt.
977 2160 1069 2196 Neque
1085 2169 1135 2196 ego
1149 2169 1214 2188 sane
1229 2161 1325 2188 horum
1341 2168 1452 2188 causata
1471 2160 1583 2188 reddere
1596 2161 1670 2201 novi,

44 2215 96 2242 καὶ
121 2214 170 2250 τῆς
198 2214 266 2250 πρὸς
289 2214 336 2241 τὸν
360 2214 446 2251 ἄνδρα
469 2216 628 2252 συμπλοκῆς
647 2217 722 2244 οὐδὲν
748 2217 834 2251 οὕτως

86 2312 144 2349 (68)
167 2312 216 2346 Μὴ
236 2310 412 2349 φορτικοὶ-η.
424 2312 510 2349 ἄξιον
527 2313 561 2340 δὲ
578 2314 718 2349 λέγοντες
734 2315 833 2343 οὐδέν.

44 2347 94 2376 Ad
106 2353 253 2382 utrumque
262 2348 310 2383 μέν
320 2347 435 2384 refertur
448 2348 488 2378 δέ,
499 2349 581 2384 altera
599 2347 709 2384 apmlosi
723 2350 834 2378 alteram

46 2384 217 2420 ahsorbqnte
234 2390 241 2408 :
260 2382 287 2409 et
309 2383 527 2420 subaudiendum
548 2382 605 2420 εἷεν
616 2382 664 2411 'vel
680 2382 765 2420 ὦμεν,
782 2386 834 2413 nisi

45 2420 140 2454 ipsum
158 2415 233 2454 ὦμεν
251 2426 301 2454 pro
317 2418 366 2453 μέν
380 2418 469 2452 priore
491 2418 553 2454 loco
567 2419 608 2446 vel
629 2415 776 2454 posteriore
794 2425 836 2447 est

46 2453 248 2490 reponendum.
271 2453 316 2490 Mf]
342 2461 395 2490 non
422 2453 527 2490 videtur
548 2453 646 2490 habere
671 2455 725 2481 vim
746 2455 835 2490 pro/tl-

46 2489 139 2519 bendi.
149 2490 195 2516 sed
209 2488 375 2519 cmtcedeudi,
389 2495 421 2515 ac
433 2489 545 2522 proinde
562 2489 727 2516 reddendum
741 2488 769 2516 ut
782 2499 835 2517 non

44 2525 156 2555 dicam;
182 2523 228 2550 ubi
253 2523 279 2549 id
307 2524 378 2557 quod
403 2523 491 2557 majus
515 2527 565 2555 est,
593 2524 720 2558 quodque
744 2526 834 2559 ipsum

46 2559 186 2586 atlirmare
210 2562 377 2592 poteramus,
393 2559 555 2591 omittimus,
572 2562 600 2585 ut
614 2559 638 2585 id
653 2561 726 2593 quod
743 2568 833 2588 llllllus

44 2599 99 2626 est,
115 2593 211 2627 majori
227 2593 290 2627 jure
307 2593 481 2620 allirmemus.
500 2593 670 2627 Pcriphrasis
684 2599 743 2621 esto
755 2595 812 2623 haec
826 2605 833 2622 :

48 2628 182 2656 Verentur
197 2636 230 2655 ne
246 2628 333 2655 simus
348 2629 481 2663 φορτικοί,
503 2628 525 2656 si
541 2633 660 2656 nostram
683 2631 833 2657 orationem

44 2664 347 2701 appellemus_graudi
374 2664 523 2701 vocabulo,
539 2663 699 2701 εὐφημίαν,
722 2665 834 2701 εὐχαρι-

44 2697 137 2736 «stay,
157 2697 308 2725 εὺσέὁειαν.
332 2697 384 2736 sed
397 2699 456 2736 fac,
474 2706 523 2726 nos
536 2697 598 2736 ideo
613 2697 664 2736 non
684 2697 834 2736 esseea?-

43 2734 155 2765 τικούς,
182 2738 210 2760 at
233 2737 306 2770 certe
331 2734 369 2770 nil
397 2734 438 2761 his
466 2735 691 2770 appellationibus
721 2734 833 2770 dignum

46 2770 131 2796 habet
144 2770 242 2804 oratio.
261 2768 387 2796 Eamdem
405 2777 458 2796 vnn
475 2770 545 2804 apud
559 2769 672 2798 Latinos
692 2768 774 2798 habct
790 2779 833 2801 ne,

45 2804 89 2832 vel
102 2810 132 2831 ut
144 2812 208 2832 non.
224 2803 338 2830 BENGBL.

211 2851 345 2881 ΡΑτιιοι..
367 2851 424 2882 Gn.
445 2852 483 2881 X.

886 2207 1070 2242 libentiusque
1084 2206 1244 2242 praeteribo;
1262 2212 1448 2234 verumtamen
1465 2207 1585 2234 nondum
1602 2198 1670 2234 mihi

922 2315 977 2352 (69)
997 2315 1188 2352 Ποιούμενος.
1199 2314 1380 2352 ῨῐΙῳξρίιειῇιξ
1391 2313 1552 2352 ποινζύμενοι.

922 2349 986 2387 (Ῑο)
1003 2350 1105 2384 Ἐπῆν,
1127 2349 1297 2384 συμϐαλών.
1325 2350 1387 2376 Ἐπὶ
1410 2349 1472 2377 νοῦν
1496 2350 1584 2384 βαλών
1605 2350 1669 2387 legit

887 2386 1078 2416 Casaubmms,
1095 2389 1123 2411 nt
1135 2386 1215 2419 paulo
1233 2389 1303 2419 post.

921 2421 977 2456 (Η)
1000 2419 1099 2447 Τοῦτο.
1118 2420 1247 2456 (insatth
1261 2419 1357 2456 eodem.

921 2453 977 2490 (72)
1004 2455 1226 2490 Ἐπεφθέγξατο.
1238 2453 1449 2489 Ἀπεφθέγξατο,
1466 2459 1495 2482 υι
1510 2463 1583 2483 mox.
1601 2456 1670 2484 Bart-

885 2499 977 2567 ῦΕ(75)
1002 2522 1218 2559 Ἇποφοιϐἀσαι.
1244 2524 1408 2560 Hesychius:
1435 2524 1572 2560 φοιϐάζει·
1594 2533 1670 2586 (μανι

885 2568 1003 2586 τευεται·
1026 2559 1207 2586 medianam...“
1224 2559 1455 2586 μαντεύσασθαι...
1470 2560 1516 2586 καὶ
1531 2559 1592 2586 ωοιϐ
1613 2568 1669 2586 σαι.

885 2559 1207 2596 τεύεται·>φοι6ᾲναι.....
1224 2559 1455 2596 μαντέύσασϐαι...
1470 2560 1516 2586 καὶ
1531 2559 1669 2596 φοιὸέάσαι,

885 2596 993 2631 ὁμοίως.
1012 2593 1062 2631 Uni
1075 2595 1135 2622 vide
1154 2596 1193 2623 sis
1211 2593 1381 2622 eruditorum
1400 2602 1478 2622 notas
1491 2593 1562 2629 apud
1583 2594 1670 2622 Joan—

886 2630 946 2658 nem
959 2630 1071 2656 Alberti.

921 2664 977 2700 (74)
1003 2661 1394 2701 Ὰσιοχέουσαηησεςειιθιίυε,
1416 2665 1563 2701 ἀπέχουσα.
1581 2665 1670 2692 Caete-

886 2708 946 2727 rum
969 2699 1057 2736 ᾰποχῄ
1078 2700 1161 2736 etiam
1179 2700 1334 2736 distantiam
1358 2699 1502 2736 signiﬁcat.
1521 2700 1559 2727 Ex
1573 2708 1606 2728 eo
1621 2707 1672 2728 att-

885 2741 939 2763 tem
957 2742 990 2761 an
1008 2735 1098 2770 valeat
1109 2734 1229 2770 ὰποχέω,
1247 2734 1395 2763 videndum
1407 2741 1458 2763 est.
1480 2735 1597 2763 Benest.

886 2770 977 2832 “6(75)
1002 2770 1048 2831 Ὶῖκ
1063 2768 1118 2803 τῆς
1131 2768 1292 2805 Αἰάύπτου.
1326 2771 1372 2798 Ἐκ
1393 2772 1456 2807 γῆς,
1478 2772 1543 2807 quia
1561 2771 1671 2800 additur

938 2813 1013 2832 aw:.-
1031 2812 1057 2832 υ.

938 2812 1057 2836 50);.10-

1489 2853 1527 2884 3Ξιι
