1857 3047
61 101 120 130 1069

541 97 575 125 ΙΝ
594 97 770 125 ORIGENEM
789 97 918 125 ORATIO
938 98 1169 129 PANEGYRICA.

1593 101 1665 129 1070

60 166 125 189 τινας
139 156 243 192 ἀγρίους
259 156 274 190 ἢ
297 156 400 192 ἰχθύας,
416 157 432 192 ἡ
451 165 525 188 τινας
545 156 643 193 ὕρνεις,
658 157 793 192 ὲμπεσόντ

930 162 1009 191 estes,
1026 162 1073 185 aut
1084 158 1183 193 pisces,
1200 162 1247 185 aut
1260 165 1335 190 aves,
1351 157 1378 184 in
1399 158 1467 185 retia
1479 158 1521 186 vel
1535 166 1663 194 sagenam

61 206 103 240 μὲν
117 205 153 235 είς
168 205 214 233 τὰς
227 203 313 237 ἄρκυς
327 203 343 238 ἢ
361 204 401 235 εὶς
420 203 469 234 τὰς
485 204 615 239 σαγήνας,
633 202 825 235 ἑξολισθαίνειν

60 251 84 276 δὲ
99 250 140 276 καὶ
149 249 349 284 ἀποδιδράσκειν
360 249 555 285 πειρωμένους,
575 250 727 285 ἀναχωρεῖν
735 258 764 276 τε
777 250 824 276 ἀπ’

58 296 130 324 αὐτοῦ
155 295 329 330 βουλομένους
361 296 407 321 ἐπὶ
436 295 484 331 τὴν
508 296 628 331 Βηρυτὸν
655 296 671 331 ἢ
698 295 745 323 ἐπὶ
777 296 826 332 τὴν

60 341 172 378 πατρίδα,
190 341 369 376 συνδήσασθαι
386 341 475 368 πάντα
498 343 597 377 τρόπον
615 343 823 378 ἐμηχανήσατο·

58 389 149 419 πάντας
159 387 250 421 λόγους
265 387 400 424 στρέφων,
417 388 464 414 καὶ
480 387 567 414 πάντα
584 387 673 414 κάλων
690 387 785 423 (τοῦτο
794 387 826 423 δὴ

57 434 83 460 τὺ
96 433 137 460 τοῦ
152 433 239 467 λόγου)
265 433 358 465 κινῶν,
377 434 423 460 καὶ
437 433 527 465 πάσας
538 433 585 465 τὰς
600 433 727 468 δυνάμεις
742 432 825 460 αὐτοῦ

57 480 293 517 προχειριζόμενος·
312 480 429 506 ἐπαινῶν
449 480 497 515 μὲν
517 479 675 514 φιλοσοφίας
699 479 825 515 ἐραστὰς,

58 527 159 562 μακροῖς
169 519 349 557 τοῐςὲπαίνοις
360 526 406 552 καὶ
417 525 522 557 πολλοῖς
533 527 589 557 τοῖς
599 534 628 552 τε
641 526 824 562 προσήκουσι·

55 572 154 603 τούτους
169 571 262 607 μόνους
278 571 327 606 ζῇν
344 572 428 604 ὅντως
442 572 488 598 τὸν
513 573 630 606 λογικοῖς
653 573 827 608 προσήκοντα

56 619 114 654 βίον.
126 617 218 651 λέγων,
231 618 294 649 τοὺς
306 617 394 653 ὀρθῶς
408 617 704 652 βιοῦνὲπιτηδεύοντας,
714 617 827 650 ἑαυτούς

54 674 78 692 τε
87 664 269 698 γινώσκοντας,
283 664 389 700 πρῶτον
399 664 496 696 οἵτινές
507 665 569 696 εἰσι,
576 664 693 690 κᾶπειτα
700 664 732 691 τὰ
744 664 828 695 ὅντως

54 711 134 745 ἀγαθὰ
151 711 168 737 ἃ.
185 710 360 746 μεταδιιὶζκειν
383 710 526 746 ἄνθρωπον
539 711 591 746 χρὴ
605 711 650 737 καὶ
667 711 701 737 τὰ
720 710 828 746 ἀληθῶς

56 753 322 790 κακὰῶνάποτρέχειν
331 755 379 781 δεῖ·
389 755 512 789 tte-{ovat
521 755 569 790 τὴν
577 754 757 790 αμαθίαν,καὶ
765 754 828 781 xciv-

53 803 157 833 ταςτοὺς
165 801 290 837 ἀμαθεῖς
301 801 391 827 πολλοὶ
397 802 424 827 δὲ
431 797 502 827 οὗτοι
511 801 569 826 ὅσοι
576 801 589 827 θ
594 809 622 836 ρε
628 801 741 836 μμάτων
749 801 827 835 δίκην

53 847 240 882 ταφλώττοντες
254 847 297 873 τὸν
313 847 387 878 νοῦν,
405 847 459 873 οὐδ’
483 846 548 873 αὐτὸ
570 846 649 873 τοῦτο
668 847 737 882 ὅπερ
758 847 825 873 εἰσὶν

52 893 202 927 ἐγνωκότες,
220 893 315 930 ὥσπερ
340 893 431 927 ἄλογοι
454 892 672 928 πεπλανημένοι,
692 893 824 928 ἁγαθὺνῆ

52 939 126 965 κακον
138 940 151 965 ὅ
165 940 191 965 τί
207 940 272 966 ποτέ
289 941 372 971 ἐστιν,
386 939 453 971 ὅλως
469 938 530 965 οὔτε
548 939 646 971 εἰδότες
661 940 751 970 αὐτοὶ,
764 939 825 965 οὔτε

53 986 137 1020 μαθεῖν
152 985 288 1018 θέλοντες⁷
299 986 336 1017 ὡς
354 987 400 1012 ἐπὶ
416 985 515 1020 ἀγαθὸν
527 986 635 1021 ᾄττουσι
651 986 698 1012 καὶ
713 986 825 1021 ἐπτόην-

50 1041 98 1062 ται,
114 1032 240 1067 χρήματα
256 1031 311 1066 (79)
328 1032 374 1058 καὶ
386 1030 464 1062 δόξας
481 1039 527 1057 και
540 1030 622 1066 τιμὰς
641 1030 690 1061 τὰς
706 1030 758 1057 ἀπὸ
771 1030 826 1057 τῶν

50 1078 144 1104 πολλῶν
158 1078 203 1105 καὶ
218 1078 268 1113 τὴν
286 1077 334 1104 τοῦ
354 1077 478 1112 σώματος
494 1077 599 1110 εὐεξίαν
613 1085 619 1091 ·
637 1077 707 1104 αὐτὰ.
720 1085 749 1102 τε
763 1077 826 1111 περὶ

50 1123 138 1149 πολλοῦ
156 1124 202 1150 καὶ
225 1123 273 1149 τοῦ
293 1123 392 1154 παντὸς
414 1122 564 1157 τιθέμενοι,
589 1122 705 1149 καὶτῶν
724 1122 826 1157 τεχνῶν

47 1171 102 1196 ὅσαι
125 1169 209 1196 ταῦτα
235 1169 425 1205 ἐκπορίζεσθαι
452 1169 597 1200 δύνανται,
618 1169 663 1195 καί
683 1169 737 1196 τῶν
762 1169 825 1203 βίων

49 1217 98 1242 ὅσοι
119 1217 203 1243 ταῦτα
217 1216 400 1252 παρέξονται,
420 1217 547 1251 στρατιὰς
562 1217 608 1243 καὶ
622 1217 671 1252 τὴν
687 1217 826 1252 δικανικὴν

48 1263 90 1288 καὶ
110 1263 264 1298 ὲκμάθησιν
284 1263 333 1298 τὴν
354 1263 407 1288 τῶν
430 1263 534 1298 νόμων·
560 1262 637 1289 ταῦθ*
659 1262 730 1298 ἅπερ
754 1263 826 1298 ἡμᾶς

48 1308 153 1339 ἀνέσειε,
170 1309 287 1343 μάλιστα
303 1308 447 1342 λέγωνκαὶ
464 1307 535 1342 μάλα
552 1308 682 1342 τεχνικῶς
690 1329 704 1340 ,.
714 1308 759 1334 τοῦ
778 1317 826 1334 κυ-

48 1352 271 1387 ριωτάτου,φησὶ,
281 1351 368 1378 τῶνὲν
381 1353 446 1387 ἡμῖν
461 1352 540 1386 λόγου
556 1352 754 1387 ἀμελήσαντας.
770 1353 826 1379 Οὐκ

47 1396 96 1430 ἔχω
116 1396 161 1423 νῦν
180 1397 237 1431 ἐγὼ
261 1397 364 1431 λέγειν,
381 1398 447 1428 ὅσας
467 1397 590 1429 τοιαύτας
606 1397 697 1433 ἐξήκει
715 1398 806 1432 φωνὰς
818 1418 825 1428 ,

48 1443 200 1477 προτρέπων
215 1443 384 1478 φιλοσοφεῖν·
402 1444 431 1469 οὐ
451 1444 513 1478 μιᾶς
529 1443 634 1479 ἡμέρας
650 1444 742 1479 μόνης,
759 1443 827 1470 ἀλλὰ

47 1489 89 1514 καὶ
110 1489 241 1516 πλειόνων
258 1491 327 1516 ὅσων
347 1489 420 1524 αὐτῷ
440 1490 606 1525 προσῄειμεν
624 1489 677 1516 τῶν
699 1489 824 1525 πρώτων,

47 1535 198 1570 βεϐλημένοι
215 1536 265 1571 μὲν
280 1535 372 1571 ὥσπερ
383 1535 434 1562 τινὶ
450 1535 520 1570 βέλει
532 1535 570 1571 τῷ
584 1537 647 1570 παρ’
661 1535 742 1562 αὑτοῦ
757 1535 827 1570 λόγῳ

45 1581 86 1606 καὶ
101 1582 131 1607 ἐκ
147 1581 264 1617 πρώτης
279 1581 385 1616 ἡλικίας
402 1582 457 1616 (80)
474 1579 516 1617 (ἦν
531 1581 584 1617 γάρ
606 1590 664 1613 πως
682 1581 729 1608 καὶ
751 1581 827 1616 ἡδείᾳ

44 1627 91 1653 τινὶ
104 1627 193 1663 χάριτι
217 1628 266 1654 καὶ
280 1628 368 1654 πειθοῖ
381 1628 426 1654 καί
441 1636 492 1654 τινι
509 1628 615 1663 ἀνάγκη
632 1628 825 1662 μεμιγμένος),

45 1674 217 1709 στρεφόμενοι
231 1674 262 1700 δέ
280 1683 338 1705 πως
354 1674 394 1700 ἔτι
415 1675 463 1700 καὶ
485 1674 654 1709 λογιζόμενοι
665 1682 671 1688 ·
690 1674 736 1700 καὶ
753 1673 827 1708 φιλο-

45 1720 129 1753 σοφεῖν
150 1720 201 1755 μὲν
222 1721 514 1756 προσκαρτερήσαντες
535 1720 639 1746 οὐδέπω
662 1720 749 1755 πάντη
777 1729 826 1746 πε-

44 1766 193 1800 πεισμένοι,
212 1766 379 1801 ἀφίστασθαι
394 1766 422 1792 δὲ
439 1766 520 1793 πάλιν
541 1767 590 1792 οὐκ
609 1764 657 1793 οἶδ’
678 1767 752 1798 ὅπως
765 1786 772 1798 ,
796 1767 826 1792 οὐ

42 1811 194 1847 δυνὰμενοι·
212 1813 259 1839 ἀεὶ
274 1813 302 1839 δὲ
315 1812 410 1849 ὥσπερ
424 1813 477 1839 ὑπό
488 1821 558 1839 τισιν
575 1813 707 1848 ἀνάγκαις
723 1813 827 1848 μείζοσι

42 1860 93 1889 τοῖς
110 1859 200 1893 λόγοις
218 1860 302 1886 αὐτοῦ
322 1860 389 1895 πρὸς
407 1861 487 1886 αὑτὸν
503 1860 653 1895 ἑλκόμενοι.
672 1860 757 1891 ’Ὁλως
775 1860 826 1896 γὰρ

41 1904 90 1930 οὐδ’
102 1905 227 1932 εὖσεὸεῖν
247 1906 286 1937 εἰς
300 1906 345 1932 τὸν
359 1906 412 1932 τῶν
426 1906 494 1932 ὅλων
507 1906 643 1941 Δεσπότην
656 1906 750 1941 (τοῦτο
765 1907 779 1932 ὃ
794 1907 826 1942 δὴ

43 1950 117 1983 μόνος
132 1950 188 1977 τῶν
209 1952 258 1977 ἐπὶ
277 1951 329 1986 γῆς
346 1951 455 1977 πάντων
473 1950 550 1982 ζώων
568 1952 582 1977 ὁ
600 1951 739 1987 ἄνθρωπος
755 1952 827 1988 ἔχειν

40 1996 152 2032 ἐτιμήθη
177 2005 210 2023 τε
228 1996 276 2023 καὶ
293 1996 395 2032 ἠξιώθη
406 2017 414 2028 ,
431 1998 476 2023 καὶ
491 1997 603 2029 εἰκότως
621 1999 674 2029 πᾶς
688 1998 825 2032 ὁστισοῦν,

41 2044 81 2068 καὶ
98 2043 180 2077 σοφὸς
195 2044 246 2070 καὶ
259 2043 365 2078 ἀμαθὴς
377 2064 384 2075 ,
402 2043 559 2079 περιέχεται
574 2044 668 2070 τούτου
678 2065 685 2076 ,
700 2045 773 2076 ὅστις
791 2046 827 2081 μὴ

41 2089 178 2122 παντελῶς
195 2090 248 2121 τὰς
265 2090 369 2121 ἐννοίας
388 2089 558 2116 ἀπολώλεκεν
575 2091 627 2116 ὑπό
643 2099 714 2122 τινος
734 2099 828 2126 φρενο-

39 2135 165 2168 ϐλαϐείας
175 2136 197 2171 )-
220 2136 253 2162 οὐ
269 2136 357 2162 τοίνυν
371 2136 431 2162 οὐδὲ
445 2136 567 2162 εὐσεϐεῖν
581 2136 650 2168 ὅλως
663 2137 774 2163 δυνατὸν
790 2136 828 2163 εἷ-

39 2190 78 2208 ναι
99 2183 241 2217 ἔφασκεν,
262 2182 350 2218 ὀρθῶς
366 2182 462 2216 λέγων,
480 2182 516 2217 μὴ
534 2182 744 2218 φιλοσοφήσαντι
755 2192 761 2198 ·
777 2184 829 2216 ἕως

39 2229 149 2261 πολλοὺς
160 2229 303 2261 τοιούτους
313 2228 407 2260 ἄλλους
420 2230 462 2255 ἐπ’
472 2229 560 2261 ἄλλοις
573 2230 713 2256 ἐπαντλῶν
721 2230 826 2265 λόγους,

38 2275 129 2311 ὧσπερ
142 2285 223 2308 τινας
241 2276 552 2310 καταγεγοητευμένους,
568 2276 614 2302 ἐπὶ
626 2276 696 2302 τέλει
711 2278 770 2308 ταῖς
781 2277 829 2303 αὑ-

37 2323 80 2348 τοῦ
101 2323 217 2358 τέχναις
236 2322 381 2359 ἀκρήτους
400 2321 535 2356 ἀτεχνῶς,
552 2323 641 2358 φέρων
657 2325 732 2359 ἡμᾶς
747 2333 829 2360 παρι-

38 2367 164 2403 δρὺσατο,
181 2368 276 2402 λόγοις
292 2369 348 2399 τοῖς
364 2365 523 2398 αὑτοῦγούκ
537 2365 585 2394 οἶδ’
603 2368 695 2401 ὃπως,
711 2368 760 2396 σύν
776 2378 828 2397 τινι

37 2413 94 2450 θείᾳ
119 2415 254 2449 δυνάμει.
284 2414 339 2440 Καὶ
363 2413 418 2450 γὰρ
439 2414 486 2440 καὶ
510 2414 600 2448 φιλίας
623 2416 689 2450 ἡμῖν
716 2416 829 2452 κέντρον

37 2460 187 2496 ἐνέσκηψεν
203 2461 258 2487 οὐκ
271 2460 505 2495 εὐκαταγώνιστόν
515 2460 642 2497 τι,δριμὺ
658 2461 687 2488 δὲ
702 2461 749 2488 καὶ
764 2463 829 2489 ἁνυ-

36 2507 199 2539 τικάγτατον,
215 2507 370 2542 δεξιότητος
382 2507 428 2533 καὶ
441 2507 586 2539 διαθέσεως
594 2507 645 2542 τῆς
655 2508 770 2544 ἀγαθῆς,
780 2510 829 2545 ὅση

37 2553 183 2588 εὐνοητική
200 2561 247 2583 τις
264 2553 329 2587 ἡμῖν
345 2552 440 2584 αὑταῖς
458 2553 560 2586 φωναῖς
575 2552 656 2578 αὑτοῦ
674 2553 831 2588 προσφθεγ-

73 2652 126 2687 179)
146 2653 302 2689 Χρήματα.
319 2653 419 2689 Repete
434 2653 479 2680 ἐπί
495 2661 510 2681 e
522 2655 657 2689 proximo.
673 2655 790 2684 BENGEL.

72 2689 127 2723 (80)
154 2688 302 2722 Ἡλικίας.
329 2688 390 2716 Haec
408 2697 461 2716 vox
486 2688 578 2724 aperte
604 2690 702 2717 aliena.
719 2691 832 2719 Videtur

36 2722 196 2761 absolutum
209 2723 354 2761 Aloquendi
370 2722 518 2761 genusték
535 2724 661 2761 πρῴτης,
681 2731 711 2753 ut
731 2728 833 2754 suhau-

36 2757 167 2794 diendum
191 2757 417 2794 siteproxiuio,
434 2757 562 2794 ἡμέρας.’
574 2757 810 2794 δῆθ’Τίιυενόίιιος
825 2772 831 2790 :

35 2793 51 2826 ἦ
69 2795 93 2831 εί
111 2791 303 2831 ἀπὸ-πρώτης
319 2791 478 2831 ἀποθέμενοι
490 2791 540 2822 ’τὸν
555 2796 645 2831 νόμον.
663 2791 833 2825 υἱοῖὶαεεὶιιε

38 2829 150 2861 pariter,
169 2828 230 2856 ἀπὺ
250 2828 367 2864 πρώτης.
387 2830 432 2857 Sic
448 2831 478 2857 ὲκ
491 2828 604 2866 καινῆς,
622 2831 650 2866 ἐξ
666 2832 768 2869 αὐτῆς,
782 2839 832 2862 δια⁴

51 2903 123 2928 νῖ..
190 2906 272 2928 -ΙΙΛ
366 2906 376 2928 7

40 2919 56 2945 κζ
79 2919 374 2962 ἱκνιίίνιῗουέί

877 204 998 238 illapsos,
1014 204 1083 231 elabi
1098 209 1124 231 et
1140 203 1258 239 effugere
1282 209 1424 237 conantes,
1444 210 1470 232 et
1488 205 1615 233 secedere
1630 205 1664 233 ab

877 248 946 283 ipso,
961 249 1089 285 Berytum
1110 257 1221 283 versus,
1245 254 1292 277 aut
1313 250 1340 277 in
1362 250 1478 284 patriam
1502 251 1664 285 cogitantes.

877 296 1062 331 constringere
1083 297 1198 323 omnino
1221 304 1253 323 ac
1276 296 1394 324 retinere
1416 297 1519 323 studuit
1543 305 1550 323 :
1571 297 1664 324 omnia

878 343 1022 369 verborum
1033 350 1131 377 genera
1138 342 1259 376 volvens,
1269 349 1376 370 onmem
1389 342 1479 369 funem
1492 342 1575 377 (quod
1584 348 1625 370 est
1637 343 1665 370 in

877 387 1031 423 proverbio)
1054 395 1181 421 movens,
1199 388 1270 416 vires
1297 396 1362 417 suas
1382 396 1477 416 omnes
1502 396 1535 416 eo
1554 396 1666 416 conver-

878 439 938 462 tens
953 443 960 462 :
975 434 1040 462 hinc
1056 435 1258 470 philosophiam
1279 435 1394 470 ejusque
1414 439 1551 463 amatores
1571 436 1664 463 multis

879 481 1005 516 aptisque
1028 481 1157 509 laudibus
1179 489 1365 516 prosequens;
1385 489 1431 509 eos
1448 481 1522 509 solos
1537 481 1607 509 bene
1621 481 1664 509 vi-

877 534 950 560 vere,
967 527 1106 562 vitamque
1128 527 1243 555 rationis
1260 535 1312 555 usu
1327 527 1449 563 praeditis
1469 533 1665 563 congruentem

878 580 958 607 agere
977 572 1081 606 dicens,
1103 572 1149 607 qui
1172 580 1232 599 eam
1254 570 1328 600 recte
1356 573 1497 599 instituere
1520 577 1664 605 conentur,

878 624 905 646 et
925 627 956 646 se
977 619 1052 653 ipsos
1074 618 1193 653 primum
1219 626 1310 650 nosse,
1337 619 1449 653 quinam
1475 618 1549 651 sint;
1568 617 1666 645 deinde

878 672 943 692 vera
964 664 1035 691 horta
1060 672 1120 699 qua:
1137 664 1263 699 persequi
1283 665 1421 691 hominem
1448 663 1534 695 decet,
1555 667 1581 690 et
1601 670 1665 690 vera

879 711 950 738 mala
967 718 982 737 a
996 710 1096 744 quibus
1113 710 1239 746 refugere
1252 715 1373 745 oportet;
1388 710 1462 737 illinc
1484 709 1665 744 ignorantiam

879 757 1092 792 ignorantesque
1111 764 1215 787 omnes,
1238 763 1355 790 quorum
1380 755 1498 782 maxima
1514 761 1556 782 est
1575 754 1664 786 turba,

879 802 1050 837 vituperans;
1078 806 1210 837 quotquot
1220 801 1353 837 pecudum
1368 801 1432 834 ritu,
1444 805 1535 828 mente
1545 800 1619 832 caeci,
1631 808 1667 828 ne

843 841 864 869 Β
879 846 932 874 hoc
943 847 1052 881 quidem
1067 847 1139 882 quod
1153 851 1217 874 sunt
1240 845 1406 880 intelligunt,
1416 850 1443 872 et
1455 846 1533 880 quasi
1560 846 1675 873 ratione'

879 897 1019 925 carerent,
1037 894 1211 926 aberrantes;
1233 892 1334 919 bonum
1362 893 1497 918 malumve
1523 892 1586 926 quid
1613 893 1666 925 sit,

879 946 930 965 nec
944 939 1062 966 scientes
1078 938 1129 974 ipsi
1148 946 1271 973 prorsus,
1291 946 1341 965 nec
1364 938 1470 965 discere
1493 942 1664 973 satagentes:

879 984 926 1019 qui
943 990 1071 1019 tanquam
1089 985 1123 1011 ad
1138 985 1251 1016 bonum,
1269 984 1302 1011 ad
1315 984 1445 1018 pecunias
1463 988 1488 1010 et
1503 985 1616 1018 gloriam
1634 993 1666 1012 ac

879 1031 953 1065 vulgi
974 1031 1091 1058 honores
1107 1031 1284 1065 corporisque
1300 1030 1482 1057 valetudinem
1505 1031 1666 1064 prosiliunt.

880 1078 1025 1113 stolidique
1039 1079 1180 1113 rapiuntur
1193 1099 1200 1111 ,
1218 1078 1276 1104 haec
1286 1077 1421 1111 videlicet,
1437 1077 1527 1112 magni
1543 1082 1591 1104 aut
1608 1085 1668 1105 om—

879 1123 954 1149 nium
971 1123 1062 1157 potius
1075 1123 1162 1150 instar
1177 1123 1323 1154 habentes,
1348 1126 1474 1157 artesque
1497 1130 1544 1150 eas
1567 1122 1666 1157 quibus

880 1169 970 1203 parari
987 1169 1043 1196 haec
1057 1173 1187 1203 possunt,
1203 1173 1230 1195 et
1244 1176 1276 1195 ex
1291 1169 1353 1195 vitae
1373 1168 1517 1204 generibus
1543 1169 1585 1195 illa
1605 1176 1667 1203 qua:

880 1216 945 1242 talia
961 1216 1143 1250 suppeditant,
1161 1215 1316 1248 militarem,
1334 1215 1481 1248 forensem,
1498 1215 1587 1250 legum
1605 1221 1666 1243 stu-

880 1262 954 1288 dium
984 1269 1016 1289 ac
1044 1262 1231 1296 disciplinam;
1260 1262 1317 1289 hazc
1347 1266 1427 1295 sunt,
1454 1262 1558 1294 aiebat,
1586 1262 1668 1297 idque

880 1308 1029 1342 aptissime,
1047 1316 1107 1342 quae
1123 1315 1174 1335 nos
1191 1308 1292 1335 inertes
1315 1312 1397 1343 atque
1414 1309 1524 1343 ignaros
1547 1309 1667 1336 maxime

880 1354 1011 1386 reddunt,
1031 1354 1165 1381 rationem
1189 1361 1249 1389 qua:
1264 1354 1399 1381 dominari
1423 1355 1449 1381 in
1471 1346 1549 1382 nobis
1570 1355 1665 1388 debet.

880 1404 1065 1434 aspernantes.
1084 1399 1178 1427 Dicere
1195 1408 1249 1427 non
1266 1400 1377 1435 possim,
1392 1408 1473 1435 quam
1489 1401 1586 1427 multas
1596 1399 1668 1434 ejus-

877 1445 953 1472 modi
972 1451 1053 1472 voces
1078 1445 1178 1478 ederet,
1193 1445 1225 1472 ad
1240 1445 1485 1480 philosophandum
1502 1453 1552 1472 nos
1565 1446 1666 1473 exhor-

879 1495 957 1523 tans;
974 1497 1062 1525 neque
1077 1490 1103 1516 id
1122 1498 1177 1518 uno
1191 1490 1234 1517 die
1250 1491 1402 1523 duntaxat,
1418 1491 1465 1518 sed
1481 1491 1584 1524 multis,
1597 1499 1668 1526 quo-

881 1536 931 1562 ties
949 1537 982 1562 ad
1006 1536 1082 1562 illum
1103 1536 1236 1570 principio
1259 1536 1449 1568 veniebamus,
1472 1536 1532 1571 ejus
1556 1537 1666 1571 quidem

881 1590 1007 1610 sermone
1022 1587 1153 1617 tanquam
1162 1582 1254 1617 jaculo
1262 1584 1379 1617 quodam
1393 1590 1407 1609 a
1420 1583 1505 1618 pritna
1519 1583 1577 1618 ipsa
1588 1588 1667 1611 aetate

881 1629 980 1655 confixi
995 1628 1064 1662 (erat
1078 1628 1150 1655 enim
1165 1629 1242 1655 suavi
1256 1629 1341 1662 gratia
1363 1634 1388 1655 et
1408 1628 1517 1656 suadela
1536 1629 1618 1656 simul
1635 1637 1668 1656 ac

882 1675 1042 1702 necessitate
1061 1675 1176 1709 quadam
1194 1675 1341 1709 conditus),
1364 1679 1490 1701 cauerunt
1504 1674 1666 1702 ﬂuctuantes

882 1721 969 1748 adhuc
984 1725 1011 1748 et
1025 1720 1136 1755 ancipiti
1151 1721 1254 1752 animo,
1271 1720 1457 1755 philosophari
1476 1721 1586 1755 quidem
1609 1729 1668 1748 am-

880 1766 995 1798 bientes,
1011 1767 1132 1793 nondum
1151 1770 1241 1793 tamen
1256 1766 1368 1793 omnino
1380 1766 1495 1801 permoti
1511 1763 1592 1800 atque
1607 1774 1668 1800 per-

881 1813 966 1846 suasi,
982 1812 1120 1840 discedere
1141 1819 1221 1847 porro
1244 1812 1336 1840 nescio
1352 1812 1488 1848 quomodo
1503 1820 1556 1839 non
1573 1813 1668 1839 vafen-

882 1865 939 1890 tes,
963 1862 993 1885 ut
1017 1858 1064 1892 qui
1085 1865 1201 1892 semper,
1227 1862 1356 1892 tanquam
1381 1857 1492 1893 majoris
1515 1857 1668 1893 cuiuspiam

881 1905 1051 1932 necessitatis
1076 1905 1211 1939 impulsu,
1238 1905 1270 1931 ad
1298 1905 1386 1939 ipsum
1410 1904 1469 1939 ejus
1495 1905 1669 1933 sermonibus

881 1950 1063 1986 rapiebamur.
1080 1950 1198 1978 Omnino
1211 1951 1283 1978 enim
1298 1958 1349 1978 nec
1370 1951 1444 1986 pi‘um
1459 1959 1524 1987 erga
1542 1959 1668 1979 commu-

881 2005 942 2024 nem
967 1997 1088 2024 omnium
1112 1996 1259 2024 Dominum
1286 2004 1348 2024 esse
1370 1996 1473 2031 absque
1497 1997 1668 2033 philosophia

881 2051 1046 2079 quemquam
1059 2043 1188 2070 censebat
1201 2044 1267 2078 (quo
1281 2051 1394 2071 munere
1407 2044 1481 2071 solus
1494 2051 1528 2070 ex
1541 2045 1668 2071 omnibus

882 2093 961 2115 terrae
978 2088 1163 2115 animantibus
1176 2089 1258 2116 homo
1276 2089 1421 2116 decoratus
1438 2094 1495 2122 est;
1511 2089 1593 2123 idque
1613 2098 1669 2116 tne—

881 2135 935 2162 rito
947 2134 1055 2169 sapiens
1074 2142 1151 2169 aeque
1173 2139 1254 2169 atque
1275 2135 1417 2172 imperitus
1433 2135 1548 2169 quisque
1564 2135 1668 2170 ample-

883 2182 975 2214 ctitur,
990 2182 1037 2217 qui
1053 2182 1135 2208 modo
1150 2189 1261 2208 sensum
1284 2189 1392 2209 omnem
1414 2181 1597 2216 intelligentia:
1614 2189 1670 2216 pra:

881 2227 996 2263 quadam
1013 2228 1132 2254 amentia
1159 2235 1212 2254 non
1239 2226 1383 2262 omiserit).
1409 2226 1464 2255 Nec
1484 2227 1560 2262 pium
1586 2228 1669 2262 igitur

879 2271 992 2298 omnino
1012 2279 1072 2298 esse
1097 2279 1178 2306 posse
1203 2271 1369 2302 afﬁrmabat,
1392 2271 1439 2306 qui
1461 2272 1668 2307 philosophatus

879 2325 933 2344 non
945 2321 1034 2350 esset;
1050 2317 1140 2352 quoad
1161 2317 1268 2344 tandem
1287 2317 1386 2345 mullos
1400 2318 1426 2345 id
1441 2326 1527 2354 genus
1550 2326 1584 2346 ex
1607 2319 1668 2347 aliis

880 2363 948 2389 alios
961 2369 1101 2389 sermones
1114 2362 1261 2394 instillans,
1275 2370 1324 2390 nos
1337 2363 1409 2390 velut
1420 2362 1524 2391 fascino
1537 2365 1666 2399 quodam,

881 2410 986 2437 artibus
1007 2410 1064 2437 suis
1082 2410 1258 2441 Derdomitos,
1283 2410 1455 2437 sermonibus
1481 2410 1549 2444 suis,
1575 2411 1668 2438 nescio

881 2462 935 2489 quo
950 2459 1041 2489 pacto,
1057 2455 1147 2482 divina
1165 2456 1190 2482 vi
1209 2454 1327 2490 quadam
1343 2456 1536 2489 constabilivit,
1551 2460 1578 2483 et
1589 2457 1667 2491 juxta

882 2508 911 2529 se
927 2501 1080 2528 immobiles
1096 2501 1192 2529 tenuit.
1203 2501 1347 2529 Enimvero
1363 2502 1465 2529 amoris
1480 2510 1589 2537 quoque
1602 2510 1668 2530 acu-

883 2548 941 2576 leus
956 2548 1035 2576 nobis
1050 2548 1151 2577 inﬁxus
1167 2553 1219 2583 est,
1237 2557 1290 2577 non
1307 2549 1375 2576 levis
1393 2548 1439 2576 ille
1459 2554 1486 2576 et
1499 2551 1668 2586 expugnabi-

884 2661 931 2687 tim
942 2661 1016 2700 :_ubi_
1031 2660 1192 2700 Lambertus
1210 2661 1415 2700 ΒΟΞ-ξλλείπειν
1431 2663 1541 2700 statuit,
1562 2664 1668 2700 ἀρχῆς,

884 2695 1053 2733 καταδολῆς,
1076 2696 1166 2731 ὥρας,
1181 2704 1250 2733 qua:
1271 2698 1316 2724 hic
1339 2706 1449 2733 quoque
1465 2695 1588 2733 suppleri
1601 2695 1670 2733 quas;

885 2735 958 2767 sunt.
976 2731 1065 2765 Ipsum
1083 2733 1115 2758 ἐκ
1131 2731 1258 2767 πρώτης,
1273 2731 1396 2761 absolute
1406 2731 1473 2761 dixit
1489 2731 1623 2761 Macarius
1637 2736 1670 2762 de

884 2766 1012 2798 Caritate,
1024 2767 1050 2793 in
1068 2766 1197 2794 extreiito.
1211 2767 1344 2795 Cu'terum
1361 2769 1540 2797 Casaubonus
1556 2774 1583 2797 et
1597 2770 1670 2797 Rho-

885 2801 1019 2829 domauus
1037 2802 1158 2837 legebant
1173 2803 1279 2837 ὁμιλίας
1296 2810 1345 2837 pro
1362 2803 1478 2839 ἡλικίας.
1498 2805 1534 2832 ιι).
