1857 3047
211 84 277 112 Ιῦῖι

792 83 820 112 S.
841 83 1004 112 tliiECOHll
1025 81 1278 111 THAUMATURGI

1767 82 1826 110 l072

209 143 253 175 lis,
274 144 321 172 sed
340 152 401 172 acer
419 152 532 180 prorsus
553 149 579 172 et
595 144 809 177 efﬁcacissimus,
831 145 947 172 solertiae
970 152 978 171 ί

1071 144 1163 178 σμένον
1189 144 1235 171 καὶ
1254 143 1408 178 ὁμιλοῦντος
1430 142 1602 178 ἐνεφαίνετο·
1633 143 1683 169 οιέρκ
1707 143 1827 178 ὲκπεριεῖ-

209 191 395 225 benignitatis,
409 191 666 226 benevolentiaque,
680 199 740 226 quxe
759 192 785 218 in
805 191 872 226 ipsis
886 199 937 218 nos
955 191 993 218 al-

209 237 346 271 loquentis
363 241 390 264 ct
409 236 598 264 conversantis
622 237 736 264 vocibus
753 237 913 272 eﬂ'ulgebat,
939 244 992 263 non

208 283 403 310 circumvenire
423 291 474 310 nos
497 282 575 310 aliter
599 283 773 311 sermonibus
791 283 930 316 conantis;
947 283 994 310 sed

209 330 343 363 prudenti,
361 329 481 356 humana
505 329 676 364 benignaque
692 333 783 356 mente
804 337 913 356 servare
933 336 992 361 nos,

207 380 234 402 et
248 375 391 410 participes
405 381 461 403 tum
479 375 575 402 horum
590 375 768 410 philosophiae
780 374 914 402 bonorum
930 374 994 401 red-

206 422 280 454 dere,
296 425 352 447 tum
367 421 495 453 aliorum,
512 425 568 447 tum
588 428 682 448 eorum
698 420 825 452 maxime,
846 428 906 455 qua:
923 420 993 447 Deus

206 467 243 494 illi
261 474 342 501 supra
359 467 497 494 multosac
508 474 590 502 supra
610 474 705 494 omnes
727 465 842 493 fortasse
853 466 900 501 qui
922 474 994 494 nunc

206 517 269 539 sunt
291 513 428 546 homines,
449 513 493 539 uni
510 512 624 546 largitus
635 517 695 539 est:
710 512 818 547 pietatis
828 512 889 539 dico
907 511 993 547 magi-

206 564 310 592 strum,
337 566 490 585 sermonem
520 559 684 591 salutarem,
703 558 736 585 ad
761 558 863 585 multos
884 558 992 592 quidem

205 609 414 638 commeantem,
428 612 524 632 omnes
536 610 625 632 autem
643 606 669 632 in
688 613 758 640 quos
782 605 918 638 inciderit,
941 604 993 632 sibi

205 651 408 685 subjugantem.
427 650 520 685 Neque
533 651 605 678 enim
624 655 666 678 est
687 651 835 686 quidquam
857 650 929 685 quod
949 658 993 677 re-

205 697 302 724 sistere
316 697 353 723 illi
369 697 466 731 possit,
480 698 527 732 qui
540 706 586 725 rex
599 698 721 725 omnium
739 703 765 725 et
784 702 826 725 est
844 702 870 724 ct
885 698 993 723 futurus

205 748 263 776 est;
277 743 324 770 sed
340 744 490 774 occultum,
504 748 530 771 et
549 744 595 779 qui
618 752 667 771 nec
690 743 768 771 facile
785 751 835 771 nec
854 742 961 770 dilIicile
977 750 991 768 a

205 790 299 816 multis
314 790 394 825 vulgo
407 794 597 825 cognoscatur,
611 791 647 817 ita
662 795 692 817 ut
705 790 738 817 de
760 790 806 817 illo
821 789 990 824 interrogati,

205 835 346 863 manifeste
366 837 455 871 eloqui
478 837 592 870 possint.
610 836 690 864 Velut
706 843 770 871 ergo
787 836 902 863 scintilla
916 843 990 870 qua:-

203 881 265 907 dam
283 881 398 908 mediam
416 882 534 908 animam
558 886 678 909 nostram
698 881 838 913 invadens,
859 881 990 908 accende—

204 926 285 953 batur
299 931 325 953 et
340 927 570 959 inﬂannnabatur,
587 932 644 954 tum
664 935 727 962 erga
747 927 846 962 ipsum,
862 926 988 954 ineffabili

203 973 405 1007 pulchritudine
416 981 511 1001 omnes
521 974 652 1006 alliciens,
666 982 774 1001 sacrum
787 973 904 1001 Verbum
916 981 990 1000 ama-

203 1020 384 1051 bilissimum;
400 1024 456 1046 tum
468 1027 531 1054 erga
547 1019 634 1046 virum
652 1020 733 1051 hunc,
752 1019 810 1054 ejus
830 1019 946 1046 amicum
963 1022 990 1046 et

204 1068 389 1101 interpretem,
406 1073 500 1099 amor;
524 1074 579 1100 quo
595 1066 832 1093 vehementissime
851 1065 930 1096 ictus,
945 1072 989 1092 res

203 1120 299 1140 omnes
313 1121 345 1139 ac
358 1112 516 1146 disciplinas
530 1119 590 1146 quae
603 1119 753 1146 congruere
768 1111 846 1138 nobis
860 1110 989 1137 videban—

203 1163 257 1192 tur,
280 1163 335 1185 tum
356 1162 477 1188 caeteras.
497 1163 554 1184 tum
576 1158 649 1192 ipsas
664 1158 787 1193 egregias
809 1157 879 1190 leges
901 1163 987 1188 meas,

203 1210 234 1231 ut
250 1211 417 1239 spernerem,
436 1202 502 1230 mihi
521 1202 658 1237 persuasi;
675 1203 741 1237 quin
765 1205 792 1229 et
816 1202 942 1236 patriam,
962 1205 988 1227 et

203 1250 381 1285 propinquos,
397 1253 452 1275 tum
470 1253 618 1283 przesentcs
632 1248 679 1282 qui
695 1247 818 1280 aderant,
834 1252 889 1274 tum
907 1254 953 1274 eos
971 1241 987 1273 ἐι

202 1295 300 1330 quibus
327 1295 524 1326 discesseram;
555 1300 693 1328 unumque
724 1292 791 1319 mihi
817 1291 935 1327 optabile
961 1297 988 1318 et

202 1340 347 1367 amandum
362 1339 512 1372 videbatur,
535 1339 717 1374 philosophia,
733 1338 846 1373 ejusque
859 1338 987 1373 magister

201 1387 243 1413 vir
267 1386 311 1414 hic
335 1386 455 1414 divinus.
477 1385 509 1412 Et
527 1385 709 1421 ranglutinata
731 1389 769 1412 est
789 1384 879 1411 anima
900 1383 986 1410 Jona-

202 1433 252 1459 tha:
265 1433 361 1459 animm
377 1431 461 1458 David
477 1432 507 1459 ιτ.
525 1431 583 1458 lloc
595 1430 722 1467 equidem
735 1431 764 1458 in
774 1430 860 1458 sacris
876 1429 987 1457 Litteris

201 1481 293 1512 postea
306 1477 357 1512 legi
371 1486 378 1504 ε
393 1477 467 1511 prius
482 1480 574 1503 autem
595 1475 668 1503 sensi
691 1476 749 1510 ipse
771 1482 825 1501 non
847 1475 939 1502 minus
952 1474 987 1501 li-

201 1523 295 1557 quido,
313 1530 394 1557 quam
410 1522 512 1549 dictum
531 1526 582 1552 est,
596 1521 751 1549 clarissimo
762 1521 865 1549 scilicet
876 1521 989 1548 oraculo

201 1569 422 1603 praenuntiatum.
437 1568 494 1594 Non
517 1568 591 1594 enim
611 1567 770 1602 simpliciter
786 1567 988 1602 conglutinatus

200 1620 240 1641 est
257 1614 388 1642 Jonathas
410 1614 515 1641 David:
534 1614 581 1641 sed
602 1613 654 1640 illae
675 1613 740 1648 ipsa:
756 1621 818 1647 quae
838 1613 987 1648 principem

201 1662 288 1689 lucum
305 1666 409 1693 tenent,
432 1662 548 1694 animae;
565 1669 626 1696 quae
648 1669 699 1688 nec
719 1660 849 1696 sejunctis
872 1661 907 1689 iis
927 1669 989 1696 quae

200 1712 330 1742 apparent
344 1713 370 1735 ct
390 1708 596 1742 conspiciuntur
609 1708 635 1735 in
656 1707 776 1740 homine,
801 1708 921 1742 separari
945 1715 987 1736 ta-

200 1761 260 1780 men
278 1754 342 1789 ipsa:
355 1755 380 1780 vi
393 1753 449 1781 ulla
463 1758 606 1789 cogantur,
620 1753 710 1780 invitae
724 1758 796 1781 certe
807 1753 881 1782 nullo
895 1755 985 1782 modo.

200 1800 296 1828 Libera
322 1800 457 1835 siquidem
484 1807 528 1827 res
550 1803 594 1827 est
615 1799 717 1832 anima,
740 1804 768 1826 et
787 1807 848 1834 qua:
866 1800 986 1828 coerceri

200 1847 274 1874 nulla
290 1847 396 1874 ratione
407 1846 506 1881 possit,
520 1853 554 1872 ne
567 1845 589 1872 si
604 1846 630 1872 in
648 1846 777 1880 penetrali
787 1846 895 1881 quidem
907 1846 986 1874 abdi-

199 1897 254 1920 tam
279 1892 425 1920 custodias.
449 1891 555 1919 Etenim
578 1891 615 1918 ibi
637 1899 697 1919 esse
717 1893 803 1927 prima
824 1893 930 1920 ratione
954 1900 986 1921 ac

200 1944 297 1965 natura
315 1945 364 1965 sua
380 1937 532 1970 consuevit,
547 1937 593 1964 ubi
607 1945 684 1965 mens
700 1937 801 1965 fuerit:
819 1939 892 1973 quod
913 1939 935 1966 si
958 1939 985 1966 in

198 1984 336 2018 ergastqu
352 1983 399 2011 tibi
423 1991 483 2011 esse
504 1983 637 2016 videatur,
661 1984 778 2012 secunda
799 1985 916 2020 quadam
939 1993 984 2012 ra-

200 2030 274 2058 tione
287 2030 341 2057 illic
353 2038 367 2057 a
380 2034 406 2057 te
417 2029 538 2064 ﬁngitur,
551 2029 682 2064 nulloque
698 2030 780 2058 modo
794 2036 934 2065 propterea
947 2031 984 2059 ibi

198 2083 259 2103 esse
272 2076 442 2111 prohibetur,
457 2075 502 2102 ubi
521 2083 581 2102 esse
599 2075 731 2108 voluerit;
743 2077 809 2111 quin
822 2077 877 2104 illic
894 2078 982 2105 solum

198 2129 313 2157 prorsus
324 2129 384 2149 csse
397 2125 502 2157 potest,
510 2125 536 2148 et
548 2121 610 2155 jure
623 2121 751 2156 creditur,
768 2122 814 2149 ubi
830 2122 983 2158 quibusque

1046 200 1090 218 ναι
1106 191 1161 226 (81)
1184 191 1257 226 ἡμᾶς
1276 189 1363 221 ἄλλως
1386 188 1474 223 λόγοις
1494 189 1670 225 πειρωμένου
1683 207 1691 220 ,
1711 188 1783 224 δεξιᾷ

1045 237 1092 264 καὶ
1114 235 1294 272 φιλανθρώπῳ
1316 235 1363 261 καὶ
1379 235 1549 270 χρηστοτάτη
1566 234 1665 271 γνώμῃ
1691 234 1786 267 σώζειν
1803 244 1826 262 τε

1045 284 1091 310 καὶ
1106 283 1248 314 κοινωνοὺς
1263 282 1318 308 τῶν
1338 291 1367 308 τε
1391 282 1423 308 ὲκ
1444 280 1603 315 φιλοσοφίας
1624 280 1738 315 ἀγαθῶν
1752 289 1825 306 κατα-

1045 328 1213 362 στήσασθαι,
1228 327 1275 354 καὶ
1297 326 1351 353 τῶν
1372 326 1457 353 ἄλλων
1479 326 1618 362 μάλιστα,
1633 327 1687 353 ὅσα
1709 326 1741 352 τὸ
1761 326 1825 353 Θεῐον

1044 373 1120 409 παρὰ
1139 374 1202 404 τοὺς
1218 372 1331 403 πολλοὺς
1347 371 1363 407 ἢ
1379 372 1403 397 εἰ
1418 372 1463 398 καὶ
1478 371 1533 407 (8‘2)
1548 372 1626 408 παρὰ
1644 372 1753 404 πάντας
1773 372 1825 404 ἴσως

1043 421 1106 452 τοὺς
1120 420 1168 447 νῦν
1181 419 1338 457 ἀνθρώπους
1349 439 1356 451 ,
1368 419 1443 454 αὐτῷ
1456 420 1529 455 μόνῳ
1543 420 1706 455 ἐδωρήσατο
1718 428 1724 434 ·
1741 420 1784 446 τίον
1794 420 1824 446 δι-

1043 466 1175 493 δάσκαλον
1192 466 1345 497 εὐσεϐείας,
1355 465 1401 491 τὸν
1419 466 1550 500 σωτήριον
1562 465 1653 499 λόγον,
1666 465 1775 497 πολλοῖς

1044 512 1224 547 ἐπιφοιτῶντα
1235 532 1242 544 ,
1257 513 1305 539 καὶ
1328 512 1429 543 πάντας
1451 512 1690 546 κατεργαζόμενον
1706 512 1780 544 ὅσοις
1801 512 1825 538 ἂν

1044 559 1185 595 προστύχῃ
1215 559 1262 594 (οὐ
1286 560 1340 595 γάρ
1365 561 1437 587 ἐστιν
1470 560 1484 586 ὃ
1504 567 1530 584 τι
1563 558 1638 593 αὐτῷ
1659 558 1823 594 ἐνστήσεται,

1044 605 1152 632 πάντων
1166 604 1213 631 καὶ
1227 604 1283 631 δντι
1299 606 1346 632 καὶ
1361 606 1481 640 ἐσομένῳ
1496 604 1623 640 βασιλεῖ)·
1644 604 1825 639 κρυπτόμενον

1042 651 1081 683 δὲ,
1097 652 1142 678 καὶ
1153 651 1184 678 οὺ
1198 651 1397 687 γινωσκόμενον
1409 651 1471 678 οὔτε
1491 650 1590 686 ῥᾳδίως
1603 649 1668 676 οὔτε
1679 650 1730 676 καὶ
1742 650 1823 684 euq;-

1045 696 1098 732 ρῶς
1112 698 1168 728 τοῖς
1183 696 1288 728 πολλοῖς
1297 716 1304 728 ,
1325 696 1363 728 ὡς
1375 695 1558 732 ὲρωτηθέντας
1580 695 1657 730 ἔχειν
1675 696 1742 731 περὶ
1756 696 1823 722 αὑτοῦ

1034 742 1128 778 εσαφὶς
1150 745 1247 770 εἰπεῖν.
1268 740 1329 775 οἶος
1345 741 1392 770 οὖν
1405 751 1447 774 τις
1465 742 1581 778 σπινθὴρ
1605 743 1751 778 ἐνσκήψας
1769 743 1824 778 μὲςη

1042 791 1075 825 τῇ
1088 789 1159 824 ψυχῇ
1175 789 1263 824 ἡμῶν,
1279 789 1413 824 ἁνήπτετό
1427 796 1456 814 τε
1471 788 1516 814 καὶ
1530 787 1686 819 ἐξεκαίετο,
1697 789 1712 814 ὃ
1728 797 1758 814 τε

1043 835 1087 861 τὸν
1103 835 1230 861 ἁπάντων
1254 835 1305 861 ὑπὸ
1329 834 1442 866 κάλλους
1466 834 1584 869 ἀρρήτου
1609 834 1824 860 ἐπακτικώτατα

1042 881 1123 907 αὑτὸν
1138 880 1222 915 Λόγον
1234 880 1278 907 τὸν
1295 881 1366 916 ἱερὸν
1382 881 1426 908 τὸν
1443 880 1665 917 ἐρασμιώτατον,
1676 881 1728 907 καὶ
1741 882 1756 907 ὁ
1771 881 1824 915 πρὸς

1042 927 1087 953 τὸν
1108 926 1191 961 ἄνδρα
1213 926 1302 958 τόνδε,
1326 926 1371 953 τὸν
1401 927 1482 953 αὑτοῦ
1508 927 1585 962 φίλον
1606 927 1657 954 καὶ
1682 928 1824 963 προήγερεν

1041 973 1126 1008 ἔρως·
1143 970 1165 1007 ᾧ
1181 972 1295 1009 μάλιστα
1307 973 1476 1009 τετρωμένος
1487 993 1494 1006 ,
1507 974 1638 1000 ἁπάντων
1655 973 1716 1000 τῶν
1729 973 1823 999 δοκούν-

1040 1027 1094 1046 των
1110 1020 1176 1055 ἡμῖν
1189 1020 1337 1056 προσήκειν
1351 1021 1521 1056 πραγμάτων
1533 1020 1550 1055 ἢ
1568 1019 1748 1055 μαθημάτων
1759 1040 1766 1051 ,
1781 1019 1823 1045 τιέιν

1040 1074 1070 1092 τε
1086 1066 1173 1093 ἄλλων
1189 1067 1234 1093 καὶ
1251 1066 1338 1093 αὐτῶν
1352 1066 1405 1093 τῶν
1421 1066 1510 1093 καλῶν
1528 1075 1579 1102 μου
1599 1067 1706 1102 νόμων,
1724 1066 1823 1102 ἀμελεῖν

1041 1112 1188 1147 ἐπειθόμην
1200 1121 1206 1127 ·
1224 1112 1351 1147 πατρίδος
1364 1120 1394 1138 τε
1407 1113 1453 1139 καὶ
1466 1113 1583 1145 οἰκείων,
1609 1112 1669 1139 τῶν
1685 1121 1717 1139 τε
1734 1113 1823 1147 παρόν

1039 1165 1093 1184 των
1117 1157 1250 1189 ἐνταῦθα,
1276 1158 1322 1184 καὶ
1343 1156 1384 1190 οἷς
1408 1158 1625 1194 ἀπεδημήσαμεν
1641 1167 1649 1174 ’
1684 1158 1716 1185 ἓν
1738 1158 1766 1185 δέ
1787 1167 1824 1193 μοι

1041 1203 1116 1238 φίλον
1128 1201 1162 1239 ἦν
1175 1203 1221 1230 καὶ
1236 1203 1426 1239 ἀγαπώμενον,
1439 1204 1581 1239 φιλοσοφία
1595 1212 1624 1230 τε
1639 1204 1691 1230 καὶ
1705 1205 1720 1230 ὁ
1735 1204 1823 1238 ταῦτιῖς

1040 1248 1204 1285 καθηγεμὼν
1220 1246 1296 1281 οὗτος
1311 1250 1325 1276 ό
1340 1249 1409 1281 θεῖος
1432 1249 1584 1285 ἄνθρωπος.
1607 1250 1666 1277 Καὶ
1682 1249 1823 1283 συνεόἐθη

1039 1295 1059 1328 ἡ
1073 1294 1158 1329 ψυχὴ
1171 1294 1311 1322 Ἰωνάθαν
1327 1295 1425 1322 Δαϐίδ.
1447 1295 1534 1322 Τοῦτο
1549 1295 1674 1330 ἀνέγνων
1691 1296 1744 1332 μὲν
1759 1295 1824 1322 ὓστε-

1041 1347 1086 1375 ρον
1108 1339 1136 1365 ὲν
1153 1341 1207 1371 τοῖς
1232 1340 1313 1375 ἱεροῖς
1335 1340 1513 1375 Γράμμασινο
1532 1339 1635 1367 ἔπαθον
1653 1340 1684 1366 δὲ
1703 1340 1824 1376 πρότερον

1040 1387 1088 1421 οὐχ
1097 1384 1177 1422 ἧττον
1185 1386 1345 1422 ὲναργῶς,ἦ
1362 1386 1480 1422 εἴρηται,
1498 1386 1619 1421 καίτοιγε
1642 1387 1824 1423 ἐναργέστατα

1040 1433 1312 1469 κεχρησμῳδημένον.
1324 1433 1362 1460 Οὐ
1373 1433 1428 1470 γὰρ
1444 1433 1569 1469 συνεδέθη
1582 1434 1684 1466 ἁπλῶς
1707 1434 1824 1461 Ἰωνάθαν

1039 1479 1137 1513 Δαὸὶδ,
1161 1479 1230 1506 αὐτὰ
1245 1479 1273 1506 δὲ
1289 1479 1324 1506 τὰ
1348 1479 1503 1515 κυριώτατα
1515 1499 1523 1511 ,
1537 1479 1610 1515 ψυχὴ
1620 1499 1628 1511 ,
1647 1479 1731 1506 ταῦθ’
1746 1480 1825 1514 imp.

1040 1525 1098 1552 οὐδὲ
1115 1526 1301 1561 χωρισθέντων
1325 1526 1380 1552 τῶν
1396 1527 1563 1561 φαινομένων
1580 1526 1628 1552 καὶ
1655 1526 1825 1562 βλεπομένων

1039 1571 1189 1608 ἀνθρώπῳ,
1212 1571 1378 1607 χωρισθῆναι
1394 1572 1442 1598 καὶ
1458 1572 1527 1598 αὐτὰ
1543 1573 1654 1608 μηχανῇ
1672 1581 1732 1599 τινι
1754 1580 1827 1599 κατα-

1037 1617 1273 1653 ναγκασθήσεται,
1300 1617 1400 1644 ἄκοντα
1427 1618 1477 1653 μὲν
1502 1618 1640 1652 οὐδαμῶς.
1670 1618 1759 1654 Ψυχὴ
1783 1619 1825 1653 γὰρ

1037 1663 1176 1699 ἐλεύθερον
1202 1663 1249 1690 καὶ
1277 1664 1327 1690 οὐκ
1350 1663 1574 1698 ὲγκατάκλειστον
1600 1664 1694 1690 οὐδενὶ
1723 1665 1826 1700 τρόπῳ,

1036 1709 1090 1736 οὐδ’
1102 1709 1135 1736 ἃν
1154 1710 1182 1736 ὲν
1201 1710 1315 1745 οἰκίσκῳ
1332 1708 1484 1745 ’καθείρξας
1500 1711 1597 1745 τηρῇς.
1621 1710 1680 1736 Καὶ
1694 1710 1756 1746 γὰρ
1768 1708 1826 1736 εἶναι

1037 1755 1141 1790 πέφυκε
1154 1756 1199 1782 τόν
1215 1765 1246 1790 γε
1261 1755 1367 1792 πρῶτον
1382 1755 1470 1790 λόγον,
1487 1753 1574 1791 οὗπερ
1590 1755 1624 1782 ἂν
1636 1757 1651 1782 ὁ
1668 1757 1738 1788 νοῦς
1809 1757 1827 1781 εἰ

1036 1801 1064 1828 δὲ
1079 1803 1125 1828 καὶ
1140 1803 1168 1829 ὲν
1179 1801 1217 1837 τῷ
1231 1803 1344 1838 οἰκίσκῳ
1359 1810 1401 1828 σοι
1418 1799 1486 1828 εἶναι
1501 1802 1589 1834 δοκεῖ,
1609 1802 1685 1829 κατὰ
1707 1802 1827 1837 δεύτερὼ

1036 1855 1096 1873 τινα
1118 1847 1194 1881 λόγον
1211 1846 1329 1873 ἐνταῦθά
1348 1855 1388 1873 σοι
1405 1846 1585 1881 φαντάζεται”
1605 1848 1745 1883 οὐδαμῶς
1767 1846 1827 1874 εἶναι

1036 1893 1093 1919 ἐκεῖ
1103 1893 1147 1920 διὰ
1158 1893 1236 1919 τοῦτο
1249 1893 1437 1929 κεκωλυμένη,
1454 1890 1538 1929 οὗπερ
1550 1893 1583 1920 ἂν
1598 1891 1669 1920 εἶναι
1690 1893 1809 1929 βουληθῇ
1820 1902 1825 1907 ’

1037 1938 1135 1974 μᾶλλον
1155 1939 1183 1965 δὲ
1198 1939 1284 1974 πάντη
1300 1939 1408 1970 πάντως
1427 1940 1484 1965 ἐκεῖ
1502 1939 1580 1974 μόνον
1597 1936 1669 1965 εἶναι
1687 1940 1742 1966 καὶ
1759 1940 1827 1965 δυνα-

1035 1985 1104 2021 μένη
1119 1984 1166 2012 καὶ
1179 1985 1353 2012 πιστευθεῖσα
1361 1984 1394 2012 ἂν
1405 1985 1516 2017 εἰκότως
1525 2004 1534 2017 ,
1549 1982 1637 2020 οὗπερ
1653 1985 1690 2012 ἂν
1703 1986 1755 2012 καὶ
1769 1986 1827 2020 πρὸς

1033 2030 1049 2057 ὃ
1059 2030 1092 2058 ἂν
1108 2030 1141 2058 τὰ
1154 2030 1237 2067 μόνης
1251 2031 1336 2066 αὐτῆς
1351 2031 1403 2058 ἴδια
1419 2031 1478 2058 κατ’
1492 2030 1576 2066 αὐτὴν
1592 2030 1664 2066 ἔργα
1729 2030 1826 2058 Οὐκοῦν

1034 2077 1263 2112 περιφανέστατον
1278 2077 1350 2103 τοῦδ’
1366 2078 1435 2112 ὅπερ
1453 2076 1552 2103 ἔπαθον
1576 2076 1774 2112 βραχυτάταις

1035 2121 1106 2154 ξεσιν
1122 2121 1254 2158 ἐδήλωσε,
1273 2123 1322 2158 τὴν
1338 2122 1426 2158 ψυχὴν
1449 2122 1577 2149 Ἰωνάθαν
1602 2122 1786 2150 συνδεδέσθαι
1801 2124 1826 2155 τῇ

199 2168 226 2195 in
247 2168 328 2194 rebus
341 2167 451 2202 propria
463 2166 522 2201 ejus
535 2167 616 2194 unius
628 2175 710 2202 opera
721 2173 880 2196 cernuntur.
893 2168 978 2202 Quare

1071 2170 1103 2204 χῇ
1126 2168 1222 2195 Δαϐίὸ·
1240 2169 1315 2195 ταῦθ’
1332 2169 1404 2205 ἅπερ
1426 2168 1526 2195 ἄκοντα
1543 2168 1593 2203 μὲν
1618 2168 1774 2205 οὐδαμῶς.
1795 2168 1826 2197 ὡς

198 2213 349 2240 clarissime
364 2213 415 2239 hoc
430 2212 517 2246 ipsum
531 2213 602 2246 quod
619 2213 684 2240 mihi
708 2213 830 2248 contigit,
853 2214 983 2249 paucissi—

199 2258 250 2284 mis
262 2257 351 2284 verbis
369 2257 526 2288 declaravit,
537 2257 655 2284 animam
672 2257 794 2286 Jonath
814 2259 983 2294 conglutina--

198 2309 253 2330 tam
270 2304 355 2331 fuisse
372 2303 469 2330 animae
490 2303 588 2337 David;
602 2305 669 2338 haec,
686 2305 807 2340 inquam,
823 2314 883 2340 quze
898 2306 982 2333 invita

197 2349 307 2383 quidem
325 2349 399 2375 nullo
417 2349 498 2375 modo
520 2349 624 2384 scjungi
650 2354 768 2385 queant,
794 2357 889 2386 sponte
906 2360 980 2385 vero,

198 2401 252 2420 non
275 2394 354 2421 facile
375 2395 567 2422 assentiuntur.
594 2395 654 2423 Non
681 2398 752 2424 enim
780 2398 806 2424 in
830 2398 980 2430 deteriore,

198 2440 306 2474 Opinor,
330 2440 377 2474 qui
397 2441 520 2470 moribus
540 2442 631 2470 rarius
642 2447 712 2474 erat,
724 2448 751 2470 et
767 2444 799 2470 ad
821 2445 980 2471 mutandum

198 2486 355 2521 proclivior,
367 2494 507 2514 sacrorum
526 2489 628 2516 amoris
645 2489 727 2524 hujus
745 2490 916 2517 vinculorum
937 2498 982 2518 so—

197 2531 309 2558 lutionis
332 2537 465 2566 potestas;
490 2534 517 2560 in
543 2542 598 2568 quo
621 2534 680 2562 solo
702 2543 753 2563 nec
777 2537 920 2571 colligendi
941 2539 980 2565 vis

197 2577 275 2604 initio
294 2577 398 2606 fuerat:
417 2579 464 2606 sed
481 2581 507 2607 in
526 2581 649 2614 meliore,
666 2583 712 2617 qui
729 2587 859 2611 constans
874 2589 932 2610 erat
949 2592 981 2612 ac

232 2633 253 2649 "
275 2633 364 2670 lReg.
380 2643 462 2668 xvnr,
480 2637 505 2662 l.

233 2689 417 2733 ς81)¹θύτιιῖς.
424 2710 443 2718 ,.
453 2692 641 2733 ἐκφερίεῖναι.
652 2694 728 2733 Saepe
742 2696 832 2733 αιξτός,
844 2697 894 2723 hoc
902 2705 978 2731 casu,

196 2726 338 2766 subaudita
352 2726 400 2767 σύν
416 2729 608 2761 ργωροέῡῑὶοιιε
625 2726 744 2767 ponitur.
760 2726 837 2763 Quod
851 2733 894 2759 hic
909 2726 979 2767 quo:

196 2762 348 2798 quiamagis
361 2762 549 2798 plaeehquam
564 2762 666 2798 φωναῖς
675 2773 736 2791 cum
753 2762 907 2798 ἐνεφαίνετο
915 2762 980 2795 con-

197 2795 275 2823 strui.
285 2795 345 2824 Mox
358 2795 747 2836 ιίιιυαοιιίιιιιυς,ἐκπεριιέναι.
763 2795 815 2829 Sed
829 2800 907 2837 εἶναι,
916 2811 978 2831 ουιη

1034 2213 1112 2250 ἔφην,
1125 2215 1287 2250 χωρισθῆναι
1299 2215 1518 2250 ἐκνικηθήσεται,
1528 2216 1628 2242 ἑκόντα
1639 2216 1669 2242 δὲ
1683 2217 1720 2242 οὐ
1736 2215 1825 2251 ῥαδίως

1035 2261 1152 2297 θελήσει.
1166 2262 1204 2288 Οὐ
1219 2261 1272 2297 γὰρ
1293 2262 1340 2288 ἐπὶ
1359 2261 1398 2296 τῷ
1414 2261 1531 2297 χείρονι,
1549 2260 1645 2297 οἶμαι,
1669 2263 1738 2289 δντι
1754 2261 1825 2288 πολυ-

1034 2308 1126 2344 τρόπῳ
1142 2309 1189 2335 καὶ
1205 2308 1378 2344 εὐκολωτέρῳ
1395 2307 1641 2343 μεταϐουλεύεσθαι
1657 2309 1675 2344 ἡ
1700 2309 1754 2344 τῆς
1771 2310 1825 2335 ἁνα-

1034 2353 1136 2386 λύσεως
1147 2355 1200 2381 τῶν
1214 2353 1293 2389 ἱερῶν
1307 2353 1360 2380 τῶν
1370 2354 1465 2388 φιλίων
1475 2353 1577 2380 τούτων
1584 2354 1702 2390 δεσμῶν
1712 2355 1824 2386 sised;

1034 2401 1076 2434 ἐῳ*
1096 2397 1172 2435 ᾧπερ
1187 2400 1249 2426 οὐδὲ
1263 2401 1293 2427 τὸ
1309 2399 1509 2435 καταδήσασθαι
1531 2400 1646 2434 ἐγένετο
1671 2401 1728 2436 τὴν
1746 2400 1826 2435 ἀρχὴν

1035 2446 1122 2482 μόνῳ·
1139 2446 1195 2473 ἁλλ’
1212 2447 1258 2473 ἐπὶ
1273 2446 1311 2482 τῷ
1332 2447 1465 2482 κρείττονι
1487 2446 1543 2472 ὕντι
1569 2445 1700 2481 μονίμῳ,
1719 2447 1768 2473 καὶ
1783 2447 1823 2472 οὐκ

1033 2493 1173 2528 εὐσείστῳ,
1185 2493 1227 2528 ἐφ’
1243 2489 1318 2528 ᾧπερ
1330 2493 1376 2519 καὶ
1392 2492 1614 2528 κατεργάσασθαι
1628 2494 1700 2526 τοὺς
1717 2493 1823 2528 65:11.05;

1033 2539 1080 2566 καὶ
1093 2539 1123 2565 τὸ
1146 2539 1217 2575 ἱερὸν
1236 2539 1315 2566 τοῦτο
1330 2539 1409 2574 ἅμμα
1436 2538 1534 2574 μᾶλλον
1550 2536 1594 2574 ἦν.
1612 2539 1756 2574 Συνεδέθη
1768 2539 1835 2573 τώγ’

1034 2586 1081 2612 καὶ
1095 2585 1146 2612 ὑπὸ
1158 2585 1205 2612 τοῦ
1225 2585 1297 2612 θείου
1311 2585 1390 2620 λόγου
1406 2585 1455 2620 οὐχ
1471 2585 1487 2620 ὴ
1500 2584 1575 2620 ψυχὴ
1598 2585 1688 2612 Δαόὶδ
1705 2588 1742 2622 τῇ
1761 2585 1821 2620 ψυχῇ

1033 2699 1209 2733 compositis,
1225 2699 1353 2734 frequens
1371 2707 1421 2734 pro
1438 2699 1515 2725 ἰέναι.
1537 2698 1584 2727 Sic
1605 2699 1682 2728 infra
1707 2701 1822 2728 invenias

1034 2735 1161 2766 συνεῖναι,
1175 2735 1294 2766 ἀπεῖναι,
1311 2735 1460 2770 προσεῖναι.
1474 2734 1598 2770 Βεῑΐϐεῐ..

1071 2769 1125 2804 (82)
1144 2770 1177 2797 Ἢ
1191 2771 1216 2796 ει
1230 2770 1289 2797 καί.
1314 2769 1350 2795 Τὸ
1369 2771 1393 2795 εἰ
1412 2769 1505 2796 inutile
1523 2777 1555 2796 ac
1570 2770 1727 2799 delendum
1745 2779 1752 2798 :
1777 2769 1821 2799 u'LQ'

1032 2805 1178 2839 peculiaris
1193 2805 1283 2840 aliqua
1295 2805 1396 2833 locutio
1408 2804 1543 2841 Gregorii.
1558 2804 1684 2833 Cssaun.
