1857 3047
40 109 98 137 1075

515 108 548 135 ΙΝ
572 107 749 136 οιιιοΕΝΕΜ
770 108 898 137 ORATIO
919 109 1144 138 PANEGYRICA.

1575 108 1640 135 1074

44 165 165 193 Ἶωνάθαν·
187 164 303 200 ἔμπαλιν
322 165 350 191 δὲ
369 166 385 200 ἡ
410 165 457 191 τοῦ
478 166 599 202 χείρονος
613 167 686 202 ψυχὴ
708 167 803 194 τούτου

893 168 969 194 ‘nime
991 169 1147 201 mutabilis;
1171 176 1219 203 per
1242 175 1321 202 quem
1338 171 1365 194 et
1385 166 1490 193 vincula
1511 173 1641 200 sacerque

38 210 143 238 παθοῦσα
157 209 316 244 συνδεομένη
330 210 439 244 λέγεται
455 212 488 245 τῇ
504 210 576 246 ψυχῇ
593 211 682 238 Δαϐίδ.
700 212 737 238 Οὺ
750 212 803 248 γὰρ

38 257 64 282 ἰδ
77 256 203 291 κρεῖττον,
225 254 360 290 αὔταρκες
373 255 401 282 ὃν
411 276 418 288 ,
434 255 519 282 ’ἐλοιτο
537 256 569 283 ἂν
585 256 624 292 τῷ
641 257 722 283 αὑτοῦ
740 266 802 284 συν-

37 300 141 328 δεδέσθαι
156 300 255 336 χείρονι
265 309 272 316 σ
286 300 353 326 ἀλλὰ
364 301 394 326 τὸ
405 302 495 336 χεῖρον
508 303 668 337 ἐπικουρίας
679 302 804 337 δεόμενον

36 349 79 383 τῆς
90 347 156 382 παρὰ
166 346 212 372 τοῦ
228 346 358 381 βελτίονος
366 365 373 376 ,
389 347 514 374 ουνδεθὲν
525 347 563 382 τῷ
575 349 708 383 κρείττονι
725 358 805 384 προσ-

35 392 154 428 ηρτῆσθαι
166 393 249 428 ἐχρῆν
259 401 265 407 ·
284 393 327 418 ἵνα
344 393 374 418 τὸ
391 393 454 427 μὲν,
471 393 550 428 μένον
566 394 608 427 ἐφ’
623 394 718 420 ἑαυτοῦ
728 416 734 427 ,
754 404 805 431 μη-

35 439 117 473 δεμίας
132 437 252 473 ἀπολάϐῃ
270 437 372 473 βλάϐης
386 439 418 464 ὲκ
438 438 489 472 τῆς
505 437 573 473 πρὸς
591 438 621 464 τὺ
642 440 732 474 χεῖρον
752 448 806 466 κοι-

35 485 136 516 νωνίας·
162 484 192 510 τὸ
214 484 236 510 δ’
258 484 374 511 ἄτακτον
401 483 430 516 ἐξ
454 484 535 510 αὑτοῦ
549 505 556 517 ,
580 485 726 512 καταδεθὲν
758 487 806 512 καὶ

35 528 204 564 αυναρμοσθὲν
214 528 254 563 τῷ
265 529 408 564 κρείττονι.
425 529 507 564 μηδὲν
523 529 626 564 βλάψαν
643 532 703 562 ταῖς
722 531 805 565 ἀνάγ-

34 583 87 606 καις
101 574 150 600 τῶν
161 574 268 609 δεσμῶν
289 574 357 609 πρὸς
368 575 399 602 τὸ
410 576 532 610 κρεῖττον
544 576 686 611 ὲκνικηθῇ.
699 577 743 603 Διὸ
761 578 806 603 καὶ

34 618 238 653 κατεργάζεσθαι
255 619 303 654 μὲν
318 619 381 650 τοὺς
403 618 518 654 δεσμοὺς
543 620 590 646 τοῦ
612 620 786 655 διαφέροντος
798 641 806 652 ,

33 664 83 691 ἀλλ’
98 664 126 691 οὐ
140 663 187 690 τοῦ
204 665 315 698 ἥττονος
330 662 378 699 ἦν·
399 665 550 691 συνδεῖσθαι
564 665 592 692 δὲ
606 666 652 692 τοῦ
669 666 789 701 χείρονος
799 687 806 699 ,

33 711 65 741 ὼς
76 710 132 746 μηδ’
143 709 268 742 ἐξουσίαν
283 710 354 745 ἔχειν
368 720 425 742 πως
435 711 615 739 ἀπολελύσθαι
627 713 681 739 τῶν
690 713 806 748 δεσμῶν.

34 755 164 787 Τοιαύταις
179 756 249 782 τισιν
265 756 396 789 ἀνάγκαις
409 756 491 782 Δα6¹ιδ
505 754 580 788 οὗτος
595 757 808 793 συσφιγξάμενος

32 800 97 834 ἡμᾶς
111 800 177 835 ἔχει,
195 800 242 826 νῦν
258 809 287 826 τε
303 801 350 828 καὶ
366 801 394 834 ἐξ
410 802 586 834 ὲκείνου,οὺδ“
597 804 621 828 εί
635 803 806 838 βουλοίμεθα,

858 213 901 239 hic
915 220 1000 240 nexus
1015 213 1113 240 confici
1124 213 1300 248 copularique
1323 212 1423 238 rectius
1437 215 1552 245 poterat.
1568 210 1639 238 Con-

856 258 990 292 glutinata
1008 263 1050 286 est
1073 259 1156 293 igitur
1175 267 1190 285 a
1217 258 1309 285 divino
1334 265 1458 285 sermone
1480 265 1532 283 non
1549 258 1639 283 anima

859 304 940 331 David
957 304 1054 331 anima:
1069 304 1211 337 Jonatlm;
1233 304 1278 331 sed
1292 308 1397 334 contra,
1421 303 1562 329 deterioris
1578 303 1639 329 ani-

855 356 900 375 ma
920 349 961 376 sic
978 348 1084 379 aﬂecta,
1103 348 1287 384 conglutinata
1310 348 1409 375 dicitur
1428 347 1524 374 anima:
1545 346 1638 377 David,

855 393 910 421 Nec
922 394 995 421 enim
1012 402 1075 429 pars
1087 396 1185 428 potior,
1198 403 1259 421 cum
1275 394 1325 421 sibi
1340 401 1387 428 per
1400 401 1428 420 se
1442 394 1498 428 ipsa
1514 393 1639 423 sulliciat,

856 439 984 467 deteriori
997 447 1027 466 se
1038 440 1199 475 agglutinari
1212 444 1336 474 cuperet;
1350 439 1395 466 sed
1407 439 1565 465 deteriorem
1579 445 1640 472 quae

857 493 908 519 ope
923 485 1023 520 indiget
1044 485 1174 517 melioris,
1199 494 1213 512 τι
1238 486 1341 520 potiore
1363 484 1572 518 conglutinatam
1593 483 1640 509 tie.-

860 530 976 564 penderc
991 531 1126 564 oportuit:
1138 535 1166 558 ut
1180 531 1236 557 haec
1247 530 1355 565 quidem
1369 529 1396 556 in
1408 537 1437 556 se
1448 529 1505 563 ipsa
1516 537 1637 560 manens,

856 577 990 603 damnum
1008 577 1113 604 nullum
1134 585 1166 604 ex
1191 576 1334 604 deterioris
1355 576 1545 603 communione
1560 583 1639 610 cape-

857 627 913 648 ret:
933 629 994 656 qua:
1011 627 1100 649 autem
1115 631 1148 649 ex
1163 630 1192 649 se
1204 622 1382 656 incomposita
1396 626 1464 651 erat.
1476 621 1599 654 colligata
1613 625 1639 647 et

858 667 1004 702 conjuncta
1018 675 1078 695 cum
1101 660 1216 702 potiore,
1230 667 1296 694 nihil
1315 667 1374 701 ipsa
1396 666 1525 697 otliciens,
1545 666 1640 692 vincu-

858 711 945 739 lorum
962 719 1022 738 eum
1036 719 1068 739 ea
1086 720 1156 739 nexu
1167 717 1194 738 ct
1211 712 1371 739 necessitate
1383 711 1543 738 vinceretur.
1563 709 1639 736 Unde

859 757 966 784 vincula
982 757 1093 790 inferre,
1112 757 1307 794 praestantioris
1319 761 1388 790 erat,
1409 763 1463 783 non
1488 756 1637 787 inferioris;

860 801 1023 836 agglutinari
1038 807 1140 835 autem,
1156 799 1315 834 deterioris;
1332 802 1368 829 ita
1383 801 1504 836 quidem,
1527 806 1556 827 ut
1570 801 1638 835 vin-

31 845 77 871 τῶν
91 845 195 880 δεσμῶν
212 846 294 872 αὑτοῦ
316 846 441 873 λελύσθαι
458 847 632 882 δυναμένους.
654 848 691 874 Οὐ
707 848 804 879 τοίνυν1

895 849 928 875 lis
951 848 1077 883 expedire
1101 856 1130 876 se
1152 848 1352 882 quodammodo
1373 855 1428 875 non
1453 851 1555 882 posset.
1581 846 1639 873 Tali

31 890 72 915 καὶ
86 890 109 915 εἰ
119 890 356 925 ἀποδημήσαιμεν,
372 891 467 926 ἀνήσει
479 891 526 922 τὰς
539 891 626 926 ψυχὰς
640 891 728 928 ἡμῶν,
737 894 804 920 κατὰ

29 935 55 961 τὸ
66 935 133 962 θεῖον
148 936 265 972 γράμμα
281 936 350 972 ἔχων
366 936 437 963 οὕτω
455 937 654 972 συνδεδεμένας.

858 894 976 929 quodam
992 894 1162 922 necessitatis
1175 903 1244 921 nexu
1257 894 1340 922 David
1357 894 1401 921 hic
1414 902 1464 920 nos
1476 893 1639 928 astringens,

857 946 890 966 ex
909 947 942 966 eo
964 944 1084 975 tempore
1103 945 1195 975 captos
1218 945 1300 972 tenet,
1323 947 1372 967 nec
1395 940 1419 967 si
1439 939 1563 971 velimus,
1580 939 1639 973 ejus

27 982 134 1009 vinculis
154 982 274 1010 eximere
293 991 343 1011 nos
358 984 488 1011 valentes.
504 983 558 1012 Nec
568 983 653 1019 igitur
672 985 694 1013 si
707 986 847 1018 abeamus,
861 987 994 1014 relaxabit
1006 988 1239 1017 auimasnostras.
1252 988 1418 1023 quas,juxta
1435 987 1553 1015 divinam
1567 986 1640 1014 Scri-

26 1033 135 1063 pturam,
149 1030 348 1064 conglutinatas
365 1031 405 1058 sic
416 1035 496 1058 tenet.

55 1076 89 1102 Z'.
109 1076 183 1112 Πλὴν
199 1076 285 1109 οὕτως
301 1078 373 1112 ἡμᾶς
395 1078 424 1111 ἐξ
441 1079 527 1114 ἀρχῆς
545 1079 611 1105 ἐλὼν
623 1100 631 1112 ,
647 1079 695 1111 καὶ
718 1079 806 1107 πάντα

23 1121 116 1155 τρόπον
131 1122 317 1157 ἐκπεριελθὼν
327 1143 335 1156 ι
347 1124 440 1159 ἐπειδὴ
456 1125 554 1160 ἤνυστο
569 1125 644 1160 αὐτῷ
659 1126 688 1152 τὸ
705 1126 806 1158 πλεῖον.

21 1167 64 1193 καὶ
80 1167 171 1202 μένειν
187 1168 290 1200 ἐδόκει,
307 1169 480 1202 τούντεῦθεν,
497 1171 589 1206 ὥσπερ
609 1171 690 1203 εἴτις
706 1172 807 1206 ἀγαθὸς

21 1213 137 1247 γεωργὸς
152 1214 206 1248 γῆν
220 1215 308 1250 ἀργήν
324 1224 383 1242 τινα
393 1235 400 1248 ,
418 1216 465 1242 καὶ
481 1217 539 1251 ἤτοι
560 1217 619 1243 οὐδὲ
635 1216 740 1251 εὔγειον
762 1218 807 1244 οὺ-

18 1257 107 1292 δαμὼς
117 1278 125 1290 .
143 1259 214 1286 ἀλλὰ
229 1269 288 1287 τινα
303 1260 427 1296 ἁλμυρὰν
441 1262 487 1288 καὶ
504 1262 687 1298 κεκαυμένην,
704 1263 807 1290 ὑπόπε-

20 1303 80 1338 τρόν
95 1312 124 1330 τε
141 1305 190 1331 καὶ
213 1305 353 1340 ψαφαρὰν,
367 1306 383 1342 ἢ
398 1306 428 1332 οὐ
444 1306 530 1341 πάντη
549 1307 598 1342 μὲν
613 1308 729 1343 ἄφορον,
746 1308 806 1334 οὑδέ

18 1357 46 1381 γε
63 1349 156 1385 ἀφυῆ,
180 1350 250 1377 ἀλλὰ
265 1351 311 1378 καὶ
332 1352 454 1388 πολυφοῆ
479 1352 543 1388 μὲν,
567 1353 663 1388 χέρσον
681 1353 709 1379 δὲ
731 1354 805 1389 ὅμως

19 1395 63 1420 καὶ
89 1395 288 1432 ἠμελημένην,
318 1397 448 1429 ἀκάνθαις
482 1398 529 1425 καὶ
561 1399 674 1434 θάμνοις
700 1399 805 1434 ἀγρίοις

18 1440 249 1477 ἐστρυφνωμένην
274 1443 320 1469 καὶ
339 1443 473 1479 δυσεργῆ·
495 1444 511 1479 ἢ
533 1441 578 1471 οἷά
597 1453 639 1476 τις
655 1445 805 1481 φυτουργὸς

18 1486 80 1522 ἀνὴρ
92 1487 191 1522 φυτὸν,
207 1488 266 1523 ἤτοι
280 1489 383 1525 ἄγριον,
399 1490 446 1516 καὶ
460 1490 573 1526 καρπῶν
584 1491 694 1527 ἡμέρων
705 1491 805 1528 ἄφορον

18 1532 71 1566 μὲν,
80 1534 112 1560 οὐ
124 1534 183 1570 μὴν
195 1534 285 1570 πάντη
297 1536 432 1571 ἄχρηστον
442 1545 448 1552 ’
462 1537 489 1563 ετ
499 1546 541 1568 τις
551 1538 633 1575 τέχνῃ
642 1540 674 1574 τῇ
687 1546 804 1574 φυτουρ-

18 1580 74 1614 Υικῇ
91 1580 188 1614 φέρων
210 1579 322 1614 βλαστὸν
338 1582 441 1618 ἥμερον
457 1583 633 1618 ὲμφυτεύσει,
649 1581 730 1620 μέσον
748 1585 805 1620 σχί-

18 1631 74 1657 ῖας,
87 1623 151 1653 εἶτα
168 1626 318 1661 συμϐαλὼν
333 1628 379 1654 καὶ
394 1628 526 1664 συνδήσας
536 1649 543 1660 ,
554 1629 633 1666 ἄχρις
643 1630 676 1657 ἂν
688 1630 805 1666 συμϐλύ-

18 1675 96 1695 ταντα
119 1669 161 1701 ὡς
186 1669 243 1705 (83)
262 1670 345 1706 ἄμφω
367 1672 498 1708 τρέφηται
516 1673 595 1706 (οὕτω
617 1674 673 1710 γὰρ
692 1675 724 1705 ἂν
740 1675 805 1707 ἴδοις

18 1711 120 1749 Ξένδρον
140 1724 170 1742 τι
197 1717 349 1751 συμμιγὲς,
373 1718 418 1744 καὶ
441 1718 516 1745 νόθον
539 1719 604 1754 μὲν,
621 1720 756 1756 εὔκαρπον
776 1721 804 1747 δὲ

18 1758 38 1790 ἑξ
46 1760 193 1796 ἀκάρπου,
203 1763 327 1797 καρποὺς
338 1762 430 1795 ἐλαίας
441 1763 491 1798 τῆς
499 1764 582 1799 καλῆς
597 1766 642 1791 ἐπὶ
654 1765 734 1799 ῥιζῶν
745 1767 805 1793 ἀνα-

18 1805 91 1840 ῦέρον
110 1807 242 1843 ἀγρίωνι
263 1808 279 1844 ἢ
300 1807 393 1844 ἄγριον
415 1809 473 1844 μὲν,
488 1810 518 1836 οὺ
537 1809 588 1845 μὴν
607 1810 741 1846 ἄχρηστον
756 1813 804 1838 ἀν-

20 1851 45 1884 ρ“ι
57 1852 176 1888 τεχνίτῃ
193 1854 339 1889 φυτουργῷ
349 1862 355 1868 ·
370 1853 386 1889 ἢ
400 1854 447 1881 καὶ
461 1855 563 1890 ἥμερον
586 1855 646 1890 μὲν,
668 1855 804 1892 εΰκαρπον

18 1895 30 1921 ὲ
51 1896 158 1929 ἄλλως,
185 1898 204 1934 ἣ
227 1899 329 1936 ἀπορίᾳ
351 1899 448 1935 τέχνης
472 1900 552 1927 πάλιν
572 1901 734 1929 ἀκλάδευτον
757 1903 804 1929 καὶ

20 1943 153 1970 πότιστον
165 1944 220 1970 καὶ
230 1945 380 1980 αὐχμηρὸν,
389 1946 549 1981 πνιγόμενον
560 1946 612 1973 ὑπὸ
621 1947 674 1974 τῶν
684 1948 742 1974 ἐκεῖ
749 1947 802 1984 (84)

18 1989 110 2030 τολλῶν
123 1990 177 2016 καὶ
197 1990 334 2026 περιττῶν
347 1992 521 2026 ἐκφυομένων
536 1992 656 2028 βλαστῶν
665 2002 677 2012 ·-
689 1994 805 2020 τελειοῦ-

18 2034 60 2061 θαι
77 2035 109 2061 δὲ
122 2037 162 2071 τῇ
181 2035 298 2072 βλάστῃ,
312 2037 358 2063 καὶ
375 2037 466 2071 φέρειν
483 2038 529 2064 τὸν
545 2039 649 2074 καρπὸν
663 2039 708 2065 ὑπ’
725 2040 804 2075 ἀλλή-

18 2089 51 2106 ηυν
82 2081 333 2117 ἑμποδιζόμενον)·
359 2083 494 2115 τοιούτους
523 2083 598 2115 τινὰς
629 2085 802 2121 παραλαϐὼν,

18 2126 43 2152 αἱ
57 2127 151 2163 τέχνῃ
166 2126 272 2153 ἑαυτοῦ
288 2128 321 2162 τῇ
335 2130 474 2164 γεωργικῇ
497 2129 643 2165 ἐκπεριιὼν
655 2130 702 2157 καὶ
718 2139 803 2157 κατα-

897 1081 951 1108 VII.
979 1081 1110 1109 Caeterum
1138 1090 1199 1110 cum
1226 1083 1261 1109 ita
1290 1090 1339 1109 nos
1364 1082 1398 1108 ab
1427 1081 1504 1108 initio
1525 1078 1640 1116 cepisset

860 1127 989 1162 omnique
1009 1135 1040 1155 ex
1063 1132 1139 1163 parte
1156 1128 1399 1160 eircumvallasset,
1420 1126 1637 1161 quandoquidem

859 1173 932 1208 quod
950 1173 1040 1208 potius
1053 1178 1121 1206 erat,
1132 1174 1188 1209 jam
1200 1174 1348 1208 perfectum
1360 1178 1428 1204 erat,
1445 1177 1469 1199 et
1484 1173 1563 1200 nobis
1579 1179 1638 1198 ma—

860 1225 925 1245 nere
937 1218 1094 1251 collibebat;
1111 1219 1249 1252 deinceps,
1272 1221 1400 1253 tanquam
1423 1218 1445 1244 si
1463 1217 1551 1243 bonus
1561 1215 1634 1249 quis-

863 1262 936 1296 piam
956 1263 1075 1299 agricola
1091 1268 1188 1291 terram
1201 1271 1312 1291 vacuam
1326 1268 1407 1297 atque
1427 1263 1553 1291 otiosam.
1564 1269 1638 1287 eam-

860 1315 913 1342 que
931 1315 982 1335 nec
996 1307 1110 1336 fertilem
1125 1316 1248 1343 prorsus,
1262 1309 1308 1336 sed
1321 1309 1516 1342 salsugiuosam
1529 1305 1558 1334 et"
1571 1307 1638 1333 adu-

860 1358 941 1387 stam,
957 1354 1084 1389 saxisque
1095 1359 1121 1382 et
1131 1363 1213 1382 arena
1224 1355 1355 1387 obsitam;
1367 1358 1413 1381 aut
1425 1361 1477 1380 non
1489 1354 1567 1388 plene
1578 1353 1638 1387 qui—

859 1399 919 1426 dem
934 1400 1064 1433 sterilem,
1085 1408 1135 1427 nec
1159 1401 1280 1433 inertem,
1300 1400 1346 1427 sed
1370 1404 1466 1427 natura
1487 1399 1636 1433 praestanti,

860 1451 953 1471 verum
969 1444 1097 1472 incultam
1114 1450 1194 1480 atque
1207 1446 1368 1481 neglectam.
1389 1446 1474 1480 spinis
1492 1445 1638 1471 hazreutem

859 1490 1081 1525 silvestribusque
1106 1491 1233 1523 dumetis,
1260 1499 1292 1518 ac
1318 1491 1428 1518 minime
1449 1491 1644 1520 tractabilem;~

859 1537 905 1560 aut
915 1532 1151 1566 quemadmodum.
1166 1533 1188 1559 si
1201 1538 1276 1560 sator
1288 1533 1386 1567 aliquis
1398 1533 1517 1567 plantam
1530 1533 1587 1559 sive
1597 1539 1643 1558 ars

857 1577 950 1604 borem
966 1581 1149 1611 agrestem,ac
1161 1576 1268 1604 fructus
1277 1577 1380 1605 scilicet
1392 1584 1490 1604 suaves
1506 1583 1560 1603 non
1574 1584 1644 1611 pro«

858 1622 998 1655 ferentem,
1013 1630 1061 1650 nec
1077 1627 1165 1651 tamen
1180 1630 1292 1657 prorsus
1307 1623 1427 1651 inutilem
1448 1626 1554 1654 nactus,
1569 1621 1640 1648 sati-

858 1676 897 1695 va:
913 1675 1017 1699 ramum
1036 1672 1093 1695 arte
1117 1675 1165 1694 sua
1184 1668 1296 1698 inserat,
1318 1666 1432 1694 mediani
1455 1667 1527 1693 illam
1548 1666 1638 1693 dillin-

857 1714 938 1746 dens,
959 1721 992 1740 ac
1010 1713 1106 1741 deinde
1126 1713 1298 1740 committens
1325 1717 1352 1739 et
1378 1713 1517 1747 colligatis,
1547 1711 1637 1746 qttoad

858 1759 971 1789 humore
981 1760 1148 1787 coalescente
1159 1759 1246 1786 ambae
1255 1758 1335 1787 simul
1344 1758 1498 1786 adolescant
1505 1757 1554 1793 (sic
1563 1758 1637 1785 enim

857 1806 967 1833 mistam
983 1806 1105 1833 arborem
1120 1813 1189 1839 saepe
1205 1805 1306 1836 videas,
1322 1809 1368 1831 aut
1381 1805 1500 1839 spuriam
1514 1804 1634 1838 quidem,

857 1855 884 1878 at
906 1850 1020 1878 fertilem
1045 1859 1078 1878 ex
1101 1850 1268 1878 infructuosa
1290 1850 1409 1884 factam,
1430 1850 1550 1885 pulchra:
1571 1849 1637 1876 olea:

857 1895 961 1923 fructus
976 1895 1002 1922 in
1016 1895 1171 1930 agrestibus
1182 1895 1316 1922 radicibus
1333 1895 1447 1922 alentem
1461 1904 1468 1927 ;
1493 1899 1539 1922 aut
1557 1901 1635 1929 agre-

857 1946 924 1969 stem
939 1948 1047 1976 quoque
1060 1948 1113 1969 non
1127 1940 1249 1968 inutilem
1263 1939 1393 1966 redditam
1410 1940 1543 1967 industrio
1559 1940 1635 1966 colo-

857 1995 892 2013 no
905 1995 912 2019 ;
930 1991 976 2016 aut
987 1986 1101 2013 sativam
1114 1985 1240 2020 denique,
1257 1989 1283 2012 et
1297 1984 1410 2012 fertilem
1427 1984 1503 2017 alias,
1517 1983 1563 2010 sed
1576 1991 1636 2018 qua:

856 2032 923 2060 artis
943 2031 1048 2060 defectu
1069 2039 1123 2059 non
1144 2036 1247 2066 putata,
1261 2037 1376 2058 exsucca
1391 2038 1423 2057 ac
1437 2029 1570 2064 squalida,
1580 2036 1636 2063 pra:

856 2078 949 2106 multis
965 2077 992 2104 iu
1010 2084 1041 2106 ea
1056 2077 1198 2111 superﬂuis
1214 2077 1319 2104 aduatis
1330 2075 1447 2103 surculis
1459 2073 1634 2110 prtefocetur;

856 2122 1090 2150 deacuminatione
1102 2129 1133 2150 ac
1144 2121 1339 2157 germinatione
1349 2129 1411 2148 mox
1425 2120 1525 2155 perlici,
1541 2125 1567 2146 et
1582 2119 1639 2146 frus

18 2172 63 2199 λῶν
87 2173 123 2200 οὐ
147 2172 190 2199 τὰ
217 2173 301 2200 πᾶσιν
318 2172 445 2208 ὁρώμενα
462 2174 540 2209 μόνον
557 2176 603 2201 καὶ
617 2177 646 2202 ὲν
660 2176 804 2213 ἐπιφανείᾳ

893 2177 916 2196 IS
935 2168 1009 2201 dare,
1027 2169 1072 2203 qui
1090 2176 1104 2195 a
1128 2168 1286 2195 redundanti
1299 2168 1375 2202 copia
1392 2165 1632 2201 impediebantur);

18 2218 163 2254 ιεπόμενα
176 2226 183 2232 ·
210 2217 365 2254 ἀνορύττων
385 2219 413 2246 δὲ
432 2220 478 2246 καὶ
499 2221 553 2248 τῶν
569 2221 715 2249 ὲνδοτάτων
737 2223 804 2250 ἀπο-

18 2264 194 2300 ειρώμενος,
211 2263 321 2298 ἐρωτῶν
334 2265 380 2290 καὶ
394 2266 542 2300 προτείνων
557 2266 603 2293 καὶ
618 2267 804 2304 ἀποκριναμέ-

18 2319 42 2336 ιν
66 2309 210 2341 ἀκούων,
225 2308 318 2344 ἐπειδὴ
340 2309 488 2345 κατενόησέ
502 2319 528 2337 τι
544 2311 593 2337 οὐκ
605 2311 741 2347 ἄχρηστον
757 2313 803 2339 καὶ

18 2355 140 2389 νωφελὲς
165 2353 222 2381 καὶ
238 2354 367 2389 ἀνήνυτον
381 2355 410 2380 ἐν
426 2355 502 2390 ἡμῖν,
523 2355 659 2390 ἐσκαλλεν,
675 2358 803 2393 ἀνέστρε-

22 2411 48 2434 ν,
70 2400 233 2432 ἐπότιζεν,
253 2400 336 2427 ἐκίνει
358 2400 456 2432 πάντα,
480 2401 588 2428 ἃπασαν
609 2403 731 2438 προσῆγε
754 2403 803 2439 τὴν

18 2449 54 2483 ιρ’
72 2447 173 2475 αὐτοῦ
190 2446 298 2481 τέχνην,
309 2447 356 2473 καὶ
367 2446 535 2482 ἐπιμέλειαν,
548 2447 594 2474 καὶ
607 2449 803 2485 κατειργάζετο

18 2495 60 2526 ιᾶς
72 2503 80 2510 ο
101 2492 246 2523 ἀκάνθας
269 2492 318 2526 μὲν
341 2492 388 2519 καὶ
404 2492 543 2527 τριδόλους
562 2494 608 2520 καὶ
630 2495 683 2521 πᾶν
703 2495 732 2521 τὸ
748 2495 801 2522 τῶν

18 2540 96 2574 ’ρίων
123 2539 221 2574 γένος
242 2537 359 2572 βοτανῶν
384 2538 400 2573 ἢ
423 2538 522 2573 φυτῶν,
545 2539 609 2566 ὅσον
633 2540 801 2575 ὑλομανοῦσα

18 2586 143 2622 ἔπεμπε
157 2583 220 2611 καὶ
230 2583 348 2611 ἀνεδίδου
360 2584 527 2620 σεσοϐημένη
541 2585 558 2620 ἡ
573 2585 644 2621 ψυχὴ
657 2585 734 2620 ὴμῶν
748 2583 801 2622 (οἶα

20 2651 82 2686 (85)
92 2649 339 2686 Συμβλᾴσαῖτα
349 2649 388 2682 ὡς
397 2649 436 2676 ἂν
446 2649 517 2686 (εἰς).
527 2649 616 2677 Malim
626 2650 802 2686 συμφύσαντα

32 2683 76 2718 ἓν,
95 2683 148 2712 vel
157 2684 207 2715 ὡς
227 2683 264 2710 ἒν.
277 2683 547 2719 Canum—Optime
561 2685 633 2717 ὡςὲν
643 2694 649 2712 :
659 2683 708 2718 sic,
721 2690 750 2713 ut
764 2687 802 2718 ὼς

18 2724 20 2748 l
38 2730 96 2756 pro
119 2726 279 2753 (unquam,
293 2719 335 2745 vel
351 2727 399 2753 pro
409 2720 448 2756 εἰς
461 2721 488 2746 in
503 2720 587 2754 accipi
601 2721 695 2755 possit.
709 2720 802 2754 Neque

18 2755 214 2793 u6).;3qa\atq._
232 2761 284 2780 non
306 2755 466 2793 mutandum
484 2756 589 2793 videtur
606 2765 612 2782 :
632 2763 693 2793 nam
712 2756 800 2791 βλύζω

20 2801 37 2820 c
56 2791 146 2828 βλύω
169 2789 300 2817 alienum
318 2793 367 2817 est.
395 2789 448 2816 Sed
473 2790 649 2823 συιιφύσαντα
662 2789 724 2828 plus
740 2800 799 2818 mu-

856 2215 922 2241 tales
938 2214 982 2241 ille
1010 2222 1058 2240 nos
1072 2221 1229 2245 assumens,
1247 2217 1274 2240 et
1294 2212 1372 2247 quasi
1394 2212 1496 2240 rustica
1517 2211 1633 2246 quadam

853 2264 910 2286 arte
926 2267 986 2292 sua,
1002 2259 1122 2286 lustrans
1142 2266 1174 2286 ac
1187 2258 1294 2293 penitus
1315 2257 1513 2292 introspiciens,
1528 2265 1581 2285 non
1602 2264 1635 2284 ea

852 2306 1009 2340 solumque:
1019 2306 1140 2333 onmium
1156 2305 1243 2332 oculis
1258 2308 1439 2339 patentatquc
1452 2304 1477 2330 in
1493 2303 1634 2338 superficie

851 2356 1008 2383 eernuntur,
1023 2350 1069 2377 sed
1081 2350 1161 2377 altius
1178 2349 1305 2380 effodiens
1319 2353 1345 2376 et
1355 2348 1450 2375 intima
1461 2352 1632 2382 pertentans;

853 2397 1022 2432 interrogans
1031 2400 1058 2423 et
1068 2403 1232 2431 proponens,
1245 2395 1490 2429 respondentesque
1505 2394 1631 2425 audiens;

854 2445 884 2467 ut
897 2440 1023 2476 cognovit
1036 2440 1138 2475 aliquid
1152 2447 1206 2467 non
1219 2438 1406 2473 infrugiferum
1418 2445 1468 2464 nec
1481 2437 1574 2463 inutile
1587 2441 1633 2462 aut

853 2487 960 2515 irritum
975 2487 1002 2513 in
1015 2486 1092 2516 nobis
1106 2493 1167 2513 esse
1177 2506 1185 2518 ,
1204 2489 1261 2513 tum
1279 2484 1413 2519 subigere,
1431 2484 1562 2510 invertere
1573 2503 1579 2515 ,
1601 2482 1633 2508 ir-

853 2533 958 2568 rigare,
979 2533 1070 2559 omnia
1094 2539 1222 2564 movere,
1248 2539 1356 2558 omnem
1378 2530 1521 2557 admovere
1546 2532 1631 2554 artem

853 2585 930 2604 suam
939 2585 971 2604 ac
979 2584 1082 2608 curam,
1102 2575 1251 2610 seduloque
1263 2582 1389 2602 exercere
1401 2581 1450 2601 nos
1465 2573 1560 2607 coepit;
1579 2571 1630 2606 spi-

857 2656 910 2683 tat,
928 2659 1010 2686 quam
1027 2651 1050 2686 si
1069 2651 1142 2686 legas
1153 2650 1420 2686 ρΓοῗσυμὸλύσαντα,
1432 2653 1582 2686 permutata
1598 2647 1632 2686 li:

855 2682 953 2720 quida:
976 2682 1178 2721 συμϐρύσῖιντᾶ.
1206 2685 1233 2711 ld
1252 2682 1418 2721 quadrabit,
1433 2682 1466 2711 isi
1485 2684 1538 2710 vim
1558 2682 1632 2709 verbi

856 2721 928 2756 βρύω
946 2729 1006 2748 cum
1024 2720 1181 2756 compositis
1195 2721 1363 2756 expenderis.
1385 2720 1500 2746 BENGEL.

890 2756 943 2791 (Sil)
965 2755 1052 2783 Ἐκεῖ.
1069 2751 1410 2790 Beugelius,lloescbclium
1428 2758 1545 2786 secutus,
1560 2751 1631 2793 εέκῆς
