1857 3047
45 112 104 142 1077

525 109 558 137 IN
577 108 753 137 ORlGENEM
772 106 900 136 ORATIO
920 106 1148 135 PANEGYRICA.

1576 104 1642 132 1078

43 179 106 200 σκεν.
120 169 203 201 Οὕτως
217 169 264 204 μὲν
284 168 314 194 τὸ
331 168 393 203 περὶ
409 167 457 199 τὰς
470 167 556 199 λέξεις
572 168 618 194 καὶ
630 167 693 198 τοὺς
706 167 791 200 λόγουι

879 170 909 197 3t,
925 173 957 192 ac
974 165 1007 192 de
1028 165 1070 191 his
1087 164 1213 202 primum
1226 162 1305 190 [idem
1320 161 1398 189 nobis
1426 162 1491 196 ipsis
1507 161 1643 196 faciendo,

40 216 145 253 κριτικὸν
166 215 241 250 ἡμῶν
262 215 311 250 τῆς
335 214 424 249 ψυχῆς
455 213 535 249 μέρος
553 213 670 247 λογικῶς
693 211 802 244 ἐξεπαί-

39 263 134 291 δεύετο’
148 262 176 289 οὺ
198 260 268 287 κατὰ
289 260 338 292 τὰς
355 259 443 286 καλῶν
461 260 583 295 ρητόρων
598 259 714 295 κρίσεις,
731 258 757 284 εἴ
775 267 803 284 τι

42 307 180 344 Ἑλληνικὸν
201 306 217 342 ἢ
237 306 372 343 βάρϐαρόν
395 307 452 332 ἐστι
473 307 506 341 τῇ
533 306 607 340 φωνῇ
639 304 679 339 (τὸ
707 304 802 339 μικρὸν

37 354 105 382 τοῦτο
115 353 158 380 καὶ
173 353 220 379 οὐκ
231 354 378 387 ἀναγκαῖον
398 352 534 388 μάθημα),
552 351 619 378 ἀλλὰ
630 350 709 377 τοῦτο
721 352 803 377 πᾶσιν

36 399 229 434 ἀναγκαιότατον
245 398 356 434 Ἕλλησί
373 407 403 424 τε
419 399 465 425 καὶ
488 398 636 434 βαρϐάροις
653 398 699 424 καὶ
713 398 802 431 σοφοῖς

36 446 74 472 καὶ
86 444 201 478 ἰδιώταις,
213 445 259 471 καὶ
274 444 340 475 ὅλως
355 443 409 479 (ἵνα
427 444 463 478 μὴ
482 444 585 479 μακρὸς
598 443 639 479 εἴη
656 452 700 478 μοι
712 443 800 476 λόγος,

34 492 136 523 ἑκάστας
156 491 249 526 τέχνας
271 491 318 517 καὶ
344 490 547 525 ἐπιτηδεύματα
571 489 695 525 ἐπεξιὼν)
719 490 802 516 πᾶσιν

34 537 171 573 ἀνθρώποις
185 539 240 568 τοῖς
260 536 380 564 ὁντινοῦν
405 537 460 572 βίον
478 536 628 572 ἑλομένοις·
646 535 716 570 εἴγε
735 536 800 561 πᾶσι

32 587 79 616 τοῖς
99 584 157 618 περὶ
171 583 331 619 ὁτουδήποτε
349 582 595 618 κοινολογουμένοις
617 581 692 617 μέλει
710 589 739 607 τε
755 581 800 608 καὶ

32 630 223 658 διεσπούδαστκι
251 629 288 665 μὴ
301 628 468 664 ἡπατῆσθαι.

853 212 890 238 ita
905 211 1014 238 demum
1029 209 1208 237 exterioribus
1222 208 1347 236 assentiri
1363 212 1389 235 et
1406 209 1439 235 de
1456 208 1570 243 singulis
1583 217 1643 243 pro-

854 257 980 283 nuntiare
990 255 1112 284 docebat.
1125 254 1203 281 llunc
1215 255 1296 289 igitur
1308 254 1335 281 in
1348 254 1458 281 modum
1473 262 1535 289 pars
1546 255 1643 282 anima:

855 307 973 334 nostrae,
997 309 1058 336 qua:
1079 301 1150 329 circa
1175 307 1256 328 voces
1280 307 1488 334 sermonemque
1509 300 1642 334 judicium

855 353 972 382 exercet,
985 348 1134 375 secundum
1148 347 1280 374 rationem
1296 346 1483 379 erudiebalur;
1498 355 1551 373 non
1565 347 1643 381 juxta

854 394 1024 432 egregiorum
1042 393 1181 420 rhetorum
1195 392 1297 426 judicia
1309 412 1316 423 ,
1336 392 1358 418 si
1374 392 1438 427 quid
1454 393 1641 421 Grrecanicum

855 446 902 467 aut
916 439 1061 467 barbarum
1077 439 1134 466 voci
1149 439 1221 473 insit,
1239 439 1336 466 exilem
1355 439 1427 466 illam
1443 443 1470 467 et
1482 447 1535 466 non
1551 447 1641 466 neces-

854 486 954 513 sariam
968 485 1148 520 disciplinam,
1169 485 1214 512 sed
1234 484 1304 511 hanc
1316 485 1442 512 omnibus
1454 489 1480 512 et
1498 485 1598 512 Graecis
1614 489 1641 512 ct

855 531 989 564 barbaris,
1001 535 1029 557 et
1048 530 1216 564 sapientibus
1240 535 1266 557 et
1280 530 1380 560 idiotis.
1402 534 1429 558 et
1440 531 1484 564 (uc
1499 535 1569 557 artes
1583 531 1640 557 sin-

853 578 931 613 gulas
949 584 981 604 ac
1002 576 1092 604 studia
1107 576 1292 604 enumerando
1312 576 1362 603 sim
1379 577 1494 612 longior)
1512 577 1639 604 omnibus

853 623 1027 656 hominibus,
1056 623 1237 658 quodcunque
1259 623 1321 649 vine
1350 630 1435 657 genus
1467 623 1637 658 delegerint,

31 677 136 712 apprime
165 676 366 708 necessariam;
393 674 526 710 siquidem
551 672 677 700 omnibus
705 671 738 699 de
759 677 920 706 quacunque
946 676 976 697 re
999 676 1088 696 sermo
1119 669 1286 704 instituatur,
1325 678 1396 698 cura:
1419 675 1460 698 est
1484 680 1516 699 ac
1535 672 1637 708 studio,

34 731 78 750 non
92 723 183 758 decipi.

59 771 93 798 H'.
109 770 160 797 Καὶ
178 770 215 806 μὴ
225 770 299 797 τοῦθ’
316 770 383 805 ὅπερ
399 767 467 800 εἶδος
479 767 634 802 διαλεκτικὴ
648 765 795 802 κατορθοῦν

31 818 87 853 μόνη
105 817 210 852 εἴληχεν
229 816 260 842 τὸ
279 816 308 842 δέ
332 824 363 849 γε
386 815 465 841 πάλιν
491 813 616 841 ταπεινὸν
638 812 688 847 τῆς
710 811 797 846 ψυχῆς
814 823 834 849 Β

30 863 94 898 ἡμῶν
105 861 350 897 ὲκτεθιιμὸημένων
366 860 415 896 μὲν
429 861 462 895 τῇ
480 858 663 894 μεγαλουργίᾳ
677 857 724 884 καὶ
736 856 796 883 θαυ-

30 909 166 944 ματουργία
181 908 228 934 καὶ
251 906 360 942 ποικίλῃ
383 906 429 932 καὶ
447 905 575 939 πανσόφῳ
587 903 749 939 δημιουργίᾳ
763 903 795 937 τῇ

30 955 65 982 τοῦ
81 954 189 990 κόσμου,
217 953 264 980 καὶ
290 951 499 987 τεθαυμακότων
527 951 574 985 μὲν
596 949 709 983 ἀλόγως,
730 949 795 974 ὑπε-

30 1001 153 1036 πτηχότων
168 1000 198 1026 δὲ
213 999 265 1026 ὑπὸ
282 997 437 1033 ἐκπλήξεως
448 1006 454 1012 ³
471 997 580 1023 εἰδότων
595 995 623 1021 δὲ
639 995 695 1021 οὗθ’
707 994 794 1020 ὁτιοῦν

30 1046 226 1081 ἐπιλογίσασθαι,
251 1046 329 1080 δίκην
345 1044 448 1078 ἀλόγων
469 1042 557 1074 ζώων·
582 1041 724 1076 ἐξεγείρων
748 1041 794 1066 καὶ

30 1092 129 1128 ὶνορθῶν
142 1091 298 1128 μαθήμασιν
311 1090 413 1125 ἑτέροις
423 1091 479 1120 τοῖς
493 1089 627 1123 φυσικοῖς·
641 1085 794 1121 σαφηνίζων

30 1138 112 1165 ἕκαστα
127 1138 178 1164 τῶν
203 1138 287 1164 ὅντων
310 1137 357 1163 καὶ
371 1136 524 1171 διακρίνων,
539 1134 586 1161 καὶ
610 1134 681 1169 μάλα
702 1132 793 1166 σαφῶς

30 1185 56 1216 1!;
71 1185 100 1212 τὰ
122 1184 263 1220 πρώτιστα
285 1185 411 1218 στοιχεῖα,
427 1181 633 1209 κατεπιπλέκων
649 1180 688 1215 τῷ
712 1179 792 1214 λόγῳ,

30 1231 61 1257 ταὶ
82 1231 307 1266 ἐπιπορευόμενος
332 1230 382 1264 τήν
402 1237 431 1254 τε
453 1228 505 1254 τῶν
526 1228 593 1254 ὅλων
617 1227 663 1253 καὶ
683 1226 731 1261 τὴν
748 1226 794 1252 ἐπὶ

30 1276 108 1311 ιέρους
122 1276 236 1302 ἑκάστου
258 1275 353 1308 φύσιν·
368 1274 472 1308 τροπήν
486 1281 515 1298 τε
532 1272 579 1307 τὴν
597 1270 730 1306 πολυειδῆ,
747 1270 793 1296 καὶ

30 1321 159 1356 ιεταῦολὴν
171 1320 227 1347 τῶν
242 1321 270 1346 ἐν
288 1319 327 1355 τῷ
341 1319 435 1354 κόσμῳ
446 1327 452 1332 ·
480 1318 531 1350 ’έως
557 1317 646 1352 φέρων
672 1316 723 1343 ὑπὸ
745 1324 791 1342 σα-

30 1366 78 1397 >οὖς
91 1367 138 1402 τῆς
157 1366 223 1402 παρ’
243 1365 324 1392 αὑτοῦ
339 1364 512 1395 διδασκαλίας
527 1363 574 1390 καὶ
592 1362 678 1396 λόγων
701 1359 737 1388 ὧν
762 1369 791 1387 τε

33 1412 108 1446 μαθεν
123 1410 158 1439 ὧν
171 1422 201 1439 τε
217 1412 354 1448 ἐξεύρετο,
370 1412 434 1446 περὶ
452 1410 502 1445 τῆς
525 1410 577 1436 τῶν
601 1409 668 1436 ὅλων
692 1409 791 1434 οἰκονο-

30 1458 76 1489 ιίας
96 1459 143 1493 τῆς
169 1459 257 1494 ἱερᾶς,
275 1458 321 1484 καὶ
347 1457 452 1491 φύσεως
475 1456 524 1490 τῆς
546 1455 706 1490 ἀμωμήτου,
731 1454 790 1480 ἀντὶ

30 1503 103 1537 ιλόγου
116 1504 224 1538 λογικὸν
239 1505 298 1535 ταῖς
313 1503 412 1538 ψυχαῖς
424 1502 500 1537 ἡμῶν
514 1500 673 1535 ἐγκατέθετο
689 1499 789 1535 θαῦμα.
805 1494 824 1521 ί]

30 1549 86 1576 ὀὗθ’
109 1550 123 1576 ὅ
145 1551 177 1586 δὴ
205 1550 319 1586 μάθημα
336 1548 436 1584 ὑψηλὸν
452 1549 499 1574 καὶ
514 1547 603 1574 ἔνθεον
621 1547 660 1578 ὃν,
676 1547 692 1582 ἡ
712 1548 792 1582 ἐρασ-

30 1597 126 1632 ιιωτάτη
145 1598 230 1623 πᾶσιν
244 1596 395 1623 ἐκδιδάσκει
411 1594 577 1629 φυσιολογία.
601 1595 632 1620 Τί
651 1594 690 1620 δεῖ
703 1593 791 1628 λέγειν

30 1642 102 1669 ὰτῶν
117 1643 198 1678 ἱερῶν
215 1642 393 1678 μαθημάτων,
407 1639 577 1675 γεωμετρίαν
599 1640 648 1675 μὲν
661 1639 709 1674 τὴν
725 1640 790 1665 πᾶσι

33 1683 84 1718 ίλην
109 1686 155 1712 καὶ
181 1684 436 1720 ἀναμφισϐήτητον,
462 1683 508 1710 καὶ
536 1684 716 1719 ἀστρονομίαν
741 1683 790 1718 τὴν

30 1731 226 1767 ετεωροπόρον;
244 1732 261 1758 ἃ
274 1731 305 1766 δὴ
323 1729 426 1756 ἕκαστα
440 1731 499 1761 ταῖς
513 1729 611 1764 ψυχαῖς
634 1729 711 1763 ἡμῶν
733 1729 790 1754 ἐνε-

30 1774 128 1808 λποῦτο,
151 1775 298 1806 διδάσκων,
320 1775 336 1810 ἢ
361 1774 616 1809 ἀναμιμνήσκων,ἢ
642 1774 691 1799 οὐκ
714 1770 761 1798 οἶδ’
775 1772 789 1798 ὅ

30 1841 32 1846 τ
56 1821 106 1857 χρὴ
130 1822 240 1856 λέγειν·
267 1821 316 1856 τὴν
340 1821 407 1855 μὲν,
433 1819 470 1851 ὡς
497 1819 652 1855 ὑποϐάθραν
681 1819 788 1845 πάντων

30 1867 93 1899 πλῶς
109 1869 294 1903 ποιησάμενος
306 1865 388 1894 οὖσαν
404 1868 535 1898 ἄσειστον,
547 1866 595 1901 τὴν
607 1865 786 1901 γεωμετρίαν,

30 1909 50 1935 1i
64 1910 184 1946 κρηπῖδά
196 1919 260 1938 τινα
275 1911 382 1946 ἀσφαλῆ
393 1920 399 1925 ·
417 1911 524 1944 ἀνάγων
540 1909 568 1936 δὲ
581 1909 627 1936 καὶ
642 1909 722 1944 μέχρι
734 1909 788 1935 τῶν

30 1956 129 1983 θωτάτω
140 1957 186 1984 διὰ
209 1957 260 1992 τῆς
275 1957 466 1992 ἀστρονομίας,
484 1956 578 1992 ὥσπερ
599 1956 642 1982 διὰ
658 1955 789 1990 κλίμακάς

31 2010 71 2032 νος
85 2003 307 2038 οὐρανομήκους,
322 2003 451 2038 ἑκατέρου
461 2002 508 2029 τοῦ
523 2002 697 2037 μαθήματος,,
708 2002 786 2028 θατὺν

30 2048 64 2073 Liv
77 2048 122 2074 τὸν
134 2049 252 2084 οὐρανὸν
266 2048 486 2084 παρασκευάσας.

34 2184 68 2211 Θ.
87 2187 120 2212 Ἀ
134 2186 163 2212 δὲ
178 2187 308 2213 ἁπάντων
323 2186 382 2212 ἐστὶ
393 2186 603 2221 κορυφαιότατα,
620 2188 667 2214 καὶ
681 2182 718 2214 ὧν
735 2187 786 2222 μά-
801 2172 824 2199 D

30 2238 72 2257 ῖτα
88 2232 171 2259 ἓνεκα.
187 2233 244 2259 πᾶν
253 2231 307 2267 (86)
322 2233 352 2258 τὸ
365 2233 508 2267 φιλόσοφον
523 2233 688 2259 διαπονεῖται
699 2233 786 2267 γένος,

30 2284 87 2313 map
102 2278 135 2304 ὲκ
148 2278 267 2312 φυτείας
286 2278 411 2313 ποικίλης
423 2278 476 2305 τῶν
489 2278 576 2305 ἄλλων
592 2279 718 2306 ἁπάντων
735 2288 786 2314 μα-

34 2323 134 2356 μάτων,
151 2324 202 2350 καὶ
219 2323 376 2358 φιλοσοφίας
399 2326 516 2359 μακρᾶς.
533 2325 654 2361 καρποὺς
669 2325 786 2358 ἀγαθοὺς

31 2367 185 2404 δεχόμενον,
215 2369 265 2401 τὰς
286 2369 360 2401 θείας
382 2370 482 2405 ἀρετὰς
503 2370 552 2402 τὰς
575 2370 637 2406 περ)¹
659 2368 734 2406 ἦθος,
756 2371 784 2404 ἐξ

30 2422 32 2431 ’
45 2415 60 2448 ἡ
81 2415 227 2451 ἀτάραχος
241 2415 288 2441 καὶ
304 2415 437 2450 εὐσταθὴς
451 2415 505 2442 τῶν
527 2416 619 2450 ὁρμῶν
633 2416 681 2450 τῆς
697 2415 783 2451 ψυχῆς

31 2459 161 2492 τάστασις
185 2459 306 2494 γίνεται·
325 2461 371 2487 καὶ
392 2460 510 2492 ἀλύπους
534 2461 582 2495 μὲν
607 2462 653 2487 καὶ
669 2461 784 2492 ἀπαθεῖς

30 2507 120 2534 τάντων
129 2507 242 2539 κακῶν,
251 2508 397 2539 εὐτάκτους
405 2509 432 2535 δῖε
443 2508 490 2534 καὶ
496 2508 636 2539 εὐσταθεῖς
644 2509 690 2534 καὶ
701 2507 783 2534 θεοει-

30 2554 46 2584 ἷς
60 2554 180 2590 ἤμελλεν
198 2555 216 2589 ἡ
221 2555 274 2588 μοῖς
290 2554 373 2586 ὅντως
387 2555 433 2581 καὶ
457 2554 605 2589 μακαρίους
618 2555 783 2589 καταστήσε-

30 2607 68 2624 αι·
103 2600 153 2626 καὶ
185 2599 274 2626 ταῦτα
302 2599 330 2626 δὲ
357 2599 507 2632 ἐξεπονεῖτο
535 2600 624 2634 λόγοις
654 2608 683 2625 τε
709 2600 783 2632 ίδίοις

32 2644 143 2672 αΰνουσι
156 2646 208 2672 καὶ
223 2647 323 2679 σοφοῖς,
332 2645 381 2681 οὐχ
391 2646 491 2681 ἥκιστα
502 2646 548 2672 καὶ
561 2646 784 2679 ἀναγκαιοτάτοις

30 2690 53 2723 ρὶ
64 2690 120 2716 τῶν
138 2690 219 2725 ἠθῶν
237 2691 282 2717 καὶ
293 2690 346 2717 τῶν
360 2692 466 2727 τρόπων
482 2692 559 2727 ἡμῶν
571 2700 577 2707 ·
594 2692 641 2719 καὶ
653 2692 683 2717 οὐ
695 2691 783 2726 λόγοις

30 2743 81 2765 νον,
95 2735 156 2761 ἀλλ’
171 2735 227 2770 ἤδη
243 2736 288 2762 καὶ
303 2736 389 2771 ἔργοις
405 2737 503 2772 τρόπον
518 2737 577 2764 τινὰ
594 2737 782 2772 διεκυὸερνᾶτο

884 764 951 792 VIII.
971 764 1066 800 Neque
1085 765 1155 792 hanc
1169 765 1254 793 solam
1266 769 1381 800 partem,
1401 773 1482 800 quam
1496 766 1637 793 dialectica

849 811 1036 846 corrigendam
1059 811 1116 839 sola
1142 811 1238 839 sortita
1253 815 1312 844 est,
1343 811 1389 839 sed
1414 811 1544 839 humilem
1570 820 1636 839 sane

848 857 920 884 illam
946 857 1066 885 vicissim
1086 858 1169 885 animi
1184 857 1269 885 nostri
1287 864 1400 892 partem,
1414 865 1467 892 qua
1484 858 1517 885 ad
1532 859 1636 893 magni-

847 903 982 931 ﬁcentiam
995 908 1021 931 et
1037 904 1379 937 mirabilem'structuram,
1396 905 1501 932 varium
1524 905 1634 940 sapien-

847 950 1036 984 tissimumque
1052 950 1146 977 mundi
1168 951 1305 985 opiﬁcium
1325 951 1556 985 obstupescimus,
1582 951 1630 978 ad~

845 995 1031 1029 miramurque
1045 995 1106 1022 sine
1120 996 1234 1026 ratione.
1251 1003 1287 1032 ac~
1297 1003 1352 1030 pra).
1367 995 1463 1023 timore
1474 1001 1633 1023 consterna-

845 1048 917 1072 mur,
938 1044 965 1067 et
982 1041 1027 1075 qui
1053 1041 1205 1068 belluarum
1229 1049 1304 1068 more
1318 1049 1378 1076 qua:
1397 1042 1500 1068 ratione
1515 1047 1608 1069 carent
1623 1061 1632 1074 .

845 1086 1001 1113 ratiocinari
1017 1086 1083 1113 nihil
1098 1087 1234 1120 novimus,
1250 1088 1385 1114 excitabat
1399 1088 1573 1123 et‘igebatque
1586 1096 1634 1115 na-

844 1131 978 1159 turalibus
997 1131 1058 1159 aliis
1078 1131 1249 1167 disciplinis;
1274 1134 1380 1167 singula
1392 1153 1399 1165 ,
1416 1142 1476 1169 qure
1491 1134 1516 1160 in
1539 1142 1630 1160 rerum

844 1181 907 1204 sunt
926 1181 1022 1204 natura
1037 1177 1178 1205 declarans
1194 1186 1225 1205 ac
1242 1178 1423 1212 distinguens,
1439 1184 1465 1206 et
1487 1180 1630 1214 perspicua

843 1224 964 1251 oratione
976 1224 1003 1251 in
1015 1225 1102 1259 prima
1113 1233 1163 1252 sua
1180 1226 1313 1253 elementa
1326 1225 1473 1258 resolvens,
1491 1231 1631 1253 naturam-

842 1277 895 1304 que
914 1273 970 1296 tum
997 1277 1169 1297 communem
1186 1271 1395 1304 universorum,
1412 1275 1467 1297 tum
1492 1271 1629 1305 propriam

842 1315 989 1350 cujusque;
1004 1316 1195 1343 conversiones
1215 1324 1323 1350 quoque
1346 1324 1435 1342 rerum
1451 1316 1629 1343 multiformes

842 1366 922 1395 atque
942 1362 1105 1389 mutationes
1125 1361 1289 1394 edissercns,
1312 1362 1402 1397 quoad
1423 1362 1552 1389 doctrina:
1573 1370 1629 1390 sure

842 1407 1033 1442 rationumque
1053 1416 1121 1443 quas
1143 1408 1239 1442 partim
1260 1408 1364 1441 didicit,
1386 1409 1484 1443 partim
1508 1408 1565 1443 ipse
1579 1416 1627 1435 ex-

842 1453 984 1487 cogitavit,
1010 1454 1202 1488 perspicuitate
1223 1462 1273 1489 pro
1294 1454 1445 1481 irrationali
1467 1454 1626 1482 rationalem

843 1499 941 1527 animis
956 1500 1058 1527 nostris
1071 1508 1155 1527 sacrae
1174 1501 1256 1527 totius
1275 1500 1394 1528 universi
1406 1500 1625 1535 dispensationis,

844 1545 1105 1580 absolutissimthue
1117 1551 1220 1573 natura:
1231 1546 1436 1573 admirationem
1448 1547 1550 1581 injecit.
1565 1546 1628 1574 Πιυο

843 1591 970 1617 nimirum
983 1591 1031 1618 illa
1042 1596 1082 1618 est
1095 1592 1218 1619 sublimis
1234 1600 1265 1618 ac
1277 1592 1366 1618 divina
1377 1592 1528 1626 disciplina,
1545 1601 1626 1628 quam

842 1638 969 1665 ornuibus
982 1638 1176 1666 amabilissima
1187 1638 1267 1666 docet
1277 1638 1453 1674 physiologia.
1468 1638 1538 1671 Quid
1553 1647 1626 1666 nunc

842 1691 910 1716 opus
927 1688 969 1710 est
982 1692 1074 1711 sacras
1091 1684 1296 1712 mathematicas
1316 1684 1548 1712 commemorare?
1561 1691 1626 1718 geo-

840 1729 962 1756 melriam
989 1729 1115 1756 omnibus
1139 1730 1248 1756 charam
1273 1734 1353 1764 atque
1377 1729 1575 1763 indubitatam,
1598 1735 1625 1757 et

840 1776 1033 1802 astronomiam
1051 1783 1167 1810 superna
1189 1776 1397 1810 pervagantem?
1420 1783 1489 1810 quas
1504 1777 1626 1812 singulas

839 1821 1061 1854 animisnostris,
1085 1822 1186 1849 docens
1201 1821 1387 1856 insculpebat;
1410 1826 1457 1849 aut
1480 1822 1506 1849 in
1523 1830 1625 1850 memo-

841 1866 909 1893 riam
923 1874 1063 1900 revocans,
1079 1872 1126 1894 aut
1145 1868 1237 1894 nescio
1250 1867 1314 1902 quid
1328 1867 1381 1895 dici
1400 1869 1491 1902 potius
1509 1869 1622 1896 debeat:

840 1911 914 1939 illam
938 1912 1047 1946 quidem
1074 1913 1147 1939 velut
1171 1913 1292 1939 omnium
1317 1913 1395 1947 plane
1419 1913 1625 1941 fundamentum

842 1961 972 1990 statuens,
997 1962 1023 1985 ct
1044 1958 1121 1992 quasi
1143 1959 1220 1986 basin
1237 1960 1416 1992 tutissimam,
1433 1960 1622 1987 inconcussam

839 2004 1034 2037 geometriam;
1059 2012 1106 2038 per
1127 2006 1319 2032 astronomiam
1349 2011 1438 2032 autem
1461 2006 1494 2032 ad
1517 2014 1623 2034 summa

839 2049 999 2083 perducens,
1018 2054 1146 2084 tauquam
1160 2058 1207 2085 per
1222 2051 1320 2078 scalam
1337 2052 1481 2086 quamdam
1494 2051 1526 2078 ad
1538 2052 1622 2079 caelos

839 2095 1044 2130 pertingentem,
1056 2096 1175 2130 pervium
1189 2096 1267 2124 nobis
1278 2097 1375 2124 cwlum
1389 2097 1530 2131 utriusque
1539 2097 1621 2125 disci-

841 2140 921 2174 plinae
935 2147 1016 2174 opera
1028 2140 1156 2167 eﬂiciens.

874 2185 918 2212 ΙΧ.
940 2185 1016 2218 Quod
1030 2193 1094 2213 vero
1108 2185 1229 2212 omnium
1244 2190 1285 2213 est
1299 2186 1384 2213 multo
1396 2187 1553 2220 maximum,
1571 2195 1620 2215 cu-

836 2233 934 2268 jusque
944 2232 1029 2267 gratia
1040 2232 1143 2259 laborat
1153 2240 1218 2266 gens
1230 2236 1285 2259 tota
1297 2232 1529 2267 philosophorum,
1541 2234 1619 2269 quasi

837 2287 869 2305 ex
886 2279 959 2305 varia
980 2279 1145 2313 reliquarum
1162 2279 1283 2305 omnium
1304 2278 1508 2313 disciplinarum
1527 2280 1619 2307 cousi-

837 2325 921 2355 tione,
936 2324 1124 2359 diuturnthue
1137 2324 1314 2359 philosophia;
1337 2324 1436 2358 studio,
1461 2324 1547 2353 bonos
1561 2326 1619 2353 l'ru-

837 2376 896 2398 ctus
915 2371 1056 2406 colligens,
1077 2371 1183 2398 divinas
1207 2378 1313 2398 morum
1331 2371 1454 2402 virtutes.
1471 2379 1504 2398 ex
1519 2371 1619 2406 quibus

837 2417 1002 2452 tranquillus
1012 2421 1039 2444 et
1050 2421 1177 2445 constans
1191 2417 1273 2444 animi
1286 2417 1435 2445 motionum
1444 2422 1531 2445 status
1546 2418 1619 2445 exsi-

838 2463 901 2494 stit;
924 2467 950 2491 et
964 2464 1089 2491 maeroris
1109 2464 1218 2498 quidem
1233 2469 1367 2499 expertes,
1386 2468 1468 2499 atque
1487 2468 1517 2491 ut
1537 2464 1619 2491 nullis

837 2509 916 2536 malis
929 2509 1115 2536 vehementius
1126 2517 1368 2541 commoveremur,
1384 2509 1429 2537 sed
1442 2509 1573 2536 moderati
1585 2517 1619 2538 ac

838 2554 933 2586 sedati,
952 2554 1052 2589 Deique
1062 2555 1164 2582 similes
1175 2564 1235 2583 vere
1251 2564 1282 2583 ac
1295 2556 1375 2588 beati,
1390 2555 1448 2590 ejus
1460 2562 1541 2590 opera
1556 2556 1618 2583 red-

837 2601 979 2634 deremur,
1002 2602 1182 2629 annitebatur.
1207 2603 1295 2638 Atque
1314 2604 1370 2630 hzec
1386 2603 1496 2630 curabat
1511 2607 1538 2630 et
1553 2611 1617 2639 age-

837 2646 883 2673 bat
899 2646 952 2678 ille.
967 2651 1024 2673 tum
1038 2649 1210 2676 sermonibus
1224 2649 1357 2683 propriis,
1381 2648 1619 2678 mansuefacienti-

835 2692 886 2719 bus
900 2699 931 2719 ac
944 2692 1040 2725 doctis,
1058 2701 1106 2720 nec
1128 2694 1219 2722 minus
1236 2696 1406 2728 necessariis,
1423 2703 1492 2730 quos
1508 2696 1541 2723 de
1557 2703 1617 2724 mo-

835 2739 910 2766 ribus
923 2738 1036 2774 \‘itchuc
1052 2744 1149 2768 nostra:
1167 2740 1253 2767 modis
1271 2741 1398 2775 habebat;
1417 2746 1471 2768 tum
1486 2750 1549 2769 vero
1563 2749 1617 2770 non

30 2827 80 2863 ‘36)
96 2829 215 2856 Ἕνεκα
237 2828 303 2858 πᾶν.
322 2830 461 2867 Bcngclius
477 2840 507 2861 ex
525 2832 685 2868 llmschelin,
701 2833 780 2861 ἕνεκά
798 2843 861 2866 πως.
