1857 3047
35 96 99 127 Ιῦοὸ

496 102 528 130 IN
548 103 722 133 ORIGENEM
745 107 874 138 ORATIO
891 110 1122 140 PANEGYRICA.

1581 120 1649 148 1094

34 156 91 182 οὐδὲ
120 157 175 182 κατ’
193 156 288 189 αὐτοὺς
312 158 419 185 ἀπιέναι
447 160 536 194 ἠξίου·
566 163 634 198 πρὸς
658 164 686 190 δὲ
709 166 778 193 πάντ

34 200 44 210 γ
134 201 159 209 η
192 203 197 210 ι
239 203 244 210 ,
322 204 327 210 ,
438 203 448 210 .

874 170 993 203 phorum.
1021 170 1104 199 Nohis
1121 179 1185 207 ergo
1208 179 1242 199 ne
1267 173 1294 199 id
1317 173 1404 208 ipsum
1429 175 1500 210 quod
1518 175 1649 210 imperita:

30 200 105 236 ἦγεν,
116 201 218 234 οὐδενὸς
233 203 410 238 ἀπειράστους
424 203 491 232 εἶναι
509 207 593 234 θέλων
609 210 742 245 δόγματος
759 213 813 240 Ἑλ-

32 247 146 281 ληνικοῦ.
163 248 217 274 Καὶ
240 249 320 281 αὐτὸς
340 250 368 277 δὲ
395 253 529 287 συνεισῄει
546 256 749 291 προηγούμενος
766 260 812 285 καὶ

30 292 212 327 χειραγωγῶν,
229 294 323 330 ῶσπερ
343 297 371 322 ὲν
387 297 535 334 ὁδοιπορίᾳ,
553 300 579 326 εἴ
594 309 644 326 που
668 303 714 328 καὶ
730 304 813 330 ὑπαν-

30 337 106 372 τῆσαί
122 347 147 364 τι
163 339 266 366 σκολιὸν
282 341 327 366 καὶ
344 340 458 368 ὕπουλον
475 346 520 370 καὶ
539 348 750 381 σοφισματῶδες,
768 346 811 375 οἶα

29 384 58 419 δὴ
72 385 192 419 τεχνίτης
207 386 239 411 ἐκ
256 386 305 421 τῆς
320 387 350 413 ἐκ
369 387 467 415 πολλοῦ
485 391 540 421 τοῖς
553 391 640 424 λόγοις
658 393 810 428 συνδιατρι-

30 430 85 464 ϐῆς,
100 431 148 456 οὐκ
169 431 255 467 ἀήθης
275 432 380 465 οὐδενὸς
397 434 455 460 οὐδὲ
478 435 590 471 ἄπειρος
612 437 660 468 ὢν.
676 440 810 475 μετέωρος

29 477 103 507 αὐτὸς
121 485 150 503 τε
173 478 201 503 ἐν
215 479 329 512 ἀσφαλεῖ
343 480 429 514 μένοι,
446 482 492 508 καὶ
509 482 595 514 ἄλλοις
611 484 713 519 ὀρέγων
732 487 809 520 χεῖρα

27 522 179 554 διασώζοιτο
198 523 292 560 ὥσπερ
318 525 529 562 βαπτιζομένους
555 530 737 565 ἁνιμώμενος·
755 532 808 558 πᾶν

29 569 73 603 μὲν
87 569 100 594 ὃ
115 578 141 595 τι
156 570 289 606 χρήσιμον
302 572 451 607 φιλοσόςρων
464 574 585 601 ἑκάστων
597 576 643 602 καὶ
653 576 751 612 ἀληθὲς
762 575 806 612 ἦν,

27 613 169 648 ἁναλέγων,
187 616 232 642 καὶ
255 618 470 653 παρατιθέμενος
493 620 558 655 ἡμῖν
569 629 575 635 ·
601 621 650 648 ὅσα
665 622 692 648 δὲ
708 623 803 658 ψευδῆ,

26 659 169 694 ἐκκρίνων·
195 661 230 687 τά
251 670 280 688 τε
304 662 382 695 ἄλλα,
402 664 447 690 καὶ
465 665 580 700 μαλίστα
598 665 648 693 ὅσα
671 667 724 693 [δια
740 669 807 703 πρὸς

26 705 159 732 εὐσέϐειαν
176 705 210 742 ἦν
223 707 383 743 ἀνθρώπων.

866 216 1031 244 multitudini
1047 218 1169 245 eveniret
1181 238 1188 251 ,
1207 219 1240 246 ad
1254 219 1365 246 unicum
1379 228 1429 248 nos
1442 221 1647 256 philosophica-

863 269 923 288 rum
944 262 1102 296 opinionum
1126 271 1211 298 genus
1236 272 1290 291 non
1307 265 1483 299 admovebat,
1502 275 1551 295 nee
1571 269 1599 294 in
1614 276 1648 296 eo

863 308 1011 335 consistere
1026 308 1147 341 sinebat;
1166 310 1213 336 sed
1228 318 1276 344 per
1288 311 1379 338 omnia
1394 312 1523 344 ducebat,
1547 314 1648 343 nullius

863 360 913 380 nos
927 353 1076 382 Graecanici
1089 355 1225 390 dogmatis
1236 357 1318 384 rudes
1334 361 1381 384 aut
1393 357 1503 392 ignaros
1516 366 1575 386 esse
1587 367 1647 394 per-

863 399 982 426 mittens.
1014 399 1073 434 lpse
1087 405 1178 428 autem
1202 402 1284 428 simul
1299 403 1426 429 incedens
1441 404 1568 438 prteibat;
1586 413 1646 432 Ina-

862 450 953 477 nuque
965 443 1078 477 ducens,
1096 449 1226 480 tanquam
1239 447 1267 473 in
1282 447 1334 479 via,
1351 447 1374 474 si
1390 448 1456 482 quid
1472 456 1586 482 usquam
1599 449 1646 476 ile-

862 494 978 514 xuosum
1005 496 1176 523 occurreret,
1206 497 1253 519 aut
1278 492 1390 520 inﬁdum
1417 498 1444 520 et
1466 494 1500 521 ad
1522 495 1645 523 fraudem

860 534 1058 568 compositum;
1076 536 1149 562 velut
1161 537 1262 571 peritus
1275 538 1382 571 artifex,
1400 540 1444 566 cui
1455 547 1489 567 ex
1501 540 1580 576 longo
1593 549 1644 569 usu

861 583 942 613 atqtte
958 581 1151 609 exercitatione
1164 583 1373 618 philosophandi
1390 585 1456 612 nihil
1474 586 1596 615 insolens
1609 589 1645 615 sit

860 631 910 651 nec
922 625 1103 660 inexpertum,
1127 632 1154 654 et
1167 629 1293 656 sublimis
1309 630 1366 664 ipse
1379 631 1407 657 in
1420 636 1477 658 tuto
1491 639 1591 665 manet,
1611 641 1643 662 ac

860 677 971 696 manttm
985 669 1046 697 aliis
1060 672 1218 707 porrigens,
1236 675 1319 700 veluti
1332 675 1378 709 qui
1392 675 1582 711 demergantur
1596 686 1643 706 ex-

861 714 972 741 trahens
984 735 992 747 ,
1018 719 1107 742 servat
1129 725 1135 742 :
1159 717 1195 744 ita
1209 717 1340 753 quidquid
1356 720 1425 754 apud
1442 721 1563 755 singulos
1579 723 1642 758 phi-

25 751 148 786 losophos
172 754 238 781 utile
262 762 294 782 ac
319 763 411 782 verum
431 761 507 790 erat,
522 758 642 793 deligens
673 760 805 794 nobisque
831 767 986 794 apponens;
1013 769 1074 796 quae
1091 769 1160 790 vero
1184 763 1270 797 falsa,
1300 772 1461 800 secernens;
1490 772 1547 794 tum
1577 769 1641 798 alia.

26 803 76 825 tum
94 800 229 833 maxime,
247 808 308 835 quae
324 801 464 830 hominum
486 804 593 838 propria
610 810 674 832 sunt
690 807 723 833 ad
741 806 880 841 pietatem.

56 846 101 872 IE'.
122 846 190 881 Περὶ
218 847 318 874 τούτων
344 849 392 883 μὲν
419 850 502 885 μηδὲν
524 852 665 887 προσέχειν
687 853 779 888 συμϐοι

892 853 951 881 XV.
965 853 998 881 Et
1011 855 1108 882 horum
1122 856 1230 890 quidem
1244 862 1272 884 ut
1285 859 1351 885 nihil
1364 860 1566 889 attenderemus
1577 870 1639 890 sna-

24 890 111 922 λεύων,
130 891 197 926 μηδὲ
215 893 239 917 εί
255 893 391 927 πάνσοφός
405 903 447 926 τις
463 895 515 921 ὑπὸ
531 896 638 924 πάντων
654 898 804 933 ἀνθρώπων

24 937 205 973 μαρτυρηθείη
215 946 221 953 ³
236 939 308 975 μόνῳ
321 940 349 966 δὲ
363 941 506 977 προσέχειν
517 942 576 978 Θεῷ
587 943 633 969 καὶ
644 946 699 976 τοῖς
710 944 803 971 τούτου

24 983 184 1018 προφήταις·
217 984 298 1016 αὐτὸς
315 985 492 1022 ὑποφητεύων
507 988 561 1023 (26)
575 989 621 1015 καὶ
637 989 802 1025 σαφηνίζων,

23 1026 69 1053 ὃτί
83 1036 147 1054 ποτε
163 1029 300 1056 σκοτεινὸν
317 1031 363 1057 καὶ
391 1033 587 1067 αἰνιγματῶδες
604 1032 621 1071 ᾖ
643 1031 696 1070 (οἷα
721 1036 803 1063 πολλὰ

23 1072 47 1098 ὲν
59 1074 116 1105 ταῖς
130 1074 218 1109 ἱεραῖς
235 1075 292 1102 ἐστι
316 1077 430 1109 Φωναῖς·
449 1078 508 1113 Ιἢτοι
529 1079 601 1106 οὕτω
624 1081 699 1115 φίλον
716 1082 745 1109 ὃν
762 1083 800 1118 τῷ

21 1118 74 1153 (τιεῴ
90 1119 265 1155 προσομιλεῖν
282 1121 444 1157 ἀνθρώποις,
462 1124 499 1156 ὡς
514 1125 550 1160 μὴ
564 1126 613 1153 καὶ
624 1127 734 1160 ἀναξίαν
749 1129 801 1164 ψυ-

21 1163 75 1198 χὴν,
94 1161 148 1191 οἷαι
175 1167 203 1192 αἱ
222 1166 332 1198 πολλαὶ,
358 1169 459 1204 γυμνὸς
485 1171 531 1197 καὶ
558 1172 681 1208 ἁσκεπὴς
703 1174 717 1199 ὸ
731 1161 801 1207 θεῖος

21 1210 85 1245 εἰσίῃ
111 1210 199 1245 λόγος·
227 1212 308 1248 ἧκα).
329 1216 362 1249 τῇ
388 1214 467 1249 φύσει
497 1217 546 1252 μὲν
573 1219 738 1253 σαφέστατον
755 1221 801 1248 καὶ

20 1255 198 1284 ἁπλούστατον
225 1259 279 1285 πᾶν
295 1259 324 1285 τὸ
343 1260 413 1287 Θεῐον
429 1261 518 1296 λόγιον
543 1263 598 1299 (‘27)
625 1264 664 1296 ὃν,
685 1266 749 1300 ἡμῖν
773 1266 800 1293 δὲ

19 1302 144 1329 ἀποστᾶσι
160 1303 239 1336 Θεοῦ,
252 1305 299 1331 καὶ
319 1306 561 1343 ὰπομεμαθηκόσιν
583 1310 733 1345 ἀκροᾶσθαι
749 1313 800 1338 ὑπὸ

19 1348 106 1383 χρόνον
117 1349 165 1376 καὶ
179 1350 370 1386 παλαιότητος,
387 1353 489 1388 ἀσαφὲς
505 1355 550 1381 καὶ
567 1356 702 1383 σκοτεινὸν
713 1366 797 1383 κατοι-

19 1395 184 1429 ῳαινόμενον,
213 1397 263 1424 οὐκ
288 1398 342 1432 ἔχω
365 1399 477 1434 λέγειν)·
493 1401 561 1435 πλὴν
583 1402 736 1437 σαφηνίζων
751 1405 798 1430 καὶ

18 1439 53 1470 είς
65 1439 119 1473 φῶς
134 1441 275 1476 προάγων,
289 1443 343 1468 εἴτε
355 1443 502 1478 αἰνίγματα
516 1444 578 1471 ὂντα
590 1447 727 1480 τυγχάνοι,
742 1448 796 1473 δει-

18 1483 56 1515 νὺς
68 1483 103 1511 ὢν
119 1486 259 1521 ἀκροατὴς
267 1487 333 1514 Θεοῦ
346 1488 392 1514 καὶ
406 1489 595 1522 συνετώτατος·
609 1492 664 1517 εἴτε
679 1493 725 1518 καὶ
738 1492 793 1528 (28)
809 1485 829 1512 (ἶ

16 1529 84 1556 οὐδὲν
98 1531 205 1558 σκολιὸν
228 1532 323 1567 ἔχοντα
336 1535 368 1570 τῇ
386 1535 475 1569 φύσει,
501 1535 554 1561 οὐδ’
567 1536 694 1563 ἀσύνετον
710 1539 792 1573 αὐτῷ,

16 1575 94 1608 οὕτως
109 1577 199 1612 ἔχοντι
217 1579 290 1614 μόνῳ
302 1579 356 1606 τῶν
373 1580 420 1607 νῦν
449 1581 496 1608 ἀνο
501 1581 609 1617 ρώπων,
623 1580 660 1611 ὦν
671 1585 750 1616 αὑτός
764 1594 793 1611 τε

15 1622 102 1657 ἔγνων,
120 1624 169 1650 καὶ
185 1625 285 1660 ἑτέρων
298 1626 401 1661 ἥκουσα
416 1628 478 1663 περί
495 1637 574 1655 τινων
588 1629 731 1664 λεγόντων,
746 1640 793 1666 με-

17 1671 170 1707 μελετηκότι
185 1671 241 1708 (29)
262 1673 295 1699 τὰ
312 1673 420 1709 καθαρὰ
440 1675 493 1701 τῶν
509 1675 605 1710 λογίων
621 1678 738 1710 φωτεινά
752 1687 791 1710 τε,

15 1717 301 1752 παραδέχεσθαιιαὺτοῦ
319 1720 351 1754 τῇ
375 1719 446 1755 ψυχῇ
472 1721 519 1747 καὶ
541 1721 710 1749 διδάσκεσθαι
733 1724 792 1750 ἑτέ-

15 1770 78 1795 ρους·
91 1763 131 1789 ὅτι
148 1763 238 1790 αὐτῶν
256 1764 310 1800 (50)
329 1766 343 1792 ὁ
358 1765 465 1792 πάντων
493 1767 622 1803 ἀρχηγὸς,
639 1769 653 1794 ὁ
666 1771 722 1800 τοῖς
744 1769 790 1796 τοῦ

15 1807 72 1834 θεοῦ
89 1808 177 1842 φίλοις
191 1811 345 1845 προφήταις
363 1811 474 1846 ὑπηχῶν
506 1814 551 1839 καὶ
568 1814 725 1842 ὑποϐὰλλων
737 1817 790 1842 πᾶ.-

15 1861 55 1879 σαν
66 1855 233 1890 προφητείαν
252 1856 298 1881 καὶ
311 1855 388 1890 λόγον
410 1859 538 1892 μυστικὸν
551 1859 596 1885 καὶ
608 1859 688 1892 Θεῖον,
705 1859 790 1892 οὕτως

15 1899 83 1926 ιὺτὸν
96 1902 218 1936 τιμήσας
244 1900 281 1932 ὡς
304 1902 388 1936 φίλον,
416 1904 568 1939 προήγορον
593 1905 788 1940 κατεστήσατο·

15 1943 44 1972 ὥν
54 1947 85 1973 δι’
100 1948 204 1983 ἐτέρων
219 1948 328 1983 ᾐνίξατο
356 1950 444 1984 μόνον,
462 1950 565 1976 τούτων
580 1951 624 1977 διὰ
633 1951 727 1978 τούτου
741 1953 789 1987 τὴν

15 1993 179 2020 ἲιδασκαλίαν
197 1994 366 2029 ποιούμενος’
382 1996 431 2022 ὅσα
447 2005 486 2028 τε,
501 1996 719 2030 ἀξιοπιστότατος
739 1998 786 2031 ὢν,

15 2038 185 2074 ᾖπροσέταξε
216 2041 397 2076 βασιλικῶςῆ
426 2041 471 2068 καὶ
494 2043 659 2078 ἀπεφήνατο,
686 2044 788 2071 τούτων

15 2085 64 2117 τοὺς
74 2085 170 2120 λόγους
199 2086 386 2122 διερευνᾶσθαί
401 2095 431 2112 τε
454 2088 499 2114 καὶ
516 2087 681 2124 ἐξευρίσκειν
702 2089 787 2125 τούτῳ

15 2133 213 2167 ῐωρησάμενος·
246 2133 278 2158 ἶν’
304 2133 384 2164 εἴτις
413 2133 528 2169 σκληρὸς
552 2134 600 2169 τὴν
625 2134 714 2171 ψυχὴν
739 2137 785 2162 καὶ

15 2176 111 2210 ima-:0;
121 2179 138 2213 ἢ
151 2179 200 2205 καὶ
215 2178 367 2214 φιλομαθὴς
382 2179 418 2205 ὢν
432 2179 518 2215 τύχοι,
535 2181 610 2217 παρὰ
621 2181 715 2207 τούτου
732 2191 783 2217 μα-
798 2174 821 2202 1)

15 2222 62 2255 θὼν,
83 2224 129 2250 καὶ
146 2226 267 2251 συνεῖναι
297 2225 343 2251 καὶ
368 2226 503 2252 πιστεύειν
530 2226 636 2253 ἑλέσθαι
665 2228 785 2262 ἀναγκά-

15 2270 71 2299 ζοιτο
84 2270 187 2305 τρόπον
203 2270 272 2304 τινὰ,
291 2271 337 2297 καὶ
351 2271 464 2299 ἕπεσθαι
475 2272 544 2307 Θεῷ.
559 2273 640 2307 Λέγει
654 2282 683 2299 τε
698 2273 785 2301 ταῦτα

15 2315 48 2342 ηὑκ
67 2316 167 2349 ἄλλως,
184 2314 271 2351 οἶμαι,
289 2317 306 2352 ἢ
327 2317 453 2353 κοινωνίᾳ
463 2317 509 2344 τοῦ
527 2318 598 2344 θείου
615 2319 780 2354 Πνεύμοιτος·

15 2362 46 2396 ’ἧς
66 2363 120 2398 γὰρ
147 2362 233 2397 αὐτῆς
254 2362 392 2398 δυνάμεως
408 2363 448 2389 δεῖ
473 2363 670 2398 προφητεύουσί
686 2374 714 2391 τε
736 2366 782 2392 καὶ

15 2410 182 2444 ικροωμένοις
198 2410 353 2445 προφητῶν·
372 2410 417 2436 καὶ
433 2409 483 2436 οὐκ
499 2409 531 2436 ἂν
548 2410 659 2437 ἀκούσαι
676 2412 781 2446 προφής

16 2462 53 2486 ου,
70 2451 92 2488 ᾧ
110 2455 148 2490 μὴ
163 2455 231 2482 αὐτὸ
245 2455 274 2481 τὸ
291 2455 403 2490 Πνεῦμα
414 2455 444 2481 τὸ
458 2454 648 2490 προφητεῦσαν
662 2456 708 2491 τὴν
721 2457 781 2483 σύν-

15 2510 52 2527 σιν
67 2501 120 2528 τῶν
145 2501 232 2529 αὑτοῦ
245 2502 331 2536 λόγων
351 2502 514 2538 ἐδωρήσατο.
527 2502 650 2529 Τοιοῦτον
660 2502 779 2537 ἔγκειται

31 2601 83 2636 (26)
103 2601 320 2635 Ὺποφητεύων.
330 2601 486 2636 ’Υποφήτης
498 2600 607 2633 dicitur,
619 2601 665 2635 qui
682 2609 778 2629 oracu-

15 2643 70 2663 nna
80 2637 214 2671 propheta
221 2641 375 2670 susceptum
388 2637 420 2663 ad
431 2637 498 2663 alios
508 2640 645 2671 propagat.
661 2636 776 2664 BENGEL.

30 2671 82 2706 (27)
102 2672 223 2706 Λόγιον.
241 2671 404 2698 Diminutiva
419 2671 527 2698 forma:
549 2679 611 2698 nam
625 2672 732 2698 oracula
750 2677 777 2699 et

16 2706 111 2742 delium
127 2706 240 2742 (ISam.
252 2714 335 2742 quin,
353 2706 400 2742 2),,
412 2711 439 2732 et
451 2706 581 2742 gentium,
606 2714 633 2733 v.
654 2714 693 2741 gr.
711 2707 776 2734 illud

15 2742 62 2767 uod
76 2741 193 2769 Crtesus
206 2741 303 2774 audiit,
320 2741 470 2768 brevitatem
487 2741 605 2769 habuere
623 2749 703 2776 quam
719 2750 776 2769 ma-

15 2775 101 2803 itnam.
121 2777 160 2803 In.

25 2810 80 2847 (28)
98 2812 169 2838 Εἴτε
188 2811 246 2838 καί.
274 2810 330 2839 Hoc
345 2810 399 2838 εἴτε
420 2811 550 2847 apodosin
568 2819 630 2839 mox
646 2812 726 2841 habet
746 2813 772 2840 in

853 899 936 931 deus,
957 907 992 927 ne
1005 901 1027 927 si
1043 905 1073 928 ut
1088 903 1306 936 sapientissimus
1330 905 1438 939 quidem
1455 907 1589 941 quispiam
1605 908 1641 936 ab

853 945 979 973 otnnibus
995 947 1147 974 celebretur
1160 968 1167 978 .
1187 950 1233 976 sed
1251 954 1278 976 ut
1297 951 1343 977 uni
1361 950 1415 978 Deo
1435 960 1545 986 operam
1561 954 1640 982 dare-

853 998 914 1018 mus
929 991 1043 1026 ejusque
1053 993 1209 1027 prophetis;
1228 995 1285 1029 ipse
1299 996 1492 1030 prophetarum
1505 998 1637 1034 interpre-

852 1041 905 1063 tem
923 1044 1016 1071 agens,
1037 1042 1064 1064 ct
1087 1039 1236 1073 explanans
1256 1040 1387 1075 quidquid
1407 1050 1522 1077 usquam
1540 1045 1639 1072 obscu-

852 1090 912 1109 rum
925 1087 952 1109 ct
964 1084 1165 1118 zenigmaticum
1178 1089 1235 1112 erat
1247 1086 1348 1121 (qualia
1364 1088 1466 1115 suntin
1479 1090 1566 1117 sacris
1581 1090 1639 1117 Lit-

852 1129 917 1156 teris
935 1129 1084 1163 permulta;
1104 1131 1160 1158 sive
1175 1131 1213 1158 ita
1229 1131 1282 1159 Deo
1300 1132 1382 1160 libeat.
1401 1141 1463 1161 cum
1479 1135 1636 1164 hominibus

852 1183 942 1209 agere,
952 1183 985 1202 ne
994 1176 1132 1211 indignam
1144 1178 1275 1210 animam,
1289 1179 1442 1214 cujusmodi
1455 1182 1547 1209 m‘ulta:
1560 1188 1635 1216 sunt,

852 1221 941 1248 nudus
957 1223 1114 1254 et_inteetus
1130 1223 1238 1251 divinus
1254 1232 1344 1251 sermo
1358 1226 1469 1259 subeat;
1488 1227 1544 1254 sive
1562 1228 1636 1262 quod

852 1268 1053 1301 apertissimum
1068 1270 1178 1304 quidem
1195 1275 1292 1298 natura
1305 1279 1337 1299 ae
1350 1272 1582 1307 simplicissimum
1599 1275 1635 1302 sit

851 1318 932 1339 omne
947 1313 1089 1340 oraculum
1106 1314 1247 1348 divinum;
1267 1317 1313 1343 sed
1336 1317 1415 1344 nobis
1429 1317 1475 1352 qui
1494 1326 1509 1345 a
1524 1317 1579 1345 Deo
1591 1327 1635 1346 re-

849 1357 992 1390 cessimus,
1004 1363 1031 1385 et
1045 1359 1140 1386 audire
1154 1364 1264 1394 propter
1281 1365 1386 1396 tempus
1399 1366 1425 1389 et
1443 1363 1632 1398 antiquitatem

848 1402 1031 1437 desuevimus,
1049 1404 1196 1432 obscurum
1221 1413 1252 1432 ac
1274 1407 1474 1435 tenebricosum
1497 1409 1631 1442 videatur,

850 1448 940 1475 dicere
955 1457 1007 1476 non
1026 1450 1142 1484 habeo);
1161 1455 1221 1478 utut
1236 1451 1280 1484 sit,
1307 1452 1448 1481 declarans
1463 1459 1490 1481 et
1504 1455 1529 1481 in
1543 1455 1632 1482 lucem

847 1493 1000 1528 proferens,
1014 1495 1070 1522 sive
1084 1496 1226 1530 a’ttigmata
1239 1497 1301 1529 sint,
1323 1503 1450 1533 tanquam
1472 1499 1585 1528 idoneus
1605 1507 1631 1528 et

847 1539 1109 1574 intelligentissintus
1131 1541 1178 1568 Dei
1201 1543 1324 1574 auditor;
1349 1543 1405 1570 sive
1426 1544 1573 1572 obscurum
1600 1554 1631 1573 ac

845 1584 995 1612 ﬂexuosum
1013 1591 1109 1612 natura
1131 1587 1200 1614 nihil
1216 1588 1343 1620 habeant,
1364 1597 1413 1616 nec
1431 1590 1569 1617 intellectu
1585 1599 1630 1618 ar-

845 1631 928 1657 duutn
946 1631 1016 1666 ipsi,
1029 1632 1075 1666 qui
1095 1640 1166 1660 unus
1186 1633 1308 1660 omnium
1325 1635 1371 1669 qui
1387 1643 1460 1662 nunc
1473 1636 1567 1664 vivunt
1581 1637 1630 1665 ho-

845 1677 961 1708 minutn,
973 1685 1044 1711 quos
1059 1678 1100 1704 vel
1113 1678 1234 1705 noverim
1247 1679 1314 1713 ipse,
1331 1680 1371 1707 \el
1385 1681 1445 1708 aliis
1456 1683 1629 1712 narrantibus

843 1721 1003 1755 audiverim,
1023 1730 1089 1757 pura
1106 1728 1186 1758 atque
1208 1725 1351 1758 perspicua
1370 1728 1478 1754 oracula
1496 1729 1628 1756 meditan~

842 1768 888 1800 do,
904 1774 930 1795 et
947 1776 1038 1795 mente
1056 1770 1113 1803 ipse
1134 1770 1272 1805 percipere
1288 1777 1385 1807 potest,
1403 1777 1429 1801 ct
1444 1775 1562 1809 reliquos
1579 1776 1628 1802 do-

842 1821 917 1847 cere;
935 1815 1063 1849 quoniam
1080 1816 1124 1843 ille
1138 1817 1260 1844 onmium
1280 1819 1417 1853 princeps,
1433 1820 1479 1854 qui
1495 1820 1549 1848 Deo
1560 1821 1626 1849 cha-

841 1861 879 1888 ris
895 1861 1034 1895 prophetis
1051 1862 1172 1897 suggerit
1192 1868 1273 1898 atque
1295 1865 1410 1900 inspirat
1431 1874 1538 1894 omnem
1559 1875 1625 1902 pro-

840 1907 958 1941 phetiam
984 1915 1193 1942 sermonemque
1218 1910 1364 1944 mysticum
1386 1918 1418 1938 ac
1439 1911 1571 1945 divinum,
1591 1921 1625 1940 eo

840 1953 915 1979 illum
938 1953 1039 1980 honore
1064 1953 1182 1981 alliciens
1208 1955 1282 1982 velut
1304 1956 1432 1989 amicum,
1448 1957 1623 1992 interpretem

839 1999 999 2026 constituit:
1016 2007 1077 2034 quae
1088 2000 1150 2028 aliis
1167 2000 1296 2028 indicavit
1311 2002 1452 2036 duntaxat,
1469 2011 1563 2031 eorum
1576 2013 1624 2039 per

838 2046 911 2072 hunc
937 2045 1083 2073 instituens
1111 2046 1300 2080 disciplinam;
1323 2053 1348 2074 et
1369 2056 1537 2084 qnwcunqne
1553 2049 1621 2084 ipse,

837 2089 910 2117 omni
926 2090 977 2117 ﬁde
997 2090 1106 2125 dignus,
1127 2096 1174 2118 aut
1192 2093 1267 2127 regio
1290 2100 1365 2119 more
1379 2093 1462 2127 jussit
1478 2099 1525 2121 aut
1538 2094 1619 2122 etiam

837 2136 1035 2169 pronuntiavit,
1064 2144 1158 2163 eorum
1191 2138 1309 2165 rationes
1336 2139 1497 2174 inuestigare
1524 2144 1551 2167 et
1576 2141 1621 2167 ad-

836 2181 957 2215 invenire
980 2181 1044 2208 huic
1068 2182 1182 2216 largitus
1199 2192 1204 2209 :
1223 2187 1252 2209 ut
1269 2183 1291 2210 si
1308 2183 1369 2218 quis
1386 2183 1477 2210 animo
1490 2184 1575 2212 durus
1593 2191 1620 2213 et

835 2226 1001 2258 incredulus,
1013 2231 1059 2253 aut
1073 2226 1193 2254 discendi
1208 2227 1288 2253 etiam
1309 2227 1425 2261 cupidus
1434 2228 1547 2255 exsistat
1559 2249 1567 2262 ,
1583 2229 1618 2256 ab

834 2273 887 2299 hoc
903 2272 1023 2305 discens,
1045 2277 1071 2299 et
1087 2272 1236 2306 intelligere
1252 2277 1279 2299 et
1293 2273 1403 2299 credere
1417 2273 1617 2307 quodammodo

833 2322 958 2353 Cttgﬂlul‘,
982 2322 1009 2345 et
1028 2317 1112 2344 Deum
1129 2317 1216 2351 sequi.
1234 2317 1296 2343 Hau:
1308 2325 1373 2344 vero
1389 2318 1433 2345 ille
1450 2326 1502 2346 non
1525 2319 1614 2354 aliter,

832 2364 940 2398 opinor,
956 2364 1089 2396 enuntiat,
1106 2371 1187 2397 quam
1205 2371 1237 2389 ex
1255 2363 1339 2390 divini
1360 2363 1477 2398 Spiritus
1492 2373 1616 2393 commu-

832 2411 969 2438 nicatione
986 2419 991 2436 :
1009 2410 1102 2437 eadem
1119 2409 1190 2436 enim
1209 2409 1250 2436 vis
1266 2409 1414 2444 prophetis,
1430 2415 1456 2438 et
1471 2413 1615 2446 propheta-

831 2464 892 2483 rum
915 2455 1086 2483 auditoribus
1105 2458 1146 2481 est
1166 2462 1251 2489 opus;
1275 2462 1323 2481 nec
1341 2456 1499 2490 prophetam
1518 2465 1614 2491 capere

830 2501 893 2536 quis
907 2501 1003 2536 possit,
1019 2502 1063 2528 cui
1076 2499 1194 2535 Spiritus
1209 2500 1278 2528 idem
1296 2501 1341 2535 qui
1359 2501 1538 2536 prophetavit,
1554 2510 1613 2530 ser-

829 2601 882 2628 οὐδ’
897 2601 1025 2628 ἀσύνετον
1045 2600 1129 2655 αὐτῷ,
1154 2601 1257 2628 scilicet
1273 2600 1376 2636 ἔχοντα.
1391 2601 1492 2629 Confer
1511 2601 1532 2629 11
1545 2601 1608 2632 Cor.

829 2644 876 2655 ut"
901 2636 936 2655 ΘΚ
961 2636 987 2655 εἶ’
999 2644 1028 2655 ’τις
1064 2644 1078 2655 n

828 2644 889 2669 vni,
901 2636 946 2668 25,
961 2636 987 2662 εἴ
999 2635 1090 2662 τε.1υ.
1288 2635 1291 2636 ⁷

864 2671 919 2713 (‘21!)
942 2672 1094 2713 'Ezm't‘t'...
1108 2672 1334 2713 pagg-senuerit
1357 2671 1534 2713 Qraapismus,
1553 2673 1609 2713 ἔχει

885 2704 1030 2749 ελεῖηκώς.
1047 2704 1190 2734 Nonnullis
1202 2704 1351 2742 interjectis
1372 2708 1485 2743 legimus
1497 2708 1540 2735 hic
1551 2704 1608 2744 ἔχει

863 2741 1048 2813 rem?”
1072 2775 1197 2804 Refertur
1223 2777 1256 2804 ad
1282 2776 1396 2811 λογίων,
1417 2783 1443 2806 et
1468 2778 1570 2813 regitur
1591 2787 1606 2806 a

826 2812 984 2847 προήγορον.
1003 2811 1039 2838 lt).

850 2715 863 2733 ε

842 2750 859 2768 α
