1857 3047
44 128 110 156 “05

77 190 216 225 Ἐχθιστοι
234 191 282 218 καὶ
302 191 437 227 ἀλλότριοι
463 192 514 227 τῆς
541 193 723 228 ἁποστολικῆς
746 191 878 228 ὁμολοέΑ

42 235 103 270 γίας
126 237 150 263 οἱ
170 237 215 263 τὸν
231 237 294 263 Υἱὸν
315 237 346 269 ἐξ
365 238 415 264 οὐκ
435 237 519 265 ὅντων
537 239 585 265 καὶ
601 239 837 276 ἀποστελλομένης

42 282 130 316 ἀρχῆς
153 279 223 309 εἶναι
247 283 392 318 ἐπίκτητον
414 283 539 318 λέγοντες
564 285 603 320 τῷ
624 285 729 321 Πατρίο
750 286 798 312 καὶ
813 286 838 312 οί.

42 328 106 361 περὶ
123 327 168 354 τοῦ
185 329 264 362 ἁγίου
285 329 442 364 Πνεύματος
458 329 493 356 τὰ
512 330 582 357 αὐτὰ
598 331 799 366 διανοούμενοι·
812 333 836 358 οἱ

40 372 113 398 δόσει
131 373 178 399 καὶ
195 374 286 408 χάριτι
299 373 479 401 θεοποιεῖσθαι
498 375 624 409 λέγοντες
636 375 681 403 τὸν
697 377 772 409 Υίὺν,
791 377 838 404 καὶ

40 418 69 444 τὸ
86 418 200 454 Πνεῦμα
219 419 250 445 τὺ
263 419 339 453 ἆγιον
354 419 513 453 άγιάζεσθαι
524 429 530 435 '
547 421 570 447 οἱ
588 421 619 447 τὸ
635 421 682 447 τοῦ
702 421 768 448 Υἱοῦ
781 430 838 448 κοι-

39 464 212 496 νοποιοῦντες
229 465 315 501 ὄνομα
328 465 397 501 πρὸς
416 466 479 498 τοὺς
492 466 616 499 δούλους,
637 468 684 494 καὶ
703 468 839 503 πρωτότο-

40 519 88 537 κον
110 511 226 543 κτίσεως
243 511 315 538 οὕτω
329 512 463 546 λέγοντες,
477 513 515 545 ὼς
526 514 627 549 ὁμοίως
643 515 675 541 ἐκ
686 514 732 541 τοῦ
747 514 784 550 μὴ
800 512 838 541 εἷ-

40 564 84 582 ναι
99 556 146 583 καὶ
156 555 236 588 αὺτρν
249 557 323 589 ὄντα,
343 559 391 584 καὶ
406 558 444 589 ὡς
456 558 564 593 πρῶτον
576 560 772 595 πεποιημένον,
791 560 838 587 καὶ

38 600 88 636 οὐχ
105 601 297 636 ὁμολογοῦντες
312 604 442 639 μονογενῆ
458 604 533 636 Υίὸν,
552 605 631 640 μόνον
649 605 713 632 ὄντα
730 605 769 641 τῷ
780 606 837 632 Πα-

39 647 95 682 τρὶ,
117 647 252 674 δεδωκότα
267 647 295 674 δὲ
315 648 410 675 ἑαυτὸν
434 650 474 681 εἰς
485 649 683 686 συναρίθμησιν
703 649 757 677 τῶν
779 650 838 686 θνη-

38 693 107 727 τῶν,
128 693 175 720 καί⁵
198 694 269 720 οὕτω
293 695 465 730 πρωτότοκον
494 695 713 732 ἀριθμούμενον·
739 698 762 723 οἱ
789 697 838 732 τὴν

37 739 169 774 γέννησιν
182 739 230 766 τοῦ
245 739 309 766 Υίοῦ
327 740 377 776 τὴν
392 741 424 767 ἐκ
444 741 550 777 Harpe;
571 741 748 777 ἀνθρωπίνως
761 751 838 778 περι-

37 785 192 820 γράφοντες
209 785 373 822 διαστήματι
388 787 580 823 μετρουμένῳ,
596 788 644 815 καὶ
659 788 709 814 οὐκ
722 789 837 824 ἄναρχον

36 830 83 856 τὸν
103 829 189 857 αἰῶνα
200 830 246 857 τοῦ
262 831 425 868 Γεννήτορος
436 833 483 859 καὶ
497 832 545 859 τοῦ
560 833 579 859 Γ
581 833 730 869 εννήματος
743 833 837 868 ὁμολο-

36 875 168 908 γοῦντες·
188 876 214 901 οἱ
226 878 300 912 τρεῖς
315 878 517 913 ἁκοινωνήτους
530 878 576 904 καὶ
593 877 671 910 ξένας
683 878 838 913 είσάγοντες
854 873 875 900 Β

35 921 180 957 λατρείας,
204 923 268 957 μιᾶς
293 923 341 949 καὶ
357 923 441 958 μόνης
461 923 545 959 οὔσης
562 924 611 959 τῆς
633 924 838 960 νομίμουθρη-

36 968 146 1000 σκείας,
169 969 202 1004 ἣν
219 969 322 996 ἄνωθεν
340 970 373 996 ὲκ
388 970 471 1005 νόμου
489 971 535 997 καὶ
555 971 702 1006 προφητῶν
716 971 838 1008 παραλα-

35 1014 134 1046 ϐόντες
148 1014 246 1050 ἔχομεν
265 1016 313 1042 καὶ
327 1016 379 1042 ὑπὸ
392 1016 439 1043 τοῦ
452 1017 554 1053 Κυρίου
574 1017 779 1052 βεϐαιωθεῖσαν,
791 1018 837 1044 καὶ

34 1061 89 1087 ὑπὸ
104 1061 160 1088 τῶν
179 1062 334 1089 ἀποστόλων
347 1064 575 1099 κεκηρυγμένην”
593 1064 729 1099 ἀλλότριοι
746 1064 774 1091 δὲ
788 1065 837 1100 οὐχ

34 1103 119 1141 ἧττον
134 1107 182 1133 καὶ
197 1108 222 1133 οἱ
239 1108 289 1143 τὴν
309 1108 411 1143 Τριάδα
424 1109 461 1145 μὴ
474 1109 545 1137 κατὰ
560 1109 687 1144 ἀλήθειαν
704 1110 736 1136 ἐκ
754 1109 837 1146 τριῶν

34 1152 196 1188 προσώπων
212 1154 405 1188 ὁμολογοῦντες
415 1175 422 1187 ,
442 1155 498 1182 ἀλλ’
515 1157 544 1182 ὲν
562 1155 656 1191 μονάδι
668 1155 698 1181 τὸ
709 1155 836 1190 τριπλοῦν

33 1199 147 1231 ἀσεϐῶς
164 1199 235 1226 κατὰ
252 1200 375 1228 σύνθεσιν
392 1201 606 1237 φανταζόμενον
631 1204 678 1230 καὶ
701 1204 796 1239 σοφίαν
809 1204 837 1230 ἐν

32 1247 95 1282 Θεῷ
111 1247 161 1274 τὸν
180 1248 241 1274 Υίὺν
255 1248 292 1279 ὡς
310 1249 338 1274 εν
354 1248 490 1284 ἀνθρώπῳ
501 1250 550 1285 τὴν
567 1249 740 1286 ἀνθρωπίνην
753 1250 836 1286 ἡγού-

34 1303 125 1328 μενοι,
142 1294 177 1320 δι’
191 1292 225 1330 ἧς
236 1295 250 1321 ὁ
264 1294 407 1331 ἅνθρωπός
417 1296 475 1322 ἐστι
489 1296 580 1330 σοφὸς,
594 1297 640 1322 καὶ
646 1297 731 1331 ,λόγον
738 1297 837 1331 ὁμοίως

32 1341 73 1376 τῷ
86 1340 161 1367 κατὰ
177 1341 317 1377 προφορὰν
332 1341 349 1375 ἢ
366 1341 485 1369 διάνοιαν
502 1342 709 1378 εἰσηγούμενοι,
727 1343 837 1379 οὐδεμιᾷ

31 1387 190 1415 ὑποστάσει
201 1388 262 1414 οὐδὲ
272 1388 350 1425 μόνῃ.

75 1479 311 1516 Ἐκκλησιαστικὴ
331 1480 359 1507 δὲ
375 1481 505 1516 ὁμολογία
521 1481 569 1508 καὶ
590 1481 685 1517 κόσμῳ
705 1482 838 1517 σωτήριος

32 1525 131 1557 πίστις
149 1527 166 1561 ἡ
185 1527 249 1562 περὶ
263 1527 312 1561 τῆς
324 1527 369 1553 τοῦ
384 1527 471 1561 Λόγου
487 1527 651 1564 σαρκώσεως
663 1548 670 1560 ,
687 1528 777 1560 δόντος
789 1528 837 1564 μὲν

29 1572 135 1598 ἑαυτὸν
159 1572 319 1609 ἀνθρωπίνῃ
338 1574 419 1609 σαρκὶ
430 1573 463 1610 ἢν
480 1574 513 1600 ὲκ
523 1574 633 1610 Μαρίας
644 1574 836 1609 προσελάϐετο,

30 1619 184 1653 μείναντος
207 1619 235 1645 δὲ
252 1620 280 1645 ἐν
294 1620 457 1655 ταυτότητι,
479 1621 526 1647 καὶ
545 1621 680 1660 μηρεμίαν
698 1620 839 1656 θείαν-με-

27 1665 184 1701 τακίνησιν
204 1666 270 1700 μηδὲ
281 1665 421 1692 ἀλλοίωσιν
438 1667 616 1699 ὑποστάντος,
632 1667 838 1703 συναιρεθέντος

27 1711 59 1738 δὲ
77 1711 155 1746 πρὸς
168 1710 217 1746 τὴν
233 1710 322 1745 σάρκα
341 1711 402 1737 καθ’
417 1711 549 1746 ὁμοίωσιν
564 1712 752 1748 ἀνθρωπίνην,
769 1713 839 1740 ὥστε

27 1758 84 1793 τὴν
116 1757 210 1792 σάρκα
232 1757 300 1792 πρὸς
325 1757 376 1792 τὴν
403 1757 517 1793 θεότητα
538 1758 682 1793 ἑνωθῆναι.
706 1759 756 1795 τῆς
778 1759 838 1786 θεό-

26 1812 118 1835 τητος
135 1803 169 1829 τὸ
185 1803 335 1838 παθητικὸν
349 1804 397 1839 τῆς
411 1803 513 1839 σαρκὸς
528 1805 558 1831 ὲν
572 1806 604 1839 τῇ
622 1805 669 1831 τοῦ
688 1806 838 1840 μυστηρίου

25 1848 183 1884 πληρώσει
205 1849 390 1884 ἀνῃρηκυίας·
418 1849 488 1884 μετὰ
508 1849 537 1875 δὲ
554 1849 669 1876 θανάτου
691 1842 838 1878 κατάλυσιν

26 1897 102 1933 περὶ
127 1895 182 1931 τὴν
208 1896 297 1930 σάρκα
321 1896 371 1931 τὴν
400 1895 480 1929 ἁγίαν
515 1895 638 1922 ἀπάθεια
657 1896 781 1931 διηνεκὴς
792 1897 839 1923 καὶ

24 1940 178 1975 ἄτρεπτος
198 1939 332 1966 ἀθανασία
344 1948 350 1954 ⁸
371 1939 570 1975 άνειλημμὲνου
593 1940 642 1975 μὲν
655 1940 702 1966 τοῦ
713 1942 773 1967 κατ’
790 1942 839 1978 ἀρ-

24 1987 86 2022 χὴν
111 1985 289 2021 ἀνθρωπίνου
307 1986 422 2017 κάλλους
448 1987 477 2012 ἐν
492 1987 526 2021 τῇ
540 1986 590 2021 τῆς
609 1986 735 2022 θεότητος
759 1987 838 2014 δυνά-

25 2043 93 2069 μει,
120 2041 242 2069 χορηγου
247 2033 326 2069 μένου
347 2033 377 2060 δὲ
398 2033 444 2060 ἐπὶ
464 2033 568 2065 πάντας
581 2033 748 2069 ἀνθρώπους
761 2035 790 2060 ὲν
804 2035 836 2069 τῇ

22 2081 83 2116 τῆς
101 2080 229 2111 πίστεως
242 2079 388 2107 οἰκειώσει.

62 2126 103 2152 Εἰ
121 2125 155 2151 δέ
164 2133 238 2156 τινες
249 2125 296 2151 καὶ
306 2124 424 2151 ἐνταῦθα
436 2125 681 2161 παραχαράττουσι
693 2125 743 2161 τὴν
761 2124 838 2161 ἱερὰν

22 2173 144 2203 πίστιν,
167 2170 184 2205 ἢ
204 2171 236 2205 τῇ
260 2170 367 2205 θεότητι
385 2170 419 2197 τὰ
432 2170 591 2205 ἀνθρώπινα
608 2171 838 2206 προσιδιοποιοῦν-

22 2228 88 2251 τες.
109 2217 260 2252 προκοπὰς
275 2226 303 2243 τε
327 2218 375 2244 καὶ
395 2217 468 2252 πάθη
489 2218 536 2244 καὶ
552 2217 630 2251 δόξαν
644 2218 694 2253 τὴν
714 2219 836 2252 ἐπιγινο-

22 2265 81 2299 μέν
89 2273 138 2297 ην,
162 2262 178 2297 ἦ
201 2263 251 2297 τῆς
267 2262 392 2298 θεότητος
404 2263 557 2295 διϊστῶντες
570 2263 600 2290 τὸ
618 2264 772 2299 προκόπτον
793 2265 840 2290 καὶ

22 2311 146 2345 πάσχον
170 2308 259 2343 σῶμα,
275 2309 313 2341 ὡς
330 2309 482 2342 ἰδιαζόντως
493 2309 627 2344 ὑφεστὼς,
641 2310 687 2336 καὶ
705 2306 777 2336 οὗτοι
791 2310 839 2344 τῆς

22 2354 275 2390 ἐκκλησιαστικῆς
298 2355 342 2381 καὶ
362 2355 502 2390 σωζούσης
519 2355 664 2390 ὁμολογίας
686 2355 774 2387 ἐκτός.
792 2357 840 2382 Οὐ.

22 2404 88 2434 Ξεὶς
110 2397 164 2428 οὖν
179 2400 288 2427 δύναται
311 2401 412 2434 γνῶναι
437 2401 483 2427 τὸν
497 2400 574 2431 Θεὸν,
597 2403 622 2427 εἰ
646 2402 682 2436 μὴ
708 2401 753 2428 τὸν
774 2401 838 2428 Υίὸν

22 2446 160 2482 ἐπιγνῷ·
190 2446 270 2480 σοφία
295 2446 349 2482 γάρ
377 2447 450 2472 ἐστιν
466 2447 480 2472 ὁ
498 2446 560 2478 Υἱὸς
582 2446 617 2472 δι’
637 2445 671 2482 ἧς
689 2447 723 2473 τὰ
750 2446 839 2474 πάντα

22 2496 170 2522 ἔκτισται
185 2501 192 2506 ·
210 2492 245 2519 τὰ
265 2492 294 2519 δὲ
314 2493 451 2528 κτίσματα
476 2493 572 2528 μηνύει
584 2493 633 2528 τὴν
649 2493 754 2527 σοφίαν,
769 2493 839 2520 καὶὸ

22 2541 102 2572 θεὸς
120 2540 154 2565 ὲν
169 2539 202 2573 τῇ
220 2538 300 2574 σοφία
316 2537 498 2572 γινώσκεται·
523 2538 553 2564 οὺ
581 2537 694 2573 τοιαύτη
709 2538 738 2564 δὲ
757 2540 772 2574 ἡ
790 2538 837 2565 τοῦ

22 2583 104 2612 θεοῦ
130 2583 215 2616 σοφία
235 2583 293 2609 οἵαν
308 2582 451 2618 ἄνθρωπος
469 2581 537 2618 ἔχει,
559 2583 626 2610 ἀλλὰ
641 2583 731 2610 τελεία
747 2584 779 2610 ἐκ
794 2593 838 2610 τε-

22 2632 109 2658 ’.είου
126 2627 179 2656 τοῦ
193 2628 260 2655 Θεοῦ
276 2628 446 2664 προελθοῦσα
466 2629 512 2655 κα)⁸
535 2629 653 2664 μένουσα
670 2629 713 2656 διὰ
727 2630 836 2663 παντὸς,

22 2680 78 2713 ιὺχ
101 2676 143 2708 ὡς
162 2675 252 2711 νόημα
263 2675 406 2712 ἀνθρώπου
419 2677 450 2703 τὸ
462 2676 677 2713 παρερχόμενον,
692 2677 738 2703 καὶ
751 2677 837 2711 Λόγος

22 2723 210 2758 [αλούμενος
227 2722 273 2749 καὶ
292 2722 329 2758 μὴ
349 2722 405 2749 ὢν·
421 2722 466 2750 διὰ
479 2722 558 2750 τοῦτο
577 2724 609 2749 οὺ
625 2723 709 2758 μόνον
720 2723 778 2750 ἔστι
794 2732 837 2750 σο-

22 2773 97 2809 ρεςι,
111 2769 183 2797 ἀλλὰ
198 2770 245 2796 καὶ
256 2770 334 2802 656;-
348 2770 407 2797 οὐδὲ
422 2771 501 2806 μόνον
515 2771 611 2805 Λόγος,
622 2771 688 2798 ἀλλὰ
704 2771 751 2797 καὶ
760 2771 836 2803 Υἱός.

22 2820 103 2848 εἴτε
114 2815 165 2844 οὖν
180 2817 235 2844 ἀπὺ
255 2817 368 2849 κτίσεώς
378 2827 421 2849 τις
441 2820 497 2844 νοεῖ
511 2818 559 2845 τὸν
574 2819 650 2850 Θεὺν,
667 2819 721 2845 εἴτε
739 2819 771 2844 ὲκ
783 2818 836 2844 τῶν

22 2867 121 2897 ῡείων
141 2864 260 2905 Γραιξῶν
276 2863 440 2897 διδάσκεται,
462 2865 510 2891 οὐκ
531 2864 592 2892 ἄνευ
608 2865 656 2900 τῆς
677 2864 770 2899 σοφίας
791 2864 835 2891 αὺ-

676 131 771 158 ΚᾹΤΛ
790 130 904 157 ΜΕΡΟΣ
918 130 1042 158 ΠΙΣΤΙΣ.

852 1552 872 1580 C

1608 129 1619 156 Ι
1627 127 1678 158 too

927 192 1109 220 lnimicissimi
1134 196 1161 219 et
1182 191 1264 219 alieni
1290 199 1306 218 a
1325 190 1500 218 confessione
1525 189 1677 224 apostolica

890 245 964 272 sunt,
982 240 1029 274 qui
1045 239 1139 266 dicunt
1162 247 1223 266 esse
1246 238 1346 265 Filium
1363 245 1397 264 ex
1413 244 1467 264 non
1482 236 1677 267 exstantibus,

889 291 916 314 et
933 295 965 314 ex
981 286 1113 321 principio
1128 286 1279 317 emittente,
1293 289 1436 312 externum
1467 288 1494 310 et
1518 283 1585 310 foris
1607 282 1681 310 asci-

889 337 947 359 tum
970 332 1066 360 Patri:
1084 336 1111 359 et
1127 332 1174 367 qui
1188 332 1282 358 eadem
1306 331 1340 358 de
1360 330 1462 365 Spiritu
1491 333 1587 357 saneto
1611 336 1678 356 sen-

892 379 979 411 tiunt;
999 379 1101 414 quique
1114 379 1209 406 dicunt
1224 378 1334 405 datione
1351 374 1380 404 et
1395 377 1483 413 gratia
1502 376 1603 404 factum
1619 383 1681 404 esse

890 425 993 458 Deum;
1011 430 1038 452 et
1055 425 1187 460 Spiritum
1215 429 1342 452 sanctum
1364 423 1548 457 sanetilicari;
1564 423 1611 458 qui
1629 430 1680 450 no-

891 479 955 498 men
983 471 1046 498 Filii
1069 479 1131 498 cum
1156 471 1243 499 servis
1267 477 1413 498 commune
1439 469 1558 502 faciunt;
1579 468 1680 503 quisic

889 515 984 542 dicunt
998 523 1060 542 eum
1073 515 1284 550 primogenitum
1307 519 1450 547 creaturae,
1467 521 1500 541 ac
1512 513 1536 541 si
1551 518 1623 541 esset
1637 513 1678 541 si-

889 560 992 588 militer
1007 560 1104 592 factus,
1118 567 1181 588 cum
1198 569 1252 587 non
1269 565 1351 592 esset.
1369 564 1397 588 et
1410 565 1540 595 tanquam
1558 560 1678 594 primum

889 606 1031 634 factus:et
1051 614 1105 647 non
1127 607 1292 633 conﬁtentur
1314 605 1484 641 unigenitum
1506 605 1614 637 Filium,
1630 605 1679 640 qui

889 652 965 680 solus
988 653 1024 680 sit
1048 652 1119 680 Patri
1134 651 1231 683 Filius,
1245 652 1291 687 qui
1307 652 1382 679 dedit
1402 652 1536 686 seipsum,
1550 655 1581 678 ut
1593 659 1679 678 annu-

889 703 1043 726 merarctur
1064 697 1235 728 mortalibus,
1259 703 1341 732 atque
1359 698 1396 724 ita
1421 701 1494 724 esset
1518 700 1680 723 numeratus

889 744 1086 779 primogenitus
1102 743 1168 778 :qui
1182 744 1385 778 generationem
1409 741 1468 775 Filii
1481 749 1513 769 ex
1533 741 1612 768 Patre
1625 741 1678 767 hu-

889 798 969 817 mane
986 789 1216 818 circumscribunt
1233 789 1321 824 spatio
1333 788 1463 815 demenso
1479 795 1486 820 ;
1503 791 1530 814 et
1546 794 1599 814 non
1611 793 1678 813 con—

889 838 1000 866 ﬁtentur
1017 837 1253 865 :evumGenitoris
1277 840 1304 864 et
1335 835 1425 863 Geniti
1447 835 1507 863 sine
1526 834 1678 869 principio;

891 885 936 919 qui
954 889 1010 911 tres
1020 884 1126 916 latrias,
1143 883 1169 910 id
1185 889 1236 914 est,
1252 882 1341 910 cultus
1361 882 1396 909 ab
1414 889 1466 908 una
1483 879 1678 908 communione

891 935 1036 964 soparatos
1055 934 1083 956 et
1101 929 1207 956 alienos
1226 928 1418 961 introducunt;
1443 935 1505 954 cum
1528 926 1564 954 sit
1582 934 1636 954 una
1651 929 1685 954 ει-

891 977 949 1004 sola
971 976 1092 1011 legitima
1112 975 1218 1010 religio,
1234 981 1316 1009 quam
1339 981 1354 1000 a
1379 973 1513 1008 principio
1525 980 1559 1000 ex
1579 973 1637 1008 lege
1651 975 1682 1000 et

890 1021 1031 1057 prophetis
1046 1024 1200 1055 acceptam,
1217 1024 1244 1046 et
1261 1027 1275 1046 a
1295 1019 1412 1046 Domino
1437 1018 1637 1051 conﬁrmatam,
1652 1021 1683 1045 ct,

891 1075 906 1095 a
923 1067 1025 1095 sanctis
1040 1066 1170 1101 apostolis
1187 1065 1362 1101 praedicatam
1385 1064 1529 1092 habemus.
1545 1063 1605 1091 Non
1627 1063 1678 1090 mi-

891 1121 943 1141 nus
958 1112 1038 1140 alieni
1056 1117 1130 1143 sunt,
1143 1112 1190 1147 qui
1205 1111 1366 1139 Trinitatem
1385 1119 1439 1138 non
1459 1110 1609 1138 secundum
1631 1117 1678 1137 ve-

890 1161 997 1187 ritatem
1012 1167 1045 1186 ex
1065 1159 1153 1186 tribus
1165 1158 1292 1185 Pet-sonis
1311 1157 1486 1189 conﬁtentur,
1505 1156 1551 1183 sed
1574 1156 1600 1182 in
1617 1156 1678 1182 uni-

892 1211 946 1234 tate
973 1206 1137 1240 triplicatam
1170 1204 1320 1232 secundum
1346 1203 1571 1238 compositionem
1596 1202 1679 1236 impie

891 1254 1006 1287 tingunt,
1022 1256 1048 1278 et
1060 1251 1220 1286 sapientiam
1238 1251 1265 1277 in
1283 1249 1339 1276 Deo
1354 1249 1513 1278 existimant
1531 1256 1592 1276 esse
1608 1249 1678 1276 sicut

891 1298 919 1325 in
932 1297 1042 1324 homine
1057 1296 1219 1332 sapientiam
1239 1296 1400 1328 humanam,
1421 1302 1474 1330 qua
1494 1294 1603 1329 sapiens
1615 1297 1675 1326 est;

890 1348 917 1370 et
931 1342 1050 1370 Verbum
1067 1342 1156 1371 simile
1180 1350 1241 1370 esse
1264 1342 1478 1376 interpretantur
1503 1340 1587 1367 verbo
1604 1339 1677 1374 quod

891 1397 939 1416 ore
961 1388 1108 1424 profertur.
1130 1388 1173 1416 vel
1196 1392 1287 1415 mente
1307 1386 1470 1422 concipitur,
1493 1386 1568 1414 nulla
1592 1385 1678 1422 hypo-

891 1434 966 1462 stasi.

926 1480 1118 1508 Ecclesiastica
1131 1487 1196 1507 vero
1216 1479 1355 1507 confessio
1367 1483 1395 1507 et
1411 1479 1514 1506 mundo
1536 1478 1676 1511 salutaris.

890 1528 933 1552 est
947 1525 1013 1552 tides
1028 1525 1062 1553 de
1075 1525 1264 1553 incarnatione
1279 1524 1371 1558 Verbi,
1387 1526 1459 1560 quod
1471 1525 1581 1560 quidem
1602 1531 1676 1559 prae-

890 1571 949 1598 buit
967 1572 1087 1606 seipsum
1104 1572 1232 1599 humanae
1251 1573 1338 1605 carni,
1366 1580 1448 1608 quam
1468 1579 1503 1599 ex
1526 1571 1610 1599 Maria
1633 1579 1679 1599 as-

889 1618 1006 1652 sumpsit
1024 1625 1139 1645 maucns
1163 1618 1234 1645 idem
1254 1618 1357 1653 ipsum,
1373 1618 1532 1653 nullamque
1555 1617 1676 1645 divinam

891 1665 1071 1692 mutationem
1101 1672 1190 1700 neque
1215 1664 1395 1692 variationem
1415 1664 1578 1699 suscipiens,
1595 1671 1678 1698 copu-

888 1710 974 1738 latum
993 1719 1056 1737 eum
1077 1718 1159 1742 carne
1183 1711 1217 1738 ad
1242 1711 1450 1738 similitudinem
1474 1710 1633 1742 humanam,
1650 1713 1680 1736 ut

888 1764 954 1783 caro
970 1757 1089 1784 situnita
1102 1757 1249 1787 divinitati.
1263 1748 1388 1792 suscepta
1400 1765 1416 1784 a
1432 1756 1574 1784 divinitate
1599 1755 1678 1783 Verbi

888 1803 1070 1837 passibilitate
1084 1803 1176 1830 carnis
1194 1803 1227 1830 ad
1243 1803 1411 1838 implendum
1426 1803 1597 1838 mysterium.
1613 1801 1680 1829 Post

889 1850 1004 1877 deletam
1030 1857 1095 1876 vero
1115 1854 1229 1876 mortem
1256 1854 1387 1883 perpetua
1418 1848 1625 1884 impassibilitas
1649 1848 1678 1874 in

889 1902 984 1924 sancta
996 1904 1089 1928 carne,
1105 1901 1132 1922 et
1152 1895 1345 1922 immortalitas
1362 1894 1545 1922 immutabilis
1564 1894 1677 1927 mansit,

890 1946 1049 1977 recuperata
1068 1942 1095 1968 in
1116 1941 1217 1967 virtute
1243 1940 1393 1968 divinitatis
1408 1939 1610 1975 pulchritudine
1624 1939 1676 1967 hn-

889 1996 981 2020 mana,
998 1995 1058 2022 qua:
1079 1995 1094 2014 a
1118 1987 1253 2022 principio
1269 1986 1331 2018 fuit,
1345 1991 1372 2014 et
1389 1991 1517 2013 manante
1534 1986 1561 2013 in
1581 1993 1681 2013 omnes.

889 2034 1024 2066 homines,
1037 2033 1203 2061 conciliante
1216 2040 1276 2060 eam
1295 2032 1358 2060 lide.

925 2126 952 2154 Si
969 2127 1015 2161 qui
1032 2133 1098 2153 vero
1124 2126 1206 2153 etiam
1231 2124 1276 2152 hic
1296 2131 1401 2151 sacram
1419 2123 1498 2151 ﬁdem
1517 2123 1677 2159 depravant,

889 2173 1032 2208 separatim
1043 2172 1221 2200 attribuentes
1238 2171 1374 2199 divinitati
1393 2179 1455 2205 qum
1473 2171 1593 2197 humana
1603 2173 1677 2202 sunt,

854 2226 875 2253 ι)
890 2220 1058 2246 incrementa
1071 2238 1078 2249 ,
1104 2218 1247 2253 passiones
1258 2238 1265 2249 ,
1290 2217 1479 2244 accessionem
1505 2216 1598 2251 gloriae
1613 2220 1679 2243 :aut

893 2269 1051 2300 separantes
1071 2272 1086 2290 a
1101 2264 1245 2291 divinitate
1257 2271 1369 2298 corpus,
1386 2263 1459 2297 quod
1478 2261 1638 2297 proficiebat
1651 2265 1680 2288 et

892 2311 1056 2346 patiebatur,
1076 2315 1207 2343 tanquam
1230 2317 1277 2344 per
1295 2317 1324 2336 se
1339 2308 1499 2341 exsisteret;
1521 2308 1548 2335 hi
1569 2314 1680 2342 quoque

891 2362 967 2384 extra
1005 2356 1207 2384 confessionem
1236 2355 1449 2382 ecclesiasticam
1476 2358 1504 2381 et
1531 2353 1685 2381 salutarem,

890 2407 963 2431 sunt.
991 2402 1077 2429 Nemo
1107 2402 1189 2436 igitur
1211 2405 1300 2435 potest
1329 2407 1496 2435 cognoscere
1510 2399 1606 2431 Deum,
1624 2399 1685 2427 nisi,

890 2449 989 2476 Filium
1015 2453 1156 2483 agnoscat.
1183 2446 1322 2481 Sapientia
1350 2447 1423 2473 enim
1450 2451 1492 2473 est
1514 2445 1611 2478 Filius,
1623 2452 1682 2479 qua

890 2496 982 2524 omnia
1004 2499 1094 2522 creata
1121 2498 1195 2521 sunt.
1222 2493 1364 2520 Creatune
1396 2497 1486 2520 autem
1516 2492 1677 2527 sapientiam

889 2541 1039 2572 declarant,
1055 2545 1081 2567 et
1105 2539 1175 2566 Dens
1196 2539 1222 2565 in
1245 2538 1378 2573 sapientia
1399 2539 1534 2566 noscitur.
1555 2537 1615 2572 Non
1633 2542 1677 2566 est

889 2591 980 2614 autem
999 2585 1133 2620 sapientia
1147 2585 1206 2617 Dei,
1223 2585 1333 2619 qualem
1347 2585 1428 2612 homo
1445 2585 1540 2618 habet;
1554 2585 1601 2612 sed
1616 2592 1679 2619 per-

889 2633 970 2664 fecta,
987 2640 1047 2666 qua:
1064 2639 1097 2658 ex
1114 2630 1234 2665 perfecto
1257 2630 1312 2657 Deo
1333 2631 1426 2664 exivit,
1448 2635 1475 2658 et
1498 2638 1605 2665 semper
1620 2639 1679 2658 ma-

890 2684 950 2711 net;
966 2686 1021 2705 non
1044 2681 1074 2706 ut
1097 2677 1172 2705 notio
1197 2677 1328 2710 hominis,
1346 2685 1407 2712 qum
1425 2677 1554 2711 prieterit,
1573 2682 1600 2704 et
1617 2684 1666 2704 ver

890 2725 954 2752 bum
968 2724 1040 2758 quod
1054 2723 1204 2758 loquimur,
1221 2728 1248 2749 et
1261 2731 1314 2750 non
1332 2728 1384 2750 est.
1398 2723 1503 2750 Idcirco
1517 2731 1571 2750 non
1587 2723 1678 2750 solum

891 2777 932 2800 est
944 2771 1088 2806 sapientia,
1106 2771 1152 2798 sed
1166 2770 1257 2804 Deus;
1277 2778 1364 2805 neque
1387 2771 1477 2797 solum
1491 2775 1532 2798 est
1549 2769 1678 2802 Verbum.

889 2819 935 2846 sed
958 2818 1052 2847 Filius.
1071 2818 1134 2845 Sive
1154 2818 1217 2853 quis
1240 2817 1323 2852 igitur
1344 2825 1377 2844 ex
1400 2822 1525 2845 creatura
1551 2817 1682 2851 intelligit

890 2863 986 2898 Deum,
1001 2865 1058 2892 sive
1072 2872 1105 2892 ex
1125 2863 1276 2898 Scripturis
1290 2863 1412 2894 docetur,
1429 2870 1482 2890 non
1497 2863 1555 2890 sine
1566 2862 1674 2898 sapien-
