  <div class='ocr_page' id='page_1' title='image "/cluster/home/n/w/nwhite01/storage/ocr_20150623/10/njp.32101077772406/617.png"; bbox 0 0 1857 3047; ppageno 0'>
   <div class='ocr_carea' id='block_1_1' title="bbox 184 139 253 168">
    <p class='ocr_par' dir='ltr' id='par_1_1' title="bbox 184 139 253 168">
     <span class='ocr_line' id='line_1_1' title="bbox 184 139 253 168; baseline 0 -1"><span class='ocrx_word' id='word_1_1' title='bbox 184 139 253 168; x_wconf 74' lang='grc'><strong>1107</strong></span> 
     </span>
    </p>
   </div>
   <div class='ocr_carea' id='block_1_2' title="bbox 513 117 1493 165">
    <p class='ocr_par' dir='ltr' id='par_1_2' title="bbox 513 117 1493 165">
     <span class='ocr_line' id='line_1_2' title="bbox 513 117 1493 165; baseline -0.013 0"><span class='ocrx_word' id='word_1_2' title='bbox 513 135 542 164; x_wconf 89' lang='lat' dir='ltr'><strong>S.</strong></span> <span class='ocrx_word' id='word_1_3' title='bbox 562 134 728 165; x_wconf 75' lang='lat' dir='ltr'><strong>GREGORII</strong></span> <span class='ocrx_word' id='word_1_4' title='bbox 747 133 928 163; x_wconf 76' lang='lat' dir='ltr'><strong>THAUMAT.</strong></span> <span class='ocrx_word' id='word_1_5' title='bbox 948 132 1025 160; x_wconf 85' lang='lat' dir='ltr'><strong>OPP.</strong></span> <span class='ocrx_word' id='word_1_6' title='bbox 1045 130 1135 159; x_wconf 82' lang='lat' dir='ltr'><strong>PARS</strong></span> <span class='ocrx_word' id='word_1_7' title='bbox 1155 128 1307 157; x_wconf 74' lang='lat' dir='ltr'><strong>ALTERA.</strong></span> <span class='ocrx_word' id='word_1_8' title='bbox 1325 118 1360 146; x_wconf 70' lang='grc' dir='ltr'><strong>-Ϊ</strong></span> <span class='ocrx_word' id='word_1_9' title='bbox 1378 117 1493 154; x_wconf 72' lang='lat' dir='ltr'><strong>DUBIA.~</strong></span> 
     </span>
    </p>
   </div>
   <div class='ocr_carea' id='block_1_3' title="bbox 1742 119 1807 148">
    <p class='ocr_par' dir='ltr' id='par_1_3' title="bbox 1742 119 1807 148">
     <span class='ocr_line' id='line_1_3' title="bbox 1742 119 1807 148; baseline 0 -1"><span class='ocrx_word' id='word_1_10' title='bbox 1742 119 1807 148; x_wconf 76' lang='lat' dir='ltr'><strong>H08</strong></span> 
     </span>
    </p>
   </div>
   <div class='ocr_carea' id='block_1_4' title="bbox 185 180 960 234">
    <p class='ocr_par' dir='ltr' id='par_1_4' title="bbox 185 195 956 234">
     <span class='ocr_line' id='line_1_4' title="bbox 185 195 956 234; baseline -0.006 -7"><span class='ocrx_word' id='word_1_11' title='bbox 185 201 223 228; x_wconf 88' lang='lat' dir='ltr'><strong>tia</strong></span> <span class='ocrx_word' id='word_1_12' title='bbox 235 199 296 234; x_wconf 83' lang='lat' dir='ltr'><strong>ejus</strong></span> <span class='ocrx_word' id='word_1_13' title='bbox 310 205 484 234; x_wconf 73' lang='lat' dir='ltr'><strong>cognoscere,</strong></span> <span class='ocrx_word' id='word_1_14' title='bbox 496 202 543 225; x_wconf 83' lang='lat' dir='ltr'><strong>aut</strong></span> <span class='ocrx_word' id='word_1_15' title='bbox 557 197 653 224; x_wconf 87' lang='lat' dir='ltr'><strong>audire</strong></span> <span class='ocrx_word' id='word_1_16' title='bbox 671 196 705 225; x_wconf 87' lang='lat' dir='ltr'><strong>de</strong></span> <span class='ocrx_word' id='word_1_17' title='bbox 719 204 752 224; x_wconf 88' lang='lat' dir='ltr'><strong>eo</strong></span> <span class='ocrx_word' id='word_1_18' title='bbox 763 201 860 231; x_wconf 80' lang='lat' dir='ltr'><strong>potest.</strong></span> <span class='ocrx_word' id='word_1_19' title='bbox 878 195 909 222; x_wconf 85' lang='lat' dir='ltr'><strong>Et</strong></span> <span class='ocrx_word' id='word_1_20' title='bbox 921 203 956 230; x_wconf 93' lang='lat' dir='ltr'><strong>qu</strong></span> 
     </span>
    </p>
   </div>
   <div class='ocr_carea' id='block_1_5' title="bbox 1061 180 1808 234">
    <p class='ocr_par' dir='ltr' id='par_1_5' title="bbox 1061 180 1808 226">
     <span class='ocr_line' id='line_1_5' title="bbox 1061 180 1808 226; baseline -0.02 -7"><span class='ocrx_word' id='word_1_21' title='bbox 1061 193 1066 218; x_wconf 78' lang='lat' dir='ltr'><strong>i</strong></span> <span class='ocrx_word' id='word_1_22' title='bbox 1082 191 1183 226; x_wconf 74' lang='grc' dir='ltr'>γνῶναι</span> <span class='ocrx_word' id='word_1_23' title='bbox 1194 190 1210 225; x_wconf 85' lang='grc' dir='ltr'>ἦ</span> <span class='ocrx_word' id='word_1_24' title='bbox 1225 188 1339 217; x_wconf 82' lang='grc' dir='ltr'>ἀκοῦσαι</span> <span class='ocrx_word' id='word_1_25' title='bbox 1355 187 1419 223; x_wconf 70' lang='grc' dir='ltr'>περὶ</span> <span class='ocrx_word' id='word_1_26' title='bbox 1429 185 1511 213; x_wconf 78' lang='grc' dir='ltr'>αὐτοῦ</span> <span class='ocrx_word' id='word_1_27' title='bbox 1526 184 1658 210; x_wconf 82' lang='grc' dir='ltr'>δύναται·</span> <span class='ocrx_word' id='word_1_28' title='bbox 1671 181 1718 208; x_wconf 67' lang='grc' dir='ltr'><strong>καὶ</strong></span> <span class='ocrx_word' id='word_1_29' title='bbox 1731 180 1746 206; x_wconf 89' lang='grc' dir='ltr'>ὁ</span> <span class='ocrx_word' id='word_1_30' title='bbox 1756 180 1808 205; x_wconf 73' lang='grc' dir='ltr'>ἐπι-</span> 
     </span>
    </p>
   </div>
   <div class='ocr_carea' id='block_1_6' title="bbox 186 242 969 278">
    <p class='ocr_par' dir='ltr' id='par_1_6' title="bbox 186 242 969 278">
     <span class='ocr_line' id='line_1_6' title="bbox 186 242 969 278; baseline -0.006 -5"><span class='ocrx_word' id='word_1_31' title='bbox 186 249 259 273; x_wconf 88' lang='lat' dir='ltr'><strong>recte</strong></span> <span class='ocrx_word' id='word_1_32' title='bbox 282 245 390 272; x_wconf 84' lang='lat' dir='ltr'><strong>invocat</strong></span> <span class='ocrx_word' id='word_1_33' title='bbox 411 244 507 276; x_wconf 91' lang='lat' dir='ltr'><strong>Deum,</strong></span> <span class='ocrx_word' id='word_1_34' title='bbox 534 252 582 278; x_wconf 90' lang='lat' dir='ltr'><strong>pcr</strong></span> <span class='ocrx_word' id='word_1_35' title='bbox 608 243 707 270; x_wconf 83' lang='lat' dir='ltr'><strong>Filium</strong></span> <span class='ocrx_word' id='word_1_36' title='bbox 736 242 864 274; x_wconf 81' lang='lat' dir='ltr'><strong>invocat;</strong></span> <span class='ocrx_word' id='word_1_37' title='bbox 878 246 905 268; x_wconf 91' lang='lat' dir='ltr'><strong>et</strong></span> <span class='ocrx_word' id='word_1_38' title='bbox 921 243 969 276; x_wconf 99' lang='lat' dir='ltr'><strong>qui</strong></span> 
     </span>
    </p>
   </div>
   <div class='ocr_carea' id='block_1_7' title="bbox 184 286 971 325">
    <p class='ocr_par' dir='ltr' id='par_1_7' title="bbox 184 286 971 325">
     <span class='ocr_line' id='line_1_7' title="bbox 184 286 971 325; baseline -0.005 -8"><span class='ocrx_word' id='word_1_39' title='bbox 184 290 294 325; x_wconf 86' lang='lat' dir='ltr'><strong>proprie</strong></span> <span class='ocrx_word' id='word_1_40' title='bbox 316 290 438 321; x_wconf 82' lang='lat' dir='ltr'><strong>accedit,</strong></span> <span class='ocrx_word' id='word_1_41' title='bbox 459 297 506 324; x_wconf 90' lang='lat' dir='ltr'><strong>per</strong></span> <span class='ocrx_word' id='word_1_42' title='bbox 531 288 672 315; x_wconf 76' lang='lat' dir='ltr'><strong>Christum</strong></span> <span class='ocrx_word' id='word_1_43' title='bbox 695 287 809 315; x_wconf 89' lang='lat' dir='ltr'><strong>accedit.</strong></span> <span class='ocrx_word' id='word_1_44' title='bbox 834 286 971 314; x_wconf 81' lang='lat' dir='ltr'><strong>Accedere</strong></span> 
     </span>
    </p>
   </div>
   <div class='ocr_carea' id='block_1_8' title="bbox 184 332 969 369">
    <p class='ocr_par' dir='ltr' id='par_1_8' title="bbox 184 332 969 369">
     <span class='ocr_line' id='line_1_8' title="bbox 184 332 969 369; baseline -0.006 -6"><span class='ocrx_word' id='word_1_45' title='bbox 184 341 275 363; x_wconf 80' lang='lat' dir='ltr'><strong>autem</strong></span> <span class='ocrx_word' id='word_1_46' title='bbox 292 336 325 363; x_wconf 91' lang='lat' dir='ltr'><strong>ad</strong></span> <span class='ocrx_word' id='word_1_47' title='bbox 342 335 440 363; x_wconf 85' lang='lat' dir='ltr'><strong>Filium</strong></span> <span class='ocrx_word' id='word_1_48' title='bbox 461 343 517 362; x_wconf 91' lang='lat' dir='ltr'><strong>non</strong></span> <span class='ocrx_word' id='word_1_49' title='bbox 533 339 624 369; x_wconf 86' lang='lat' dir='ltr'><strong>potest</strong></span> <span class='ocrx_word' id='word_1_50' title='bbox 651 334 711 361; x_wconf 84' lang='lat' dir='ltr'><strong>sine</strong></span> <span class='ocrx_word' id='word_1_51' title='bbox 737 332 838 368; x_wconf 89' lang='lat' dir='ltr'><strong>Spiritu</strong></span> <span class='ocrx_word' id='word_1_52' title='bbox 865 336 969 359; x_wconf 90' lang='lat' dir='ltr'><strong>sancto.</strong></span> 
     </span>
    </p>
   </div>
   <div class='ocr_carea' id='block_1_9' title="bbox 186 378 970 417">
    <p class='ocr_par' dir='ltr' id='par_1_9' title="bbox 186 378 970 417">
     <span class='ocr_line' id='line_1_9' title="bbox 186 378 970 417; baseline -0.005 -9"><span class='ocrx_word' id='word_1_53' title='bbox 186 381 304 417; x_wconf 74' lang='lat' dir='ltr'><strong>Spiritus</strong></span> <span class='ocrx_word' id='word_1_54' title='bbox 319 382 390 409; x_wconf 91' lang='lat' dir='ltr'><strong>enim</strong></span> <span class='ocrx_word' id='word_1_55' title='bbox 411 386 452 409; x_wconf 87' lang='lat' dir='ltr'><strong>est</strong></span> <span class='ocrx_word' id='word_1_56' title='bbox 473 381 539 412; x_wconf 84' lang='lat' dir='ltr'><strong>vita,</strong></span> <span class='ocrx_word' id='word_1_57' title='bbox 555 386 582 408; x_wconf 83' lang='lat' dir='ltr'><strong>et</strong></span> <span class='ocrx_word' id='word_1_58' title='bbox 597 384 692 407; x_wconf 87' lang='lat' dir='ltr'><strong>sancta</strong></span> <span class='ocrx_word' id='word_1_59' title='bbox 718 379 846 406; x_wconf 80' lang='lat' dir='ltr'><strong>formatio</strong></span> <span class='ocrx_word' id='word_1_60' title='bbox 860 378 970 405; x_wconf 68' lang='lat' dir='ltr'><strong>univer-</strong></span> 
     </span>
    </p>
   </div>
   <div class='ocr_carea' id='block_1_10' title="bbox 184 426 970 462">
    <p class='ocr_par' dir='ltr' id='par_1_10' title="bbox 184 426 970 462">
     <span class='ocr_line' id='line_1_10' title="bbox 184 426 970 462; baseline -0.005 -7"><span class='ocrx_word' id='word_1_61' title='bbox 184 435 290 456; x_wconf 86' lang='lat' dir='ltr'><strong>sorum.</strong></span> <span class='ocrx_word' id='word_1_62' title='bbox 306 427 385 454; x_wconf 82' lang='lat' dir='ltr'><strong>Hunc</strong></span> <span class='ocrx_word' id='word_1_63' title='bbox 403 427 475 454; x_wconf 82' lang='lat' dir='ltr'><strong>Deus</strong></span> <span class='ocrx_word' id='word_1_64' title='bbox 489 435 537 462; x_wconf 89' lang='lat' dir='ltr'><strong>per</strong></span> <span class='ocrx_word' id='word_1_65' title='bbox 554 426 652 453; x_wconf 88' lang='lat' dir='ltr'><strong>Filium</strong></span> <span class='ocrx_word' id='word_1_66' title='bbox 665 426 803 457; x_wconf 56' lang='lat' dir='ltr'><strong>emittens,</strong></span> <span class='ocrx_word' id='word_1_67' title='bbox 817 429 970 452; x_wconf 81' lang='lat' dir='ltr'><strong>creaturam</strong></span> 
     </span>
    </p>
   </div>
   <div class='ocr_carea' id='block_1_11' title="bbox 184 472 397 500">
    <p class='ocr_par' dir='ltr' id='par_1_11' title="bbox 184 472 397 500">
     <span class='ocr_line' id='line_1_11' title="bbox 184 472 397 500; baseline -0.005 0"><span class='ocrx_word' id='word_1_68' title='bbox 184 473 236 500; x_wconf 86' lang='lat' dir='ltr'><strong>sibi</strong></span> <span class='ocrx_word' id='word_1_69' title='bbox 253 472 397 500; x_wconf 83' lang='lat' dir='ltr'><strong>assimilat.</strong></span> 
     </span>
    </p>
   </div>
   <div class='ocr_carea' id='block_1_12' title="bbox 222 517 969 553">
    <p class='ocr_par' dir='ltr' id='par_1_12' title="bbox 222 517 969 553">
     <span class='ocr_line' id='line_1_12' title="bbox 222 517 969 553; baseline -0.004 -7"><span class='ocrx_word' id='word_1_70' title='bbox 222 518 297 546; x_wconf 87' lang='lat' dir='ltr'><strong>Unus</strong></span> <span class='ocrx_word' id='word_1_71' title='bbox 314 519 397 553; x_wconf 74' lang='lat' dir='ltr'><strong>igitur</strong></span> <span class='ocrx_word' id='word_1_72' title='bbox 417 518 498 545; x_wconf 79' lang='lat' dir='ltr'><strong>Pater</strong></span> <span class='ocrx_word' id='word_1_73' title='bbox 527 517 608 549; x_wconf 87' lang='lat' dir='ltr'><strong>Deus,</strong></span> <span class='ocrx_word' id='word_1_74' title='bbox 635 525 706 546; x_wconf 79' lang='lat' dir='ltr'><strong>unus</strong></span> <span class='ocrx_word' id='word_1_75' title='bbox 737 517 822 544; x_wconf 86' lang='lat' dir='ltr'><strong>Filius</strong></span> <span class='ocrx_word' id='word_1_76' title='bbox 839 517 969 548; x_wconf 81' lang='lat' dir='ltr'><strong>Verbum,</strong></span> 
     </span>
    </p>
   </div>
   <div class='ocr_carea' id='block_1_13' title="bbox 184 561 971 600">
    <p class='ocr_par' dir='ltr' id='par_1_13' title="bbox 184 561 971 600">
     <span class='ocr_line' id='line_1_13' title="bbox 184 561 971 600; baseline -0.005 -8"><span class='ocrx_word' id='word_1_77' title='bbox 184 573 257 592; x_wconf 88' lang='lat' dir='ltr'><strong>unus</strong></span> <span class='ocrx_word' id='word_1_78' title='bbox 285 565 403 600; x_wconf 83' lang='lat' dir='ltr'><strong>Spiritus</strong></span> <span class='ocrx_word' id='word_1_79' title='bbox 430 565 498 595; x_wconf 89' lang='lat' dir='ltr'><strong>vita,</strong></span> <span class='ocrx_word' id='word_1_80' title='bbox 517 563 697 591; x_wconf 86' lang='lat' dir='ltr'><strong>sanctiﬁcatio</strong></span> <span class='ocrx_word' id='word_1_81' title='bbox 721 564 923 591; x_wconf 76' lang='lat' dir='ltr'><strong>universorum.</strong></span> <span class='ocrx_word' id='word_1_82' title='bbox 938 561 971 588; x_wconf 81' lang='lat' dir='ltr'><strong>Et</strong></span> 
     </span>
    </p>
   </div>
   <div class='ocr_carea' id='block_1_14' title="bbox 184 608 970 646">
    <p class='ocr_par' dir='ltr' id='par_1_14' title="bbox 184 608 970 646">
     <span class='ocr_line' id='line_1_14' title="bbox 184 608 970 646; baseline -0.004 -8"><span class='ocrx_word' id='word_1_83' title='bbox 184 619 273 646; x_wconf 86' lang='lat' dir='ltr'><strong>neque</strong></span> <span class='ocrx_word' id='word_1_84' title='bbox 302 611 374 638; x_wconf 88' lang='lat' dir='ltr'><strong>Dens</strong></span> <span class='ocrx_word' id='word_1_85' title='bbox 400 611 480 643; x_wconf 87' lang='lat' dir='ltr'><strong>alius,</strong></span> <span class='ocrx_word' id='word_1_86' title='bbox 503 614 534 637; x_wconf 90' lang='lat' dir='ltr'><strong>ut</strong></span> <span class='ocrx_word' id='word_1_87' title='bbox 558 610 654 642; x_wconf 87' lang='lat' dir='ltr'><strong>Pater;</strong></span> <span class='ocrx_word' id='word_1_88' title='bbox 672 617 760 644; x_wconf 86' lang='lat' dir='ltr'><strong>neque</strong></span> <span class='ocrx_word' id='word_1_89' title='bbox 788 609 874 636; x_wconf 82' lang='lat' dir='ltr'><strong>Filius</strong></span> <span class='ocrx_word' id='word_1_90' title='bbox 889 608 970 641; x_wconf 83' lang='lat' dir='ltr'><strong>alius,</strong></span> 
     </span>
    </p>
   </div>
   <div class='ocr_carea' id='block_1_15' title="bbox 185 655 970 691">
    <p class='ocr_par' dir='ltr' id='par_1_15' title="bbox 185 655 970 691">
     <span class='ocr_line' id='line_1_15' title="bbox 185 655 970 691; baseline -0.003 -8"><span class='ocrx_word' id='word_1_91' title='bbox 185 663 216 684; x_wconf 86' lang='lat' dir='ltr'><strong>ut</strong></span> <span class='ocrx_word' id='word_1_92' title='bbox 233 657 352 690; x_wconf 78' lang='lat' dir='ltr'><strong>Verbum</strong></span> <span class='ocrx_word' id='word_1_93' title='bbox 371 656 430 689; x_wconf 88' lang='lat' dir='ltr'><strong>Dei,</strong></span> <span class='ocrx_word' id='word_1_94' title='bbox 449 664 537 691; x_wconf 87' lang='lat' dir='ltr'><strong>neque</strong></span> <span class='ocrx_word' id='word_1_95' title='bbox 555 655 673 691; x_wconf 82' lang='lat' dir='ltr'><strong>Spiritus</strong></span> <span class='ocrx_word' id='word_1_96' title='bbox 685 655 765 686; x_wconf 84' lang='lat' dir='ltr'><strong>alius,</strong></span> <span class='ocrx_word' id='word_1_97' title='bbox 779 660 809 682; x_wconf 91' lang='lat' dir='ltr'><strong>ut</strong></span> <span class='ocrx_word' id='word_1_98' title='bbox 828 655 970 682; x_wconf 86' lang='lat' dir='ltr'><strong>viviﬁcans</strong></span> 
     </span>
    </p>
   </div>
   <div class='ocr_carea' id='block_1_16' title="bbox 184 702 970 734">
    <p class='ocr_par' dir='ltr' id='par_1_16' title="bbox 184 702 970 734">
     <span class='ocr_line' id='line_1_16' title="bbox 184 702 970 734; baseline -0.003 -4"><span class='ocrx_word' id='word_1_99' title='bbox 184 707 212 730; x_wconf 85' lang='lat' dir='ltr'><strong>et</strong></span> <span class='ocrx_word' id='word_1_100' title='bbox 220 703 403 731; x_wconf 82' lang='lat' dir='ltr'><strong>sanctilicans.</strong></span> <span class='ocrx_word' id='word_1_101' title='bbox 417 702 473 730; x_wconf 91' lang='lat' dir='ltr'><strong>lmo</strong></span> <span class='ocrx_word' id='word_1_102' title='bbox 486 703 537 730; x_wconf 88' lang='lat' dir='ltr'><strong>etsi</strong></span> <span class='ocrx_word' id='word_1_103' title='bbox 556 703 642 730; x_wconf 84' lang='lat' dir='ltr'><strong>sancti</strong></span> <span class='ocrx_word' id='word_1_104' title='bbox 658 707 790 729; x_wconf 82' lang='lat' dir='ltr'><strong>vocantur</strong></span> <span class='ocrx_word' id='word_1_105' title='bbox 805 702 853 732; x_wconf 87' lang='lat' dir='ltr'><strong>dii.</strong></span> <span class='ocrx_word' id='word_1_106' title='bbox 870 707 897 729; x_wconf 89' lang='lat' dir='ltr'><strong>et</strong></span> <span class='ocrx_word' id='word_1_107' title='bbox 911 702 970 734; x_wconf 90' lang='lat' dir='ltr'><strong>ﬁlii,</strong></span> 
     </span>
    </p>
   </div>
   <div class='ocr_carea' id='block_1_17' title="bbox 185 747 972 783">
    <p class='ocr_par' dir='ltr' id='par_1_17' title="bbox 185 747 972 783">
     <span class='ocr_line' id='line_1_17' title="bbox 185 747 972 783; baseline 0 -8"><span class='ocrx_word' id='word_1_108' title='bbox 185 753 213 776; x_wconf 91' lang='lat' dir='ltr'><strong>et</strong></span> <span class='ocrx_word' id='word_1_109' title='bbox 230 749 354 783; x_wconf 83' lang='lat' dir='ltr'><strong>spiritus,</strong></span> <span class='ocrx_word' id='word_1_110' title='bbox 383 756 438 775; x_wconf 92' lang='lat' dir='ltr'><strong>non</strong></span> <span class='ocrx_word' id='word_1_111' title='bbox 465 753 554 776; x_wconf 87' lang='lat' dir='ltr'><strong>tamen</strong></span> <span class='ocrx_word' id='word_1_112' title='bbox 577 748 724 782; x_wconf 79' lang='lat' dir='ltr'><strong>implentur</strong></span> <span class='ocrx_word' id='word_1_113' title='bbox 754 747 868 782; x_wconf 84' lang='lat' dir='ltr'><strong>Spiritu,</strong></span> <span class='ocrx_word' id='word_1_114' title='bbox 884 754 972 781; x_wconf 85' lang='lat' dir='ltr'><strong>neque</strong></span> 
     </span>
    </p>
   </div>
   <div class='ocr_carea' id='block_1_18' title="bbox 186 790 972 826">
    <p class='ocr_par' dir='ltr' id='par_1_18' title="bbox 186 790 972 826">
     <span class='ocr_line' id='line_1_18' title="bbox 186 790 972 826; baseline -0.005 -6"><span class='ocrx_word' id='word_1_115' title='bbox 186 793 290 820; x_wconf 78' lang='lat' dir='ltr'><strong>similes</strong></span> <span class='ocrx_word' id='word_1_116' title='bbox 307 798 371 820; x_wconf 92' lang='lat' dir='ltr'><strong>sunt</strong></span> <span class='ocrx_word' id='word_1_117' title='bbox 385 792 454 819; x_wconf 86' lang='lat' dir='ltr'><strong>Filio</strong></span> <span class='ocrx_word' id='word_1_118' title='bbox 481 798 508 819; x_wconf 87' lang='lat' dir='ltr'><strong>et</strong></span> <span class='ocrx_word' id='word_1_119' title='bbox 535 791 599 819; x_wconf 89' lang='lat' dir='ltr'><strong>Deo.</strong></span> <span class='ocrx_word' id='word_1_120' title='bbox 617 792 725 826; x_wconf 82' lang='lat' dir='ltr'><strong>Siquis</strong></span> <span class='ocrx_word' id='word_1_121' title='bbox 749 798 814 817; x_wconf 90' lang='lat' dir='ltr'><strong>vero</strong></span> <span class='ocrx_word' id='word_1_122' title='bbox 841 791 881 817; x_wconf 86' lang='lat' dir='ltr'><strong>sic</strong></span> <span class='ocrx_word' id='word_1_123' title='bbox 906 790 972 817; x_wconf 85' lang='lat' dir='ltr'><strong>dicit</strong></span> 
     </span>
    </p>
   </div>
   <div class='ocr_carea' id='block_1_19' title="bbox 186 837 970 873">
    <p class='ocr_par' dir='ltr' id='par_1_19' title="bbox 186 837 970 873">
     <span class='ocr_line' id='line_1_19' title="bbox 186 837 970 873; baseline -0.004 -7"><span class='ocrx_word' id='word_1_124' title='bbox 186 839 286 866; x_wconf 83' lang='lat' dir='ltr'><strong>Filium</strong></span> <span class='ocrx_word' id='word_1_125' title='bbox 308 847 369 867; x_wconf 90' lang='lat' dir='ltr'><strong>esse</strong></span> <span class='ocrx_word' id='word_1_126' title='bbox 384 838 479 869; x_wconf 84' lang='lat' dir='ltr'><strong>Deum.</strong></span> <span class='ocrx_word' id='word_1_127' title='bbox 501 843 630 873; x_wconf 88' lang='lat' dir='ltr'><strong>tanquam</strong></span> <span class='ocrx_word' id='word_1_128' title='bbox 649 838 738 872; x_wconf 83' lang='lat' dir='ltr'><strong>ipsum</strong></span> <span class='ocrx_word' id='word_1_129' title='bbox 759 837 841 864; x_wconf 88' lang='lat' dir='ltr'><strong>etiam</strong></span> <span class='ocrx_word' id='word_1_130' title='bbox 858 837 970 871; x_wconf 86' lang='lat' dir='ltr'><strong>plenum</strong></span> 
     </span>
    </p>
   </div>
   <div class='ocr_carea' id='block_1_20' title="bbox 1021 225 1806 273">
    <p class='ocr_par' dir='ltr' id='par_1_20' title="bbox 1021 225 1806 273">
     <span class='ocr_line' id='line_1_20' title="bbox 1021 225 1806 273; baseline -0.019 -8"><span class='ocrx_word' id='word_1_131' title='bbox 1021 225 1188 273; x_wconf 71' lang='grc' dir='ltr'>καλοῦμενος</span> <span class='ocrx_word' id='word_1_132' title='bbox 1210 235 1299 272; x_wconf 78' lang='grc' dir='ltr'>ὀρθῶς</span> <span class='ocrx_word' id='word_1_133' title='bbox 1317 234 1362 261; x_wconf 73' lang='grc' dir='ltr'>τὸν</span> <span class='ocrx_word' id='word_1_134' title='bbox 1389 233 1465 264; x_wconf 82' lang='grc' dir='ltr'>Θεὸν,</span> <span class='ocrx_word' id='word_1_135' title='bbox 1489 229 1663 257; x_wconf 75' lang='grc' dir='ltr'><strong>ἐπικαλεῖται</strong></span> <span class='ocrx_word' id='word_1_136' title='bbox 1731 225 1806 252; x_wconf 70' lang='grc' dir='ltr'><strong>Υίοῶ¹</strong></span> 
     </span>
    </p>
   </div>
   <div class='ocr_carea' id='block_1_21' title="bbox 1020 272 1807 317">
    <p class='ocr_par' dir='ltr' id='par_1_21' title="bbox 1020 272 1807 317">
     <span class='ocr_line' id='line_1_21' title="bbox 1020 272 1807 317; baseline -0.017 -8"><span class='ocrx_word' id='word_1_137' title='bbox 1020 282 1067 309; x_wconf 75' lang='grc' dir='ltr'>καὶ</span> <span class='ocrx_word' id='word_1_138' title='bbox 1080 283 1094 309; x_wconf 86' lang='grc' dir='ltr'>ὁ</span> <span class='ocrx_word' id='word_1_139' title='bbox 1111 272 1329 317; x_wconf 77' lang='grc' dir='ltr'>προσερχόμενος</span> <span class='ocrx_word' id='word_1_140' title='bbox 1344 278 1466 309; x_wconf 86' lang='grc' dir='ltr'>οἰκείως,</span> <span class='ocrx_word' id='word_1_141' title='bbox 1482 275 1528 303; x_wconf 78' lang='grc' dir='ltr'><strong>διὰ</strong></span> <span class='ocrx_word' id='word_1_142' title='bbox 1546 273 1667 310; x_wconf 76' lang='grc' dir='ltr'><strong>Χριστοῦ</strong></span> <span class='ocrx_word' id='word_1_143' title='bbox 1690 272 1807 308; x_wconf 65' lang='grc' dir='ltr'>ἔρχεταιι</span> 
     </span>
    </p>
   </div>
   <div class='ocr_carea' id='block_1_22' title="bbox 1021 318 1806 365">
    <p class='ocr_par' dir='ltr' id='par_1_22' title="bbox 1021 318 1806 365">
     <span class='ocr_line' id='line_1_22' title="bbox 1021 318 1806 365; baseline -0.017 -10"><span class='ocrx_word' id='word_1_144' title='bbox 1021 327 1179 365; x_wconf 76' lang='grc' dir='ltr'><strong>προσελθεῖν</strong></span> <span class='ocrx_word' id='word_1_145' title='bbox 1192 326 1220 353; x_wconf 81' lang='grc' dir='ltr'>δὲ</span> <span class='ocrx_word' id='word_1_146' title='bbox 1235 325 1362 352; x_wconf 83' lang='grc' dir='ltr'>ἀδύνατον</span> <span class='ocrx_word' id='word_1_147' title='bbox 1372 324 1410 358; x_wconf 83' lang='grc' dir='ltr'><strong>τῷ</strong></span> <span class='ocrx_word' id='word_1_148' title='bbox 1420 322 1477 357; x_wconf 79' lang='grc' dir='ltr'><strong>Υίῷ</strong></span> <span class='ocrx_word' id='word_1_149' title='bbox 1487 321 1573 357; x_wconf 73' lang='grc' dir='ltr'>χωρὶς</span> <span class='ocrx_word' id='word_1_150' title='bbox 1583 320 1630 346; x_wconf 86' lang='grc' dir='ltr'><strong>τοῦ</strong></span> <span class='ocrx_word' id='word_1_151' title='bbox 1640 318 1806 352; x_wconf 70' lang='grc' dir='ltr'>Πνεῦματος·</span> 
     </span>
    </p>
   </div>
   <div class='ocr_carea' id='block_1_23' title="bbox 1020 363 1809 409">
    <p class='ocr_par' dir='ltr' id='par_1_23' title="bbox 1020 363 1809 409">
     <span class='ocr_line' id='line_1_23' title="bbox 1020 363 1809 409; baseline -0.019 -7"><span class='ocrx_word' id='word_1_152' title='bbox 1020 363 1051 403; x_wconf 72' lang='grc' dir='ltr'><strong>τδ</strong></span> <span class='ocrx_word' id='word_1_153' title='bbox 1067 373 1180 409; x_wconf 78' lang='grc' dir='ltr'><strong>Πνεῦμα</strong></span> <span class='ocrx_word' id='word_1_154' title='bbox 1196 372 1251 408; x_wconf 82' lang='grc' dir='ltr'><strong>γὰρ</strong></span> <span class='ocrx_word' id='word_1_155' title='bbox 1264 372 1312 398; x_wconf 75' lang='grc' dir='ltr'>καὶ</span> <span class='ocrx_word' id='word_1_156' title='bbox 1328 372 1344 406; x_wconf 85' lang='grc' dir='ltr'>ἠ</span> <span class='ocrx_word' id='word_1_157' title='bbox 1361 370 1418 405; x_wconf 76' lang='grc' dir='ltr'><strong>ζωὴ</strong></span> <span class='ocrx_word' id='word_1_158' title='bbox 1431 370 1478 396; x_wconf 73' lang='grc' dir='ltr'>καὶ</span> <span class='ocrx_word' id='word_1_159' title='bbox 1493 369 1509 403; x_wconf 84' lang='grc' dir='ltr'>ἡ</span> <span class='ocrx_word' id='word_1_160' title='bbox 1525 367 1592 401; x_wconf 83' lang='grc' dir='ltr'>ἁγία</span> <span class='ocrx_word' id='word_1_161' title='bbox 1604 365 1747 401; x_wconf 71' lang='grc' dir='ltr'>μόρφωσις</span> <span class='ocrx_word' id='word_1_162' title='bbox 1763 363 1809 388; x_wconf 76' lang='grc' dir='ltr'>τῶν</span> 
     </span>
    </p>
   </div>
   <div class='ocr_carea' id='block_1_24' title="bbox 1021 409 1809 452">
    <p class='ocr_par' dir='ltr' id='par_1_24' title="bbox 1021 409 1809 452">
     <span class='ocr_line' id='line_1_24' title="bbox 1021 409 1809 452; baseline -0.018 -4"><span class='ocrx_word' id='word_1_163' title='bbox 1021 421 1088 448; x_wconf 85' lang='grc' dir='ltr'>ὅλων</span> <span class='ocrx_word' id='word_1_164' title='bbox 1098 429 1104 435; x_wconf 93' lang='grc'><strong>·</strong></span> <span class='ocrx_word' id='word_1_165' title='bbox 1124 419 1171 446; x_wconf 74' lang='grc' dir='ltr'>καὶ</span> <span class='ocrx_word' id='word_1_166' title='bbox 1187 418 1264 445; x_wconf 83' lang='grc' dir='ltr'>τοῦτο</span> <span class='ocrx_word' id='word_1_167' title='bbox 1281 417 1431 452; x_wconf 79' lang='grc' dir='ltr'>ἐκπέμπων</span> <span class='ocrx_word' id='word_1_168' title='bbox 1441 416 1455 441; x_wconf 82' lang='grc' dir='ltr'>ὁ</span> <span class='ocrx_word' id='word_1_169' title='bbox 1471 414 1537 445; x_wconf 76' lang='grc' dir='ltr'>Θεὸς</span> <span class='ocrx_word' id='word_1_170' title='bbox 1546 413 1580 439; x_wconf 79' lang='grc' dir='ltr'>δι’</span> <span class='ocrx_word' id='word_1_171' title='bbox 1598 411 1676 443; x_wconf 83' lang='grc' dir='ltr'>Υἱοῦ,</span> <span class='ocrx_word' id='word_1_172' title='bbox 1693 410 1742 445; x_wconf 80' lang='grc' dir='ltr'>τὴν</span> <span class='ocrx_word' id='word_1_173' title='bbox 1757 409 1809 435; x_wconf 82' lang='grc' dir='ltr'>κτί-</span> 
     </span>
    </p>
   </div>
   <div class='ocr_carea' id='block_1_25' title="bbox 1022 463 1362 500">
    <p class='ocr_par' dir='ltr' id='par_1_25' title="bbox 1022 463 1362 500">
     <span class='ocr_line' id='line_1_25' title="bbox 1022 463 1362 500; baseline -0.012 -7"><span class='ocrx_word' id='word_1_174' title='bbox 1022 475 1063 493; x_wconf 87' lang='grc' dir='ltr'><strong>σιν</strong></span> <span class='ocrx_word' id='word_1_175' title='bbox 1079 466 1167 500; x_wconf 81' lang='grc' dir='ltr'>ὁμοιοῖ</span> <span class='ocrx_word' id='word_1_176' title='bbox 1180 464 1248 499; x_wconf 77' lang='grc' dir='ltr'>πρὸς</span> <span class='ocrx_word' id='word_1_177' title='bbox 1260 463 1362 490; x_wconf 74' lang='grc' dir='ltr'>ἑαυτόν.</span> 
     </span>
    </p>
   </div>
   <div class='ocr_carea' id='block_1_26' title="bbox 1057 502 1810 545">
    <p class='ocr_par' dir='ltr' id='par_1_26' title="bbox 1057 502 1810 545">
     <span class='ocr_line' id='line_1_26' title="bbox 1057 502 1810 545; baseline -0.015 -7"><span class='ocrx_word' id='word_1_178' title='bbox 1057 509 1103 542; x_wconf 75' lang='grc' dir='ltr'><strong>Εἷς</strong></span> <span class='ocrx_word' id='word_1_179' title='bbox 1123 509 1169 537; x_wconf 83' lang='grc' dir='ltr'>οὖν</span> <span class='ocrx_word' id='word_1_180' title='bbox 1191 511 1206 536; x_wconf 85' lang='grc' dir='ltr'>ὁ</span> <span class='ocrx_word' id='word_1_181' title='bbox 1222 509 1315 545; x_wconf 77' lang='grc' dir='ltr'>Πατὴρ</span> <span class='ocrx_word' id='word_1_182' title='bbox 1331 510 1344 535; x_wconf 78' lang='grc' dir='ltr'>ὁ</span> <span class='ocrx_word' id='word_1_183' title='bbox 1361 507 1436 539; x_wconf 82' lang='grc' dir='ltr'>Θεὸς,</span> <span class='ocrx_word' id='word_1_184' title='bbox 1453 504 1493 538; x_wconf 77' lang='grc' dir='ltr'>εἷς</span> <span class='ocrx_word' id='word_1_185' title='bbox 1509 506 1523 532; x_wconf 83' lang='grc' dir='ltr'>ὁ</span> <span class='ocrx_word' id='word_1_186' title='bbox 1537 505 1635 539; x_wconf 78' lang='grc' dir='ltr'>Λόγος,</span> <span class='ocrx_word' id='word_1_187' title='bbox 1657 503 1688 529; x_wconf 84' lang='grc' dir='ltr'>ἒν</span> <span class='ocrx_word' id='word_1_188' title='bbox 1705 502 1810 537; x_wconf 65' lang='grc' dir='ltr'>Πνεῦμι</span> 
     </span>
    </p>
   </div>
   <div class='ocr_carea' id='block_1_27' title="bbox 1023 548 1810 592">
    <p class='ocr_par' dir='ltr' id='par_1_27' title="bbox 1023 548 1810 592">
     <span class='ocr_line' id='line_1_27' title="bbox 1023 548 1810 592; baseline -0.014 -8"><span class='ocrx_word' id='word_1_189' title='bbox 1023 556 1089 592; x_wconf 79' lang='grc' dir='ltr'><strong>ζωὴ,</strong></span> <span class='ocrx_word' id='word_1_190' title='bbox 1107 558 1122 591; x_wconf 86' lang='grc' dir='ltr'>ἡ</span> <span class='ocrx_word' id='word_1_191' title='bbox 1144 555 1281 590; x_wconf 78' lang='grc' dir='ltr'>ἀγιωσὺνη</span> <span class='ocrx_word' id='word_1_192' title='bbox 1298 555 1314 589; x_wconf 83' lang='grc' dir='ltr'><strong>ἡ</strong></span> <span class='ocrx_word' id='word_1_193' title='bbox 1332 553 1384 579; x_wconf 84' lang='grc' dir='ltr'>τῶν</span> <span class='ocrx_word' id='word_1_194' title='bbox 1401 552 1484 578; x_wconf 79' lang='grc' dir='ltr'>ὅλων’</span> <span class='ocrx_word' id='word_1_195' title='bbox 1502 551 1551 577; x_wconf 77' lang='grc' dir='ltr'>καὶ</span> <span class='ocrx_word' id='word_1_196' title='bbox 1566 550 1630 576; x_wconf 67' lang='grc' dir='ltr'>οὔτε</span> <span class='ocrx_word' id='word_1_197' title='bbox 1644 548 1715 582; x_wconf 58' lang='grc' dir='ltr'>θεὸς</span> <span class='ocrx_word' id='word_1_198' title='bbox 1725 548 1810 582; x_wconf 55' lang='lat' dir='ltr'><strong>iam;</strong></span> 
     </span>
    </p>
   </div>
   <div class='ocr_carea' id='block_1_28' title="bbox 1022 594 1811 638">
    <p class='ocr_par' dir='ltr' id='par_1_28' title="bbox 1022 594 1811 638">
     <span class='ocr_line' id='line_1_28' title="bbox 1022 594 1811 638; baseline -0.013 -8"><span class='ocrx_word' id='word_1_199' title='bbox 1022 603 1059 634; x_wconf 76' lang='grc' dir='ltr'>ὡς</span> <span class='ocrx_word' id='word_1_200' title='bbox 1085 602 1196 638; x_wconf 83' lang='grc' dir='ltr'>Πατὴρ,</span> <span class='ocrx_word' id='word_1_201' title='bbox 1215 601 1276 628; x_wconf 69' lang='grc' dir='ltr'>οὔτε</span> <span class='ocrx_word' id='word_1_202' title='bbox 1293 600 1356 631; x_wconf 76' lang='grc' dir='ltr'>Υἱὸς</span> <span class='ocrx_word' id='word_1_203' title='bbox 1382 599 1474 634; x_wconf 75' lang='grc' dir='ltr'>ἕτερος</span> <span class='ocrx_word' id='word_1_204' title='bbox 1493 598 1532 629; x_wconf 83' lang='grc' dir='ltr'>ὡς</span> <span class='ocrx_word' id='word_1_205' title='bbox 1547 597 1636 630; x_wconf 82' lang='grc' dir='ltr'>Λόγος</span> <span class='ocrx_word' id='word_1_206' title='bbox 1657 595 1741 625; x_wconf 78' lang='grc' dir='ltr'>Θεοῦ,</span> <span class='ocrx_word' id='word_1_207' title='bbox 1758 594 1811 621; x_wconf 51' lang='lat'><strong>0’5:</strong></span> 
     </span>
    </p>
   </div>
   <div class='ocr_carea' id='block_1_29' title="bbox 1023 641 1812 684">
    <p class='ocr_par' dir='ltr' id='par_1_29' title="bbox 1023 641 1812 684">
     <span class='ocr_line' id='line_1_29' title="bbox 1023 641 1812 684; baseline -0.013 -8"><span class='ocrx_word' id='word_1_208' title='bbox 1023 649 1135 684; x_wconf 80' lang='grc' dir='ltr'>Πνεῦμα</span> <span class='ocrx_word' id='word_1_209' title='bbox 1149 648 1241 683; x_wconf 72' lang='grc' dir='ltr'>ἕτερον</span> <span class='ocrx_word' id='word_1_210' title='bbox 1257 647 1294 678; x_wconf 85' lang='grc' dir='ltr'><strong>ὡς</strong></span> <span class='ocrx_word' id='word_1_211' title='bbox 1311 645 1440 678; x_wconf 74' lang='grc' dir='ltr'>ζωοποιὺν</span> <span class='ocrx_word' id='word_1_212' title='bbox 1456 645 1502 671; x_wconf 81' lang='grc' dir='ltr'>καὶ</span> <span class='ocrx_word' id='word_1_213' title='bbox 1522 642 1688 677; x_wconf 83' lang='grc' dir='ltr'>ἁγιαστικόν</span> <span class='ocrx_word' id='word_1_214' title='bbox 1700 650 1710 656; x_wconf 75' lang='grc'><strong>“</strong></span> <span class='ocrx_word' id='word_1_215' title='bbox 1726 641 1781 668; x_wconf 73' lang='grc' dir='ltr'>ἀλλ’</span> <span class='ocrx_word' id='word_1_216' title='bbox 1792 641 1812 666; x_wconf 80' lang='grc' dir='ltr'>εἰ</span> 
     </span>
    </p>
   </div>
   <div class='ocr_carea' id='block_1_30' title="bbox 1024 686 1812 727">
    <p class='ocr_par' dir='ltr' id='par_1_30' title="bbox 1024 688 1812 727">
     <span class='ocr_line' id='line_1_30' title="bbox 1024 688 1812 727; baseline -0.015 -3"><span class='ocrx_word' id='word_1_217' title='bbox 1024 697 1071 723; x_wconf 69' lang='grc' dir='ltr'>καὶ</span> <span class='ocrx_word' id='word_1_218' title='bbox 1088 696 1144 723; x_wconf 74' lang='grc' dir='ltr'>θεοὶ</span> <span class='ocrx_word' id='word_1_219' title='bbox 1160 696 1208 722; x_wconf 77' lang='grc' dir='ltr'><strong>καὶ</strong></span> <span class='ocrx_word' id='word_1_220' title='bbox 1229 695 1283 721; x_wconf 72' lang='grc' dir='ltr'>υἱοὶ</span> <span class='ocrx_word' id='word_1_221' title='bbox 1302 694 1350 720; x_wconf 77' lang='grc' dir='ltr'>καὶ</span> <span class='ocrx_word' id='word_1_222' title='bbox 1366 692 1508 727; x_wconf 80' lang='grc' dir='ltr'>πνεύματα</span> <span class='ocrx_word' id='word_1_223' title='bbox 1523 690 1671 717; x_wconf 83' lang='grc' dir='ltr'>καλοῦνται</span> <span class='ocrx_word' id='word_1_224' title='bbox 1689 689 1716 714; x_wconf 85' lang='grc' dir='ltr'>οἱ</span> <span class='ocrx_word' id='word_1_225' title='bbox 1737 688 1812 720; x_wconf 68' lang='grc' dir='ltr'>ἇγιῡι,</span> 
     </span>
    </p>
   </div>
   <div class='ocr_carea' id='block_1_31' title="bbox 1022 735 1813 778">
    <p class='ocr_par' dir='ltr' id='par_1_31' title="bbox 1022 735 1813 778">
     <span class='ocr_line' id='line_1_31' title="bbox 1022 735 1813 778; baseline -0.015 -7"><span class='ocrx_word' id='word_1_226' title='bbox 1022 744 1084 771; x_wconf 75' lang='grc' dir='ltr'>οὔτε</span> <span class='ocrx_word' id='word_1_227' title='bbox 1106 743 1263 778; x_wconf 86' lang='grc' dir='ltr'>Πνεύματος</span> <span class='ocrx_word' id='word_1_228' title='bbox 1288 741 1462 777; x_wconf 75' lang='grc' dir='ltr'><strong>πληροῦνται,</strong></span> <span class='ocrx_word' id='word_1_229' title='bbox 1488 738 1549 765; x_wconf 63' lang='grc' dir='ltr'>οὔτε</span> <span class='ocrx_word' id='word_1_230' title='bbox 1575 736 1736 772; x_wconf 76' lang='grc' dir='ltr'>ὁμοιοῦνται</span> <span class='ocrx_word' id='word_1_231' title='bbox 1753 735 1813 769; x_wconf 60' lang='grc' dir='ltr'>πρὸς</span> 
     </span>
    </p>
   </div>
   <div class='ocr_carea' id='block_1_32' title="bbox 1023 780 1814 818">
    <p class='ocr_par' dir='ltr' id='par_1_32' title="bbox 1023 780 1814 818">
     <span class='ocr_line' id='line_1_32' title="bbox 1023 780 1814 818; baseline -0.018 0"><span class='ocrx_word' id='word_1_232' title='bbox 1023 791 1067 818; x_wconf 77' lang='grc' dir='ltr'>τὸν</span> <span class='ocrx_word' id='word_1_233' title='bbox 1085 791 1148 816; x_wconf 80' lang='grc' dir='ltr'>Υἰὸν</span> <span class='ocrx_word' id='word_1_234' title='bbox 1164 790 1211 816; x_wconf 73' lang='grc' dir='ltr'>καὶ</span> <span class='ocrx_word' id='word_1_235' title='bbox 1227 788 1293 814; x_wconf 80' lang='grc' dir='ltr'><strong>Θεὸν</strong></span> <span class='ocrx_word' id='word_1_236' title='bbox 1303 796 1310 803; x_wconf 87' lang='grc'>·</span> <span class='ocrx_word' id='word_1_237' title='bbox 1335 787 1382 814; x_wconf 76' lang='grc' dir='ltr'>ἐὰν</span> <span class='ocrx_word' id='word_1_238' title='bbox 1399 786 1427 812; x_wconf 83' lang='grc' dir='ltr'><em>δέ</em></span> <span class='ocrx_word' id='word_1_239' title='bbox 1443 794 1485 817; x_wconf 83' lang='grc' dir='ltr'><strong>τις</strong></span> <span class='ocrx_word' id='word_1_240' title='bbox 1505 783 1591 814; x_wconf 73' lang='grc' dir='ltr'>οὕτως</span> <span class='ocrx_word' id='word_1_241' title='bbox 1608 782 1686 816; x_wconf 81' lang='grc' dir='ltr'><strong>λέγει</strong></span> <span class='ocrx_word' id='word_1_242' title='bbox 1701 781 1746 807; x_wconf 74' lang='grc' dir='ltr'>τὸν</span> <span class='ocrx_word' id='word_1_243' title='bbox 1758 780 1814 806; x_wconf 54' lang='lat' dir='ltr'><strong>Tib:</strong></span> 
     </span>
    </p>
   </div>
   <div class='ocr_carea' id='block_1_33' title="bbox 1023 825 1815 870">
    <p class='ocr_par' dir='ltr' id='par_1_33' title="bbox 1023 825 1815 870">
     <span class='ocr_line' id='line_1_33' title="bbox 1023 825 1815 870; baseline -0.016 -6"><span class='ocrx_word' id='word_1_244' title='bbox 1023 836 1092 864; x_wconf 83' lang='grc' dir='ltr'>εἶναι</span> <span class='ocrx_word' id='word_1_245' title='bbox 1109 836 1174 863; x_wconf 79' lang='grc' dir='ltr'>Θεὸν</span> <span class='ocrx_word' id='word_1_246' title='bbox 1196 835 1232 867; x_wconf 84' lang='grc' dir='ltr'>ὡς</span> <span class='ocrx_word' id='word_1_247' title='bbox 1250 833 1428 870; x_wconf 76' lang='grc' dir='ltr'>πληρωθέντα</span> <span class='ocrx_word' id='word_1_248' title='bbox 1444 831 1570 866; x_wconf 75' lang='grc' dir='ltr'><strong>θεότητος</strong></span> <span class='ocrx_word' id='word_1_249' title='bbox 1587 829 1637 855; x_wconf 70' lang='grc' dir='ltr'>καὶ</span> <span class='ocrx_word' id='word_1_250' title='bbox 1653 828 1755 857; x_wconf 74' lang='grc' dir='ltr'>αὑτὸν,</span> <span class='ocrx_word' id='word_1_251' title='bbox 1773 825 1815 852; x_wconf 74' lang='lat' dir='ltr'><strong>xz&quot;.</strong></span> 
     </span>
    </p>
   </div>
   <div class='ocr_carea' id='block_1_34' title="bbox 187 871 960 919">
    <p class='ocr_par' dir='ltr' id='par_1_34' title="bbox 187 871 953 919">
     <span class='ocr_line' id='line_1_34' title="bbox 187 871 953 919; baseline -0.004 -7"><span class='ocrx_word' id='word_1_252' title='bbox 187 885 340 916; x_wconf 87' lang='lat' dir='ltr'><strong>divinitate,</strong></span> <span class='ocrx_word' id='word_1_253' title='bbox 356 890 382 912; x_wconf 87' lang='lat' dir='ltr'><strong>et</strong></span> <span class='ocrx_word' id='word_1_254' title='bbox 397 892 450 911; x_wconf 93' lang='lat' dir='ltr'><strong>non</strong></span> <span class='ocrx_word' id='word_1_255' title='bbox 476 871 606 919; x_wconf 31' lang='lat' dir='ltr'><strong>tanqu—am</strong></span> <span class='ocrx_word' id='word_1_256' title='bbox 624 871 745 919; x_wconf 83' lang='lat' dir='ltr'><strong>genitum</strong></span> <span class='ocrx_word' id='word_1_257' title='bbox 763 890 795 910; x_wconf 80' lang='lat' dir='ltr'><strong>ex</strong></span> <span class='ocrx_word' id='word_1_258' title='bbox 812 882 953 911; x_wconf 82' lang='lat' dir='ltr'><strong>divinitate</strong></span> 
     </span>
    </p>
   </div>
   <div class='ocr_carea' id='block_1_35' title="bbox 1061 871 1816 919">
    <p class='ocr_par' dir='ltr' id='par_1_35' title="bbox 1061 871 1816 918">
     <span class='ocr_line' id='line_1_35' title="bbox 1061 871 1816 918; baseline -0.016 -9"><span class='ocrx_word' id='word_1_259' title='bbox 1061 893 1071 918; x_wconf 75' lang='grc' dir='ltr'>ι(</span> <span class='ocrx_word' id='word_1_260' title='bbox 1088 883 1125 914; x_wconf 81' lang='grc' dir='ltr'>ὡς</span> <span class='ocrx_word' id='word_1_261' title='bbox 1148 881 1313 916; x_wconf 69' lang='grc' dir='ltr'><strong>γεννηθέντα</strong></span> <span class='ocrx_word' id='word_1_262' title='bbox 1338 880 1370 905; x_wconf 73' lang='grc' dir='ltr'>ἐκ</span> <span class='ocrx_word' id='word_1_263' title='bbox 1386 877 1512 913; x_wconf 81' lang='grc' dir='ltr'><strong>θεότητος</strong></span> <span class='ocrx_word' id='word_1_264' title='bbox 1523 897 1530 908; x_wconf 90' lang='grc'><strong>,</strong></span> <span class='ocrx_word' id='word_1_265' title='bbox 1548 876 1692 911; x_wconf 74' lang='grc' dir='ltr'><strong>ἠρνήσατο</strong></span> <span class='ocrx_word' id='word_1_266' title='bbox 1709 873 1754 898; x_wconf 69' lang='grc' dir='ltr'><strong>τὸν</strong></span> <span class='ocrx_word' id='word_1_267' title='bbox 1770 871 1816 898; x_wconf 70' lang='grc' dir='ltr'><strong>Λό-</strong></span> 
     </span>
    </p>
   </div>
   <div class='ocr_carea' id='block_1_36' title="bbox 189 929 973 965">
    <p class='ocr_par' dir='ltr' id='par_1_36' title="bbox 189 929 973 965">
     <span class='ocr_line' id='line_1_36' title="bbox 189 929 973 965; baseline -0.001 -9"><span class='ocrx_word' id='word_1_268' title='bbox 189 930 297 965; x_wconf 72' lang='lat' dir='ltr'><strong>ncgavit</strong></span> <span class='ocrx_word' id='word_1_269' title='bbox 313 929 443 960; x_wconf 85' lang='lat' dir='ltr'><strong>Verbum,</strong></span> <span class='ocrx_word' id='word_1_270' title='bbox 462 929 571 964; x_wconf 83' lang='lat' dir='ltr'><strong>negavit</strong></span> <span class='ocrx_word' id='word_1_271' title='bbox 582 930 755 964; x_wconf 82' lang='lat' dir='ltr'><strong>sapientiam,</strong></span> <span class='ocrx_word' id='word_1_272' title='bbox 773 929 866 957; x_wconf 79' lang='lat' dir='ltr'><strong>amisit</strong></span> <span class='ocrx_word' id='word_1_273' title='bbox 881 929 973 964; x_wconf 80' lang='lat' dir='ltr'><strong>cogni-</strong></span> 
     </span>
    </p>
   </div>
   <div class='ocr_carea' id='block_1_37' title="bbox 188 974 974 1009">
    <p class='ocr_par' dir='ltr' id='par_1_37' title="bbox 188 974 974 1009">
     <span class='ocr_line' id='line_1_37' title="bbox 188 974 974 1009; baseline 0 -7"><span class='ocrx_word' id='word_1_274' title='bbox 188 976 290 1003; x_wconf 84' lang='lat' dir='ltr'><strong>tionem</strong></span> <span class='ocrx_word' id='word_1_275' title='bbox 316 974 375 1008; x_wconf 86' lang='lat' dir='ltr'><strong>Dei,</strong></span> <span class='ocrx_word' id='word_1_276' title='bbox 393 975 490 1003; x_wconf 87' lang='lat' dir='ltr'><strong>cecidit</strong></span> <span class='ocrx_word' id='word_1_277' title='bbox 514 975 542 1002; x_wconf 89' lang='lat' dir='ltr'><strong>in</strong></span> <span class='ocrx_word' id='word_1_278' title='bbox 567 976 702 1006; x_wconf 73' lang='lat' dir='ltr'><strong>culturam</strong></span> <span class='ocrx_word' id='word_1_279' title='bbox 719 979 861 1007; x_wconf 69' lang='lat' dir='ltr'><strong>creaturae,</strong></span> <span class='ocrx_word' id='word_1_280' title='bbox 878 983 974 1009; x_wconf 89' lang='lat' dir='ltr'><strong>appre-</strong></span> 
     </span>
    </p>
   </div>
   <div class='ocr_carea' id='block_1_38' title="bbox 188 1022 973 1056">
    <p class='ocr_par' dir='ltr' id='par_1_38' title="bbox 188 1022 973 1056">
     <span class='ocr_line' id='line_1_38' title="bbox 188 1022 973 1056; baseline 0.001 -8"><span class='ocrx_word' id='word_1_281' title='bbox 188 1022 283 1049; x_wconf 84' lang='lat' dir='ltr'><strong>hendit</strong></span> <span class='ocrx_word' id='word_1_282' title='bbox 299 1022 464 1056; x_wconf 81' lang='lat' dir='ltr'><strong>impietatem</strong></span> <span class='ocrx_word' id='word_1_283' title='bbox 482 1022 634 1056; x_wconf 82' lang='lat' dir='ltr'><strong>gentilium.</strong></span> <span class='ocrx_word' id='word_1_284' title='bbox 658 1026 685 1048; x_wconf 89' lang='lat' dir='ltr'><strong>et</strong></span> <span class='ocrx_word' id='word_1_285' title='bbox 707 1022 739 1048; x_wconf 87' lang='lat' dir='ltr'><strong>ad</strong></span> <span class='ocrx_word' id='word_1_286' title='bbox 764 1022 835 1048; x_wconf 85' lang='lat' dir='ltr'><strong>hanc</strong></span> <span class='ocrx_word' id='word_1_287' title='bbox 848 1029 973 1050; x_wconf 79' lang='lat' dir='ltr'><strong>reversus</strong></span> 
     </span>
    </p>
   </div>
   <div class='ocr_carea' id='block_1_39' title="bbox 186 1067 974 1101">
    <p class='ocr_par' dir='ltr' id='par_1_39' title="bbox 186 1067 974 1101">
     <span class='ocr_line' id='line_1_39' title="bbox 186 1067 974 1101; baseline 0 -7"><span class='ocrx_word' id='word_1_288' title='bbox 186 1073 247 1101; x_wconf 84' lang='lat' dir='ltr'><strong>cst;</strong></span> <span class='ocrx_word' id='word_1_289' title='bbox 275 1067 431 1098; x_wconf 68' lang='lat' dir='ltr'><strong>Iudaeorum</strong></span> <span class='ocrx_word' id='word_1_290' title='bbox 458 1067 678 1095; x_wconf 88' lang='lat' dir='ltr'><strong>incredulitatem</strong></span> <span class='ocrx_word' id='word_1_291' title='bbox 709 1067 832 1095; x_wconf 85' lang='lat' dir='ltr'><strong>imitatus</strong></span> <span class='ocrx_word' id='word_1_292' title='bbox 847 1071 899 1099; x_wconf 86' lang='lat' dir='ltr'><strong>est,</strong></span> <span class='ocrx_word' id='word_1_293' title='bbox 927 1067 974 1101; x_wconf 89' lang='lat' dir='ltr'><strong>qui</strong></span> 
     </span>
    </p>
   </div>
   <div class='ocr_carea' id='block_1_40' title="bbox 188 1113 976 1148">
    <p class='ocr_par' dir='ltr' id='par_1_40' title="bbox 188 1113 976 1148">
     <span class='ocr_line' id='line_1_40' title="bbox 188 1113 976 1148; baseline 0 -8"><span class='ocrx_word' id='word_1_294' title='bbox 188 1121 252 1141; x_wconf 83' lang='lat' dir='ltr'><strong>cum</strong></span> <span class='ocrx_word' id='word_1_295' title='bbox 276 1114 464 1148; x_wconf 80' lang='lat' dir='ltr'><strong>existimarent</strong></span> <span class='ocrx_word' id='word_1_296' title='bbox 484 1113 602 1142; x_wconf 83' lang='lat' dir='ltr'><strong>Verbum</strong></span> <span class='ocrx_word' id='word_1_297' title='bbox 620 1114 667 1141; x_wconf 82' lang='lat' dir='ltr'><strong>Dei</strong></span> <span class='ocrx_word' id='word_1_298' title='bbox 687 1122 748 1141; x_wconf 88' lang='lat' dir='ltr'><strong>esse</strong></span> <span class='ocrx_word' id='word_1_299' title='bbox 770 1113 854 1142; x_wconf 84' lang='lat' dir='ltr'><strong>[ilium</strong></span> <span class='ocrx_word' id='word_1_300' title='bbox 882 1114 976 1141; x_wconf 87' lang='lat' dir='ltr'><strong>huma-</strong></span> 
     </span>
    </p>
   </div>
   <div class='ocr_carea' id='block_1_41' title="bbox 189 1160 973 1196">
    <p class='ocr_par' dir='ltr' id='par_1_41' title="bbox 189 1160 973 1196">
     <span class='ocr_line' id='line_1_41' title="bbox 189 1160 973 1196; baseline 0 -9"><span class='ocrx_word' id='word_1_301' title='bbox 189 1168 254 1187; x_wconf 91' lang='lat' dir='ltr'><strong>num</strong></span> <span class='ocrx_word' id='word_1_302' title='bbox 270 1160 319 1195; x_wconf 77' lang='grc'><strong>(1),</strong></span> <span class='ocrx_word' id='word_1_303' title='bbox 334 1168 387 1191; x_wconf 88' lang='lat' dir='ltr'><strong>non</strong></span> <span class='ocrx_word' id='word_1_304' title='bbox 405 1161 575 1189; x_wconf 89' lang='lat' dir='ltr'><strong>crediderunt</strong></span> <span class='ocrx_word' id='word_1_305' title='bbox 588 1160 672 1188; x_wconf 88' lang='lat' dir='ltr'><strong>Deum</strong></span> <span class='ocrx_word' id='word_1_306' title='bbox 685 1168 757 1192; x_wconf 87' lang='lat' dir='ltr'><strong>esse,</strong></span> <span class='ocrx_word' id='word_1_307' title='bbox 775 1168 862 1196; x_wconf 90' lang='lat' dir='ltr'><strong>neque</strong></span> <span class='ocrx_word' id='word_1_308' title='bbox 875 1160 973 1187; x_wconf 88' lang='lat' dir='ltr'><strong>Filium</strong></span> 
     </span>
    </p>
   </div>
   <div class='ocr_carea' id='block_1_42' title="bbox 189 1205 976 1242">
    <p class='ocr_par' dir='ltr' id='par_1_42' title="bbox 189 1205 976 1242">
     <span class='ocr_line' id='line_1_42' title="bbox 189 1205 976 1242; baseline 0.001 -10"><span class='ocrx_word' id='word_1_309' title='bbox 189 1205 238 1233; x_wconf 91' lang='lat' dir='ltr'><strong>Dei</strong></span> <span class='ocrx_word' id='word_1_310' title='bbox 255 1206 374 1238; x_wconf 72' lang='lat' dir='ltr'><strong>confessi</strong></span> <span class='ocrx_word' id='word_1_311' title='bbox 388 1211 462 1234; x_wconf 78' lang='lat' dir='ltr'><strong>sunt.</strong></span> <span class='ocrx_word' id='word_1_312' title='bbox 480 1206 527 1234; x_wconf 85' lang='lat' dir='ltr'><strong>Est</strong></span> <span class='ocrx_word' id='word_1_313' title='bbox 542 1212 632 1235; x_wconf 90' lang='lat' dir='ltr'><strong>autem</strong></span> <span class='ocrx_word' id='word_1_314' title='bbox 649 1207 762 1242; x_wconf 90' lang='lat' dir='ltr'><strong>impium</strong></span> <span class='ocrx_word' id='word_1_315' title='bbox 775 1208 895 1242; x_wconf 79' lang='lat' dir='ltr'><strong>cogitare</strong></span> <span class='ocrx_word' id='word_1_316' title='bbox 909 1206 976 1234; x_wconf 81' lang='lat' dir='ltr'><strong>Ver-</strong></span> 
     </span>
    </p>
   </div>
   <div class='ocr_carea' id='block_1_43' title="bbox 189 1253 974 1288">
    <p class='ocr_par' dir='ltr' id='par_1_43' title="bbox 189 1253 974 1288">
     <span class='ocr_line' id='line_1_43' title="bbox 189 1253 974 1288; baseline 0 -8"><span class='ocrx_word' id='word_1_317' title='bbox 189 1253 254 1280; x_wconf 82' lang='lat' dir='ltr'><strong>bum</strong></span> <span class='ocrx_word' id='word_1_318' title='bbox 281 1253 328 1284; x_wconf 79' lang='lat' dir='ltr'><strong>Dei</strong></span> <span class='ocrx_word' id='word_1_319' title='bbox 352 1257 480 1288; x_wconf 85' lang='lat' dir='ltr'><strong>tanquam</strong></span> <span class='ocrx_word' id='word_1_320' title='bbox 499 1253 663 1287; x_wconf 86' lang='lat' dir='ltr'><strong>humanum;</strong></span> <span class='ocrx_word' id='word_1_321' title='bbox 687 1257 715 1280; x_wconf 91' lang='lat' dir='ltr'><strong>ct</strong></span> <span class='ocrx_word' id='word_1_322' title='bbox 735 1261 817 1288; x_wconf 83' lang='lat' dir='ltr'><strong>opera</strong></span> <span class='ocrx_word' id='word_1_323' title='bbox 841 1261 888 1288; x_wconf 80' lang='lat' dir='ltr'><strong>per</strong></span> <span class='ocrx_word' id='word_1_324' title='bbox 910 1260 974 1280; x_wconf 89' lang='lat' dir='ltr'><strong>eum</strong></span> 
     </span>
    </p>
   </div>
   <div class='ocr_carea' id='block_1_44' title="bbox 189 1298 977 1334">
    <p class='ocr_par' dir='ltr' id='par_1_44' title="bbox 189 1298 977 1334">
     <span class='ocr_line' id='line_1_44' title="bbox 189 1298 977 1334; baseline 0 -8"><span class='ocrx_word' id='word_1_325' title='bbox 189 1298 262 1327; x_wconf 81' lang='lat' dir='ltr'><strong>facta</strong></span> <span class='ocrx_word' id='word_1_326' title='bbox 281 1307 404 1332; x_wconf 75' lang='lat' dir='ltr'><strong>manere,</strong></span> <span class='ocrx_word' id='word_1_327' title='bbox 422 1307 476 1327; x_wconf 92' lang='lat' dir='ltr'><strong>non</strong></span> <span class='ocrx_word' id='word_1_328' title='bbox 489 1304 617 1327; x_wconf 81' lang='lat' dir='ltr'><strong>manente</strong></span> <span class='ocrx_word' id='word_1_329' title='bbox 632 1299 702 1334; x_wconf 88' lang='lat' dir='ltr'><strong>ipso.</strong></span> <span class='ocrx_word' id='word_1_330' title='bbox 718 1298 811 1334; x_wconf 86' lang='lat' dir='ltr'><strong>Siquis</strong></span> <span class='ocrx_word' id='word_1_331' title='bbox 825 1307 890 1326; x_wconf 89' lang='lat' dir='ltr'><strong>vero</strong></span> <span class='ocrx_word' id='word_1_332' title='bbox 905 1299 977 1326; x_wconf 84' lang='lat' dir='ltr'><strong>dicat</strong></span> 
     </span>
    </p>
   </div>
   <div class='ocr_carea' id='block_1_45' title="bbox 189 1345 975 1381">
    <p class='ocr_par' dir='ltr' id='par_1_45' title="bbox 189 1345 975 1381">
     <span class='ocr_line' id='line_1_45' title="bbox 189 1345 975 1381; baseline 0.001 -8"><span class='ocrx_word' id='word_1_333' title='bbox 189 1346 297 1381; x_wconf 88' lang='lat' dir='ltr'><strong>operari</strong></span> <span class='ocrx_word' id='word_1_334' title='bbox 312 1346 449 1374; x_wconf 88' lang='lat' dir='ltr'><strong>Christum</strong></span> <span class='ocrx_word' id='word_1_335' title='bbox 468 1346 560 1373; x_wconf 87' lang='lat' dir='ltr'><strong>omnia</strong></span> <span class='ocrx_word' id='word_1_336' title='bbox 575 1345 655 1380; x_wconf 87' lang='lat' dir='ltr'><strong>jussu</strong></span> <span class='ocrx_word' id='word_1_337' title='bbox 670 1346 770 1378; x_wconf 82' lang='lat' dir='ltr'><strong>Verbi,</strong></span> <span class='ocrx_word' id='word_1_338' title='bbox 791 1345 907 1373; x_wconf 86' lang='lat' dir='ltr'><strong>Verbum</strong></span> <span class='ocrx_word' id='word_1_339' title='bbox 928 1345 975 1374; x_wconf 73' lang='lat' dir='ltr'><strong>Dei</strong></span> 
     </span>
    </p>
   </div>
   <div class='ocr_carea' id='block_1_46' title="bbox 191 1391 975 1424">
    <p class='ocr_par' dir='ltr' id='par_1_46' title="bbox 191 1391 975 1424">
     <span class='ocr_line' id='line_1_46' title="bbox 191 1391 975 1424; baseline -0.003 -4"><span class='ocrx_word' id='word_1_340' title='bbox 191 1392 310 1421; x_wconf 89' lang='lat' dir='ltr'><strong>otiosum</strong></span> <span class='ocrx_word' id='word_1_341' title='bbox 326 1392 416 1424; x_wconf 69' lang='lat' dir='ltr'><strong>faciet,</strong></span> <span class='ocrx_word' id='word_1_342' title='bbox 433 1397 463 1420; x_wconf 89' lang='lat' dir='ltr'><strong>et</strong></span> <span class='ocrx_word' id='word_1_343' title='bbox 486 1392 610 1420; x_wconf 83' lang='lat' dir='ltr'><strong>ordinem</strong></span> <span class='ocrx_word' id='word_1_344' title='bbox 634 1391 740 1419; x_wconf 88' lang='lat' dir='ltr'><strong>Domini</strong></span> <span class='ocrx_word' id='word_1_345' title='bbox 764 1392 791 1419; x_wconf 88' lang='lat' dir='ltr'><strong>in</strong></span> <span class='ocrx_word' id='word_1_346' title='bbox 818 1392 975 1419; x_wconf 83' lang='lat' dir='ltr'><strong>servitutem</strong></span> 
     </span>
    </p>
   </div>
   <div class='ocr_carea' id='block_1_47' title="bbox 191 1437 978 1473">
    <p class='ocr_par' dir='ltr' id='par_1_47' title="bbox 191 1437 978 1473">
     <span class='ocr_line' id='line_1_47' title="bbox 191 1437 978 1473; baseline -0.001 -8"><span class='ocrx_word' id='word_1_347' title='bbox 191 1439 317 1466; x_wconf 84' lang='lat' dir='ltr'><strong>mutabit.</strong></span> <span class='ocrx_word' id='word_1_348' title='bbox 349 1437 450 1466; x_wconf 87' lang='lat' dir='ltr'><strong>Servus</strong></span> <span class='ocrx_word' id='word_1_349' title='bbox 482 1439 554 1466; x_wconf 90' lang='lat' dir='ltr'><strong>enim</strong></span> <span class='ocrx_word' id='word_1_350' title='bbox 584 1443 635 1470; x_wconf 87' lang='lat' dir='ltr'><strong>est,</strong></span> <span class='ocrx_word' id='word_1_351' title='bbox 653 1439 697 1466; x_wconf 92' lang='lat' dir='ltr'><strong>cui</strong></span> <span class='ocrx_word' id='word_1_352' title='bbox 722 1438 844 1473; x_wconf 86' lang='lat' dir='ltr'><strong>jubctur,</strong></span> <span class='ocrx_word' id='word_1_353' title='bbox 861 1438 978 1473; x_wconf 81' lang='lat' dir='ltr'><strong>etquod</strong></span> 
     </span>
    </p>
   </div>
   <div class='ocr_carea' id='block_1_48' title="bbox 191 1484 976 1517">
    <p class='ocr_par' dir='ltr' id='par_1_48' title="bbox 191 1484 976 1517">
     <span class='ocr_line' id='line_1_48' title="bbox 191 1484 976 1517; baseline 0 -6"><span class='ocrx_word' id='word_1_354' title='bbox 191 1489 314 1512; x_wconf 87' lang='lat' dir='ltr'><strong>creatum</strong></span> <span class='ocrx_word' id='word_1_355' title='bbox 332 1491 385 1517; x_wconf 64' lang='lat' dir='ltr'><strong>eat,</strong></span> <span class='ocrx_word' id='word_1_356' title='bbox 412 1485 445 1513; x_wconf 83' lang='lat' dir='ltr'><strong>ad</strong></span> <span class='ocrx_word' id='word_1_357' title='bbox 472 1485 622 1512; x_wconf 86' lang='lat' dir='ltr'><strong>creandum</strong></span> <span class='ocrx_word' id='word_1_358' title='bbox 642 1484 754 1512; x_wconf 88' lang='lat' dir='ltr'><strong>minime</strong></span> <span class='ocrx_word' id='word_1_359' title='bbox 778 1485 906 1513; x_wconf 84' lang='lat' dir='ltr'><strong>idoneum</strong></span> <span class='ocrx_word' id='word_1_360' title='bbox 925 1490 976 1511; x_wconf 84' lang='lat' dir='ltr'><strong>est.</strong></span> 
     </span>
    </p>
   </div>
   <div class='ocr_carea' id='block_1_49' title="bbox 192 1528 976 1565">
    <p class='ocr_par' dir='ltr' id='par_1_49' title="bbox 192 1528 976 1565">
     <span class='ocr_line' id='line_1_49' title="bbox 192 1528 976 1565; baseline -0.003 -7"><span class='ocrx_word' id='word_1_361' title='bbox 192 1531 251 1558; x_wconf 83' lang='lat' dir='ltr'><strong>Non</strong></span> <span class='ocrx_word' id='word_1_362' title='bbox 266 1532 338 1559; x_wconf 91' lang='lat' dir='ltr'><strong>enim</strong></span> <span class='ocrx_word' id='word_1_363' title='bbox 362 1532 419 1558; x_wconf 89' lang='lat' dir='ltr'><strong>ullo</strong></span> <span class='ocrx_word' id='word_1_364' title='bbox 441 1531 522 1558; x_wconf 89' lang='lat' dir='ltr'><strong>modo</strong></span> <span class='ocrx_word' id='word_1_365' title='bbox 545 1535 679 1558; x_wconf 67' lang='lat' dir='ltr'><strong>creatura:</strong></span> <span class='ocrx_word' id='word_1_366' title='bbox 699 1530 837 1565; x_wconf 64' lang='lat' dir='ltr'><strong>exaequari</strong></span> <span class='ocrx_word' id='word_1_367' title='bbox 860 1528 976 1563; x_wconf 78' lang='lat' dir='ltr'><strong>desinet,</strong></span> 
     </span>
    </p>
   </div>
   <div class='ocr_carea' id='block_1_50' title="bbox 191 1576 941 1611">
    <p class='ocr_par' dir='ltr' id='par_1_50' title="bbox 191 1576 941 1611">
     <span class='ocr_line' id='line_1_50' title="bbox 191 1576 941 1611; baseline -0.005 -5"><span class='ocrx_word' id='word_1_368' title='bbox 191 1583 223 1606; x_wconf 89' lang='lat' dir='ltr'><strong>ut</strong></span> <span class='ocrx_word' id='word_1_369' title='bbox 237 1578 307 1606; x_wconf 87' lang='lat' dir='ltr'><strong>sicut</strong></span> <span class='ocrx_word' id='word_1_370' title='bbox 320 1578 355 1607; x_wconf 85' lang='lat' dir='ltr'><strong>ab</strong></span> <span class='ocrx_word' id='word_1_371' title='bbox 369 1578 415 1605; x_wconf 80' lang='lat' dir='ltr'><strong>illo</strong></span> <span class='ocrx_word' id='word_1_372' title='bbox 428 1582 549 1608; x_wconf 78' lang='lat' dir='ltr'><strong>creatum</strong></span> <span class='ocrx_word' id='word_1_373' title='bbox 567 1581 618 1610; x_wconf 87' lang='lat' dir='ltr'><strong>est,</strong></span> <span class='ocrx_word' id='word_1_374' title='bbox 632 1577 673 1604; x_wconf 88' lang='lat' dir='ltr'><strong>sic</strong></span> <span class='ocrx_word' id='word_1_375' title='bbox 688 1577 777 1611; x_wconf 79' lang='lat' dir='ltr'><strong>ipsum</strong></span> <span class='ocrx_word' id='word_1_376' title='bbox 793 1576 846 1603; x_wconf 86' lang='lat' dir='ltr'><strong>alia</strong></span> <span class='ocrx_word' id='word_1_377' title='bbox 859 1579 941 1603; x_wconf 81' lang='lat' dir='ltr'><strong>creet.</strong></span> 
     </span>
    </p>
   </div>
   <div class='ocr_carea' id='block_1_51' title="bbox 229 1667 972 1704">
    <p class='ocr_par' dir='ltr' id='par_1_51' title="bbox 229 1667 972 1704">
     <span class='ocr_line' id='line_1_51' title="bbox 229 1667 972 1704; baseline -0.004 -8"><span class='ocrx_word' id='word_1_378' title='bbox 229 1668 347 1703; x_wconf 78' lang='lat' dir='ltr'><strong>Rursus,</strong></span> <span class='ocrx_word' id='word_1_379' title='bbox 366 1676 427 1697; x_wconf 93' lang='lat' dir='ltr'><strong>cum</strong></span> <span class='ocrx_word' id='word_1_380' title='bbox 439 1668 500 1704; x_wconf 85' lang='lat' dir='ltr'><strong>quis</strong></span> <span class='ocrx_word' id='word_1_381' title='bbox 509 1668 607 1696; x_wconf 83' lang='lat' dir='ltr'><strong>dixerit</strong></span> <span class='ocrx_word' id='word_1_382' title='bbox 621 1676 682 1696; x_wconf 86' lang='lat' dir='ltr'><strong>esse</strong></span> <span class='ocrx_word' id='word_1_383' title='bbox 699 1667 830 1703; x_wconf 83' lang='lat' dir='ltr'><strong>Spiritum</strong></span> <span class='ocrx_word' id='word_1_384' title='bbox 847 1671 972 1695; x_wconf 88' lang='lat' dir='ltr'><strong>sanctum</strong></span> 
     </span>
    </p>
   </div>
   <div class='ocr_carea' id='block_1_52' title="bbox 194 1713 981 1750">
    <p class='ocr_par' dir='ltr' id='par_1_52' title="bbox 194 1713 981 1750">
     <span class='ocr_line' id='line_1_52' title="bbox 194 1713 981 1750; baseline -0.005 -7"><span class='ocrx_word' id='word_1_385' title='bbox 194 1723 264 1750; x_wconf 89' lang='lat' dir='ltr'><strong>opus</strong></span> <span class='ocrx_word' id='word_1_386' title='bbox 281 1715 494 1746; x_wconf 80' lang='lat' dir='ltr'><strong>sanctiﬁcatum,</strong></span> <span class='ocrx_word' id='word_1_387' title='bbox 515 1723 568 1742; x_wconf 87' lang='lat' dir='ltr'><strong>non</strong></span> <span class='ocrx_word' id='word_1_388' title='bbox 591 1714 707 1749; x_wconf 85' lang='lat' dir='ltr'><strong>amplius</strong></span> <span class='ocrx_word' id='word_1_389' title='bbox 721 1714 820 1749; x_wconf 84' lang='lat' dir='ltr'><strong>poterit</strong></span> <span class='ocrx_word' id='word_1_390' title='bbox 832 1713 981 1747; x_wconf 79' lang='lat' dir='ltr'><strong>intelligere</strong></span> 
     </span>
    </p>
   </div>
   <div class='ocr_carea' id='block_1_53' title="bbox 194 1760 980 1795">
    <p class='ocr_par' dir='ltr' id='par_1_53' title="bbox 194 1760 980 1795">
     <span class='ocr_line' id='line_1_53' title="bbox 194 1760 980 1795; baseline -0.004 -7"><span class='ocrx_word' id='word_1_391' title='bbox 194 1761 286 1788; x_wconf 88' lang='lat' dir='ltr'><strong>omnia</strong></span> <span class='ocrx_word' id='word_1_392' title='bbox 301 1761 328 1789; x_wconf 88' lang='lat' dir='ltr'><strong>in</strong></span> <span class='ocrx_word' id='word_1_393' title='bbox 346 1760 447 1795; x_wconf 84' lang='lat' dir='ltr'><strong>Spiritu</strong></span> <span class='ocrx_word' id='word_1_394' title='bbox 462 1761 647 1793; x_wconf 85' lang='lat' dir='ltr'><strong>sanctiﬁcata;</strong></span> <span class='ocrx_word' id='word_1_395' title='bbox 663 1760 708 1794; x_wconf 92' lang='lat' dir='ltr'><strong>qui</strong></span> <span class='ocrx_word' id='word_1_396' title='bbox 725 1760 797 1787; x_wconf 92' lang='lat' dir='ltr'><strong>enim</strong></span> <span class='ocrx_word' id='word_1_397' title='bbox 815 1767 899 1787; x_wconf 89' lang='lat' dir='ltr'><strong>unum</strong></span> <span class='ocrx_word' id='word_1_398' title='bbox 915 1766 980 1786; x_wconf 78' lang='lat' dir='ltr'><strong>san-</strong></span> 
     </span>
    </p>
   </div>
   <div class='ocr_carea' id='block_1_54' title="bbox 195 1803 981 1840">
    <p class='ocr_par' dir='ltr' id='par_1_54' title="bbox 195 1803 981 1840">
     <span class='ocr_line' id='line_1_54' title="bbox 195 1803 981 1840; baseline -0.005 -5"><span class='ocrx_word' id='word_1_399' title='bbox 195 1806 324 1835; x_wconf 86' lang='lat' dir='ltr'><strong>ctilicavit</strong></span> <span class='ocrx_word' id='word_1_400' title='bbox 348 1807 500 1835; x_wconf 87' lang='lat' dir='ltr'><strong>sanctiﬁcat</strong></span> <span class='ocrx_word' id='word_1_401' title='bbox 514 1806 595 1833; x_wconf 72' lang='lat' dir='ltr'><strong>etiam</strong></span> <span class='ocrx_word' id='word_1_402' title='bbox 612 1805 714 1834; x_wconf 87' lang='lat' dir='ltr'><strong>omnia.</strong></span> <span class='ocrx_word' id='word_1_403' title='bbox 727 1804 814 1840; x_wconf 76' lang='lat' dir='ltr'><strong>Negat</strong></span> <span class='ocrx_word' id='word_1_404' title='bbox 828 1805 909 1840; x_wconf 76' lang='lat' dir='ltr'><strong>igitur</strong></span> <span class='ocrx_word' id='word_1_405' title='bbox 922 1803 981 1831; x_wconf 73' lang='lat' dir='ltr'><strong>I‘on-</strong></span> 
     </span>
    </p>
   </div>
   <div class='ocr_carea' id='block_1_55' title="bbox 195 1851 981 1886">
    <p class='ocr_par' dir='ltr' id='par_1_55' title="bbox 195 1851 981 1886">
     <span class='ocr_line' id='line_1_55' title="bbox 195 1851 981 1886; baseline -0.004 -6"><span class='ocrx_word' id='word_1_406' title='bbox 195 1858 249 1880; x_wconf 87' lang='lat' dir='ltr'><strong>tem</strong></span> <span class='ocrx_word' id='word_1_407' title='bbox 276 1852 498 1881; x_wconf 85' lang='lat' dir='ltr'><strong>sanctiﬁcationis</strong></span> <span class='ocrx_word' id='word_1_408' title='bbox 526 1851 656 1886; x_wconf 83' lang='lat' dir='ltr'><strong>Spiritum</strong></span> <span class='ocrx_word' id='word_1_409' title='bbox 679 1855 815 1883; x_wconf 85' lang='lat' dir='ltr'><strong>sanctum,</strong></span> <span class='ocrx_word' id='word_1_410' title='bbox 842 1851 888 1885; x_wconf 93' lang='lat' dir='ltr'><strong>qui</strong></span> <span class='ocrx_word' id='word_1_411' title='bbox 918 1858 981 1877; x_wconf 92' lang='lat' dir='ltr'><strong>eum</strong></span> 
     </span>
    </p>
   </div>
   <div class='ocr_carea' id='block_1_56' title="bbox 196 1897 982 1935">
    <p class='ocr_par' dir='ltr' id='par_1_56' title="bbox 196 1897 982 1935">
     <span class='ocr_line' id='line_1_56' title="bbox 196 1897 982 1935; baseline -0.004 -9"><span class='ocrx_word' id='word_1_412' title='bbox 196 1901 286 1935; x_wconf 82' lang='lat' dir='ltr'><strong>privat</strong></span> <span class='ocrx_word' id='word_1_413' title='bbox 311 1903 444 1934; x_wconf 86' lang='lat' dir='ltr'><strong>potestate</strong></span> <span class='ocrx_word' id='word_1_414' title='bbox 477 1897 682 1931; x_wconf 85' lang='lat' dir='ltr'><strong>sanctiﬁcandi;</strong></span> <span class='ocrx_word' id='word_1_415' title='bbox 709 1903 736 1925; x_wconf 92' lang='lat' dir='ltr'><strong>et</strong></span> <span class='ocrx_word' id='word_1_416' title='bbox 762 1897 931 1932; x_wconf 84' lang='lat' dir='ltr'><strong>prohibetur,</strong></span> <span class='ocrx_word' id='word_1_417' title='bbox 949 1903 982 1924; x_wconf 86' lang='lat' dir='ltr'><strong>ne</strong></span> 
     </span>
    </p>
   </div>
   <div class='ocr_carea' id='block_1_57' title="bbox 196 1943 980 1978">
    <p class='ocr_par' dir='ltr' id='par_1_57' title="bbox 196 1943 980 1978">
     <span class='ocr_line' id='line_1_57' title="bbox 196 1943 980 1978; baseline -0.001 -6"><span class='ocrx_word' id='word_1_418' title='bbox 196 1954 259 1973; x_wconf 89' lang='lat' dir='ltr'><strong>eum</strong></span> <span class='ocrx_word' id='word_1_419' title='bbox 277 1945 350 1972; x_wconf 83' lang='lat' dir='ltr'><strong>Patri</strong></span> <span class='ocrx_word' id='word_1_420' title='bbox 363 1950 389 1972; x_wconf 87' lang='lat' dir='ltr'><strong>ct</strong></span> <span class='ocrx_word' id='word_1_421' title='bbox 405 1945 474 1975; x_wconf 80' lang='lat' dir='ltr'><strong>Filio</strong></span> <span class='ocrx_word' id='word_1_422' title='bbox 503 1950 685 1978; x_wconf 81' lang='lat' dir='ltr'><strong>annumeret;</strong></span> <span class='ocrx_word' id='word_1_423' title='bbox 699 1952 731 1972; x_wconf 90' lang='lat' dir='ltr'><strong>ac</strong></span> <span class='ocrx_word' id='word_1_424' title='bbox 750 1949 874 1972; x_wconf 88' lang='lat' dir='ltr'><strong>sanctum</strong></span> <span class='ocrx_word' id='word_1_425' title='bbox 891 1943 980 1977; x_wconf 79' lang='lat' dir='ltr'><strong>bapti-</strong></span> 
     </span>
    </p>
   </div>
   <div class='ocr_carea' id='block_1_58' title="bbox 197 1991 982 2026">
    <p class='ocr_par' dir='ltr' id='par_1_58' title="bbox 197 1991 982 2026">
     <span class='ocr_line' id='line_1_58' title="bbox 197 1991 982 2026; baseline -0.004 -7"><span class='ocrx_word' id='word_1_426' title='bbox 197 2000 257 2020; x_wconf 82' lang='lat' dir='ltr'><strong>sma</strong></span> <span class='ocrx_word' id='word_1_427' title='bbox 282 1992 387 2026; x_wconf 85' lang='lat' dir='ltr'><strong>rcjicit;</strong></span> <span class='ocrx_word' id='word_1_428' title='bbox 413 1997 440 2021; x_wconf 88' lang='lat' dir='ltr'><strong>et</strong></span> <span class='ocrx_word' id='word_1_429' title='bbox 459 1991 576 2026; x_wconf 85' lang='lat' dir='ltr'><strong>amplius</strong></span> <span class='ocrx_word' id='word_1_430' title='bbox 602 1995 722 2018; x_wconf 86' lang='lat' dir='ltr'><strong>sanctam</strong></span> <span class='ocrx_word' id='word_1_431' title='bbox 747 1995 775 2017; x_wconf 90' lang='lat' dir='ltr'><strong>et</strong></span> <span class='ocrx_word' id='word_1_432' title='bbox 801 1991 982 2018; x_wconf 85' lang='lat' dir='ltr'><strong>venerandam</strong></span> 
     </span>
    </p>
   </div>
   <div class='ocr_carea' id='block_1_59' title="bbox 197 2035 983 2065">
    <p class='ocr_par' dir='ltr' id='par_1_59' title="bbox 197 2035 983 2065">
     <span class='ocr_line' id='line_1_59' title="bbox 197 2035 983 2065; baseline -0.004 0"><span class='ocrx_word' id='word_1_433' title='bbox 197 2037 358 2065; x_wconf 88' lang='lat' dir='ltr'><strong>Trinitatem</strong></span> <span class='ocrx_word' id='word_1_434' title='bbox 389 2045 441 2064; x_wconf 92' lang='lat' dir='ltr'><strong>non</strong></span> <span class='ocrx_word' id='word_1_435' title='bbox 469 2037 652 2064; x_wconf 83' lang='lat' dir='ltr'><strong>conﬁtebitur.</strong></span> <span class='ocrx_word' id='word_1_436' title='bbox 666 2037 719 2063; x_wconf 85' lang='lat' dir='ltr'><strong>Aut</strong></span> <span class='ocrx_word' id='word_1_437' title='bbox 734 2037 806 2063; x_wconf 90' lang='lat' dir='ltr'><strong>enim</strong></span> <span class='ocrx_word' id='word_1_438' title='bbox 823 2036 850 2063; x_wconf 94' lang='lat' dir='ltr'><strong>in</strong></span> <span class='ocrx_word' id='word_1_439' title='bbox 867 2035 983 2062; x_wconf 85' lang='lat' dir='ltr'><strong>naturali</strong></span> 
     </span>
    </p>
   </div>
   <div class='ocr_carea' id='block_1_60' title="bbox 197 2082 984 2120">
    <p class='ocr_par' dir='ltr' id='par_1_60' title="bbox 197 2082 984 2120">
     <span class='ocr_line' id='line_1_60' title="bbox 197 2082 984 2120; baseline -0.004 -9"><span class='ocrx_word' id='word_1_440' title='bbox 197 2088 226 2111; x_wconf 86' lang='lat' dir='ltr'><strong>et</strong></span> <span class='ocrx_word' id='word_1_441' title='bbox 238 2092 302 2111; x_wconf 86' lang='lat' dir='ltr'><strong>vera</strong></span> <span class='ocrx_word' id='word_1_442' title='bbox 322 2084 408 2120; x_wconf 81' lang='lat' dir='ltr'><strong>gloria</strong></span> <span class='ocrx_word' id='word_1_443' title='bbox 439 2087 495 2110; x_wconf 88' lang='lat' dir='ltr'><strong>tota</strong></span> <span class='ocrx_word' id='word_1_444' title='bbox 518 2082 638 2109; x_wconf 88' lang='lat' dir='ltr'><strong>Trinitas</strong></span> <span class='ocrx_word' id='word_1_445' title='bbox 661 2082 833 2117; x_wconf 78' lang='lat' dir='ltr'><strong>intelligenda</strong></span> <span class='ocrx_word' id='word_1_446' title='bbox 857 2086 915 2114; x_wconf 78' lang='lat' dir='ltr'><strong>est;</strong></span> <span class='ocrx_word' id='word_1_447' title='bbox 937 2085 984 2108; x_wconf 89' lang='lat' dir='ltr'><strong>aut</strong></span> 
     </span>
    </p>
   </div>
   <div class='ocr_carea' id='block_1_61' title="bbox 196 2127 984 2162">
    <p class='ocr_par' dir='ltr' id='par_1_61' title="bbox 196 2127 984 2162">
     <span class='ocr_line' id='line_1_61' title="bbox 196 2127 984 2162; baseline -0.005 -5"><span class='ocrx_word' id='word_1_448' title='bbox 196 2130 340 2162; x_wconf 83' lang='lat' dir='ltr'><strong>unitatem,</strong></span> <span class='ocrx_word' id='word_1_449' title='bbox 362 2134 389 2157; x_wconf 90' lang='lat' dir='ltr'><strong>et</strong></span> <span class='ocrx_word' id='word_1_450' title='bbox 407 2137 461 2159; x_wconf 83' lang='lat' dir='ltr'><strong>non</strong></span> <span class='ocrx_word' id='word_1_451' title='bbox 487 2128 605 2162; x_wconf 87' lang='lat' dir='ltr'><strong>amplius</strong></span> <span class='ocrx_word' id='word_1_452' title='bbox 617 2127 777 2155; x_wconf 85' lang='lat' dir='ltr'><strong>Trinitatem</strong></span> <span class='ocrx_word' id='word_1_453' title='bbox 790 2127 880 2154; x_wconf 88' lang='lat' dir='ltr'><strong>dicere</strong></span> <span class='ocrx_word' id='word_1_454' title='bbox 904 2135 984 2161; x_wconf 80' lang='lat' dir='ltr'><strong>coge-</strong></span> 
     </span>
    </p>
   </div>
   <div class='ocr_carea' id='block_1_62' title="bbox 196 2172 984 2210">
    <p class='ocr_par' dir='ltr' id='par_1_62' title="bbox 196 2172 984 2210">
     <span class='ocr_line' id='line_1_62' title="bbox 196 2172 984 2210; baseline -0.003 -7"><span class='ocrx_word' id='word_1_455' title='bbox 196 2183 274 2209; x_wconf 89' lang='lat' dir='ltr'><strong>mur;</strong></span> <span class='ocrx_word' id='word_1_456' title='bbox 288 2180 336 2203; x_wconf 86' lang='lat' dir='ltr'><strong>aut</strong></span> <span class='ocrx_word' id='word_1_457' title='bbox 348 2182 477 2210; x_wconf 75' lang='lat' dir='ltr'><strong>cogentur</strong></span> <span class='ocrx_word' id='word_1_458' title='bbox 492 2182 547 2201; x_wconf 86' lang='lat' dir='ltr'><strong>non</strong></span> <span class='ocrx_word' id='word_1_459' title='bbox 562 2181 743 2200; x_wconf 86' lang='lat' dir='ltr'><strong>annumerarc</strong></span> <span class='ocrx_word' id='word_1_460' title='bbox 760 2172 882 2201; x_wconf 87' lang='lat' dir='ltr'><strong>Creatori</strong></span> <span class='ocrx_word' id='word_1_461' title='bbox 894 2178 984 2201; x_wconf 72' lang='lat' dir='ltr'><strong>creata</strong></span> 
     </span>
    </p>
   </div>
   <div class='ocr_carea' id='block_1_63' title="bbox 197 2220 983 2256">
    <p class='ocr_par' dir='ltr' id='par_1_63' title="bbox 197 2220 983 2256">
     <span class='ocr_line' id='line_1_63' title="bbox 197 2220 983 2256; baseline -0.006 -7"><span class='ocrx_word' id='word_1_462' title='bbox 197 2229 280 2256; x_wconf 88' lang='lat' dir='ltr'><strong>opera</strong></span> <span class='ocrx_word' id='word_1_463' title='bbox 298 2242 305 2254; x_wconf 92' lang='lat'><strong>,</strong></span> <span class='ocrx_word' id='word_1_464' title='bbox 346 2228 436 2255; x_wconf 84' lang='lat' dir='ltr'><strong>neque</strong></span> <span class='ocrx_word' id='word_1_465' title='bbox 468 2220 584 2249; x_wconf 86' lang='lat' dir='ltr'><strong>Domino</strong></span> <span class='ocrx_word' id='word_1_466' title='bbox 615 2220 804 2246; x_wconf 84' lang='lat' dir='ltr'><strong>universorum</strong></span> <span class='ocrx_word' id='word_1_467' title='bbox 833 2223 983 2250; x_wconf 86' lang='lat' dir='ltr'><strong>creaturas,</strong></span> 
     </span>
    </p>
   </div>
   <div class='ocr_carea' id='block_1_64' title="bbox 197 2263 983 2301">
    <p class='ocr_par' dir='ltr' id='par_1_64' title="bbox 197 2263 983 2301">
     <span class='ocr_line' id='line_1_64' title="bbox 197 2263 983 2301; baseline -0.005 -8"><span class='ocrx_word' id='word_1_468' title='bbox 197 2274 287 2301; x_wconf 82' lang='lat' dir='ltr'><strong>neque</strong></span> <span class='ocrx_word' id='word_1_469' title='bbox 308 2265 488 2293; x_wconf 83' lang='lat' dir='ltr'><strong>sanctiﬁcanti</strong></span> <span class='ocrx_word' id='word_1_470' title='bbox 505 2265 682 2296; x_wconf 79' lang='lat' dir='ltr'><strong>sanctiﬁcata.</strong></span> <span class='ocrx_word' id='word_1_471' title='bbox 709 2264 779 2292; x_wconf 89' lang='lat' dir='ltr'><strong>sicut</strong></span> <span class='ocrx_word' id='word_1_472' title='bbox 803 2271 890 2298; x_wconf 90' lang='lat' dir='ltr'><strong>neque</strong></span> <span class='ocrx_word' id='word_1_473' title='bbox 922 2263 983 2290; x_wconf 63' lang='lat' dir='ltr'><strong>Tri—</strong></span> 
     </span>
    </p>
   </div>
   <div class='ocr_carea' id='block_1_65' title="bbox 199 2309 984 2346">
    <p class='ocr_par' dir='ltr' id='par_1_65' title="bbox 199 2309 984 2346">
     <span class='ocr_line' id='line_1_65' title="bbox 199 2309 984 2346; baseline -0.005 -6"><span class='ocrx_word' id='word_1_474' title='bbox 199 2313 276 2340; x_wconf 84' lang='lat' dir='ltr'><strong>nitati</strong></span> <span class='ocrx_word' id='word_1_475' title='bbox 300 2313 387 2339; x_wconf 92' lang='lat' dir='ltr'><strong>ullum</strong></span> <span class='ocrx_word' id='word_1_476' title='bbox 419 2319 488 2346; x_wconf 88' lang='lat' dir='ltr'><strong>opus</strong></span> <span class='ocrx_word' id='word_1_477' title='bbox 518 2314 640 2340; x_wconf 83' lang='lat' dir='ltr'><strong>creatum</strong></span> <span class='ocrx_word' id='word_1_478' title='bbox 656 2314 867 2342; x_wconf 82' lang='lat' dir='ltr'><strong>annumeratur;</strong></span> <span class='ocrx_word' id='word_1_479' title='bbox 902 2313 930 2336; x_wconf 90' lang='lat' dir='ltr'><strong>at</strong></span> <span class='ocrx_word' id='word_1_480' title='bbox 955 2309 984 2346; x_wconf 82' lang='lat' dir='ltr'><strong>in</strong></span> 
     </span>
    </p>
   </div>
   <div class='ocr_carea' id='block_1_66' title="bbox 199 2355 985 2390">
    <p class='ocr_par' dir='ltr' id='par_1_66' title="bbox 199 2355 985 2390">
     <span class='ocr_line' id='line_1_66' title="bbox 199 2355 985 2390; baseline -0.005 -5"><span class='ocrx_word' id='word_1_481' title='bbox 199 2358 311 2386; x_wconf 77' lang='lat' dir='ltr'><strong>nomine</strong></span> <span class='ocrx_word' id='word_1_482' title='bbox 338 2362 440 2385; x_wconf 71' lang='lat' dir='ltr'><strong>sancta:</strong></span> <span class='ocrx_word' id='word_1_483' title='bbox 475 2356 618 2386; x_wconf 83' lang='lat' dir='ltr'><strong>Trinitatis</strong></span> <span class='ocrx_word' id='word_1_484' title='bbox 641 2356 775 2390; x_wconf 88' lang='lat' dir='ltr'><strong>baptisma</strong></span> <span class='ocrx_word' id='word_1_485' title='bbox 804 2356 854 2388; x_wconf 83' lang='lat' dir='ltr'><strong>ﬁt,</strong></span> <span class='ocrx_word' id='word_1_486' title='bbox 885 2361 912 2382; x_wconf 89' lang='lat' dir='ltr'><strong>et</strong></span> <span class='ocrx_word' id='word_1_487' title='bbox 942 2355 985 2382; x_wconf 90' lang='lat' dir='ltr'><strong>in-</strong></span> 
     </span>
    </p>
   </div>
   <div class='ocr_carea' id='block_1_67' title="bbox 197 2401 985 2437">
    <p class='ocr_par' dir='ltr' id='par_1_67' title="bbox 197 2401 985 2437">
     <span class='ocr_line' id='line_1_67' title="bbox 197 2401 985 2437; baseline -0.005 -5"><span class='ocrx_word' id='word_1_488' title='bbox 197 2404 306 2432; x_wconf 81' lang='lat' dir='ltr'><strong>vocatio</strong></span> <span class='ocrx_word' id='word_1_489' title='bbox 328 2410 356 2431; x_wconf 88' lang='lat' dir='ltr'><strong>et</strong></span> <span class='ocrx_word' id='word_1_490' title='bbox 380 2403 479 2431; x_wconf 88' lang='lat' dir='ltr'><strong>cultus.</strong></span> <span class='ocrx_word' id='word_1_491' title='bbox 510 2402 541 2430; x_wconf 86' lang='lat' dir='ltr'><strong>Si</strong></span> <span class='ocrx_word' id='word_1_492' title='bbox 559 2403 630 2429; x_wconf 90' lang='lat' dir='ltr'><strong>enim</strong></span> <span class='ocrx_word' id='word_1_493' title='bbox 646 2407 700 2437; x_wconf 78' lang='lat' dir='ltr'><strong>tres</strong></span> <span class='ocrx_word' id='word_1_494' title='bbox 717 2406 781 2431; x_wconf 84' lang='lat' dir='ltr'><strong>sunt</strong></span> <span class='ocrx_word' id='word_1_495' title='bbox 798 2402 902 2436; x_wconf 61' lang='lat' dir='ltr'><strong>gloriae,</strong></span> <span class='ocrx_word' id='word_1_496' title='bbox 918 2401 985 2430; x_wconf 80' lang='lat' dir='ltr'><strong>(iant</strong></span> 
     </span>
    </p>
   </div>
   <div class='ocr_carea' id='block_1_68' title="bbox 199 2447 984 2484">
    <p class='ocr_par' dir='ltr' id='par_1_68' title="bbox 199 2447 984 2484">
     <span class='ocr_line' id='line_1_68' title="bbox 199 2447 984 2484; baseline -0.005 -6"><span class='ocrx_word' id='word_1_497' title='bbox 199 2457 254 2478; x_wconf 84' lang='lat' dir='ltr'><strong>tres</strong></span> <span class='ocrx_word' id='word_1_498' title='bbox 267 2451 355 2478; x_wconf 89' lang='lat' dir='ltr'><strong>cultus</strong></span> <span class='ocrx_word' id='word_1_499' title='bbox 371 2450 442 2484; x_wconf 86' lang='lat' dir='ltr'><strong>apud</strong></span> <span class='ocrx_word' id='word_1_500' title='bbox 458 2456 506 2477; x_wconf 85' lang='lat' dir='ltr'><strong>eos</strong></span> <span class='ocrx_word' id='word_1_501' title='bbox 522 2449 568 2484; x_wconf 89' lang='lat' dir='ltr'><strong>qui</strong></span> <span class='ocrx_word' id='word_1_502' title='bbox 583 2449 665 2484; x_wconf 89' lang='lat' dir='ltr'><strong>impie</strong></span> <span class='ocrx_word' id='word_1_503' title='bbox 677 2453 816 2476; x_wconf 89' lang='lat' dir='ltr'><strong>creaturas</strong></span> <span class='ocrx_word' id='word_1_504' title='bbox 833 2449 936 2476; x_wconf 87' lang='lat' dir='ltr'><strong>colunt.</strong></span> <span class='ocrx_word' id='word_1_505' title='bbox 955 2447 984 2474; x_wconf 91' lang='lat' dir='ltr'><strong>Si</strong></span> 
     </span>
    </p>
   </div>
   <div class='ocr_carea' id='block_1_69' title="bbox 199 2493 985 2530">
    <p class='ocr_par' dir='ltr' id='par_1_69' title="bbox 199 2493 985 2530">
     <span class='ocr_line' id='line_1_69' title="bbox 199 2493 985 2530; baseline -0.005 -5"><span class='ocrx_word' id='word_1_506' title='bbox 199 2503 297 2525; x_wconf 88' lang='lat' dir='ltr'><strong>natura</strong></span> <span class='ocrx_word' id='word_1_507' title='bbox 312 2504 373 2530; x_wconf 64' lang='lat' dir='ltr'><strong>quae</strong></span> <span class='ocrx_word' id='word_1_508' title='bbox 386 2495 514 2522; x_wconf 90' lang='lat' dir='ltr'><strong>adoratur</strong></span> <span class='ocrx_word' id='word_1_509' title='bbox 528 2496 614 2523; x_wconf 78' lang='lat' dir='ltr'><strong>dirisa</strong></span> <span class='ocrx_word' id='word_1_510' title='bbox 635 2498 695 2528; x_wconf 82' lang='lat' dir='ltr'><strong>est;</strong></span> <span class='ocrx_word' id='word_1_511' title='bbox 713 2495 747 2522; x_wconf 91' lang='lat' dir='ltr'><strong>sit</strong></span> <span class='ocrx_word' id='word_1_512' title='bbox 764 2494 844 2522; x_wconf 81' lang='lat' dir='ltr'><strong>etiam</strong></span> <span class='ocrx_word' id='word_1_513' title='bbox 858 2493 928 2527; x_wconf 88' lang='lat' dir='ltr'><strong>apud</strong></span> <span class='ocrx_word' id='word_1_514' title='bbox 937 2501 985 2521; x_wconf 89' lang='lat' dir='ltr'><strong>eos</strong></span> 
     </span>
    </p>
   </div>
   <div class='ocr_carea' id='block_1_70' title="bbox 200 2540 985 2576">
    <p class='ocr_par' dir='ltr' id='par_1_70' title="bbox 200 2540 985 2576">
     <span class='ocr_line' id='line_1_70' title="bbox 200 2540 985 2576; baseline -0.005 -6"><span class='ocrx_word' id='word_1_515' title='bbox 200 2543 288 2571; x_wconf 86' lang='lat' dir='ltr'><strong>divisa</strong></span> <span class='ocrx_word' id='word_1_516' title='bbox 316 2542 450 2569; x_wconf 88' lang='lat' dir='ltr'><strong>adoratio.</strong></span> <span class='ocrx_word' id='word_1_517' title='bbox 475 2541 528 2569; x_wconf 87' lang='lat' dir='ltr'><strong>Sed</strong></span> <span class='ocrx_word' id='word_1_518' title='bbox 554 2549 643 2576; x_wconf 86' lang='lat' dir='ltr'><strong>neque</strong></span> <span class='ocrx_word' id='word_1_519' title='bbox 660 2549 722 2568; x_wconf 92' lang='lat' dir='ltr'><strong>cum</strong></span> <span class='ocrx_word' id='word_1_520' title='bbox 739 2545 840 2568; x_wconf 69' lang='lat' dir='ltr'><strong>aztcrno</strong></span> <span class='ocrx_word' id='word_1_521' title='bbox 867 2540 985 2567; x_wconf 89' lang='lat' dir='ltr'><strong>recentia</strong></span> 
     </span>
    </p>
   </div>
   <div class='ocr_carea' id='block_1_71' title="bbox 201 2586 987 2622">
    <p class='ocr_par' dir='ltr' id='par_1_71' title="bbox 201 2586 987 2622">
     <span class='ocr_line' id='line_1_71' title="bbox 201 2586 987 2622; baseline -0.005 -6"><span class='ocrx_word' id='word_1_522' title='bbox 201 2589 407 2622; x_wconf 84' lang='lat' dir='ltr'><strong>adorabuntur;</strong></span> <span class='ocrx_word' id='word_1_523' title='bbox 424 2595 520 2616; x_wconf 87' lang='lat' dir='ltr'><strong>recens</strong></span> <span class='ocrx_word' id='word_1_524' title='bbox 534 2589 606 2615; x_wconf 90' lang='lat' dir='ltr'><strong>enim</strong></span> <span class='ocrx_word' id='word_1_525' title='bbox 622 2591 663 2614; x_wconf 89' lang='lat' dir='ltr'><strong>cst</strong></span> <span class='ocrx_word' id='word_1_526' title='bbox 678 2594 759 2614; x_wconf 88' lang='lat' dir='ltr'><strong>omne</strong></span> <span class='ocrx_word' id='word_1_527' title='bbox 783 2587 809 2613; x_wconf 94' lang='lat' dir='ltr'><strong>id</strong></span> <span class='ocrx_word' id='word_1_528' title='bbox 822 2586 895 2621; x_wconf 89' lang='lat' dir='ltr'><strong>quod</strong></span> <span class='ocrx_word' id='word_1_529' title='bbox 911 2586 987 2620; x_wconf 72' lang='lat' dir='ltr'><strong>prin—</strong></span> 
     </span>
    </p>
   </div>
   <div class='ocr_carea' id='block_1_72' title="bbox 201 2631 988 2669">
    <p class='ocr_par' dir='ltr' id='par_1_72' title="bbox 201 2631 988 2669">
     <span class='ocr_line' id='line_1_72' title="bbox 201 2631 988 2669; baseline -0.003 -8"><span class='ocrx_word' id='word_1_530' title='bbox 201 2634 304 2669; x_wconf 81' lang='lat' dir='ltr'><strong>cipium</strong></span> <span class='ocrx_word' id='word_1_531' title='bbox 326 2635 423 2668; x_wconf 64' lang='lat' dir='ltr'><strong>coepit;</strong></span> <span class='ocrx_word' id='word_1_532' title='bbox 440 2634 504 2669; x_wconf 89' lang='lat' dir='ltr'><strong>quia</strong></span> <span class='ocrx_word' id='word_1_533' title='bbox 532 2634 634 2660; x_wconf 88' lang='lat' dir='ltr'><strong>multus</strong></span> <span class='ocrx_word' id='word_1_534' title='bbox 660 2637 687 2660; x_wconf 88' lang='lat' dir='ltr'><strong>et</strong></span> <span class='ocrx_word' id='word_1_535' title='bbox 710 2634 860 2660; x_wconf 88' lang='lat' dir='ltr'><strong>immensus</strong></span> <span class='ocrx_word' id='word_1_536' title='bbox 875 2636 927 2664; x_wconf 84' lang='lat' dir='ltr'><strong>cst,</strong></span> <span class='ocrx_word' id='word_1_537' title='bbox 941 2631 988 2666; x_wconf 89' lang='lat' dir='ltr'><strong>qui</strong></span> 
     </span>
    </p>
   </div>
   <div class='ocr_carea' id='block_1_73' title="bbox 202 2678 987 2714">
    <p class='ocr_par' dir='ltr' id='par_1_73' title="bbox 202 2678 987 2714">
     <span class='ocr_line' id='line_1_73' title="bbox 202 2678 987 2714; baseline -0.004 -7"><span class='ocrx_word' id='word_1_538' title='bbox 202 2684 244 2707; x_wconf 90' lang='lat' dir='ltr'><strong>cst</strong></span> <span class='ocrx_word' id='word_1_539' title='bbox 261 2684 324 2707; x_wconf 80' lang='lat' dir='ltr'><strong>ante</strong></span> <span class='ocrx_word' id='word_1_540' title='bbox 349 2679 459 2708; x_wconf 49' lang='lat' dir='ltr'><strong>saecula.</strong></span> <span class='ocrx_word' id='word_1_541' title='bbox 494 2679 546 2712; x_wconf 88' lang='lat' dir='ltr'><strong>Qui</strong></span> <span class='ocrx_word' id='word_1_542' title='bbox 576 2679 659 2714; x_wconf 73' lang='lat' dir='ltr'><strong>igitur</strong></span> <span class='ocrx_word' id='word_1_543' title='bbox 687 2678 796 2713; x_wconf 87' lang='lat' dir='ltr'><strong>aliquod</strong></span> <span class='ocrx_word' id='word_1_544' title='bbox 822 2678 987 2713; x_wconf 85' lang='lat' dir='ltr'><strong>principiqu</strong></span> 
     </span>
    </p>
   </div>
   <div class='ocr_carea' id='block_1_74' title="bbox 199 2719 988 2761">
    <p class='ocr_par' dir='ltr' id='par_1_74' title="bbox 199 2719 988 2761">
     <span class='ocr_line' id='line_1_74' title="bbox 199 2719 988 2761; baseline -0.005 -7"><span class='ocrx_word' id='word_1_545' title='bbox 199 2729 354 2761; x_wconf 70' lang='lat' dir='ltr'><strong>temporum</strong></span> <span class='ocrx_word' id='word_1_546' title='bbox 370 2727 431 2754; x_wconf 64' lang='lat' dir='ltr'><strong>vita:</strong></span> <span class='ocrx_word' id='word_1_547' title='bbox 445 2725 506 2753; x_wconf 83' lang='lat' dir='ltr'><strong>Filii</strong></span> <span class='ocrx_word' id='word_1_548' title='bbox 521 2730 548 2753; x_wconf 89' lang='lat' dir='ltr'><strong>et</strong></span> <span class='ocrx_word' id='word_1_549' title='bbox 560 2725 679 2761; x_wconf 78' lang='lat' dir='ltr'><strong>Spiritus</strong></span> <span class='ocrx_word' id='word_1_550' title='bbox 697 2725 784 2753; x_wconf 87' lang='lat' dir='ltr'><strong>sancti</strong></span> <span class='ocrx_word' id='word_1_551' title='bbox 801 2724 887 2759; x_wconf 81' lang='lat' dir='ltr'><strong>ponit,</strong></span> <span class='ocrx_word' id='word_1_552' title='bbox 906 2719 988 2751; x_wconf 80' lang='lat' dir='ltr'><strong>simul</strong></span> 
     </span>
    </p>
   </div>
   <div class='ocr_carea' id='block_1_75' title="bbox 1025 916 1814 962">
    <p class='ocr_par' dir='ltr' id='par_1_75' title="bbox 1025 916 1814 962">
     <span class='ocr_line' id='line_1_75' title="bbox 1025 916 1814 962; baseline -0.015 -8"><span class='ocrx_word' id='word_1_553' title='bbox 1025 916 1072 962; x_wconf 81' lang='grc' dir='ltr'><strong>γον</strong></span> <span class='ocrx_word' id='word_1_554' title='bbox 1082 925 1095 958; x_wconf 76' lang='grc'>,’</span> <span class='ocrx_word' id='word_1_555' title='bbox 1106 927 1242 962; x_wconf 69' lang='grc' dir='ltr'>ἠρνήσατο</span> <span class='ocrx_word' id='word_1_556' title='bbox 1257 924 1305 959; x_wconf 80' lang='grc' dir='ltr'>τὴν</span> <span class='ocrx_word' id='word_1_557' title='bbox 1323 923 1430 957; x_wconf 72' lang='grc' dir='ltr'>σοφίαν,</span> <span class='ocrx_word' id='word_1_558' title='bbox 1451 920 1575 948; x_wconf 80' lang='grc' dir='ltr'><strong>ἀπώλεσε</strong></span> <span class='ocrx_word' id='word_1_559' title='bbox 1588 919 1640 955; x_wconf 80' lang='grc' dir='ltr'>τὴν</span> <span class='ocrx_word' id='word_1_560' title='bbox 1656 918 1760 952; x_wconf 80' lang='grc' dir='ltr'>γνῶσιν</span> 
     </span>
    </p>
   </div>
   <div class='ocr_carea' id='block_1_76' title="bbox 1024 964 1814 1008">
    <p class='ocr_par' dir='ltr' id='par_1_76' title="bbox 1024 964 1814 1008">
     <span class='ocr_line' id='line_1_76' title="bbox 1024 964 1814 1008; baseline -0.016 -8"><span class='ocrx_word' id='word_1_561' title='bbox 1024 973 1088 1008; x_wconf 84' lang='grc' dir='ltr'>περὶ</span> <span class='ocrx_word' id='word_1_562' title='bbox 1103 972 1180 1003; x_wconf 86' lang='grc' dir='ltr'>Θεοῦ,</span> <span class='ocrx_word' id='word_1_563' title='bbox 1198 970 1347 999; x_wconf 76' lang='grc' dir='ltr'>κατέπεσεν</span> <span class='ocrx_word' id='word_1_564' title='bbox 1359 969 1398 1001; x_wconf 87' lang='grc' dir='ltr'><strong>εἰς</strong></span> <span class='ocrx_word' id='word_1_565' title='bbox 1414 968 1444 994; x_wconf 82' lang='grc' dir='ltr'><strong>τὺ</strong></span> <span class='ocrx_word' id='word_1_566' title='bbox 1461 966 1549 993; x_wconf 74' lang='grc' dir='ltr'>σέϐειν</span> <span class='ocrx_word' id='word_1_567' title='bbox 1564 966 1614 1000; x_wconf 83' lang='grc' dir='ltr'>τὴν</span> <span class='ocrx_word' id='word_1_568' title='bbox 1633 964 1737 994; x_wconf 84' lang='grc' dir='ltr'>κτίσιν,</span> <span class='ocrx_word' id='word_1_569' title='bbox 1752 971 1814 989; x_wconf 75' lang='grc' dir='ltr'>κατ-</span> 
     </span>
    </p>
   </div>
   <div class='ocr_carea' id='block_1_77' title="bbox 1024 1008 1815 1051">
    <p class='ocr_par' dir='ltr' id='par_1_77' title="bbox 1024 1008 1815 1051">
     <span class='ocr_line' id='line_1_77' title="bbox 1024 1008 1815 1051; baseline -0.015 -7"><span class='ocrx_word' id='word_1_570' title='bbox 1024 1018 1119 1044; x_wconf 76' lang='grc' dir='ltr'>έλαϐεν</span> <span class='ocrx_word' id='word_1_571' title='bbox 1142 1017 1272 1051; x_wconf 84' lang='grc' dir='ltr'>Ἑλλήνων</span> <span class='ocrx_word' id='word_1_572' title='bbox 1294 1014 1430 1045; x_wconf 73' lang='grc' dir='ltr'>ἀσέϐειαν,</span> <span class='ocrx_word' id='word_1_573' title='bbox 1453 1012 1500 1039; x_wconf 71' lang='grc' dir='ltr'>ἐπὶ</span> <span class='ocrx_word' id='word_1_574' title='bbox 1515 1011 1619 1045; x_wconf 81' lang='grc' dir='ltr'>ταύτην</span> <span class='ocrx_word' id='word_1_575' title='bbox 1636 1008 1815 1043; x_wconf 47' lang='grc' dir='ltr'>ὑπέστρεᾳν,</span> 
     </span>
    </p>
   </div>
   <div class='ocr_carea' id='block_1_78' title="bbox 1024 1053 1814 1099">
    <p class='ocr_par' dir='ltr' id='par_1_78' title="bbox 1024 1053 1814 1099">
     <span class='ocr_line' id='line_1_78' title="bbox 1024 1053 1814 1099; baseline -0.015 -9"><span class='ocrx_word' id='word_1_576' title='bbox 1024 1064 1073 1099; x_wconf 73' lang='grc' dir='ltr'>τὴν</span> <span class='ocrx_word' id='word_1_577' title='bbox 1095 1062 1230 1090; x_wconf 74' lang='grc' dir='ltr'><strong>Ἰουδαίων</strong></span> <span class='ocrx_word' id='word_1_578' title='bbox 1250 1060 1378 1088; x_wconf 75' lang='grc' dir='ltr'><strong>ἀπιστίαν</strong></span> <span class='ocrx_word' id='word_1_579' title='bbox 1396 1059 1560 1094; x_wconf 75' lang='grc' dir='ltr'>ἐμιμήσατο,</span> <span class='ocrx_word' id='word_1_580' title='bbox 1586 1057 1612 1083; x_wconf 75' lang='grc' dir='ltr'>οἳ</span> <span class='ocrx_word' id='word_1_581' title='bbox 1636 1056 1684 1082; x_wconf 78' lang='grc' dir='ltr'><strong>τὸν</strong></span> <span class='ocrx_word' id='word_1_582' title='bbox 1709 1056 1742 1080; x_wconf 79' lang='grc' dir='ltr'>ὲκ</span> <span class='ocrx_word' id='word_1_583' title='bbox 1757 1053 1814 1099; x_wconf 50' lang='lat' dir='ltr'><strong>Daci</strong></span> 
     </span>
    </p>
   </div>
   <div class='ocr_carea' id='block_1_79' title="bbox 1026 1097 1816 1143">
    <p class='ocr_par' dir='ltr' id='par_1_79' title="bbox 1026 1097 1816 1143">
     <span class='ocr_line' id='line_1_79' title="bbox 1026 1097 1816 1143; baseline -0.014 -7"><span class='ocrx_word' id='word_1_584' title='bbox 1026 1097 1111 1143; x_wconf 73' lang='grc' dir='ltr'>Λδγον</span> <span class='ocrx_word' id='word_1_585' title='bbox 1129 1108 1186 1135; x_wconf 80' lang='grc' dir='ltr'><strong>υἱὸν</strong></span> <span class='ocrx_word' id='word_1_586' title='bbox 1203 1106 1371 1143; x_wconf 80' lang='grc' dir='ltr'>ἀνθρώπινον</span> <span class='ocrx_word' id='word_1_587' title='bbox 1387 1103 1624 1139; x_wconf 70' lang='grc' dir='ltr'>ὑπολαμϐάνοντες</span> <span class='ocrx_word' id='word_1_588' title='bbox 1636 1122 1644 1133; x_wconf 95' lang='grc'><strong>,</strong></span> <span class='ocrx_word' id='word_1_589' title='bbox 1671 1101 1740 1127; x_wconf 73' lang='grc' dir='ltr'>Θεὸν</span> <span class='ocrx_word' id='word_1_590' title='bbox 1755 1097 1816 1126; x_wconf 65' lang='grc' dir='ltr'>εἶναι</span> 
     </span>
    </p>
   </div>
   <div class='ocr_carea' id='block_1_80' title="bbox 1025 1147 1815 1183">
    <p class='ocr_par' dir='ltr' id='par_1_80' title="bbox 1025 1147 1815 1183">
     <span class='ocr_line' id='line_1_80' title="bbox 1025 1147 1815 1183; baseline -0.016 0"><span class='ocrx_word' id='word_1_591' title='bbox 1025 1156 1118 1183; x_wconf 84' lang='grc' dir='ltr'>τοῦτον</span> <span class='ocrx_word' id='word_1_592' title='bbox 1134 1154 1183 1181; x_wconf 75' lang='grc' dir='ltr'>οὐκ</span> <span class='ocrx_word' id='word_1_593' title='bbox 1197 1154 1369 1183; x_wconf 75' lang='grc' dir='ltr'>ἐπίστευσαν,</span> <span class='ocrx_word' id='word_1_594' title='bbox 1387 1150 1446 1178; x_wconf 76' lang='grc' dir='ltr'>οὐδὲ</span> <span class='ocrx_word' id='word_1_595' title='bbox 1460 1149 1527 1176; x_wconf 83' lang='grc' dir='ltr'>Θεοῦ</span> <span class='ocrx_word' id='word_1_596' title='bbox 1545 1149 1610 1175; x_wconf 82' lang='grc' dir='ltr'>Υἱὺν</span> <span class='ocrx_word' id='word_1_597' title='bbox 1627 1147 1815 1183; x_wconf 71' lang='grc' dir='ltr'>ὡμολόγησαν·</span> 
     </span>
    </p>
   </div>
   <div class='ocr_carea' id='block_1_81' title="bbox 1026 1193 1816 1233">
    <p class='ocr_par' dir='ltr' id='par_1_81' title="bbox 1026 1193 1816 1233">
     <span class='ocr_line' id='line_1_81' title="bbox 1026 1193 1816 1233; baseline -0.015 -4"><span class='ocrx_word' id='word_1_598' title='bbox 1026 1202 1122 1233; x_wconf 78' lang='grc' dir='ltr'>ἀσεϐὲς</span> <span class='ocrx_word' id='word_1_599' title='bbox 1139 1201 1168 1228; x_wconf 81' lang='grc' dir='ltr'>δὲ</span> <span class='ocrx_word' id='word_1_600' title='bbox 1187 1200 1231 1226; x_wconf 75' lang='grc' dir='ltr'>τὸν</span> <span class='ocrx_word' id='word_1_601' title='bbox 1251 1198 1297 1225; x_wconf 79' lang='grc' dir='ltr'><strong>τοῦ</strong></span> <span class='ocrx_word' id='word_1_602' title='bbox 1314 1198 1381 1224; x_wconf 87' lang='grc' dir='ltr'>Θεοῦ</span> <span class='ocrx_word' id='word_1_603' title='bbox 1398 1197 1483 1230; x_wconf 77' lang='grc' dir='ltr'>Λάγον</span> <span class='ocrx_word' id='word_1_604' title='bbox 1499 1195 1536 1227; x_wconf 83' lang='grc' dir='ltr'>ὡς</span> <span class='ocrx_word' id='word_1_605' title='bbox 1553 1193 1730 1229; x_wconf 73' lang='grc' dir='ltr'>ἀνθρώπινον</span> <span class='ocrx_word' id='word_1_606' title='bbox 1743 1193 1816 1222; x_wconf 75' lang='grc' dir='ltr'>νοεῖν,</span> 
     </span>
    </p>
   </div>
   <div class='ocr_carea' id='block_1_82' title="bbox 1027 1238 1819 1282">
    <p class='ocr_par' dir='ltr' id='par_1_82' title="bbox 1027 1238 1819 1282">
     <span class='ocr_line' id='line_1_82' title="bbox 1027 1238 1819 1282; baseline -0.015 -7"><span class='ocrx_word' id='word_1_607' title='bbox 1027 1248 1074 1275; x_wconf 77' lang='grc' dir='ltr'>καὶ</span> <span class='ocrx_word' id='word_1_608' title='bbox 1091 1247 1124 1275; x_wconf 77' lang='grc' dir='ltr'>τὰ</span> <span class='ocrx_word' id='word_1_609' title='bbox 1137 1247 1206 1282; x_wconf 74' lang='grc' dir='ltr'>ἔργα</span> <span class='ocrx_word' id='word_1_610' title='bbox 1221 1245 1256 1272; x_wconf 68' lang='grc' dir='ltr'>τὰ</span> <span class='ocrx_word' id='word_1_611' title='bbox 1275 1242 1308 1271; x_wconf 78' lang='grc' dir='ltr'><strong>δι’</strong></span> <span class='ocrx_word' id='word_1_612' title='bbox 1330 1243 1411 1272; x_wconf 78' lang='grc' dir='ltr'>αὐτοῦ</span> <span class='ocrx_word' id='word_1_613' title='bbox 1429 1243 1545 1278; x_wconf 78' lang='grc' dir='ltr'>μένοντα</span> <span class='ocrx_word' id='word_1_614' title='bbox 1561 1241 1596 1276; x_wconf 87' lang='grc' dir='ltr'>μὴ</span> <span class='ocrx_word' id='word_1_615' title='bbox 1622 1240 1754 1275; x_wconf 75' lang='grc' dir='ltr'>μένοντος</span> <span class='ocrx_word' id='word_1_616' title='bbox 1776 1238 1819 1264; x_wconf 70' lang='grc' dir='ltr'><strong>αὑ-</strong></span> 
     </span>
    </p>
   </div>
   <div class='ocr_carea' id='block_1_83' title="bbox 1027 1285 1817 1327">
    <p class='ocr_par' dir='ltr' id='par_1_83' title="bbox 1027 1285 1817 1327">
     <span class='ocr_line' id='line_1_83' title="bbox 1027 1285 1817 1327; baseline -0.016 -5"><span class='ocrx_word' id='word_1_617' title='bbox 1027 1294 1088 1322; x_wconf 83' lang='grc' dir='ltr'>τοῦ’</span> <span class='ocrx_word' id='word_1_618' title='bbox 1104 1293 1150 1320; x_wconf 75' lang='grc' dir='ltr'>ἐὰν</span> <span class='ocrx_word' id='word_1_619' title='bbox 1167 1293 1195 1320; x_wconf 78' lang='grc' dir='ltr'>δέ</span> <span class='ocrx_word' id='word_1_620' title='bbox 1211 1301 1251 1324; x_wconf 86' lang='grc' dir='ltr'><strong>τις</strong></span> <span class='ocrx_word' id='word_1_621' title='bbox 1268 1291 1333 1327; x_wconf 76' lang='grc' dir='ltr'>εἴπῃ</span> <span class='ocrx_word' id='word_1_622' title='bbox 1355 1289 1530 1324; x_wconf 78' lang='grc' dir='ltr'>κελευόμενον</span> <span class='ocrx_word' id='word_1_623' title='bbox 1546 1288 1590 1314; x_wconf 73' lang='grc' dir='ltr'><strong>διὰ</strong></span> <span class='ocrx_word' id='word_1_624' title='bbox 1604 1286 1653 1313; x_wconf 80' lang='grc' dir='ltr'><strong>τοῦ</strong></span> <span class='ocrx_word' id='word_1_625' title='bbox 1673 1286 1763 1320; x_wconf 72' lang='grc' dir='ltr'>Λόγου</span> <span class='ocrx_word' id='word_1_626' title='bbox 1780 1285 1817 1310; x_wconf 58' lang='grc' dir='ltr'><strong>τὸν</strong></span> 
     </span>
    </p>
   </div>
   <div class='ocr_carea' id='block_1_84' title="bbox 1027 1330 1819 1377">
    <p class='ocr_par' dir='ltr' id='par_1_84' title="bbox 1027 1330 1819 1377">
     <span class='ocr_line' id='line_1_84' title="bbox 1027 1330 1819 1377; baseline -0.016 -9"><span class='ocrx_word' id='word_1_627' title='bbox 1027 1340 1142 1377; x_wconf 80' lang='grc' dir='ltr'>Χριστὸν</span> <span class='ocrx_word' id='word_1_628' title='bbox 1156 1338 1321 1375; x_wconf 73' lang='grc' dir='ltr'>ἐργάζεσθαι</span> <span class='ocrx_word' id='word_1_629' title='bbox 1334 1337 1367 1364; x_wconf 79' lang='grc' dir='ltr'><strong>τὰ</strong></span> <span class='ocrx_word' id='word_1_630' title='bbox 1381 1336 1481 1363; x_wconf 80' lang='grc' dir='ltr'>πάντα.</span> <span class='ocrx_word' id='word_1_631' title='bbox 1500 1335 1546 1366; x_wconf 69' lang='grc' dir='ltr'>καὶ</span> <span class='ocrx_word' id='word_1_632' title='bbox 1562 1333 1607 1359; x_wconf 74' lang='grc' dir='ltr'>τὸν</span> <span class='ocrx_word' id='word_1_633' title='bbox 1623 1331 1673 1358; x_wconf 79' lang='grc' dir='ltr'><strong>τοῦ</strong></span> <span class='ocrx_word' id='word_1_634' title='bbox 1691 1330 1761 1358; x_wconf 82' lang='grc' dir='ltr'>Θεοῦ</span> <span class='ocrx_word' id='word_1_635' title='bbox 1772 1331 1819 1356; x_wconf 73' lang='grc' dir='ltr'><strong>Λό-</strong></span> 
     </span>
    </p>
   </div>
   <div class='ocr_carea' id='block_1_85' title="bbox 1027 1376 1820 1422">
    <p class='ocr_par' dir='ltr' id='par_1_85' title="bbox 1027 1376 1820 1422">
     <span class='ocr_line' id='line_1_85' title="bbox 1027 1376 1820 1422; baseline -0.016 -8"><span class='ocrx_word' id='word_1_636' title='bbox 1027 1376 1074 1422; x_wconf 86' lang='grc' dir='ltr'><strong>γον</strong></span> <span class='ocrx_word' id='word_1_637' title='bbox 1091 1387 1175 1422; x_wconf 83' lang='grc' dir='ltr'>ἀργὺν</span> <span class='ocrx_word' id='word_1_638' title='bbox 1198 1385 1316 1420; x_wconf 81' lang='grc' dir='ltr'>ποιήσει,</span> <span class='ocrx_word' id='word_1_639' title='bbox 1343 1383 1390 1409; x_wconf 76' lang='grc' dir='ltr'>καὶ</span> <span class='ocrx_word' id='word_1_640' title='bbox 1409 1382 1458 1417; x_wconf 83' lang='grc' dir='ltr'>τὴν</span> <span class='ocrx_word' id='word_1_641' title='bbox 1468 1380 1517 1409; x_wconf 78' lang='grc' dir='ltr'><strong>τοῦ</strong></span> <span class='ocrx_word' id='word_1_642' title='bbox 1531 1378 1671 1406; x_wconf 80' lang='grc' dir='ltr'>Δεσπότου</span> <span class='ocrx_word' id='word_1_643' title='bbox 1688 1377 1766 1409; x_wconf 69' lang='grc' dir='ltr'>τάξιν</span> <span class='ocrx_word' id='word_1_644' title='bbox 1785 1376 1820 1406; x_wconf 77' lang='grc' dir='ltr'>εἰς</span> 
     </span>
    </p>
   </div>
   <div class='ocr_carea' id='block_1_86' title="bbox 1027 1423 1821 1468">
    <p class='ocr_par' dir='ltr' id='par_1_86' title="bbox 1027 1423 1821 1468">
     <span class='ocr_line' id='line_1_86' title="bbox 1027 1423 1821 1468; baseline -0.019 -6"><span class='ocrx_word' id='word_1_645' title='bbox 1027 1434 1148 1462; x_wconf 81' lang='grc' dir='ltr'>δουλείαν</span> <span class='ocrx_word' id='word_1_646' title='bbox 1170 1431 1331 1468; x_wconf 81' lang='grc' dir='ltr'>μεταθήσει·</span> <span class='ocrx_word' id='word_1_647' title='bbox 1355 1428 1446 1456; x_wconf 82' lang='grc' dir='ltr'>δοῦλον</span> <span class='ocrx_word' id='word_1_648' title='bbox 1466 1427 1521 1462; x_wconf 75' lang='grc' dir='ltr'><strong>γὰρ</strong></span> <span class='ocrx_word' id='word_1_649' title='bbox 1538 1427 1611 1453; x_wconf 75' lang='grc' dir='ltr'>ἅπαν</span> <span class='ocrx_word' id='word_1_650' title='bbox 1630 1424 1663 1450; x_wconf 76' lang='grc' dir='ltr'><strong>τὸ</strong></span> <span class='ocrx_word' id='word_1_651' title='bbox 1680 1423 1821 1457; x_wconf 72' lang='grc' dir='ltr'>κελευόμε-</span> 
     </span>
    </p>
   </div>
   <div class='ocr_carea' id='block_1_87' title="bbox 1028 1468 1821 1514">
    <p class='ocr_par' dir='ltr' id='par_1_87' title="bbox 1028 1468 1821 1514">
     <span class='ocr_line' id='line_1_87' title="bbox 1028 1468 1821 1514; baseline -0.019 -6"><span class='ocrx_word' id='word_1_652' title='bbox 1028 1489 1082 1512; x_wconf 85' lang='grc' dir='ltr'>νον,</span> <span class='ocrx_word' id='word_1_653' title='bbox 1109 1480 1156 1507; x_wconf 69' lang='lat' dir='ltr'><strong>xui.</strong></span> <span class='ocrx_word' id='word_1_654' title='bbox 1178 1479 1208 1514; x_wconf 68' lang='grc' dir='ltr'>τὸ</span> <span class='ocrx_word' id='word_1_655' title='bbox 1224 1477 1330 1505; x_wconf 79' lang='grc' dir='ltr'>κτιστὺν</span> <span class='ocrx_word' id='word_1_656' title='bbox 1355 1476 1404 1510; x_wconf 79' lang='grc' dir='ltr'><strong>οὐχ</strong></span> <span class='ocrx_word' id='word_1_657' title='bbox 1429 1473 1520 1500; x_wconf 82' lang='grc' dir='ltr'>ἰκανὸν</span> <span class='ocrx_word' id='word_1_658' title='bbox 1537 1473 1576 1503; x_wconf 79' lang='grc' dir='ltr'>εἰς</span> <span class='ocrx_word' id='word_1_659' title='bbox 1599 1471 1631 1497; x_wconf 75' lang='grc' dir='ltr'>τὸ</span> <span class='ocrx_word' id='word_1_660' title='bbox 1654 1470 1778 1501; x_wconf 79' lang='grc' dir='ltr'>κτίζειν-</span> <span class='ocrx_word' id='word_1_661' title='bbox 1793 1468 1821 1493; x_wconf 70' lang='grc' dir='ltr'>οὗ</span> 
     </span>
    </p>
   </div>
   <div class='ocr_carea' id='block_1_88' title="bbox 1028 1516 1823 1563">
    <p class='ocr_par' dir='ltr' id='par_1_88' title="bbox 1028 1516 1823 1563">
     <span class='ocr_line' id='line_1_88' title="bbox 1028 1516 1823 1563; baseline -0.016 -9"><span class='ocrx_word' id='word_1_662' title='bbox 1028 1528 1082 1563; x_wconf 72' lang='grc' dir='ltr'><strong>γὰρ</strong></span> <span class='ocrx_word' id='word_1_663' title='bbox 1106 1525 1317 1560; x_wconf 72' lang='grc' dir='ltr'>ὲξισωσθήσεται</span> <span class='ocrx_word' id='word_1_664' title='bbox 1334 1523 1372 1558; x_wconf 80' lang='grc' dir='ltr'>τῷ</span> <span class='ocrx_word' id='word_1_665' title='bbox 1395 1521 1524 1556; x_wconf 81' lang='grc' dir='ltr'>κτίσματι</span> <span class='ocrx_word' id='word_1_666' title='bbox 1548 1519 1616 1546; x_wconf 75' lang='grc' dir='ltr'>αὐτὸ</span> <span class='ocrx_word' id='word_1_667' title='bbox 1644 1518 1709 1544; x_wconf 70' lang='grc' dir='ltr'>κατ’</span> <span class='ocrx_word' id='word_1_668' title='bbox 1735 1516 1823 1543; x_wconf 68' lang='grc' dir='ltr'>οὐδένα</span> 
     </span>
    </p>
   </div>
   <div class='ocr_carea' id='block_1_89' title="bbox 1028 1562 1823 1609">
    <p class='ocr_par' dir='ltr' id='par_1_89' title="bbox 1028 1562 1823 1609">
     <span class='ocr_line' id='line_1_89' title="bbox 1028 1562 1823 1609; baseline -0.015 -9"><span class='ocrx_word' id='word_1_669' title='bbox 1028 1562 1127 1609; x_wconf 67' lang='grc' dir='ltr'>τρόπον</span> <span class='ocrx_word' id='word_1_670' title='bbox 1138 1592 1145 1604; x_wconf 86' lang='grc'><strong>,</strong></span> <span class='ocrx_word' id='word_1_671' title='bbox 1163 1572 1196 1598; x_wconf 75' lang='grc' dir='ltr'><strong>ἶν’</strong></span> <span class='ocrx_word' id='word_1_672' title='bbox 1215 1571 1252 1602; x_wconf 87' lang='grc' dir='ltr'>ὡς</span> <span class='ocrx_word' id='word_1_673' title='bbox 1269 1571 1315 1607; x_wconf 68' lang='grc' dir='ltr'><strong>ὑπ’</strong></span> <span class='ocrx_word' id='word_1_674' title='bbox 1337 1569 1440 1596; x_wconf 78' lang='grc' dir='ltr'>ἐκείνου</span> <span class='ocrx_word' id='word_1_675' title='bbox 1461 1567 1592 1597; x_wconf 72' lang='grc' dir='ltr'>ἔκτισται,</span> <span class='ocrx_word' id='word_1_676' title='bbox 1611 1564 1689 1591; x_wconf 75' lang='grc' dir='ltr'>οὕτω</span> <span class='ocrx_word' id='word_1_677' title='bbox 1700 1564 1750 1590; x_wconf 59' lang='grc' dir='ltr'>καὶ.</span> <span class='ocrx_word' id='word_1_678' title='bbox 1765 1562 1823 1589; x_wconf 48' lang='lat' dir='ltr'><strong>aias</strong></span> 
     </span>
    </p>
   </div>
   <div class='ocr_carea' id='block_1_90' title="bbox 1030 1616 1248 1654">
    <p class='ocr_par' dir='ltr' id='par_1_90' title="bbox 1030 1616 1248 1654">
     <span class='ocr_line' id='line_1_90' title="bbox 1030 1616 1248 1654; baseline -0.014 -8"><span class='ocrx_word' id='word_1_679' title='bbox 1030 1619 1110 1654; x_wconf 83' lang='grc' dir='ltr'>κτίσῃ</span> <span class='ocrx_word' id='word_1_680' title='bbox 1123 1617 1157 1644; x_wconf 80' lang='grc' dir='ltr'><strong>τὰ</strong></span> <span class='ocrx_word' id='word_1_681' title='bbox 1172 1616 1248 1644; x_wconf 80' lang='grc' dir='ltr'>ἄλλα.</span> 
     </span>
    </p>
   </div>
   <div class='ocr_carea' id='block_1_91' title="bbox 1065 1654 1824 1693">
    <p class='ocr_par' dir='ltr' id='par_1_91' title="bbox 1065 1654 1824 1693">
     <span class='ocr_line' id='line_1_91' title="bbox 1065 1654 1824 1693; baseline -0.016 -2"><span class='ocrx_word' id='word_1_682' title='bbox 1065 1664 1149 1691; x_wconf 80' lang='grc' dir='ltr'>Πάλιν</span> <span class='ocrx_word' id='word_1_683' title='bbox 1173 1662 1202 1689; x_wconf 82' lang='grc' dir='ltr'>δὲ</span> <span class='ocrx_word' id='word_1_684' title='bbox 1229 1662 1292 1690; x_wconf 74' lang='grc' dir='ltr'>ὅταν</span> <span class='ocrx_word' id='word_1_685' title='bbox 1309 1661 1356 1690; x_wconf 78' lang='grc' dir='ltr'>καὶ</span> <span class='ocrx_word' id='word_1_686' title='bbox 1376 1660 1406 1686; x_wconf 78' lang='grc' dir='ltr'>τὸ</span> <span class='ocrx_word' id='word_1_687' title='bbox 1422 1658 1532 1693; x_wconf 84' lang='grc' dir='ltr'>Πνεῦμα</span> <span class='ocrx_word' id='word_1_688' title='bbox 1548 1657 1579 1683; x_wconf 80' lang='grc' dir='ltr'><strong>τδ</strong></span> <span class='ocrx_word' id='word_1_689' title='bbox 1596 1656 1678 1690; x_wconf 73' lang='grc' dir='ltr'>ἆγιον</span> <span class='ocrx_word' id='word_1_690' title='bbox 1700 1655 1769 1691; x_wconf 74' lang='grc' dir='ltr'>εἴπῃ</span> <span class='ocrx_word' id='word_1_691' title='bbox 1790 1654 1824 1684; x_wconf 76' lang='grc' dir='ltr'><strong>τίς</strong></span> 
     </span>
    </p>
   </div>
   <div class='ocr_carea' id='block_1_92' title="bbox 1030 1701 1825 1748">
    <p class='ocr_par' dir='ltr' id='par_1_92' title="bbox 1030 1701 1825 1748">
     <span class='ocr_line' id='line_1_92' title="bbox 1030 1701 1825 1748; baseline -0.015 -10"><span class='ocrx_word' id='word_1_692' title='bbox 1030 1709 1195 1748; x_wconf 71' lang='grc' dir='ltr'>ἡγιασμένον</span> <span class='ocrx_word' id='word_1_693' title='bbox 1207 1706 1275 1735; x_wconf 81' lang='grc' dir='ltr'>εἶναι</span> <span class='ocrx_word' id='word_1_694' title='bbox 1286 1707 1401 1742; x_wconf 81' lang='grc' dir='ltr'>ποίημα,</span> <span class='ocrx_word' id='word_1_695' title='bbox 1419 1704 1512 1731; x_wconf 73' lang='grc' dir='ltr'>οὐκέτι</span> <span class='ocrx_word' id='word_1_696' title='bbox 1525 1703 1559 1729; x_wconf 83' lang='grc' dir='ltr'><strong>τὰ</strong></span> <span class='ocrx_word' id='word_1_697' title='bbox 1577 1702 1671 1728; x_wconf 75' lang='grc' dir='ltr'>πάντα</span> <span class='ocrx_word' id='word_1_698' title='bbox 1684 1701 1825 1736; x_wconf 69' lang='grc' dir='ltr'>δυνήσεται</span> 
     </span>
    </p>
   </div>
   <div class='ocr_carea' id='block_1_93' title="bbox 1030 1749 1825 1790">
    <p class='ocr_par' dir='ltr' id='par_1_93' title="bbox 1030 1749 1825 1790">
     <span class='ocr_line' id='line_1_93' title="bbox 1030 1749 1825 1790; baseline -0.01 -6"><span class='ocrx_word' id='word_1_699' title='bbox 1030 1759 1101 1784; x_wconf 87' lang='grc' dir='ltr'>νοεῖν</span> <span class='ocrx_word' id='word_1_700' title='bbox 1126 1758 1155 1783; x_wconf 81' lang='grc' dir='ltr'>ὲν</span> <span class='ocrx_word' id='word_1_701' title='bbox 1180 1754 1318 1790; x_wconf 75' lang='grc' dir='ltr'>Πνεύματι</span> <span class='ocrx_word' id='word_1_702' title='bbox 1335 1752 1516 1787; x_wconf 79' lang='grc' dir='ltr'>ἁγιαζόμενα·</span> <span class='ocrx_word' id='word_1_703' title='bbox 1533 1752 1548 1777; x_wconf 83' lang='grc' dir='ltr'>ὁ</span> <span class='ocrx_word' id='word_1_704' title='bbox 1573 1750 1633 1785; x_wconf 81' lang='grc' dir='ltr'><strong>γὰρ</strong></span> <span class='ocrx_word' id='word_1_705' title='bbox 1654 1749 1685 1776; x_wconf 79' lang='grc' dir='ltr'>ἒν</span> <span class='ocrx_word' id='word_1_706' title='bbox 1703 1749 1825 1783; x_wconf 68' lang='grc' dir='ltr'>ἁγιάσας.</span> 
     </span>
    </p>
   </div>
   <div class='ocr_carea' id='block_1_94' title="bbox 1031 1794 1827 1838">
    <p class='ocr_par' dir='ltr' id='par_1_94' title="bbox 1031 1794 1827 1838">
     <span class='ocr_line' id='line_1_94' title="bbox 1031 1794 1827 1838; baseline -0.006 -7"><span class='ocrx_word' id='word_1_707' title='bbox 1031 1802 1140 1838; x_wconf 74' lang='grc' dir='ltr'>ἁγιάζει</span> <span class='ocrx_word' id='word_1_708' title='bbox 1162 1803 1209 1829; x_wconf 74' lang='grc' dir='ltr'>καὶ</span> <span class='ocrx_word' id='word_1_709' title='bbox 1225 1801 1259 1828; x_wconf 79' lang='grc' dir='ltr'>τὰ</span> <span class='ocrx_word' id='word_1_710' title='bbox 1275 1800 1364 1828; x_wconf 53' lang='grc' dir='ltr'>πάντα</span> <span class='ocrx_word' id='word_1_711' title='bbox 1376 1807 1383 1813; x_wconf 93' lang='grc'><strong>·</strong></span> <span class='ocrx_word' id='word_1_712' title='bbox 1412 1798 1533 1833; x_wconf 72' lang='grc' dir='ltr'>ἀρνεῖται</span> <span class='ocrx_word' id='word_1_713' title='bbox 1549 1794 1596 1823; x_wconf 73' lang='grc' dir='ltr'>οὖν</span> <span class='ocrx_word' id='word_1_714' title='bbox 1614 1796 1667 1831; x_wconf 72' lang='grc' dir='ltr'><strong>τὴν</strong></span> <span class='ocrx_word' id='word_1_715' title='bbox 1685 1796 1738 1829; x_wconf 54' lang='lat' dir='ltr'><strong>ﬁt;</strong></span> <span class='ocrx_word' id='word_1_716' title='bbox 1759 1795 1827 1827; x_wconf 57' lang='grc' dir='ltr'>ἀπεθ-</span> 
     </span>
    </p>
   </div>
   <div class='ocr_carea' id='block_1_95' title="bbox 1032 1838 1825 1886">
    <p class='ocr_par' dir='ltr' id='par_1_95' title="bbox 1032 1838 1825 1886">
     <span class='ocr_line' id='line_1_95' title="bbox 1032 1838 1825 1886; baseline -0.015 -9"><span class='ocrx_word' id='word_1_717' title='bbox 1032 1850 1114 1886; x_wconf 83' lang='grc' dir='ltr'>σύνης</span> <span class='ocrx_word' id='word_1_718' title='bbox 1126 1849 1227 1884; x_wconf 84' lang='grc' dir='ltr'>πηγὴν,</span> <span class='ocrx_word' id='word_1_719' title='bbox 1245 1847 1274 1873; x_wconf 75' lang='grc' dir='ltr'>τὸ</span> <span class='ocrx_word' id='word_1_720' title='bbox 1294 1844 1406 1880; x_wconf 86' lang='grc' dir='ltr'>Πνεῦμα</span> <span class='ocrx_word' id='word_1_721' title='bbox 1416 1844 1446 1870; x_wconf 83' lang='grc' dir='ltr'>τὸ</span> <span class='ocrx_word' id='word_1_722' title='bbox 1462 1844 1537 1876; x_wconf 76' lang='grc' dir='ltr'>ἅγιον</span> <span class='ocrx_word' id='word_1_723' title='bbox 1548 1862 1556 1874; x_wconf 91' lang='grc'><strong>,</strong></span> <span class='ocrx_word' id='word_1_724' title='bbox 1573 1843 1587 1868; x_wconf 86' lang='grc' dir='ltr'>ὁ</span> <span class='ocrx_word' id='word_1_725' title='bbox 1604 1841 1738 1877; x_wconf 67' lang='grc' dir='ltr'>ἀιρειιρῶν</span> <span class='ocrx_word' id='word_1_726' title='bbox 1750 1838 1825 1867; x_wconf 71' lang='grc' dir='ltr'><strong>αὐτοῦ</strong></span> 
     </span>
    </p>
   </div>
   <div class='ocr_carea' id='block_1_96' title="bbox 1031 1885 1826 1930">
    <p class='ocr_par' dir='ltr' id='par_1_96' title="bbox 1031 1885 1826 1930">
     <span class='ocr_line' id='line_1_96' title="bbox 1031 1885 1826 1930; baseline -0.016 -6"><span class='ocrx_word' id='word_1_727' title='bbox 1031 1897 1062 1923; x_wconf 75' lang='grc' dir='ltr'>τὸ</span> <span class='ocrx_word' id='word_1_728' title='bbox 1085 1894 1218 1930; x_wconf 75' lang='grc' dir='ltr'>ἁγιάζειν,</span> <span class='ocrx_word' id='word_1_729' title='bbox 1236 1892 1282 1919; x_wconf 72' lang='grc' dir='ltr'><strong>καὶ</strong></span> <span class='ocrx_word' id='word_1_730' title='bbox 1299 1889 1472 1926; x_wconf 80' lang='grc' dir='ltr'>συναριθμεῖν</span> <span class='ocrx_word' id='word_1_731' title='bbox 1495 1888 1560 1915; x_wconf 78' lang='grc' dir='ltr'>αὐτὸ</span> <span class='ocrx_word' id='word_1_732' title='bbox 1587 1887 1681 1923; x_wconf 79' lang='grc' dir='ltr'>Πατρὶ</span> <span class='ocrx_word' id='word_1_733' title='bbox 1702 1888 1752 1914; x_wconf 72' lang='grc' dir='ltr'>καὶ</span> <span class='ocrx_word' id='word_1_734' title='bbox 1779 1885 1826 1919; x_wconf 54' lang='lat' dir='ltr'><strong>re;</strong></span> 
     </span>
    </p>
   </div>
   <div class='ocr_carea' id='block_1_97' title="bbox 1033 1932 1827 1976">
    <p class='ocr_par' dir='ltr' id='par_1_97' title="bbox 1033 1932 1827 1976">
     <span class='ocr_line' id='line_1_97' title="bbox 1033 1932 1827 1976; baseline -0.014 -7"><span class='ocrx_word' id='word_1_735' title='bbox 1033 1941 1219 1976; x_wconf 78' lang='grc' dir='ltr'>κωλυθήσεται</span> <span class='ocrx_word' id='word_1_736' title='bbox 1230 1948 1236 1954; x_wconf 93' lang='grc'><strong>·</strong></span> <span class='ocrx_word' id='word_1_737' title='bbox 1255 1938 1302 1965; x_wconf 72' lang='grc' dir='ltr'>καὶ</span> <span class='ocrx_word' id='word_1_738' title='bbox 1317 1938 1347 1964; x_wconf 80' lang='grc' dir='ltr'>τὸ</span> <span class='ocrx_word' id='word_1_739' title='bbox 1364 1938 1439 1971; x_wconf 76' lang='grc' dir='ltr'>ἆγιον</span> <span class='ocrx_word' id='word_1_740' title='bbox 1453 1935 1483 1961; x_wconf 81' lang='grc' dir='ltr'>δὲ</span> <span class='ocrx_word' id='word_1_741' title='bbox 1500 1934 1645 1970; x_wconf 78' lang='grc' dir='ltr'>βάπτισμα</span> <span class='ocrx_word' id='word_1_742' title='bbox 1662 1933 1770 1964; x_wconf 76' lang='grc' dir='ltr'>ἀθετεῖ,</span> <span class='ocrx_word' id='word_1_743' title='bbox 1787 1932 1827 1958; x_wconf 73' lang='grc' dir='ltr'>καὶ</span> 
     </span>
    </p>
   </div>
   <div class='ocr_carea' id='block_1_98' title="bbox 1033 1980 1826 2023">
    <p class='ocr_par' dir='ltr' id='par_1_98' title="bbox 1033 1980 1826 2023">
     <span class='ocr_line' id='line_1_98' title="bbox 1033 1980 1826 2023; baseline -0.014 -8"><span class='ocrx_word' id='word_1_744' title='bbox 1033 1988 1124 2015; x_wconf 73' lang='grc' dir='ltr'>οὐκέτι</span> <span class='ocrx_word' id='word_1_745' title='bbox 1141 1986 1242 2023; x_wconf 82' lang='grc' dir='ltr'>Τριάδα</span> <span class='ocrx_word' id='word_1_746' title='bbox 1261 1984 1422 2020; x_wconf 82' lang='grc' dir='ltr'>ὁμολογήσει</span> <span class='ocrx_word' id='word_1_747' title='bbox 1438 1982 1487 2017; x_wconf 86' lang='grc' dir='ltr'>τὴν</span> <span class='ocrx_word' id='word_1_748' title='bbox 1499 1981 1579 2015; x_wconf 83' lang='grc' dir='ltr'>ἁγίαν</span> <span class='ocrx_word' id='word_1_749' title='bbox 1596 1981 1646 2006; x_wconf 80' lang='grc' dir='ltr'>καὶ</span> <span class='ocrx_word' id='word_1_750' title='bbox 1665 1980 1826 2015; x_wconf 70' lang='grc' dir='ltr'>σεϐάσμιον·</span> 
     </span>
    </p>
   </div>
   <div class='ocr_carea' id='block_1_99' title="bbox 1033 2024 1827 2070">
    <p class='ocr_par' dir='ltr' id='par_1_99' title="bbox 1033 2024 1827 2070">
     <span class='ocr_line' id='line_1_99' title="bbox 1033 2024 1827 2070; baseline -0.014 -9"><span class='ocrx_word' id='word_1_751' title='bbox 1033 2035 1050 2070; x_wconf 82' lang='grc' dir='ltr'>ἢ</span> <span class='ocrx_word' id='word_1_752' title='bbox 1066 2035 1120 2069; x_wconf 79' lang='grc' dir='ltr'><strong>γὰρ</strong></span> <span class='ocrx_word' id='word_1_753' title='bbox 1138 2034 1166 2059; x_wconf 77' lang='grc' dir='ltr'>ἐν</span> <span class='ocrx_word' id='word_1_754' title='bbox 1183 2032 1282 2067; x_wconf 81' lang='grc' dir='ltr'>φυσικῇ</span> <span class='ocrx_word' id='word_1_755' title='bbox 1305 2029 1367 2065; x_wconf 73' lang='grc' dir='ltr'><strong>δόξῃ</strong></span> <span class='ocrx_word' id='word_1_756' title='bbox 1384 2029 1431 2056; x_wconf 70' lang='grc' dir='ltr'>καὶ</span> <span class='ocrx_word' id='word_1_757' title='bbox 1446 2027 1558 2063; x_wconf 74' lang='grc' dir='ltr'>ἀληθινῇ</span> <span class='ocrx_word' id='word_1_758' title='bbox 1575 2027 1628 2062; x_wconf 79' lang='grc' dir='ltr'>τὴν</span> <span class='ocrx_word' id='word_1_759' title='bbox 1643 2026 1715 2061; x_wconf 73' lang='grc' dir='ltr'>ὃλην</span> <span class='ocrx_word' id='word_1_760' title='bbox 1733 2024 1827 2061; x_wconf 63' lang='grc' dir='ltr'>Τριὰέιι</span> 
     </span>
    </p>
   </div>
   <div class='ocr_carea' id='block_1_100' title="bbox 1034 2073 1828 2117">
    <p class='ocr_par' dir='ltr' id='par_1_100' title="bbox 1034 2073 1828 2117">
     <span class='ocr_line' id='line_1_100' title="bbox 1034 2073 1828 2117; baseline -0.011 -10"><span class='ocrx_word' id='word_1_761' title='bbox 1034 2081 1154 2117; x_wconf 84' lang='grc' dir='ltr'>νοητέον,</span> <span class='ocrx_word' id='word_1_762' title='bbox 1170 2079 1186 2114; x_wconf 83' lang='grc' dir='ltr'>ἣ</span> <span class='ocrx_word' id='word_1_763' title='bbox 1208 2078 1308 2114; x_wconf 80' lang='grc' dir='ltr'>μονάδα</span> <span class='ocrx_word' id='word_1_764' title='bbox 1324 2076 1372 2103; x_wconf 68' lang='grc' dir='ltr'>καὶ</span> <span class='ocrx_word' id='word_1_765' title='bbox 1383 2075 1473 2102; x_wconf 75' lang='grc' dir='ltr'>οὐκέτι</span> <span class='ocrx_word' id='word_1_766' title='bbox 1487 2073 1589 2110; x_wconf 76' lang='grc' dir='ltr'>Τριάδα</span> <span class='ocrx_word' id='word_1_767' title='bbox 1601 2073 1701 2107; x_wconf 77' lang='grc' dir='ltr'>λέγειν</span> <span class='ocrx_word' id='word_1_768' title='bbox 1716 2075 1828 2106; x_wconf 73' lang='grc' dir='ltr'>ἁναγιι-</span> 
     </span>
    </p>
   </div>
   <div class='ocr_carea' id='block_1_101' title="bbox 1035 2118 1827 2162">
    <p class='ocr_par' dir='ltr' id='par_1_101' title="bbox 1035 2118 1827 2162">
     <span class='ocr_line' id='line_1_101' title="bbox 1035 2118 1827 2162; baseline -0.014 -8"><span class='ocrx_word' id='word_1_769' title='bbox 1035 2126 1208 2162; x_wconf 73' lang='grc' dir='ltr'>σθησόμεθα,</span> <span class='ocrx_word' id='word_1_770' title='bbox 1226 2125 1242 2160; x_wconf 84' lang='grc' dir='ltr'><strong>ἢ</strong></span> <span class='ocrx_word' id='word_1_771' title='bbox 1264 2123 1300 2159; x_wconf 84' lang='grc' dir='ltr'>μὴ</span> <span class='ocrx_word' id='word_1_772' title='bbox 1318 2121 1493 2157; x_wconf 81' lang='grc' dir='ltr'>συναριθμεῖν</span> <span class='ocrx_word' id='word_1_773' title='bbox 1512 2119 1550 2155; x_wconf 83' lang='grc' dir='ltr'>τῷ</span> <span class='ocrx_word' id='word_1_774' title='bbox 1567 2119 1669 2154; x_wconf 76' lang='grc' dir='ltr'>κτίστῃ</span> <span class='ocrx_word' id='word_1_775' title='bbox 1686 2119 1724 2146; x_wconf 76' lang='grc' dir='ltr'>τὰ</span> <span class='ocrx_word' id='word_1_776' title='bbox 1741 2118 1827 2145; x_wconf 57' lang='lat' dir='ltr'><strong>amati</strong></span> 
     </span>
    </p>
   </div>
   <div class='ocr_carea' id='block_1_102' title="bbox 1037 2165 1826 2208">
    <p class='ocr_par' dir='ltr' id='par_1_102' title="bbox 1037 2165 1826 2208">
     <span class='ocr_line' id='line_1_102' title="bbox 1037 2165 1826 2208; baseline -0.011 -8"><span class='ocrx_word' id='word_1_777' title='bbox 1037 2173 1186 2208; x_wconf 83' lang='grc' dir='ltr'>ποιήματα,</span> <span class='ocrx_word' id='word_1_778' title='bbox 1204 2170 1270 2206; x_wconf 80' lang='grc' dir='ltr'>μηδὲ</span> <span class='ocrx_word' id='word_1_779' title='bbox 1286 2169 1325 2204; x_wconf 84' lang='grc' dir='ltr'>τῷ</span> <span class='ocrx_word' id='word_1_780' title='bbox 1340 2168 1459 2203; x_wconf 81' lang='grc' dir='ltr'>δεσπότῃ</span> <span class='ocrx_word' id='word_1_781' title='bbox 1474 2166 1527 2193; x_wconf 81' lang='grc' dir='ltr'>τῶν</span> <span class='ocrx_word' id='word_1_782' title='bbox 1543 2166 1612 2193; x_wconf 82' lang='grc' dir='ltr'>ὅλων</span> <span class='ocrx_word' id='word_1_783' title='bbox 1629 2165 1666 2192; x_wconf 78' lang='grc' dir='ltr'><strong>τὰ</strong></span> <span class='ocrx_word' id='word_1_784' title='bbox 1684 2166 1826 2200; x_wconf 68' lang='grc' dir='ltr'>κτίσματι,</span> 
     </span>
    </p>
   </div>
   <div class='ocr_carea' id='block_1_103' title="bbox 1038 2211 1827 2255">
    <p class='ocr_par' dir='ltr' id='par_1_103' title="bbox 1038 2211 1827 2255">
     <span class='ocr_line' id='line_1_103' title="bbox 1038 2211 1827 2255; baseline -0.011 -9"><span class='ocrx_word' id='word_1_785' title='bbox 1038 2219 1106 2255; x_wconf 80' lang='grc' dir='ltr'>μηδὲ</span> <span class='ocrx_word' id='word_1_786' title='bbox 1127 2217 1164 2253; x_wconf 79' lang='grc' dir='ltr'><strong>τῷ</strong></span> <span class='ocrx_word' id='word_1_787' title='bbox 1189 2217 1326 2251; x_wconf 80' lang='grc' dir='ltr'>ἁγιάζοντι</span> <span class='ocrx_word' id='word_1_788' title='bbox 1341 2216 1376 2242; x_wconf 82' lang='grc' dir='ltr'><strong>τὰ</strong></span> <span class='ocrx_word' id='word_1_789' title='bbox 1400 2215 1582 2250; x_wconf 80' lang='grc' dir='ltr'>ἁγιαζόμενοι·</span> <span class='ocrx_word' id='word_1_790' title='bbox 1607 2212 1711 2247; x_wconf 72' lang='grc' dir='ltr'>ὥσπερ</span> <span class='ocrx_word' id='word_1_791' title='bbox 1729 2211 1827 2244; x_wconf 63' lang='grc' dir='ltr'>οὖδὲτῇ</span> 
     </span>
    </p>
   </div>
   <div class='ocr_carea' id='block_1_104' title="bbox 1037 2256 1828 2300">
    <p class='ocr_par' dir='ltr' id='par_1_104' title="bbox 1037 2256 1828 2300">
     <span class='ocr_line' id='line_1_104' title="bbox 1037 2256 1828 2300; baseline -0.013 -9"><span class='ocrx_word' id='word_1_792' title='bbox 1037 2265 1131 2300; x_wconf 82' lang='grc' dir='ltr'>Τριάδι</span> <span class='ocrx_word' id='word_1_793' title='bbox 1149 2262 1353 2298; x_wconf 76' lang='grc' dir='ltr'>συναριθμεῖταί</span> <span class='ocrx_word' id='word_1_794' title='bbox 1377 2270 1404 2288; x_wconf 87' lang='grc' dir='ltr'><strong>τι</strong></span> <span class='ocrx_word' id='word_1_795' title='bbox 1426 2260 1481 2287; x_wconf 75' lang='grc' dir='ltr'><strong>τῶν</strong></span> <span class='ocrx_word' id='word_1_796' title='bbox 1508 2259 1685 2294; x_wconf 82' lang='grc' dir='ltr'>ποιημάτων,</span> <span class='ocrx_word' id='word_1_797' title='bbox 1792 2256 1828 2282; x_wconf 78' lang='grc' dir='ltr'><strong>ἐτ’</strong></span> 
     </span>
    </p>
   </div>
   <div class='ocr_carea' id='block_1_105' title="bbox 1036 2303 1828 2346">
    <p class='ocr_par' dir='ltr' id='par_1_105' title="bbox 1036 2303 1828 2346">
     <span class='ocr_line' id='line_1_105' title="bbox 1036 2303 1828 2346; baseline -0.011 -9"><span class='ocrx_word' id='word_1_798' title='bbox 1036 2311 1147 2346; x_wconf 84' lang='grc' dir='ltr'>ὀνόματι</span> <span class='ocrx_word' id='word_1_799' title='bbox 1167 2309 1215 2344; x_wconf 79' lang='grc' dir='ltr'>τῆς</span> <span class='ocrx_word' id='word_1_800' title='bbox 1232 2309 1313 2342; x_wconf 84' lang='grc' dir='ltr'>ἁγίας</span> <span class='ocrx_word' id='word_1_801' title='bbox 1329 2307 1442 2343; x_wconf 79' lang='grc' dir='ltr'>Τριάδος</span> <span class='ocrx_word' id='word_1_802' title='bbox 1458 2306 1488 2333; x_wconf 81' lang='grc' dir='ltr'>τὸ</span> <span class='ocrx_word' id='word_1_803' title='bbox 1506 2305 1649 2340; x_wconf 80' lang='grc' dir='ltr'>βάπτισμα</span> <span class='ocrx_word' id='word_1_804' title='bbox 1665 2305 1720 2330; x_wconf 71' lang='grc' dir='ltr'>καὶ</span> <span class='ocrx_word' id='word_1_805' title='bbox 1737 2306 1754 2338; x_wconf 87' lang='grc' dir='ltr'><strong>ή</strong></span> 
     </span>
    </p>
   </div>
   <div class='ocr_carea' id='block_1_106' title="bbox 1038 2349 1830 2391">
    <p class='ocr_par' dir='ltr' id='par_1_106' title="bbox 1038 2349 1830 2391">
     <span class='ocr_line' id='line_1_106' title="bbox 1038 2349 1830 2391; baseline -0.011 -8"><span class='ocrx_word' id='word_1_806' title='bbox 1038 2357 1133 2391; x_wconf 85' lang='grc' dir='ltr'>κλησις</span> <span class='ocrx_word' id='word_1_807' title='bbox 1148 2355 1195 2381; x_wconf 75' lang='grc' dir='ltr'><strong>καὶ</strong></span> <span class='ocrx_word' id='word_1_808' title='bbox 1209 2355 1225 2389; x_wconf 86' lang='grc' dir='ltr'>ἡ</span> <span class='ocrx_word' id='word_1_809' title='bbox 1245 2353 1372 2389; x_wconf 80' lang='grc' dir='ltr'>λατρεία·</span> <span class='ocrx_word' id='word_1_810' title='bbox 1396 2354 1420 2379; x_wconf 84' lang='grc' dir='ltr'><strong>εί</strong></span> <span class='ocrx_word' id='word_1_811' title='bbox 1436 2351 1490 2388; x_wconf 84' lang='grc' dir='ltr'>γὰρ</span> <span class='ocrx_word' id='word_1_812' title='bbox 1510 2352 1584 2387; x_wconf 80' lang='grc' dir='ltr'>τρεῖς</span> <span class='ocrx_word' id='word_1_813' title='bbox 1597 2351 1626 2376; x_wconf 92' lang='grc' dir='ltr'>αἰ</span> <span class='ocrx_word' id='word_1_814' title='bbox 1642 2350 1735 2382; x_wconf 75' lang='grc' dir='ltr'>δόξαι,</span> <span class='ocrx_word' id='word_1_815' title='bbox 1764 2349 1830 2383; x_wconf 59' lang='grc' dir='ltr'>τρεξ</span> 
     </span>
    </p>
   </div>
   <div class='ocr_carea' id='block_1_107' title="bbox 1038 2394 1831 2438">
    <p class='ocr_par' dir='ltr' id='par_1_107' title="bbox 1038 2394 1831 2438">
     <span class='ocr_line' id='line_1_107' title="bbox 1038 2394 1831 2438; baseline -0.014 -8"><span class='ocrx_word' id='word_1_816' title='bbox 1038 2404 1066 2430; x_wconf 70' lang='lat' dir='ltr'><strong>at</strong></span> <span class='ocrx_word' id='word_1_817' title='bbox 1083 2402 1204 2438; x_wconf 79' lang='grc' dir='ltr'>λατρείαι</span> <span class='ocrx_word' id='word_1_818' title='bbox 1224 2400 1392 2434; x_wconf 83' lang='grc' dir='ltr'>γινέσθωσαν</span> <span class='ocrx_word' id='word_1_819' title='bbox 1415 2397 1491 2434; x_wconf 82' lang='grc' dir='ltr'>παρὰ</span> <span class='ocrx_word' id='word_1_820' title='bbox 1506 2399 1561 2428; x_wconf 80' lang='grc' dir='ltr'>τοῖς</span> <span class='ocrx_word' id='word_1_821' title='bbox 1584 2396 1695 2428; x_wconf 73' lang='grc' dir='ltr'>ἀσεϐῶς</span> <span class='ocrx_word' id='word_1_822' title='bbox 1724 2395 1760 2422; x_wconf 65' lang='grc' dir='ltr'>τὰ</span> <span class='ocrx_word' id='word_1_823' title='bbox 1779 2394 1831 2420; x_wconf 68' lang='lat' dir='ltr'><strong>tti-</strong></span> 
     </span>
    </p>
   </div>
   <div class='ocr_carea' id='block_1_108' title="bbox 1039 2440 1830 2486">
    <p class='ocr_par' dir='ltr' id='par_1_108' title="bbox 1039 2440 1830 2486">
     <span class='ocr_line' id='line_1_108' title="bbox 1039 2440 1830 2486; baseline -0.013 -10"><span class='ocrx_word' id='word_1_824' title='bbox 1039 2458 1130 2486; x_wconf 83' lang='grc' dir='ltr'>σματα</span> <span class='ocrx_word' id='word_1_825' title='bbox 1147 2448 1270 2474; x_wconf 75' lang='grc' dir='ltr'>σέϐουσι·</span> <span class='ocrx_word' id='word_1_826' title='bbox 1292 2447 1316 2472; x_wconf 79' lang='grc' dir='ltr'>εἰ</span> <span class='ocrx_word' id='word_1_827' title='bbox 1334 2445 1486 2481; x_wconf 77' lang='grc' dir='ltr'>διῃρημένα</span> <span class='ocrx_word' id='word_1_828' title='bbox 1506 2444 1540 2470; x_wconf 76' lang='grc' dir='ltr'><strong>τὰ</strong></span> <span class='ocrx_word' id='word_1_829' title='bbox 1559 2443 1608 2478; x_wconf 83' lang='grc' dir='ltr'>τῆς</span> <span class='ocrx_word' id='word_1_830' title='bbox 1626 2440 1830 2478; x_wconf 59' lang='grc' dir='ltr'>προσκυνουμέ-</span> 
     </span>
    </p>
   </div>
   <div class='ocr_carea' id='block_1_109' title="bbox 1037 2487 1830 2531">
    <p class='ocr_par' dir='ltr' id='par_1_109' title="bbox 1037 2487 1830 2531">
     <span class='ocr_line' id='line_1_109' title="bbox 1037 2487 1830 2531; baseline -0.013 -9"><span class='ocrx_word' id='word_1_831' title='bbox 1037 2504 1087 2531; x_wconf 81' lang='grc' dir='ltr'>νης</span> <span class='ocrx_word' id='word_1_832' title='bbox 1097 2494 1212 2529; x_wconf 82' lang='grc' dir='ltr'>φύσεως,</span> <span class='ocrx_word' id='word_1_833' title='bbox 1220 2491 1369 2528; x_wconf 78' lang='grc' dir='ltr'>διῃρημένα</span> <span class='ocrx_word' id='word_1_834' title='bbox 1377 2491 1425 2518; x_wconf 72' lang='grc' dir='ltr'>καὶ</span> <span class='ocrx_word' id='word_1_835' title='bbox 1436 2490 1471 2517; x_wconf 79' lang='grc' dir='ltr'><strong>τὰ</strong></span> <span class='ocrx_word' id='word_1_836' title='bbox 1480 2490 1528 2525; x_wconf 83' lang='grc' dir='ltr'>τῆς</span> <span class='ocrx_word' id='word_1_837' title='bbox 1539 2489 1758 2524; x_wconf 74' lang='grc' dir='ltr'>προσκυνήσεως</span> <span class='ocrx_word' id='word_1_838' title='bbox 1769 2487 1830 2513; x_wconf 63' lang='grc' dir='ltr'><strong>ἒπω</strong></span> 
     </span>
    </p>
   </div>
   <div class='ocr_carea' id='block_1_110' title="bbox 1039 2529 1830 2575">
    <p class='ocr_par' dir='ltr' id='par_1_110' title="bbox 1039 2529 1830 2575">
     <span class='ocr_line' id='line_1_110' title="bbox 1039 2529 1830 2575; baseline -0.015 -8"><span class='ocrx_word' id='word_1_839' title='bbox 1039 2529 1103 2575; x_wconf 73' lang='grc' dir='ltr'>παρ’</span> <span class='ocrx_word' id='word_1_840' title='bbox 1124 2540 1231 2570; x_wconf 80' lang='grc' dir='ltr'>αὐτοῖς·</span> <span class='ocrx_word' id='word_1_841' title='bbox 1259 2536 1316 2562; x_wconf 80' lang='grc' dir='ltr'>ἀλλ’</span> <span class='ocrx_word' id='word_1_842' title='bbox 1337 2536 1397 2562; x_wconf 77' lang='grc' dir='ltr'>οὐδὲ</span> <span class='ocrx_word' id='word_1_843' title='bbox 1416 2534 1485 2570; x_wconf 83' lang='grc' dir='ltr'>μετὰ</span> <span class='ocrx_word' id='word_1_844' title='bbox 1505 2531 1686 2568; x_wconf 55' lang='grc' dir='ltr'>τοῡοαὶωνίου</span> <span class='ocrx_word' id='word_1_845' title='bbox 1704 2531 1740 2558; x_wconf 78' lang='grc' dir='ltr'><strong>τὰ</strong></span> <span class='ocrx_word' id='word_1_846' title='bbox 1751 2529 1830 2565; x_wconf 69' lang='grc' dir='ltr'>πρόσ-</span> 
     </span>
    </p>
   </div>
   <div class='ocr_carea' id='block_1_111' title="bbox 1040 2575 1831 2620">
    <p class='ocr_par' dir='ltr' id='par_1_111' title="bbox 1040 2575 1831 2620">
     <span class='ocr_line' id='line_1_111' title="bbox 1040 2575 1831 2620; baseline -0.016 -8"><span class='ocrx_word' id='word_1_847' title='bbox 1040 2593 1111 2619; x_wconf 82' lang='grc' dir='ltr'>φατα</span> <span class='ocrx_word' id='word_1_848' title='bbox 1128 2583 1393 2620; x_wconf 82' lang='grc' dir='ltr'>προσκυνηθήσεται·</span> <span class='ocrx_word' id='word_1_849' title='bbox 1409 2579 1564 2616; x_wconf 74' lang='grc' dir='ltr'>πρόσφατον</span> <span class='ocrx_word' id='word_1_850' title='bbox 1581 2577 1638 2612; x_wconf 78' lang='grc' dir='ltr'>γὰρ</span> <span class='ocrx_word' id='word_1_851' title='bbox 1649 2577 1727 2603; x_wconf 68' lang='grc' dir='ltr'>ἅπαν</span> <span class='ocrx_word' id='word_1_852' title='bbox 1743 2575 1775 2600; x_wconf 76' lang='grc' dir='ltr'>τὸ</span> <span class='ocrx_word' id='word_1_853' title='bbox 1786 2575 1831 2607; x_wconf 73' lang='grc' dir='ltr'><strong>ἁρ-</strong></span> 
     </span>
    </p>
   </div>
   <div class='ocr_carea' id='block_1_112' title="bbox 1041 2620 1830 2666">
    <p class='ocr_par' dir='ltr' id='par_1_112' title="bbox 1041 2620 1830 2666">
     <span class='ocr_line' id='line_1_112' title="bbox 1041 2620 1830 2666; baseline -0.013 -9"><span class='ocrx_word' id='word_1_854' title='bbox 1041 2630 1091 2666; x_wconf 80' lang='grc' dir='ltr'><strong>χὴν</strong></span> <span class='ocrx_word' id='word_1_855' title='bbox 1107 2630 1226 2666; x_wconf 77' lang='grc' dir='ltr'>εἰληφὸς,</span> <span class='ocrx_word' id='word_1_856' title='bbox 1251 2627 1344 2663; x_wconf 76' lang='grc' dir='ltr'>ἐπειδὴ</span> <span class='ocrx_word' id='word_1_857' title='bbox 1368 2626 1451 2657; x_wconf 73' lang='grc' dir='ltr'>πολὺς</span> <span class='ocrx_word' id='word_1_858' title='bbox 1475 2625 1522 2652; x_wconf 72' lang='grc' dir='ltr'>καὶ</span> <span class='ocrx_word' id='word_1_859' title='bbox 1547 2625 1668 2659; x_wconf 85' lang='grc' dir='ltr'>ἄμετρος</span> <span class='ocrx_word' id='word_1_860' title='bbox 1685 2623 1701 2649; x_wconf 86' lang='grc' dir='ltr'><strong>ὀ</strong></span> <span class='ocrx_word' id='word_1_861' title='bbox 1718 2620 1830 2666; x_wconf 54' lang='grc' dir='ltr'>πρὸτῷ</span> 
     </span>
    </p>
   </div>
   <div class='ocr_carea' id='block_1_113' title="bbox 1041 2664 1830 2709">
    <p class='ocr_par' dir='ltr' id='par_1_113' title="bbox 1041 2664 1830 2709">
     <span class='ocr_line' id='line_1_113' title="bbox 1041 2664 1830 2709; baseline -0.014 -6"><span class='ocrx_word' id='word_1_862' title='bbox 1041 2664 1163 2704; x_wconf 44' lang='grc' dir='ltr'>αἰώνωνί</span> <span class='ocrx_word' id='word_1_863' title='bbox 1190 2676 1218 2701; x_wconf 82' lang='grc'><strong>’0</strong></span> <span class='ocrx_word' id='word_1_864' title='bbox 1234 2674 1323 2701; x_wconf 78' lang='grc' dir='ltr'>τοίνυν</span> <span class='ocrx_word' id='word_1_865' title='bbox 1337 2673 1422 2709; x_wconf 83' lang='grc' dir='ltr'>ἀρχήν</span> <span class='ocrx_word' id='word_1_866' title='bbox 1441 2680 1501 2698; x_wconf 77' lang='grc' dir='ltr'>τινα</span> <span class='ocrx_word' id='word_1_867' title='bbox 1521 2670 1626 2706; x_wconf 82' lang='grc' dir='ltr'>χρόνων</span> <span class='ocrx_word' id='word_1_868' title='bbox 1640 2669 1692 2704; x_wconf 81' lang='grc' dir='ltr'>τῆς</span> <span class='ocrx_word' id='word_1_869' title='bbox 1709 2668 1756 2694; x_wconf 80' lang='grc' dir='ltr'><strong>τοῦ</strong></span> <span class='ocrx_word' id='word_1_870' title='bbox 1771 2664 1830 2693; x_wconf 63' lang='lat' dir='ltr'><strong>Tw)</strong></span> 
     </span>
    </p>
   </div>
   <div class='ocr_carea' id='block_1_114' title="bbox 1042 2712 1830 2762">
    <p class='ocr_par' dir='ltr' id='par_1_114' title="bbox 1042 2712 1830 2762">
     <span class='ocr_line' id='line_1_114' title="bbox 1042 2712 1830 2762; baseline -0.01 -14"><span class='ocrx_word' id='word_1_871' title='bbox 1042 2722 1113 2757; x_wconf 78' lang='grc' dir='ltr'><strong>ζωῆς</strong></span> <span class='ocrx_word' id='word_1_872' title='bbox 1135 2721 1182 2748; x_wconf 68' lang='grc' dir='ltr'>καὶ</span> <span class='ocrx_word' id='word_1_873' title='bbox 1201 2721 1252 2755; x_wconf 78' lang='grc' dir='ltr'>τῆς</span> <span class='ocrx_word' id='word_1_874' title='bbox 1273 2712 1319 2762; x_wconf 57' lang='grc' dir='ltr'><strong>τοῦ</strong></span> <span class='ocrx_word' id='word_1_875' title='bbox 1342 2719 1419 2754; x_wconf 77' lang='grc' dir='ltr'>ἁγίου</span> <span class='ocrx_word' id='word_1_876' title='bbox 1444 2717 1602 2753; x_wconf 85' lang='grc' dir='ltr'>Πνεύματος</span> <span class='ocrx_word' id='word_1_877' title='bbox 1628 2713 1830 2749; x_wconf 61' lang='grc' dir='ltr'>ὑπστιθέμενκι</span> 
     </span>
    </p>
   </div>
   <div class='ocr_carea' id='block_1_115' title="bbox 237 2831 1170 2887">
    <p class='ocr_par' dir='ltr' id='par_1_115' title="bbox 237 2831 1170 2887">
     <span class='ocr_line' id='line_1_115' title="bbox 237 2831 1170 2887; baseline -0.009 -20"><span class='ocrx_word' id='word_1_878' title='bbox 237 2837 276 2887; x_wconf 61' lang='grc' dir='ltr'><strong>(ί)</strong></span> <span class='ocrx_word' id='word_1_879' title='bbox 293 2837 390 2876; x_wconf 83' lang='lat' dir='ltr'><strong>Filium</strong></span> <span class='ocrx_word' id='word_1_880' title='bbox 410 2838 578 2869; x_wconf 84' lang='lat' dir='ltr'><strong>humanum,</strong></span> <span class='ocrx_word' id='word_1_881' title='bbox 596 2839 677 2863; x_wconf 80' lang='lat' dir='ltr'><strong>vocat</strong></span> <span class='ocrx_word' id='word_1_882' title='bbox 703 2835 787 2862; x_wconf 89' lang='lat' dir='ltr'><strong>ﬁlium</strong></span> <span class='ocrx_word' id='word_1_883' title='bbox 813 2841 886 2861; x_wconf 88' lang='lat' dir='ltr'><strong>more</strong></span> <span class='ocrx_word' id='word_1_884' title='bbox 910 2833 1024 2860; x_wconf 86' lang='lat' dir='ltr'><strong>aliorum</strong></span> <span class='ocrx_word' id='word_1_885' title='bbox 1040 2831 1170 2869; x_wconf 75' lang='lat' dir='ltr'><strong>genitum.</strong></span> 
     </span>
    </p>
   </div>
  </div>
