1844 3047
214 131 286 160 “l5

213 195 278 223 atra:
290 188 414 215 notiones
428 186 520 214 divina
533 190 560 213 et
580 185 728 220 apostolica
743 185 868 220 dogmata
884 191 1002 219 sequan-

213 237 279 260 tur:
297 242 350 260 non
367 238 457 260 autem
479 237 508 260 ut
531 237 632 259 nostra:
655 231 781 258 tlctiones
808 230 1000 266 itnpossibiles,

218 279 317 306 divina:
332 278 393 306 ﬁdei
408 277 581 313 dogmatibus
597 277 651 304 vim
669 276 808 304 am-rant.~

251 325 278 352 Si
300 331 390 352 autem
413 325 554 351 dixerint:
575 323 718 357 Quomodo
742 328 797 351 tres
820 322 956 354 Persona,
974 327 1002 349 et

212 370 350 405 quomodo
373 377 426 396 una
443 369 589 396 divinitas?
604 369 726 396 dicemtts
739 369 779 396 eis
795 373 849 396 tres
867 368 1000 396 Personas

211 423 283 447 esse.
298 415 369 442 sicut
380 423 431 442 una
441 415 551 450 quidem
569 419 611 442 est
622 414 669 442 Dei
687 413 786 446 Patris,
803 422 856 441 una
868 421 933 441 vero
947 413 1001 440 Do-

211 459 279 487 mini
289 459 362 492 Filii,
375 464 402 486 et
413 467 466 486 una
485 458 713 494 Spiritussancti;
727 467 778 485 una
786 458 998 491 verodivinitas,

211 506 240 532 itt
256 511 389 540 quantum
404 505 504 536 Patris,
522 505 568 540 qui
586 513 657 532 unus
676 508 727 537 est,
746 505 835 539 imago
850 509 892 531 est
903 503 998 536 Filius,

211 551 238 577 id
256 555 308 584 est,
326 551 398 578 Deus
418 559 452 578 ex
476 550 543 583 Deo,
556 555 583 578 et
606 549 723 584 Spiritus
741 550 868 578 similiter
887 555 1000 578 vocatur

212 596 331 632 Spiritus
348 597 406 630 Dei,
421 597 512 624 ethoc
525 597 685 624 naturaliter
705 597 854 624 secundum
874 590 997 624 eamdem

210 643 404 674 substantiam,
421 651 476 670 non
495 643 646 670 secuttdum
671 643 908 678 participationem
933 643 996 675 Dei;

207 694 235 717 et
245 697 299 716 una
307 693 348 716 est
361 689 512 715 substantia
522 688 673 721 Trinitatis,
683 689 756 724 quod
770 689 878 724 quidem
893 696 946 716 non
957 694 998 716 est

207 735 236 761 itt
251 734 285 762 iis
302 743 362 769 quae
373 734 443 761 facta
456 740 536 767 sunt;
551 743 605 761 non
627 735 699 762 enim
715 740 757 763 est
773 743 826 762 una
845 735 996 762 substantia

209 779 257 807 Dei
274 785 301 808 et
325 789 419 808 eorum
435 789 495 815 qua;
507 780 576 808 facta
589 785 662 812 sunt,
677 781 804 815 quoniam
820 780 888 806 nihil
899 781 996 806 horum

204 831 249 854 est
267 827 420 854 substantia
440 827 523 854 Deus.
546 827 603 855 lmo
619 835 707 862 neque
718 826 852 853 Dominus
865 831 907 854 est
918 826 996 861 quid-

205 879 289 906 quam
312 873 411 900 horum
427 873 575 900 secundum
593 872 789 904 substantiam;
808 872 854 899 sed
871 880 943 899 unus
953 876 996 899 est

206 917 280 945 Deus
290 917 370 946 Pater
381 918 444 954 (ιο),
455 926 527 945 untts
542 918 674 945 Dominus
686 918 780 947 Filius,
791 925 861 944 uttus
877 917 995 952 Spiritus

204 968 328 996 sanctus,
354 963 527 998 dieimusqne
553 971 635 990 unam
661 964 843 995 divinitatem,
868 967 896 990 et
913 970 994 989 ttnam

203 1009 433 1042 dominationem,
458 1015 540 1044 atque
563 1017 646 1037 unam
672 1010 856 1042 sanctitatem,
876 1008 996 1037 Trinita-

203 1059 272 1086 tem,
297 1056 360 1090 quia
387 1056 551 1091 principium
576 1056 685 1083 Domini
709 1060 750 1083 est
773 1055 863 1088 Pater,
893 1054 941 1089 qui
961 1062 996 1082 ex

551 128 580 156 S.
601 128 765 157 GREGORI]
785 127 964 156 THAUMAT.
985 127 1061 155 OPP.
1078 127 1167 154 PARS
1187 126 1337 155 ALTERA.
1355 141 1389 147 —
1404 126 1519 156 DUBIA.

1773 125 1826 152 £ll6

1016 190 1040 217 Α
1054 184 1103 216 τὰς
1119 184 1256 220 ἡμετέρας
1281 184 1395 215 ἑννοίας,
1410 184 1441 210 οὐ
1466 183 1515 215 τὰς
1538 183 1683 219 ἡμετέρας
1701 182 1825 214 ἀδυνάτους

1055 230 1205 264 φαντασίας
1215 229 1249 256 τὰ
1261 231 1309 265 τῆς
1324 230 1397 261 θείας
1411 230 1529 260 πίστεως
1544 228 1692 264 βιάζεσθαι
1715 228 1824 263 binm-.1.

1094 275 1156 302 Ἐὰν
1171 275 1199 302 δὲ
1215 275 1311 304 εἴπωσι
1322 283 1328 290 ·
1339 274 1401 306 Πῶς
1413 275 1477 310 τρία
1493 274 1647 310 Πρὸσωπα,
1664 274 1712 300 καὶ
1728 274 1781 306 πῶς
1791 276 1825 309 pi;

1052 320 1161 353 θεότης;
1182 321 1297 356 ἐροῦμεν
1323 321 1425 352 αὐτοῖς,
1452 320 1494 347 ὅτι
1515 321 1581 355 τρία
1615 321 1670 355 μὲν
1696 321 1823 356 Πρὸσωτέι,

1052 365 1112 393 καθ’
1128 366 1142 392 ὃ
1158 365 1187 392 ἓν
1209 366 1257 401 μὲν
1269 366 1336 392 Θεοῦ
1350 366 1466 402 Πατρὸς,
1483 365 1512 392 ἓν
1526 366 1555 392 δὲ
1575 366 1684 402 Κυρίου
1704 366 1776 399 Υίοῦ,
1791 369 1825 394 ιιὶ

1051 411 1080 437 ἓν
1095 411 1141 438 τοῦ
1159 412 1236 446 ἁγίου
1251 411 1408 447 Πνεύματος
1420 421 1426 427 ·
1447 412 1495 447 μία
1507 412 1535 438 δὲ
1562 411 1664 448 Θεότης
1682 411 1744 438 καθ’
1760 413 1773 438 ὂ
1790 413 1824 439 τοῦ

1051 457 1157 492 Harpe;
1179 457 1237 488 ἑνὸς
1248 457 1334 489 ὄντος,
1351 457 1418 484 Θεοῦ
1438 457 1612 486 εἰκῶνέστιν
1630 459 1646 485 ὁ
1672 458 1748 490 Υἱὸς,
1763 468 1824 485 τουτ-

1050 504 1108 530 έστι
1133 503 1199 535 Θεὸς
1216 505 1248 530 ἐκ
1272 503 1349 535 Θεοῦ,
1368 504 1414 530 καὶ
1431 504 1461 530 τὸ
1475 505 1588 540 Πνεῦμα
1603 505 1711 539 ὁμοίως
1724 506 1824 532 καλεῖτε

1049 550 1095 576 τοῦ
1109 549 1188 582 Θεοῦ,
1205 550 1253 576 καὶ
1267 550 1344 577 τοῦτο
1360 550 1482 584 φυσικῶς
1497 551 1557 577 κατ’
1571 551 1661 586 αὐτὴν
1676 552 1727 585 τὴν
1739 552 1822 582 οὐσίῃ,

1048 595 1079 620 οὺ
1089 594 1159 621 κατὰ
1173 595 1316 628 μετουσίαν
1328 594 1395 621 Θεοῦ
1405 603 1412 610 ι
1427 596 1473 621 καὶ
1492 596 1541 630 μία
1554 595 1605 630 τῆς
1619 595 1742 630 τριάω
1753 596 1821 625 οὺεὲι,

1048 641 1116 676 ὅπερ
1141 641 1186 667 ἐπὶ
1208 641 1262 667 τῶν
1286 641 1446 676 ποιημάτων
1468 642 1518 668 οὐκ
1544 642 1638 668 ἔστιν’
1657 642 1691 668 οὗ
1717 642 1768 678 γὰρ
1787 644 1823 678 pi:

1048 686 1126 714 οὐσία
1149 686 1216 713 Θεοῦ
1240 687 1287 714 καὶ
1309 687 1362 714 τῶν
1386 687 1556 722 ποιημάτιον,
1572 688 1614 714 ὅτι
1643 688 1725 715 οὐδὲν
1740 689 1822 715 τοῦτωτ

1047 734 1079 768 τῇ
1096 733 1176 769 οὐσίᾳ
1197 733 1263 764 Θεός
1275 741 1282 749 '
1298 733 1355 759 ἀλλ’
1373 733 1433 760 οὐδὲ
1449 733 1550 769 Κύριος
1563 734 1644 760 οὐδὲν
1659 734 1762 760 τούτων
1777 737 1822 768 κατ’

1047 779 1150 811 οὐσίαν,
1168 778 1226 805 ἀλλ’
1243 776 1283 810 εἷς
1299 778 1399 815 Κύριος
1419 781 1432 806 ό
1456 780 1530 811 Υίὸς,
1547 781 1596 806 καὶ
1618 780 1648 807 ἓν
1672 781 1705 807 τὸ
1732 782 1822 816 Πνεῦμα

1046 823 1076 851 τὸ
1093 825 1169 859 ἆγιον
1180 833 1187 839 ·
1199 825 1313 860 λέγομεν
1326 825 1355 851 δὲ
1369 825 1417 852 καὶ
1430 825 1494 860 μίαν
1513 825 1631 861 θεότητα
1648 828 1701 854 καὶ
1713 827 1773 862 μίαν
1786 838 1822 854 n-

1049 873 1168 908 ριὸτητα,
1180 872 1227 899 καὶ
1241 873 1304 908 μίαν
1315 873 1445 908 ἁγιότητα
1457 873 1505 909 τὴν
1521 873 1626 909 Τριάδα
1636 882 1644 889 ”
1661 875 1706 901 ὅτι
1727 875 1768 901 τοῦ
1781 877 1822 902 Κυ-

1048 918 1107 953 ρίου
1122 918 1136 944 ὁ
1153 918 1248 954 Πατὴρ
1261 918 1332 954 ἀρχὴ
1345 919 1437 951 ἁῖδίως
1454 919 1534 946 αὑτὸν
1545 921 1696 955 γεννήσας,
1714 921 1758 946 καὶ

1046 963 1162 996 τότυπος
1179 965 1224 991 τοῦ
1241 965 1399 1000 Πνεύματος
1414 966 1428 991 ὁ
1444 965 1546 1001 Κύριος
1558 975 1565 982 υ
1583 966 1658 993 οὕτω
1685 967 1742 1002 γὰρ
1763 970 1822 994 κσὶὸ

1046 1009 1141 1045 Πατὴρ
1157 1011 1269 1046 Κύριος,
1287 1012 1333 1037 καὶ
1349 1013 1363 1038 ὁ
1378 1011 1442 1042 Υἱὸς
1457 1011 1534 1044 Θεὸς,
1552 1012 1600 1039 καὶ
1618 1013 1686 1048 περὶ
1703 1013 1750 1040 τοῦ
1769 1014 1821 1040 Θεοῦ

1046 1055 1153 1092 εἴρηται
1166 1057 1209 1083 ὅτι
1224 1057 1344 1092 Πνεῦμα
1358 1059 1374 1084 ὁ
1398 1058 1478 1091 Θεός.

1012 861 1032 888 Β

203 1104 356 1132 :eternitate
378 1112 440 1132 eum
466 1105 571 1146 genuit,
589 1108 616 1132 et
628 1104 760 1131 Dominus
770 1108 812 1132 est
823 1107 983 1138 prototypus
998 1102 1117 1138 Spiritus
1134 1106 1230 1133 sancti.
1250 1104 1296 1134 Sic
1311 1106 1383 1133 enim
1401 1111 1427 1134 et
1453 1106 1533 1134 Pater
1561 1106 1712 1140 Dominus,
1745 1114 1769 1136 et
1789 1108 1821 1135 Fi-

202 1150 258 1189 lius
271 1151 352 1184 Deus,
366 1157 392 1180 et
403 1152 436 1179 de
447 1152 502 1179 Deo
516 1152 618 1179 dictum
631 1156 672 1179 est
685 1161 691 1179 :
702 1151 773 1179 Deus
785 1157 824 1179 est
843 1150 958 1186 Spiritus
975 1149 1007 1177 ".

239 1197 409 1226 Gonﬁtemur
440 1199 522 1234 igitur
549 1207 633 1227 unum
659 1198 743 1226 Deum
770 1206 884 1231 verum,
909 1206 994 1225 unum

202 1244 380 1279 principium,
403 1249 430 1272 et
449 1253 534 1272 ttnum
552 1245 649 1272 Filium
668 1253 763 1272 verum
779 1244 863 1271 Deum
879 1252 912 1271 ex
929 1252 994 1272 vero

203 1290 260 1321 Deo
277 1291 436 1318 naturaliter
446 1291 592 1319 Paternam
608 1292 777 1319 divinitatem
795 1291 952 1324 habentem,
966 1291 993 1318 id

203 1342 258 1370 est,
271 1336 414 1373 ὁμοούσιον
422 1337 507 1370 Patri,
522 1343 548 1365 et
563 1346 646 1364 unutn
656 1336 786 1372 Spiritum
800 1342 933 1370 sanctum,
946 1337 992 1371 qui

202 1388 302 1420 natura
324 1387 351 1410 et
377 1383 492 1411 veritate
507 1383 560 1410 vim
587 1384 669 1411 habet
683 1383 774 1410 omnia
791 1383 990 1414 sanctiﬁcandi,

203 1429 230 1456 id
246 1435 298 1462 est,
311 1437 343 1456 ex
359 1429 512 1457 substantia
531 1429 577 1457 Dei
596 1429 719 1457 deiﬁcus.
741 1429 794 1457 Eos
809 1436 875 1456 vero
889 1430 935 1463 qui
949 1429 991 1456 vel

203 1474 303 1502 Filium
330 1475 372 1502 vel
392 1474 526 1510 Spiritum
553 1479 679 1502 sanctum
706 1479 860 1502 creaturam
887 1474 991 1507 dicunt,

202 1521 477 1548 anathematizamus.
502 1520 599 1548 Omnia
615 1529 681 1548 vero
695 1521 746 1548 alia
763 1520 926 1548 conﬁtemur
950 1520 991 1547 fa-

201 1572 246 1594 cta
259 1574 329 1600 esse,
346 1571 374 1594 et
391 1575 467 1594 serva
483 1575 498 1594 a
519 1567 574 1594 Deo
589 1572 677 1595 creata
697 1575 744 1602 per
760 1566 870 1599 Filium,
885 1567 912 1593 in
930 1566 992 1601 Spi~

200 1611 256 1638 ritu
282 1617 377 1638 sancto
402 1613 571 1640 sanctiﬁcata
593 1613 643 1647 (5).
671 1612 805 1639 Praeterea
830 1611 992 1639 confitemur

202 1656 301 1684 Filium
326 1657 372 1684 Dei
397 1657 499 1685 factum
517 1666 578 1685 esse
602 1658 687 1684 tilium
717 1657 845 1689 hominis,
864 1657 910 1691 qui
936 1665 991 1684 non

203 1703 315 1730 nomine
338 1703 386 1730 sed
411 1703 527 1730 veritate
549 1703 697 1737 assumpsit
719 1710 828 1729 carttctn
854 1710 887 1730 ex
906 1702 991 1731 Maria

205 1747 324 1783 Virgine,
342 1756 457 1783 esseque
471 1748 620 1783 perfectum
637 1748 736 1775 Filium
752 1747 847 1780 Deum,
866 1753 894 1775 et
915 1756 991 1776 eutn—

201 1794 265 1821 dem
279 1794 363 1821 tilium
381 1789 509 1826 hominis,
523 1802 604 1820 ttnatn
621 1801 776 1829 personam,
792 1798 817 1821 et
833 1802 915 1821 unam
926 1795 990 1822 ado-

200 1839 335 1867 rationem
351 1839 433 1867 Verbi
450 1844 478 1867 et
500 1840 591 1867 carnis
606 1848 688 1874 qualn
704 1840 862 1874 assumpsit,
883 1845 910 1867 et
924 1848 990 1868 ana-

200 1887 411 1914 thematizamus
434 1894 482 1914 eos
504 1887 551 1921 qtti
573 1887 729 1914 differentes
752 1887 926 1914 adorationes
949 1887 990 1914 fa—

201 1935 289 1969 ciunt,
310 1944 393 1963 unam
417 1936 549 1966 divinam,
568 1941 594 1964 et
610 1945 692 1964 tinam
706 1937 865 1968 humanam,
881 1940 908 1963 et
922 1935 989 1962 ado-

201 1985 295 2008 rantes
316 1981 455 2009 ltominem
470 1990 503 2009 ex
522 1982 605 2009 Maria
620 1987 747 2017 tanquam
763 1982 877 2009 alterum
892 1985 989 2015 praeter

201 2025 286 2054 Deum
303 2034 335 2054 ex
351 2027 416 2055 Deo.
436 2027 546 2055 Scimus
564 2028 635 2055 enim
653 2028 724 2063 quod
736 2028 764 2054 in
783 2028 914 2063 principio
931 2031 988 2054 erat

205 2071 327 2105 Verbum,
353 2079 377 2100 et
409 2073 520 2100 Verbum
540 2078 596 2101 erat
615 2075 685 2109 apud
702 2074 796 2106 Deum,
811 2079 835 2100 et
850 2073 920 2100 Deus
932 2079 988 2100 erat

204 2118 318 2145 Verbum
329 2120 362 2145 '°.
378 2119 488 2148 Factum
506 2129 571 2147 vero
587 2120 723 2147 hominem
739 2124 850 2154 propter
865 2125 985 2146 nostram

200 2162 329 2195 salutem,
351 2164 499 2191 adoramus
520 2172 573 2191 non
593 2170 722 2199 tanquam
739 2165 869 2199 azqualem
884 2163 986 2191 factum

199 2207 228 2234 in
244 2209 341 2243 aequali
355 2217 480 2244 corpore,
496 2209 542 2236 sed
560 2213 689 2245 tanquam
702 2210 858 2242 Dominum,
869 2210 915 2244 qui
929 2209 987 2237 for-

199 2259 272 2280 mam
284 2254 356 2280 servi
373 2255 489 2288 sumpsit
500 2255 533 2283 ¹¹.
558 2254 726 2282 Conlitemur
750 2255 904 2290 passionem
933 2254 985 2282 Do.-

198 2298 265 2325 mini
281 2299 430 2326 secundum
453 2308 574 2334 carnem,
592 2301 821 2329 resurrectionem
842 2301 869 2328 in
886 2301 985 2328 virtute

199 2343 349 2371 divinitatis
361 2345 431 2379 ejus,
446 2346 633 2373 ascensionem
649 2346 674 2373 in
690 2347 784 2380 caelos,
796 2351 823 2373 et
836 2347 983 2382 gloriosum

198 2387 344 2415 adventum
359 2389 434 2423 ejus:
449 2391 495 2424 qui
512 2395 640 2418 venturus
656 2397 698 2418 est
712 2391 745 2418 ad
760 2392 893 2426 judiciutn
906 2392 983 2418 vivo-

199 2441 259 2460 rum
271 2438 297 2460 et
307 2439 488 2468 mortuorum,
500 2441 526 2463 et
536 2437 570 2464 ad
580 2437 662 2464 vitam
675 2441 803 2464 mternam
814 2442 981 2464 sanctorum.

235 2479 268 2506 Et
284 2480 347 2514 quia
364 2482 486 2508 nonnulli
502 2483 596 2511 turbas
613 2483 691 2510 nobis
707 2483 874 2515 excitarunt,
891 2484 981 2509 niten-

198 2529 240 2552 tes
255 2530 375 2553 evertere
389 2527 468 2554 tidem
485 2534 605 2556 nostram
628 2529 655 2555 itt
676 2528 815 2556 Christum
835 2528 981 2556 Dominum

198 2576 335 2603 nostrum,
362 2581 415 2600 non
437 2575 596 2602 confitentes
613 2574 696 2602 Deum
714 2583 775 2603 esse
797 2576 980 2607 ittcarnatunt,

198 2615 246 2642 sed
261 2616 397 2644 hominem
410 2617 465 2645 Deo
478 2619 632 2653 copulatum
648 2628 654 2645 :
669 2619 770 2646 idcirco
782 2619 981 2647 confessionem

198 2661 305 2690 edimus
322 2662 355 2690 de
376 2664 437 2694 ﬁde.
455 2672 536 2699 quam
558 2665 689 2698 diximus,
705 2666 860 2700 rejieienles
875 2670 982 2692 contra-

235 2732 256 2749 "
264 2731 344 2761 Joan.
358 2741 394 2767 tv,
414 2733 460 2760 9.4.
499 2734 520 2749 ¹⁰
535 2733 614 2760 Joan.
630 2741 647 2764 ι,
662 2733 688 2759 1.
725 2733 747 2748 ¹¹
763 2732 861 2767 Philip.
877 2741 906 2764 tt,
922 2733 948 2759 7.

1089 1196 1287 1233 Ὀμολογοῦμεν
1297 1195 1343 1224 οῦν
1357 1197 1405 1225 ἕνα
1417 1198 1483 1224 Θεὸν
1496 1197 1633 1234 ἀληθινὸν,
1653 1200 1724 1234 μίαν
1741 1200 1822 1235 ἀρχῆιη

1046 1243 1093 1269 καὶ
1109 1243 1156 1269 ἕνα
1170 1243 1242 1274 Υἱὸν,
1257 1243 1382 1278 ἀληθινὸν
1394 1243 1459 1270 Θεὸν
1472 1243 1502 1276 ἐξ
1515 1244 1645 1280 ἀληθινοῦ
1657 1245 1740 1277 Θεοῦ,
1759 1255 1821 1279 φυκ-

1045 1288 1101 1320 κῶς
1118 1289 1166 1324 τὴν
1176 1289 1316 1324 Πατρικὴν
1333 1289 1447 1324 θεότητα
1460 1289 1565 1324 ἔχοντα,
1582 1291 1730 1318 τουτέστιν
1744 1293 1824 1326 opm}-

1045 1342 1102 1361 σιον
1127 1334 1166 1369 τῷ
1191 1335 1294 1370 Πατρί·
1321 1335 1368 1362 καὶ
1395 1335 1423 1361 ἓν
1449 1335 1561 1371 Πνεῦμα
1587 1337 1667 1370 ἆγιον
1694 1337 1773 1372 φύσει
1788 1338 1823 1363 κει

1045 1380 1159 1416 ἀληθείᾳ
1181 1380 1236 1406 τῶν
1263 1381 1372 1407 πάντων
1398 1381 1568 1415 ἀγιαστικὺν,
1583 1383 1630 1409 καὶ
1656 1383 1782 1410 θεοποιὺν
1800 1387 1823 1410 '5:

1044 1426 1094 1461 τῆς
1108 1427 1202 1458 οὐσίας
1213 1426 1259 1453 τοῦ
1277 1426 1343 1453 Θεοῦ
1359 1426 1493 1462 ὑπάρχον·
1509 1427 1574 1459 τοὺς
1585 1428 1613 1454 δὲ
1626 1429 1642 1464 ἦ
1661 1429 1711 1455 τὸν
1730 1431 1798 1458 Υξδν,
1811 1431 1822 1464 ἦ

1005 1479 1027 1507 C
1043 1473 1073 1499 τὸ
1089 1472 1200 1508 Πνεῦμα
1222 1473 1252 1499 τὸ
1268 1472 1355 1507 ἆγιον,
1371 1474 1475 1508 κτίσμα
1491 1473 1619 1507 λέγοντας
1636 1475 1822 1510 ἀναθεματξζο-

1045 1527 1107 1554 μεν·
1125 1519 1160 1545 τὰ
1182 1519 1209 1545 δὲ
1235 1519 1303 1545 ἄλλα
1319 1519 1406 1546 πάντα
1423 1519 1609 1555 ὁμολογοῦμεν
1627 1521 1772 1556 ποιήματα
1789 1523 1823 1547 καὶ

1040 1564 1123 1591 δοῦλα
1134 1565 1277 1592 κτισθέντα
1289 1565 1341 1591 ὑπὸ
1353 1564 1420 1591 Θεοῦ
1439 1566 1471 1592 δι’
1485 1565 1550 1592 Υίοῦ
1566 1567 1595 1593 ἐν
1612 1566 1758 1602 Πνεῦματι
1768 1568 1823 1601 ἁγίῳ

1042 1611 1216 1644 ἁγιασθέντα.
1241 1612 1301 1637 Ἔτι
1326 1610 1507 1646 ὁμολογοῦμεν
1531 1612 1576 1638 τὸν
1603 1612 1672 1639 Υἱὸν
1697 1613 1745 1639 τοῦ
1769 1613 1822 1639 Θειῦ

1043 1657 1098 1683 υἱὸν
1116 1657 1258 1692 ἀνθρώπου
1272 1657 1433 1692 γεγενῆσθαι
1445 1658 1494 1684 οὐκ
1508 1658 1622 1693 ὀνόματι
1636 1659 1710 1686 ἀλλὰ
1726 1660 1823 1695 ἀληθέᾳ

1042 1701 1229 1737 προσλαϐόντα
1247 1701 1335 1737 σάρκα
1351 1703 1383 1728 ὲκ
1397 1702 1506 1737 Μαρίας
1522 1702 1665 1738 Παρθένου
1678 1712 1686 1719 ⁸
1708 1705 1755 1730 καὶ
1767 1703 1821 1730 εἶναι

1040 1747 1142 1774 τέλειον
1162 1747 1241 1774 αὑτὸν
1258 1747 1322 1774 Υίὸν
1345 1747 1412 1774 Θεοῦ
1429 1748 1475 1774 καὶ
1492 1748 1573 1774 αὐτὸν
1595 1749 1654 1775 υἱὸν
1676 1749 1821 1785 ἀνθρώπου,

1041 1793 1070 1820 ἓν
1082 1794 1236 1830 πρόσωπον,
1251 1794 1297 1820 καὶ
1314 1794 1377 1829 μίαν
1394 1793 1442 1830 τὴν
1459 1794 1648 1830 προσκύνησιν
1673 1796 1724 1823 τοῦ
1750 1798 1821 1830 MT?»

1040 1840 1086 1866 καὶ
1110 1839 1158 1875 τὴς
1181 1840 1280 1875 σαρκὸς
1300 1841 1333 1875 ἣν
1357 1840 1502 1867 ἀνέλαϐεν·
1525 1841 1572 1867 καὶ
1595 1841 1822 1878 ἀναθεματίζομεν

1039 1886 1102 1917 τοὺς
1113 1886 1257 1921 διαφόρους
1268 1887 1466 1922 προσκυνήσεις
1479 1887 1636 1919 ποιοῦντας,
1650 1889 1719 1923 μίαν
1732 1889 1820 1923 Osirim

1040 1930 1087 1957 καὶ
1112 1931 1175 1966 μίαν
1196 1931 1386 1966 ἀνθρωπίνην·
1414 1931 1460 1958 καὶ
1487 1933 1711 1967 προσκυνοῦντες
1736 1935 1779 1961 τὸν
1798 1936 1820 1960 ἐκ

1038 1977 1147 2011 Μαρίας
1162 1976 1303 2012 ἄνθρωπον
1317 1977 1354 2009 ὡς
1367 1977 1460 2013 ἕτερον
1476 1979 1540 2004 ὄντα
1556 1980 1633 2015 παρὰ
1651 1980 1700 2007 τὸν
1719 1982 1752 2008 ἐκ
1764 1980 1819 2006 Θεοῦ

1039 2020 1104 2047 Θεόν
1116 2030 1123 2036 ·
1141 2021 1249 2056 οἴδαμεν
1274 2021 1327 2057 γὰρ
1352 2022 1392 2049 ὅτι
1417 2023 1452 2048 ἐν
1475 2023 1554 2057 ἀρχῇ
1568 2024 1629 2058 μὲν
1643 2023 1686 2059 ἦν
1703 2027 1721 2052 ὁ
1731 2026 1820 2060 Λόῖνς,

1038 2067 1086 2093 καὶ
1101 2069 1117 2094 ό
1132 2068 1226 2101 Λόγος
1239 2065 1279 2102 ἦν
1291 2067 1365 2101 πρὸς
1378 2069 1431 2095 τὸν
1447 2069 1530 2101 Θεὸν,
1543 2070 1592 2096 καί
1608 2070 1685 2104 Θεὸς
1698 2071 1740 2105 ἦν
1752 2074 1766 2098 ὁ
1776 2073 1818 2097 .tz'-

1038 2121 1100 2148 τος.
1116 2113 1263 2148 Γενόμενον
1275 2113 1303 2139 δὲ
1318 2114 1399 2140 αὑτὸν
1413 2114 1555 2150 ἄνθρωπον
1566 2115 1610 2142 διὰ
1627 2115 1677 2151 τὴν
1696 2117 1817 2151 ἡμετέρῃ

1040 2159 1175 2194 σωτηρίαν
1196 2159 1412 2194 προσκυνοῦμεν,
1439 2161 1488 2195 οὺχ
1504 2160 1542 2192 ὡς
1562 2159 1621 2187 ἴσον
1638 2162 1666 2188 ἐν
1686 2162 1738 2197 ἴσῳ
1754 2162 1816 2195 γενό-

1041 2213 1120 2240 μενον
1144 2204 1182 2239 τῷ
1202 2205 1322 2239 σώματι,
1344 2204 1401 2231 ἀλλ’
1424 2205 1460 2236 ὡς
1476 2206 1615 2242 Δεσπότην
1639 2208 1816 2243 προσλαϐόντα

1038 2244 1086 2286 τὴν
1102 2250 1149 2277 τοῦ
1164 2250 1256 2277 δούλου
1273 2251 1387 2286 μορφήν.
1413 2251 1612 2287 Ὀμολογοῦμεν
1629 2254 1658 2279 τὸ
1677 2255 1765 2285 πάθος
1780 2253 1815 2279 τοῦ

1039 2299 1141 2333 Κυρίου
1156 2298 1227 2324 κατὰ
1242 2298 1341 2333 σάρκα,
1359 2297 1409 2334 τὴν
1429 2298 1576 2324 ανάστασιν
1593 2300 1622 2325 ἐν
1636 2299 1753 2335 δυνάμει
1768 2300 1817 2326 est-

1037 2353 1118 2380 τητος
1133 2344 1226 2376 αὐτοῦ,
1244 2344 1292 2379 τὴν
1308 2345 1348 2376 εἰς
1373 2344 1502 2380 οὐρανοὺς
1523 2345 1666 2375 ἀνάδασιν.
1687 2346 1738 2381 τὴν
1759 2346 1816 2372 ἐνὼ-

1038 2391 1082 2424 ξον
1101 2391 1182 2418 αὑτοῦ
1204 2390 1354 2425 παρουσίαν
1374 2391 1521 2426 ἐρχομένου
1545 2392 1591 2418 ἐπὶ
1610 2393 1703 2428 κρίσει
1721 2393 1815 2425 ζώντων

1036 2437 1083 2464 καὶ
1097 2436 1210 2472 νεκρῶν,
1230 2437 1277 2463 καί
1293 2436 1348 2472 ζωῇ
1365 2437 1465 2472 αἰωνίῳ
1480 2437 1535 2464 τῶν
1549 2438 1644 2471 ἁγίων.

1072 2483 1125 2509 Καὶ
1147 2482 1239 2516 ἐπειδὴ
1255 2482 1326 2514 τινὲς
1348 2482 1557 2518 παρηνόχλησαν
1580 2484 1644 2518 ἡμῖν
1658 2484 1814 2519 ἀνατρέπειν

1038 2528 1238 2564 ἐπιχειροῦντες
1251 2529 1300 2563 τὴν
1322 2529 1411 2555 πίστιν
1430 2529 1508 2564 ἡμῶν
1530 2529 1580 2565 τὴν
1601 2531 1640 2561 εἰς
1658 2531 1710 2556 τὸν
1726 2530 1813 2563 Κύριον

1036 2575 1113 2610 ἡμῶν
1132 2574 1234 2610 Ἰησοῦν
1249 2574 1295 2601 τὸν
1309 2575 1434 2610 Χριστὸν,
1449 2575 1479 2602 οὐ
1497 2575 1561 2602 Θεὸν
1578 2576 1755 2611 σαρκωοέντα
1765 2576 1814 2608 ὀμεν

1036 2619 1177 2654 λογοῦντες
1195 2619 1284 2650 αὑτὸν,
1301 2619 1368 2646 ἀλλὰ
1392 2619 1534 2655 ἄνθρωπον
1557 2620 1617 2654 Θεῷ
1640 2619 1812 2653 συναφθέπα.

1035 2665 1128 2692 τούτου
1151 2665 1230 2699 χάριν
1252 2663 1394 2699 ὁμολογίαν
1409 2664 1559 2700 ποιούμεθα
1579 2665 1710 2700 περὶτῆς
1731 2670 1813 2698 προίει

233 2778 280 2813 (ειν)
296 2778 484 2815 ιῗοτιονιοεεινὶῑ
500 2779 633 2815 interpres
646 2789 652 2806 :
665 2780 722 2806 ἀλλ’
738 2777 778 2811 εἷς
792 2780 857 2810 Θεὸς
876 2780 890 2806 ὸ
907 2779 981 2815 Harl;

1085 2779 1193 2814 Κύριος,
1211 2783 1274 2810 etc,
1297 2783 1323 2805 et
1345 2778 1384 2806 sic
1401 2778 1510 2813 quidem
1534 2777 1733 2806 restituendum
1762 2780 1814 2801 esse

199 2817 301 2838 tntum
314 2814 460 2840 creditntts.
480 2815 558 2841 Eot't'.
581 2814 700 2841 Pnnon.

236 2848 273 2883 (5)
283 2849 457 2877 Sanctilicata
468 2850 493 2877 in
503 2850 604 2884 Spiritu
615 2854 707 2877 sancto
714 2849 777 2877 dicit
787 2857 846 2884 ιιυῖε
856 2854 919 2877 sunt
928 2850 1023 2877 idonea
1036 2849 1068 2877 ad
1077 2850 1256 2885 recipiendam
1265 2849 1518 2882 sanetilicationcm,
1530 2855 1558 2876 ut
1566 2844 1811 2876 ratiottaliaomniz.
