1844 3047
14 132 65 161 ιη

623 137 717 164 ΚΑΤΑ
734 138 848 165 ΜΕΡΟΣ
864 139 985 166 ΠΙΣΤΙΣ.

1544 141 1612 169 ms

14 189 115 225 ›ημὲνης
134 189 260 222 πίστεως,
283 190 457 223 ἐκϐάλλοντες
476 192 526 226 τὴν
541 191 654 219 ἄπιστον
676 193 772 220 ἀντιλο

851 194 980 222 icentium
996 195 1147 229 pertidiam.
1167 195 1238 223 Deus
1251 195 1323 223 enim
1338 196 1457 224 humana
1473 204 1555 225 carne
1567 199 1612 225 in-

14 236 74 261 νέαν·
95 233 159 266 Θεὸς
175 234 229 268 γὰρ
245 234 396 270 σαρκωθεὶς
410 235 567 272 ἀνθρωπίνῃ
588 236 680 272 σαρκὶ,
694 235 778 263 καθα-

14 281 48 307 ιέιν
67 280 122 315 ἔχει
134 280 183 315 τὴν
201 280 266 306 ἰδίαν
284 281 434 316 ἐνέργειαν,
453 281 514 313 νοῦς
530 283 662 318 ἀήττητος
675 282 712 309 ὢν
725 282 778 308 τῶν

14 326 114 361 μυχικῶν
120 326 164 352 καὶ
173 325 310 361 σαρκικῶν
318 326 388 361 παθη
393 327 493 361 μάτων·
502 328 549 354 καὶ
556 328 628 361 ἄγων
635 327 682 363 τὴν
690 328 778 363 σάρκα

14 373 44 400 :1‘.
57 371 102 403 τὰς
117 372 248 407 σαρκικὰς
261 372 381 406 κινήσεις
396 372 493 405 θεῖκῶς
513 382 544 400 τε
560 373 606 400 καὶ
621 374 779 409 ἀναμαρτή-

14 427 63 450 τως·
76 418 120 444 καὶ
137 418 166 444 οὐ
181 417 260 453 μόνον
275 418 428 453 ἁκράτητος
445 419 560 453 θανάτῳ,
572 419 638 446 ἀλλὰ
650 419 696 446 καὶ
707 419 777 446 λύων

14 465 104 491 ’ἄνατον
113 472 119 478 ·
138 464 184 490 καὶ
197 463 254 490 ἐστι
270 464 335 495 Θεὸς
349 464 475 499 ἀληθινὸς
489 466 503 492 ὁ
515 465 635 500 ἄσαρκος
651 466 680 492 ὲν
695 466 778 501 σαρκὶ

14 509 169 544 πανερωθεὶς,
180 509 282 542 τέλειος
297 512 329 545 τῇ
347 510 461 546 ἀληθινῇ
479 511 526 537 καὶ
543 510 603 546 θείᾳ
616 511 775 546 τελειότητι,

14 557 30 582 νὺ
43 555 85 582 δύο
101 555 244 590 πρόσωπα.
259 555 318 583 οὐδὲ
333 555 386 592 γὰρ
407 556 526 591 τέσσαρα
548 558 708 591 προσκυνεῖν
729 557 776 583 λέ-

14 610 88 636 τομεν,
110 601 176 628 Θεὸν
203 602 251 628 καὶ
280 601 342 628 Υἱὺν
371 601 450 634 Θεοῦ,
476 602 523 628 καὶ
551 603 703 638 ἄνθρωπον,
730 603 777 629 καὶ

14 648 105 683 ἶνεῦμα
124 648 211 682 ἅγιον.
228 647 273 673 Διὺ
294 647 341 673 καὶ
359 647 591 684 ἁναθεματίζομεν
604 649 668 680 τοὺς
691 648 777 680 οὕτως

14 693 162 724 ισεθοῦντας,
180 693 242 723 τοὺς
255 692 398 728 ἄνθρωπον
412 693 442 720 ὲν
456 694 489 728 τῇ
505 693 566 728 θείᾳ
580 693 717 728 δοξολογίᾳ
737 702 777 720 τι-

14 736 103 767 )ἑντας·
119 737 200 772 ἡμεῖς
221 736 276 772 γὰρ
292 737 380 772 φαμὲν
394 736 534 772 ἄνθρωπον
551 738 713 772 γεγενῆσθαι
731 739 777 765 τὸν

14 785 43 812 τοῦ
69 785 131 812 Θεοῦ
155 786 242 820 Λόγον
271 786 339 824 πρὸς
368 786 504 822 σωτηρίαν
527 786 605 822 ἡμῶν
618 807 626 819 ,
654 787 697 814 ἴνα
726 788 776 823 τὴν

14 831 117 866 ιμοίωσιν
132 832 179 858 τοῦ
200 832 363 868 ἐπουρανίου
388 832 524 868 λάὸωμεν,
540 833 586 860 καὶ
609 834 775 869 θεοποιηθῶ-

14 886 47 903 ιεν
60 878 123 913 πρὸς
136 876 283 914 ὁμοιότητα
297 878 344 905 τοῦ
368 879 440 906 κατὰ
463 879 543 913 φύσιν
566 879 692 915 ἀληθινοῦ
709 879 774 907 Υἱοῦ

14 922 42 948 τοῦ
60 923 133 955 Θεοῦ,
149 924 220 950 κατὰ
241 924 332 960 σάρκα
356 924 384 951 δὲ
410 924 474 951 Υίοῦ
498 916 652 961 ἀνθρώπου,
672 927 775 962 Κυρίου

14 968 70 1003 ip.th
87 969 172 1005 Ἰησοῦ
187 970 318 1006 Χριστοῦ.

33 1014 188 1051 Πιστεύομεν
202 1016 292 1043 τοίνυν
309 1018 349 1049 εἰς
363 1017 410 1044 ἕνα
420 1018 496 1050 Θεὸν,
508 1019 648 1046 τουτέστιν
659 1019 699 1050 εἰς
710 1019 775 1054 μίαν

14 1060 86 1096 ιρχὴν,
97 1061 142 1087 τὸν
157 1061 223 1088 Θεὸν
245 1062 291 1089 τοῦ
303 1063 394 1098 Νόμου
416 1064 462 1090 καὶ
478 1063 524 1090 τοῦ
542 1064 719 1098 Εὑαγγελίου,
736 1063 776 1090 δί-

14 1115 68 1133 ιαιον
79 1107 123 1133 καὶ
137 1107 254 1141 ἀγαθόν·
275 1108 321 1135 καὶ
337 1109 377 1140 είς
398 1109 448 1136 ἕνα
463 1109 564 1145 Κύριον
586 1109 688 1145 Ἰησοῦν
707 1111 774 1146 Χρι-

14 1152 65 1184 ττδν,
76 1152 138 1180 Θεδν
150 1153 287 1189 ἀληθινὸν,
300 1154 440 1182 τουτέστιν
453 1156 546 1182 εἰκόνα
558 1155 685 1192 ἀληθινοῦ
695 1156 773 1188 Θεοῦ,

14 1199 151 1233 ῐημιουργὺν
174 1203 284 1226 πάντων
308 1199 413 1236 ὁρατῶν
435 1208 465 1226 τε
489 1200 537 1227 καὶ
557 1200 693 1236 ἀοράτων,
710 1200 774 1228 Υἱὺν

14 1243 63 1270 ὶεοῦ
84 1244 128 1274 καὶ
152 1243 277 1280 γέννημα
302 1246 463 1280 μονογενὲς,
493 1247 542 1273 καὶ
568 1246 652 1273 ἀΐδιον
678 1246 773 1280 Λόγον,

14 1289 79 1319 ζῶντα
86 1290 128 1316 καὶ
135 1290 278 1325 ὑφεστῶτα
284 1291 331 1318 καὶ
338 1292 457 1327 ἐνεργὸν,
464 1292 508 1319 ἀεὶ
514 1292 626 1319 συνόντα
632 1292 670 1328 τῷ
676 1291 773 1328 Πατρῑ·

14 1335 44 1361 ul.
57 1336 92 1367 εἰς
102 1335 130 1362 ἓν
139 1336 216 1370 ᾶγιον
229 1337 356 1372 Πνεῦμα·
382 1338 429 1364 καὶ
445 1339 487 1370 είς
502 1338 653 1374 παρουσίαν
671 1337 775 1371 ἔνδοξον

14 1380 43 1406 ῑοῦ
50 1381 108 1408 Υίοῦ
123 1382 168 1408 τοῦ
177 1382 245 1409 Θεοῦ
265 1383 355 1418 σάρκα
372 1383 499 1416 λαϐόντος
509 1383 558 1419 τὴν
575 1385 606 1410 ἐκ
624 1383 773 1419 Παρθένου,

14 1426 43 1451 ποῦ
57 1427 108 1453 ἀνθ’
123 1427 200 1463 ἡμῶν
217 1428 413 1464 ὑπομείναντος
434 1429 508 1465 πάθη
524 1430 571 1457 καὶ
587 1429 711 1462 θάνατον,
729 1431 776 1457 καὶ

14 1471 109 1504 ,λθόντος
121 1474 159 1505 εἰς
173 1474 321 1501 ἀνάστασιν
334 1475 366 1510 τῇ
382 1475 462 1511 τρίτῃ
475 1476 575 1511 ἡμέρᾳ,
601 1476 648 1503 καὶ
673 1475 773 1510 ἀναλη-

14 1517 90 1549 ξθέντα
108 1520 146 1551 είς
164 1520 310 1556 οὐρανούς·
328 1521 375 1547 καὶ
390 1522 430 1553 εἰς
444 1522 493 1557 τὴν
508 1522 656 1557 μέλλουσαν
671 1522 774 1554 ἔνδοξον

15 1564 72 1590 Lino-3
91 1566 235 1600 παρουσίαν
249 1575 257 1582 '
282 1567 329 1593 καὶ
348 1567 389 1600 είς
412 1567 475 1602 μίαν
497 1568 578 1602 ἁγίαν
597 1569 770 1605 Ἐκκλησίαν,

15 1609 85 1643 ὶᾷεσιν
103 1612 255 1648 ἁμαρτιῶν,
269 1613 369 1648 σαρκὸς
388 1614 546 1647 ἀνάστασιν,
559 1615 631 1651 ζωὴν
652 1615 773 1652 αἰώνιον,

38 1655 226 1693 Ὀμολογοῦμεν
239 1659 383 1694 ὁμοούσιον
400 1658 471 1687 εἶναι
488 1660 526 1696 τῷ
539 1662 627 1698 Πατρὶ
640 1662 686 1689 τὸν
709 1662 772 1689 Υἰὸν

15 1702 43 1728 ui
59 1703 85 1729 τὸ
106 1704 232 1740 Πνεῦμα·
252 1706 298 1732 καὶ
321 1706 385 1741 μίαν
400 1707 449 1742 τὴν
469 1707 562 1735 οὐσίαν
575 1708 625 1744 τῆς
647 1708 770 1743 Τριάὸος,

15 1749 122 1777 ὀυτέστιν
139 1751 200 1786 μίαν
214 1751 331 1787 θεότητα
347 1753 478 1787 φυσικῶς,
487 1754 634 1790 ἀγεννήτου
648 1754 772 1790 μένοντος

15 1798 41 1824 οῦ
55 1799 162 1836 Πατρός,
177 1801 356 1836 γεννηθέντος
367 1803 395 1829 δὲ
405 1802 451 1829 τοῦ
464 1802 530 1829 Υἱοῦ
545 1804 577 1830 ἐκ
588 1803 693 1839 Πατρός
705 1804 771 1840 ἀλη-

15 1845 52 1879 “ινῇ
63 1847 219 1881 γεννήσειοὺ
235 1848 342 1883 ποιήσει
355 1849 387 1883 τῇ
400 1848 432 1875 ὲκ
450 1848 602 1884 βουλήσεως
611 1857 617 1864 ·
631 1849 678 1876 τοῦ
691 1850 772 1877 Ilsz-

15 1897 75 1922 ιατος
87 1892 116 1918 ὲκ
127 1893 176 1928 τῆς
190 1893 287 1925 οὐσίας
305 1893 352 1920 τοῦ
366 1895 472 1930 Πατρὺς
486 1894 519 1921 δι’
533 1895 599 1921 Υἱοῦ
616 1895 708 1927 ἀϊδίως
724 1896 771 1922 ὲκ-

15 1940 163 1974 τεμφθέντος,
176 1942 336 1977 ἁγιαστικοῦ
357 1944 407 1979 τῆς
429 1943 492 1979 ὅλης
514 1944 637 1976 κτίσεως.
662 1944 771 1980 Ὁμολο-

15 1989 87 2026 ὀῦμεν
97 1991 124 2018 δὲ
136 1993 182 2019 καὶ
195 1994 371 2029 σαρκωθέντα
378 1994 422 2022 τὸν
430 1994 514 2029 Λόγον
525 1996 572 2021 καὶ
584 1996 771 2031 φανερωθέντα

16 2045 24 2062 ν
36 2040 141 2074 σαρκικῇ
156 2041 262 2076 κινήσει
278 2041 311 2076 τῇ
325 2041 357 2066 ἐκ
370 2040 518 2076 Παρθένου,
532 2041 581 2067 οὐκ
594 2042 622 2068 ἐν
636 2041 770 2077 ἀνθρώπῳ

16 2085 175 2120 νεργήσαντα.
191 2087 263 2118 Τοὺς
282 2086 310 2113 δὲ
326 2087 520 2120 κοινωνοῦντας
535 2089 591 2119 τοῖς
612 2088 770 2115 ὲκὸάλλουσι

16 2131 164 2167 δόμωύσιον
182 2135 220 2168 ὡς
237 2136 377 2172 ἀλλότριον
399 2136 452 2164 τῶν
473 2137 599 2173 Γραφῶν,
621 2138 667 2164 καὶ
687 2138 714 2164 τὶ
738 2138 770 2164 ἐκ

16 2181 43 2216 ἧς
55 2183 161 2219 Τριάδος
178 2185 286 2212 κτιστὺν
299 2185 408 2219 λέγουσι
425 2187 472 2213 καὶ
485 2187 629 2223 χωρίζουσι
643 2187 693 2223 τῆς
706 2189 770 2223 μιᾶς

17 2234 100 2269 υσικῆς
117 2235 253 2272 θεότητος,
269 2237 427 2274 ἀλλοτρίους
446 2238 597 2274 ἡγούμεοα,
618 2239 665 2265 καὶ
683 2240 769 2266 οὐδενὶ

16 2278 44 2306 ὦν
60 2283 179 2310 τοιούτων
193 2284 375 2320 κοινωνοῦμεν
385 2293 391 2299 ·
405 2281 445 2316 εἷς
457 2285 522 2316 Θεὸς
534 2286 548 2311 ό
560 2286 665 2322 Πατὴρ,
681 2287 698 2322 ἡ
712 2286 770 2313 θεό-

17 2334 42 2360 ης
55 2327 70 2362 ἡ
88 2329 153 2363 μόνη
164 2338 170 2344 ·
185 2330 251 2362 Θεὸς
267 2330 294 2356 δὲ
307 2331 353 2365 καὶ
367 2331 381 2357 ὁ
397 2331 471 2364 Υἱὸς,
490 2330 570 2372 εῑκῲν
581 2332 630 2366 τῆς
643 2333 705 2372 μιᾶς
722 2332 769 2361 καὶ

16 2375 72 2410 -άνης
84 2378 205 2415 θεότητος
218 2379 256 2407 ὢν
270 2380 381 2419 ἀληθὴς,
398 2380 469 2407 κατὰ
483 2370 608 2416 γέννησιν
625 2381 672 2407 καὶ
689 2370 768 2416 φύσιν

16 2430 29 2453 ,ν
39 2423 65 2449 ἐκ
79 2424 122 2451 τοῦ
137 2426 243 2461 Πατρὺς
256 2425 311 2461 ἔχει
321 2434 328 2441 ·
343 2426 445 2463 Κύριος
459 2423 498 2458 εἷς
511 2427 525 2452 ὁ
539 2427 604 2458 Υἱός
614 2435 620 2442 ·
638 2427 768 2463 ὡσαύτως

16 2473 76 2500 ἐκαὶ
89 2476 116 2502 τὸ
135 2477 247 2512 Πνεῦμα
267 2477 316 2512 τὴν
332 2477 379 2504 τοῦ
397 2477 461 2503 Υἱοῦ
486 2477 636 2515 κυριότητα
654 2478 768 2514 διαπέμ-

18 2527 41 2545 ον
61 2522 95 2553 εὶς
118 2523 166 2557 τὴν
187 2522 369 2558 ἁγιαζομένην
396 2523 499 2550 κτίσιν·
525 2515 589 2555 Υἱός
612 2524 768 2560 ἐπεδήμησε

17 2564 88 2602 ίσμῳ,
107 2568 193 2604 σάρκα
216 2571 248 2597 ἐκ
270 2571 409 2606 Παρθένου
430 2570 530 2603 λαϐὼν,
552 2571 584 2606 ἣν
610 2570 767 2606 ἐπλήρωσεν

17 2614 65 2646 γίου
83 2617 235 2653 Πνεῦματος
260 2620 300 2651 si;
319 2619 365 2646 τὸν
382 2619 490 2646 πάντων
513 2618 592 2654 ἡμῶν
613 2619 766 2654 ἁγιασμόν·

17 2665 92 2701 ινάτῳ
111 2667 138 2694 δὲ
161 2669 298 2704 παραδοὺς
314 2669 364 2705 τὴν
387 2670 486 2705 σάρκα,
500 2669 545 2696 τὸν
561 2669 674 2696 θάνατον
691 2669 768 2696 ἔλυσε

17 2710 36 2735 ιά
47 2712 91 2747 τῆς
105 2714 275 2747 ἀναστάσεως
297 2717 337 2747 εἰς
352 2715 402 2752 τὴν
426 2717 534 2743 πάντων
555 2716 632 2752 ἡμῶν
653 2716 769 2743 ἀνάστα-

19 2764 50 2780 ιν·
69 2759 177 2795 ἀνῆλθεν
191 2761 219 2787 δὲ
239 2762 278 2793 εἰς
292 2762 406 2798 οὐρανὸν
426 2762 501 2797 ὑψῶν
518 2763 565 2789 καὶ
585 2762 703 2796 δοξάζων
721 2765 768 2791 ἁν-

18 2801 109 2836 Ρώτῦους
128 2807 156 2833 ὲν
170 2807 272 2842 ἑαυτῷ-
289 2807 397 2843 ἔρχεται
417 2808 445 2834 δὲ
461 2808 491 2836 τὸ
507 2809 631 2846 δεύτερον
645 2810 766 2837 ἀποκαθ-

17 2849 71 2878 ﬁt?"
82 2851 142 2887 ἡμῖν
155 2853 203 2889 τὴν
216 2853 321 2881 αἰώνιον
336 2854 414 2891 ζωήν.

830 245 957 267 carnatus
973 248 1069 275 puram
1085 241 1166 268 habet
1177 241 1314 275 propriam
1332 242 1529 276 operationem,
1543 251 1605 270 cum

830 285 866 312 sit
886 286 1159 320 meuspassionibus
1179 287 1277 313 anima:
1295 291 1322 314 et
1344 288 1435 315 carnis
1456 287 1567 321 invicta,
1582 294 1612 316 et

829 337 938 358 carnem
964 339 996 359 ac
1024 333 1114 359 carnis
1139 337 1231 359 motus
1254 333 1347 359 divine
1367 341 1399 360 ac
1423 333 1481 360 sine
1500 338 1613 368 peccato

829 377 984 404 moderans.
999 377 1050 410 Qui
1068 386 1122 405 non
1145 378 1233 405 solum
1251 386 1265 404 a
1287 383 1374 406 morte
1389 380 1474 406 teneri
1491 387 1545 406 non
1563 388 1613 414 po-

829 421 890 454 tuit,
909 423 955 449 sed
972 423 1054 449 etiam
1069 427 1183 450 mortem
1200 423 1316 456 delevit;
1331 428 1358 450 et
1375 429 1416 451 est
1430 423 1502 451 Deus
1521 432 1611 456 verus,

829 468 876 502 qui
892 468 982 495 carnis
995 476 1105 503 expers,
1120 469 1146 495 in
1160 477 1242 496 carne
1256 470 1390 504 apparuit,
1404 469 1538 504 perfectus
1549 478 1611 497 vera

828 519 855 540 et
881 514 971 541 divina
1000 515 1177 549 perfectione.
1203 515 1261 542 Non
1281 516 1341 542 duae
1367 523 1500 550 persona,
1524 524 1612 551 neque

827 558 890 586 dua:
911 565 1024 590 naturae.
1046 568 1095 587 nec
1118 561 1190 588 enim
1214 566 1332 596 quatuor
1348 562 1458 588 adorari
1481 563 1610 596 dicimus,

828 605 924 637 Deum,
951 611 978 633 et
1000 606 1100 634 Filium
1127 607 1185 640 Dei,
1212 612 1238 634 et
1263 607 1413 641 hominem,
1427 613 1454 635 et
1480 608 1610 643 Spiritum

828 656 963 679 sanctum».
985 651 1087 680 Idcirco
1099 660 1146 680 eos
1161 653 1437 687 anathematizamus,
1449 655 1495 688 qui
1509 655 1549 682 sic
1564 655 1612 682 im-

826 697 863 731 pii
881 703 954 729 sunt.
973 699 1020 733 qui
1043 699 1182 725 hominem
1210 698 1237 725 in
1266 699 1357 726 divina
1383 700 1538 727 laudatione
1563 708 1613 735 po-

826 747 905 771 nunt.
917 742 972 771 Nos
989 744 1061 770 enim
1084 744 1202 772 dicimus
1218 744 1337 771 Verbum
1357 744 1404 772 Dei
1423 745 1522 772 factum
1551 753 1612 773 esse

827 788 965 815 hominem
988 789 1021 815 ad
1044 794 1167 816 nostram
1197 790 1324 822 salutem,
1351 795 1382 817 ut
1405 790 1612 818 similitudinem

827 833 948 862 caelestis
972 834 1123 868 capiamus,
1138 839 1165 862 et
1181 835 1343 863 deiﬁcemur
1353 836 1388 862 ad
1404 836 1611 863 similitudinem

790 868 811 896 Β
826 880 880 908 veri
894 880 1044 908 secundum
1068 885 1194 908 naturam
1214 880 1275 908 Filii
1291 880 1350 912 Dei,
1377 881 1527 909 secundum
1547 889 1613 911 vero

826 933 935 954 carnem
956 925 1019 954 Filii
1043 926 1178 960 hominis,
1194 925 1302 954 Domini
1319 927 1405 954 nostri
1419 926 1489 954 Jestt.
1498 927 1610 954 Christi.

859 1016 1004 1049 Credimus
1018 1017 1102 1052 igitur
1117 1017 1144 1047 in
1159 1025 1243 1044 unum
1260 1017 1357 1050 Deum,
1371 1017 1396 1045 id
1415 1022 1466 1051 est,
1484 1017 1517 1047 in
1526 1026 1611 1046 unum

825 1062 1001 1098 principium,
1027 1062 1111 1089 Deum
1141 1061 1221 1098 Legis
1242 1068 1270 1090 et
1293 1062 1444 1098 Evangelii,
1465 1064 1568 1098 justum
1584 1068 1612 1091 et

825 1109 944 1141 bonum;
959 1113 986 1135 et
1016 1108 1044 1135 in
1069 1116 1153 1134 unum
1173 1107 1319 1135 Dominum
1346 1107 1439 1134 Jesum
1469 1108 1610 1136 Christum

825 1153 910 1181 Deum
929 1161 1038 1187 verum,
1056 1154 1083 1180 id
1108 1158 1159 1185 est,
1175 1153 1319 1188 imaginem
1339 1161 1430 1180 veram
1445 1154 1532 1182 solius
1550 1156 1610 1183 veri

826 1199 892 1232 Dei;
909 1203 1058 1226 creatorem
1079 1199 1201 1226 omnium
1217 1198 1364 1226 visibilium
1376 1202 1403 1225 et
1417 1199 1606 1232 invisibilium,

825 1245 925 1273 Filium
943 1245 1001 1278 Dei,
1018 1250 1045 1273 et
1058 1245 1142 1272 fetum
1159 1245 1339 1280 unigenitum,
1358 1249 1385 1271 et
1395 1249 1525 1272 aternum
1545 1245 1611 1279 Ver:

825 1293 890 1320 bum
906 1293 1012 1324 vivens,
1041 1296 1070 1319 et
1085 1299 1133 1326 per
1157 1299 1186 1319 se
1213 1292 1348 1318 cxsistens
1371 1296 1453 1326 atque
1482 1299 1610 1326 operans,

826 1347 935 1374 semper
955 1346 1017 1366 cum
1047 1337 1126 1365 Patre
1147 1345 1278 1370 manens;
1291 1343 1317 1365 et
1334 1338 1362 1365 in
1377 1346 1461 1365 unum
1484 1343 1615 1367 sanctum.

827 1385 975 1420 Spiritum;
991 1389 1019 1412 et
1033 1385 1059 1411 in
1074 1384 1218 1412 adventum
1245 1385 1395 1420 gloriosum
1411 1384 1471 1412 Filii
1488 1384 1547 1417 Dei,
1561 1385 1610 1420 qui

826 1439 937 1459 carnem
962 1430 1066 1465 accepit
1077 1437 1109 1457 ex
1126 1429 1249 1465 Virgine,
1263 1435 1291 1458 et
1307 1438 1356 1465 pro
1369 1431 1449 1458 nobis
1463 1431 1609 1466 passiones

825 1482 851 1505 et
864 1481 978 1504 mortem
991 1476 1133 1509 sustinuit,
1149 1480 1176 1503 et
1191 1476 1270 1505 tertia
1294 1476 1338 1503 die
1351 1477 1509 1508 resurrexit,
1525 1483 1551 1504 et
1563 1485 1614 1511 as:

827 1528 952 1558 sumptus
963 1529 1004 1550 est
1015 1523 1042 1549 in
1059 1523 1160 1556 caelos;
1171 1528 1197 1549 et
1211 1522 1368 1550 inlaturum
1390 1522 1534 1550 adventum
1551 1523 1610 1558 glo-

825 1570 945 1602 riosum;
959 1569 1020 1595 etin
1031 1576 1114 1596 unam
1123 1572 1243 1596 sanctam
1252 1567 1410 1602 Ecclesiam,
1421 1568 1615 1599 remissionem

825 1619 1010 1650 peccatorum,
1026 1614 1117 1641 carnis
1126 1614 1365 1646 resurrectionem,
1374 1614 1455 1641 vitam
1468 1619 1608 1642 aeternam.

859 1661 1027 1688 Conlitetnur
1048 1659 1310 1688 consubstantialem
1325 1667 1386 1687 esse
1402 1659 1475 1686 Patri
1491 1659 1602 1694 Filium,

825 1712 852 1735 et
869 1706 1001 1742 Spiritum
1019 1710 1154 1737 sanctum,
1172 1710 1200 1732 et
1217 1713 1298 1732 unam
1318 1705 1498 1737 substantiam
1514 1705 1607 1732 Trini-

824 1754 899 1786 tatis,
912 1753 937 1780 id
954 1757 1006 1787 est,
1023 1760 1104 1780 uuam
1120 1752 1291 1779 divinitatem
1307 1752 1478 1784 naturaliter,
1495 1760 1610 1779 manen-

825 1804 852 1827 te
866 1799 947 1826 Patre
960 1799 1091 1833 ingenito,
1107 1798 1198 1833 genito
1212 1803 1303 1825 autem
1323 1797 1392 1824 Filio
1406 1805 1439 1825 ex
1451 1797 1531 1825 Patre
1544 1806 1615 1829 vera,

825 1845 1009 1881 generatione,
1028 1851 1083 1871 non
1104 1844 1224 1870 factione
1240 1852 1273 1871 ex
1287 1844 1445 1876 voluntate;
1461 1848 1488 1870 et
1505 1843 1611 1878 Spiritu

824 1895 921 1925 sancto
945 1898 978 1918 ex
1006 1889 1157 1918 substantia
1185 1889 1274 1917 Patris
1303 1897 1350 1923 per
1377 1889 1477 1916 Filium
1507 1894 1612 1919 teterne

824 1939 936 1971 emisso,
953 1938 1069 1965 habente
1082 1938 1210 1964 virtutem
1224 1937 1410 1964 sanctiﬁcaudi
1429 1941 1512 1963 totam
1532 1944 1609 1964 crea-

825 1988 924 2012 turam.
939 1984 1107 2013 Conﬁtemur
1133 1983 1215 2011 etiam
1244 1983 1415 2010 incarnatutu
1437 1982 1566 2016 Verbum,
1582 1989 1611 2016 et

824 2029 1028 2056 manifestatum
1053 2029 1080 2055 in
1107 2028 1264 2062 operatione
1305 2028 1396 2055 carnis
1433 2035 1467 2055 ex
1499 2027 1609 2063 Virgine

823 2079 981 2109 assumptze,
999 2081 1053 2100 non
1070 2073 1097 2100 in
1120 2072 1230 2100 homine
1243 2076 1393 2106 operatum.
1410 2071 1464 2100 Eos
1480 2080 1544 2100 vero
1558 2073 1605 2107 qui

824 2121 1029 2148 communicant
1041 2128 1102 2151 cum
1119 2120 1163 2152 iis,
1182 2119 1228 2154 qui
1241 2119 1368 2153 rejiciunt
1381 2119 1533 2154 ἀμοούσιον,
1547 2124 1608 2146 tan-

823 2175 904 2202 quam
927 2167 1045 2193 alienum
1069 2174 1083 2193 a
1105 2165 1265 2199 Scripturis,
1281 2170 1308 2191 et
1327 2165 1373 2199 qui
1397 2165 1491 2192 dicunt
1504 2165 1606 2200 aliquid

825 2221 858 2240 ex
873 2212 1006 2240 Trinitate
1022 2216 1144 2243 creatum
1161 2218 1232 2243 esse,
1243 2214 1268 2237 et
1287 2210 1321 2237 ab
1335 2218 1389 2237 una
1404 2211 1520 2238 naturali
1535 2211 1607 2238 divi—

786 2269 807 2297 D
822 2259 907 2286 nitate
924 2262 1060 2293 separant,
1074 2258 1178 2284 alienos
1198 2255 1399 2289 existimamus,
1411 2261 1438 2284 et
1452 2265 1514 2284 cum
1530 2257 1607 2298 nullo

822 2313 856 2332 ex
873 2305 934 2332 istis
943 2304 1163 2332 communionem
1177 2303 1318 2330 habemus.
1335 2303 1412 2331 Unus
1425 2302 1495 2330 Deus
1516 2303 1606 2336 Pater,

823 2359 877 2378 una
898 2351 1038 2378 divinitas.
1062 2349 1132 2378 Deus
1154 2350 1236 2377 etiam
1251 2349 1336 2376 Filius
1350 2350 1438 2384 imago
1448 2357 1510 2376 vera
1525 2349 1607 2376 unius

821 2401 849 2424 et
861 2397 948 2424 solius
966 2396 1115 2423 divinitatis
1130 2396 1278 2423 secundum
1299 2396 1497 2430 generationem
1516 2400 1543 2422 et
1558 2403 1608 2422 na-

822 2445 909 2468 tttram
923 2450 1005 2476 quam
1028 2442 1108 2469 habet
1123 2450 1138 2469 a
1152 2441 1248 2475 Patre;
1267 2441 1399 2468 Dominus
1414 2449 1485 2468 unus
1502 2440 1605 2473 Filius;

822 2488 947 2515 similiter
976 2493 1066 2515 autem
1094 2493 1121 2515 et
1149 2488 1267 2522 Spiritus
1283 2492 1403 2519 sanctus,
1424 2487 1471 2522 qui
1486 2487 1607 2513 domina-

822 2535 922 2562 tionem
938 2534 999 2561 Filii
1012 2535 1038 2561 in
1053 2540 1205 2562 creaturam
1221 2534 1416 2561 sanetiiicatatn
1433 2533 1604 2560 transmittit.

823 2580 912 2608 Filius
930 2581 1005 2607 venit
1020 2581 1047 2607 in
1068 2581 1200 2607 mundum
1226 2585 1366 2614 assumpta
1391 2586 1473 2606 carne
1495 2587 1528 2605 ex
1546 2578 1606 2605 \‘ir—

821 2627 893 2661 gine,
905 2633 987 2660 quam
1000 2626 1119 2660 implevit
1136 2625 1238 2661 Spiritu
1253 2631 1347 2652 sancto
1361 2625 1393 2652 ad
1408 2629 1529 2652 nostram
1543 2632 1605 2651 om-

822 2673 898 2699 nium
918 2672 1177 2700 sanctilicationem.
1197 2672 1266 2700 Cum
1286 2677 1376 2700 autem
1394 2679 1502 2700 carnem
1524 2671 1604 2698 morti

818 2719 982 2751 tradidisset,
991 2722 1106 2745 mortem
1115 2719 1212 2746 delevit
1219 2719 1384 2754 resurgendo
1392 2723 1501 2753 propter
1511 2726 1604 2745 resur-

817 2764 964 2792 rectionem
975 2767 1094 2790 nostram
1107 2772 1115 2796 ;
1126 2763 1247 2791 ascendit
1255 2770 1345 2791 autem
1356 2764 1390 2791 ad
1401 2764 1512 2795 caelum,
1527 2763 1603 2791 exal-

822 2816 884 2838 tans
898 2815 925 2837 et
941 2810 1097 2846 glorificaus
1109 2809 1233 2836 homines
1249 2809 1276 2836 in
1290 2811 1395 2845 seipse;
1410 2811 1498 2838 veniet
1512 2815 1602 2838 autem

824 2858 919 2886 itcrum
932 2858 964 2886 ad
977 2855 1182 2885 instaurandum
1198 2855 1276 2884 nobis
1287 2856 1368 2883 vitam
1385 2861 1525 2885 aeternam.
