1844 3047
16 87 68 116 liii

626 88 720 115 ΚΑΤΑ
731 89 848 116 ΜΕΡΟΣ
871 90 990 118 ΠΙΣΤΙΣ.

1541 89 1621 120 ’1122

16 151 55 178 τοῦ
68 150 137 177 Θεοῦ
150 149 242 184 ἡμῶν.
260 149 315 177 Καὶ
331 150 411 177 πάλιν
423 159 429 165 ·
442 151 477 178 Ἠ
492 152 546 178 οὑκ
564 151 663 178 οἴδατε
686 151 730 177 ὅτι
746 149 774 177 τὲ

865 151 878 177 1
895 150 1038 185 justi/itali
1062 150 1124 177 estis
1141 150 1169 177 in
1189 151 1293 178 nomine
1318 151 1424 178 Domini
1450 153 1534 180 nostri
1555 152 1620 180 Jesu

16 197 116 231 nbpara
133 196 215 231 ὑμῶν
224 196 297 229 ναὸς
308 197 360 223 τοῦ
375 197 409 223 ἐν
424 197 495 231 ὑμῖν
509 198 594 232 ἀγιόυ
609 199 781 232 Πνεύματός

16 244 91 274 ἷστιν,
103 240 136 270 οὖ
149 242 233 277 ἔχετε
244 242 301 270 ἀπὸ
313 243 402 275 Θεοῦ;
412 243 491 270 Δοκῶ
504 244 558 279 γὰρ
571 244 650 278 κάγὼ
659 245 781 280 Πνεῦμα

16 289 73 315 iam}
86 288 174 323 ἔχειν.

36 379 86 406 Καὶ
99 379 178 406 πάλιν
195 380 242 407 καὶ
267 381 331 416 περὶ
347 380 401 407 τῶν
417 382 483 408 υἱῶν
509 382 615 418 Ἰσραὴλ
635 383 777 416 διαλαλῶν,

16 426 37 457 ὸς
51 426 246 460 βαπτισθέντων
263 427 292 453 ἐν
310 427 342 462 τῇ
359 427 458 464 νεφέλῃ
473 429 519 454 καὶ
542 430 571 455 ἐν
591 430 623 464 τῇ
646 429 777 466 θαλάσσῃ,

16 471 90 507 ›ησὶν,
113 472 169 498 ὅτι·
188 471 302 505 Πάντες
328 473 359 499 τὸ
384 473 456 499 αὐτὸ
471 475 671 508 πνευματικὸν
694 476 779 502 ἔπιον

16 517 89 550 ιίμιν
110 517 216 543 ἔπινον
229 516 283 551 γὰρ
293 516 326 543 ἐκ
335 517 538 551 πνευματικῆς
552 518 778 552 ἀκολουθούσης

16 562 102 595 rel-pag
112 570 118 577 ·
134 562 152 595 η
164 561 198 588 δὲ
206 561 298 596 πέτρα
312 560 351 597 ἦν
361 564 377 589 ὁ
385 563 520 596 Χριστός.
532 564 586 590 Καὶ
601 564 681 590 πάλιν
692 563 774 598 λέγει·

16 606 45 633 ut)
66 605 188 640 γνωρίζω
204 607 276 642 ὑμῖν
298 607 343 634 ὅτι
365 607 465 641 οὐδεὶς
487 608 522 634 ἐν
534 610 681 642 Πνεύματι
704 609 777 637 Δ9εοῦ

16 652 94 679 laxi?»-
104 652 182 687 λέγει
195 653 326 688 ἀνάθεμα
343 654 472 687 Ἰησοῦν·
485 654 534 680 καὶ
546 655 644 688 οὐδεὶς
655 656 778 683 δύναται

18 698 86 725 Ιπεῖν
94 699 202 733 Κύριον
223 700 349 733 Ἰησοῦν,
364 702 390 727 εὶ
406 700 449 734 μὴ
470 700 505 727 ἐν
523 702 673 736 Πνεύματι
693 703 774 738 drqu

16 744 149 778 ἰιιιρέσεις
173 744 207 771 δὲ
232 745 423 780 χαρισμάτων
450 746 547 778 εἰσὶν,
579 747 612 774 τὸ
637 747 671 774 δὲ
703 748 776 775 αὐτὸ

16 790 124 824 1νεῦμα’
141 790 190 816 καὶ
215 789 373 824 διαιρέσεις
393 790 550 818 διακονιῶν
572 793 669 825 εἰσιν,
689 793 739 820 καὶ
760 794 777 820 ὁ

16 835 81 868 εὺτὸς
95 836 200 869 Κύριος
210 844 218 851 ⁸
234 836 282 863 καὶ
300 836 459 871 διαιρέσεις
469 837 674 873 ἐνείηαημάτων
685 840 775 872 εἰσὶν,
792 832 813 858 Β

16 882 43 907 ut
56 882 69 908 ό
80 882 168 914 αὑτός
177 882 243 909 ἐστι
257 882 327 915 Θεὸς
339 884 354 910 ὁ
365 883 494 918 ἐνεργῶν
507 884 543 911 τὰ
562 884 659 911 πάντα
672 885 706 912 ἑν
720 885 776 913 πᾶ-

16 935 58 954 ἰν·
74 927 187 960 ἑκάστῳ
202 927 236 954 δὲ
252 928 364 955 δίδοται
383 930 403 963 ὴ
425 930 593 964 φανέρωσις
613 931 666 957 τοῦ
684 932 778 958 Πνεύ-

16 981 82 1006 uiro;-
105 972 178 1007 πρὸς
200 972 235 1000 τὸ
262 973 432 1008 συμφέρον·
450 971 474 1008 ᾧ
500 974 558 1009 μὲν
577 975 631 1010 γὰρ
655 976 703 1002 διὰ
722 976 776 1004 τοῦ

16 1020 159 1054 Ινεύματος
171 1020 286 1047 δίδοται
296 1021 387 1055 λόγος
400 1021 536 1055 γνώσεως
557 1023 631 1049 κατὰ
651 1023 683 1050 τὸ
704 1024 775 1051 αὐτό

16 1066 123 1100 ἶνεῦμα,
144 1065 235 1101 ἑτέρῳ
254 1066 288 1093 δέ
301 1068 403 1100 πίστις
420 1068 455 1094 ἐν
473 1068 602 1102 τῷαύτῷ
616 1071 775 1104 Πνεύματι,

16 1112 73 1144 ὶιλφ
87 1112 119 1139 δὲ
132 1112 316 1148 ἐνεργήματα
331 1113 496 1148 δυνάμεων,
511 1114 594 1148 ἄλλῳ
612 1116 646 1142 δὲ
664 1126 777 1152 ,προφη-

17 1158 72 1190 εία,
89 1159 170 1193 ἄλλῳ
191 1159 225 1186 δὲ
250 1159 396 1194 διάκρισις
411 1161 598 1196 πνευμάτων,
627 1163 718 1196 ἑτέρῳ
742 1164 777 1191 δὲ

16 1203 63 1237 νένη
77 1205 221 1239 γλωσσῶν
230 1214 237 1220 ·
255 1205 353 1233 πάντα
365 1206 399 1233 δὲ
410 1207 501 1234 ταῦτα
510 1208 625 1243 ἐνεργεῖ
635 1209 667 1235 τὸ
675 1200 718 1236 ’ἓν
727 1210 775 1237 καὶ

18 1248 31 1274 ὺ
43 1250 108 1276 αὐτὸ
119 1251 239 1286 Πνεῦμα
250 1251 385 1286 διαιροῦν
397 1252 457 1279 ἴδια
470 1252 588 1285 ἑκάστῳ
598 1254 694 1287 καθὼς
705 1255 777 1287 ,βού-

16 1297 86 1322 lcrat-
109 1297 157 1324 καὶ
179 1297 312 1332 καθάπερ
327 1298 360 1325 τὸ
381 1298 467 1333 σῶμα
481 1299 516 1326 ἓν
528 1300 614 1327 ἐστιν
628 1301 678 1328 καὶ
697 1301 775 1336 μέλη

16 1342 89 1369 ιολλιί
95 1343 162 1378 ἔχει,
176 1343 276 1370 πάντα
288 1343 321 1370 δὲ
334 1344 369 1371 τὰ
377 1345 454 1379 μέλη
464 1345 517 1372 τοῦ
529 1345 665 1380 σώματος
676 1348 776 1375 πολλὰ

16 1387 65 1414 im:
72 1388 103 1415 ἓν
114 1388 178 1416 ἐστι
191 1389 288 1424 σῶμα,
300 1389 393 1423 οὕτως
403 1390 454 1416 και
467 1391 484 1417 ό
497 1391 623 1425 Χριστός
632 1400 640 1407 ο
657 1392 707 1419 καὶ
719 1392 776 1427 γὰρ

16 1442 32 1460 ν
42 1433 231 1470 ὲνὶΠνεύματι
243 1435 354 1470 πάντες
363 1436 448 1471 ἡμεῖς
460 1438 504 1470 εὶς
515 1436 549 1464 ἓν
560 1437 646 1472 σῶμα
658 1438 776 1466 ἐϐαπτί-

125 1482 179 1531 Kal.
195 1482 278 1509 πάλιν
293 1482 383 1516 λέγει·
401 1485 431 1511 Εἰ
453 1484 502 1519 μὲν
522 1484 576 1521 γὰρ
595 1485 609 1512 ὁ
628 1486 775 1521 ἐρχόμενος
789 1503 809 1531 C

16 1524 70 1553 mw
88 1527 185 1563 Ἰησοῦν
195 1529 329 1564 κηρύσσει
342 1529 370 1556 ὃν
381 1530 431 1557 οὐκ
443 1531 626 1567 ἐκηρύξαμεν,
639 1531 654 1567 ἢ
667 1532 775 1567 πνεῦμα

17 1580 82 1607 τερον
95 1573 244 1608 λαμϐάνετε
261 1575 275 1602 ὃ
284 1576 335 1602 οὐκ
346 1576 466 1608 ἐλάϐετε,
482 1577 499 1613 ἢ
511 1577 667 1612 εὐαγγέλιον
683 1579 776 1614 ἕτερον

16 1629 18 1639 ι
30 1619 71 1645 οὐκ
86 1620 216 1653 ἐδέξασθε,
233 1621 325 1654 καλῶς
339 1622 370 1649 ἂν
381 1622 495 1658 allectis.

38 1662 109 1700 Ὁρᾷς
124 1667 162 1693 ὅτι
179 1667 331 1703 ἀχώριστόν
343 1669 402 1694 ἐστι
412 1668 443 1694 τὸ
452 1668 563 1704 Πνεῦμα.
576 1669 625 1704 τῆς
633 1669 774 1704 Θεότητος,

16 1709 44 1735 εαὶ
57 1711 101 1737 οὐκ
114 1711 145 1738 ἄν
157 1721 199 1744 τις
209 1713 329 1745 εὐσεϐῶς
345 1713 451 1748 φρονῶν
461 1714 563 1749 κτίσμα
585 1714 651 1741 αὐτὸ
674 1714 774 1741 ὑπολά-

16 1753 48 1782 ῖοι.
68 1757 106 1783 Ἐν
118 1758 145 1784 δὲ
156 1760 189 1794 τῇ
205 1759 274 1795 πρὸς
295 1759 435 1796 Ἑϐραίους
456 1760 596 1797 Ἐπιστολῇ
610 1761 690 1788 πάλιν
708 1761 776 1798 γρά-

16 1809 42 1827 lit
62 1803 156 1836 οὕτως’
181 1805 250 1838 Πῶς
263 1806 349 1840 ἡμεῖς
374 1807 577 1842 ἐκφευξόμεθα
592 1809 776 1842 τηλικαύτης

16 1847 191 1884 ipsinam-rec
203 1853 367 1886 σωτηρίας;
384 1853 448 1886 ἣτις
464 1853 564 1888 ἀρχὴν
578 1854 715 1881 λαϐοῦσα
725 1856 776 1881 λα-

16 1892 169 1922 ῑεῖσθαιὺπὺ
178 1897 231 1924 τοῦ
246 1898 356 1932 Kvpt’ov
375 1899 424 1925 διὰ
441 1899 500 1925 τῶν
517 1899 714 1926 ἀκουσάντων
732 1901 775 1933 εὶς

16 1938 69 1973 Huic
87 1942 240 1978 ἐϐεϐαιώθη
251 1964 258 1976 ,
274 1945 603 1979 συνεπιμαρτιῃοοῦντος
625 1945 678 1972 τοῦ
701 1945 775 1972 Θεοῦ

16 1987 120 2020 ηυιείοις
136 1989 184 2015 καὶ
204 1990 308 2024 τέρασι
325 1990 374 2017 καὶ
394 1991 544 2024 ποικίλαις
559 1991 706 2026 δυνάμεσι
726 1991 775 2018 καὶ

16 2031 156 2067 Ῑνεύματος
168 2035 256 2069 ἁγίου
262 2036 427 2070 μερισμοῖς.
443 2037 499 2062 Καὶ
515 2037 596 2063 πάλιν
612 2038 641 2063 ἐν
658 2038 690 2072 τῇ
705 2037 785 2072 αὐτῇ·

16 2076 132 2116 Ἐπιστολῇ
149 2090 231 2116 φησιν
244 2090 250 2096 -
267 2082 313 2108 Διὸ
328 2082 424 2115 καθὼς
446 2082 526 2117 ιῖέγει
541 2082 574 2110 τὸ
597 2083 718 2117 Πνεῦμα
740 2083 773 2109 τὸ

16 2121 73 2156 ῐΐιιιν
82 2132 89 2139 '
103 2124 235 2160 Σήμερον
247 2126 301 2153 ἐὰν
313 2126 368 2161 τῆς
379 2127 482 2161 φωνῆς
500 2128 592 2155 αὑτοῦ
612 2129 771 2163 ἀκούσητε,

835 196 946 228 Christi,
968 202 993 223 et
1013 198 1041 223 in
1063 196 1166 231 Spiritu
1182 197 1230 223 Dei
1248 198 1331 224 nostri
1340 198 1372 224 ”.
1397 197 1430 224 Ει
1444 205 1561 225 rursus:
1579 199 1620 225 An

834 244 938 270 nescitis
953 243 1076 278 quoniam
1091 251 1200 277 corpora
1217 248 1302 269 vestra
1317 243 1441 277 templum
1456 248 1516 270 sunt
1532 243 1620 275 Spiri-

834 294 876 315 tus
892 289 987 322 sancti,
1003 289 1048 323 qui
1069 289 1097 314 in
1116 288 1187 314 vobis
1209 293 1258 320 est,
1279 296 1353 322 quem
1368 288 1469 315 habetis
1480 297 1496 315 α
1510 288 1563 316 Deo
1576 289 1598 304 ‘°
1608 289 1622 315 .'

833 332 867 360 Et
883 334 946 360 illud
964 343 970 360 :
990 333 1086 360 Videor
1100 334 1168 360 enim
1179 338 1204 360 et
1216 341 1261 368 ego
1275 333 1403 368 Spiritum
1421 333 1468 360 Dei
1484 334 1618 361 habere“.

869 379 903 406 Et
918 380 1014 406 iterum
1034 380 1147 414 loquens
1159 379 1192 406 de
1209 379 1271 406 filiis
1287 379 1368 406 Israel
1381 385 1509 414 tanquam
1529 380 1619 414 bapti-

832 427 901 453 zatis
920 426 947 453 in
970 427 1042 453 nube
1059 430 1085 453 et
1106 427 1133 453 in
1150 426 1229 458 mari,
1245 426 1282 452 ait
1302 435 1308 452 :
1330 425 1364 451 Et
1386 433 1474 452 omnes
1500 426 1618 452 eumdem

831 477 923 507 potum
935 471 1082 504 spiritalem
1097 472 1216 499 uilia-unt
1230 479 1240 498 :
1255 471 1375 498 bibebant
1390 473 1461 498 enim
1484 472 1515 498 de
1538 472 1619 506 spiri-

832 518 890 550 tali,
905 522 1074 552 consequente
1088 525 1131 544 eos
1154 521 1247 551 petra;
1262 522 1335 551 petra
1354 522 1441 543 autem
1462 521 1518 543 erat
1543 517 1620 544 Chri-

833 568 889 590 stus
901 563 934 590 ".
964 562 997 590 Et
1020 563 1117 590 iterum
1145 563 1207 590 ait:
1225 562 1334 597 Propter
1356 562 1404 589 hoc
1430 569 1519 589 notum
1546 562 1618 589 vobis

832 609 914 643 facio,
929 609 998 643 quod
1017 614 1090 635 nemo
1109 609 1136 634 in
1155 607 1258 642 Spiritu
1276 608 1323 634 Dei
1343 607 1460 642 loquens,
1475 607 1539 633 dicit
1551 615 1618 634 ana-

831 655 918 681 thema
930 654 995 681 Jesu
1012 661 1020 680 :
1036 659 1060 680 et
1075 662 1149 680 nemo
1163 658 1246 688 potest
1261 653 1346 680 dicere
1359 653 1501 679 Dominum
1512 652 1616 685 Iesum,

830 701 882 727 nisi
903 701 930 727 in
953 699 1056 734 Spiritu
1078 704 1178 726 sancto.
1204 699 1353 726 Divisiones
1376 699 1523 733 gratiarum
1544 703 1616 733 sunt,

830 755 899 773 unus
913 751 1001 772 autem
1014 745 1146 780 Spiritus;
1159 750 1183 772 et
1199 746 1339 772 divisiones
1353 745 1617 772 administrationum

830 797 902 825 sunt,
926 801 993 819 unus
1014 797 1102 818 autem
1117 791 1266 824 Dominus;
1283 791 1422 818 divisiones
1435 792 1617 826 operationum

827 843 898 871 sunt,
916 843 940 864 et
953 838 1023 864 idem
1038 842 1076 864 est
1094 838 1174 869 Deus,
1192 838 1237 872 qui
1251 842 1375 872 operatur
1390 838 1478 863 omnia
1491 837 1518 863 in
1531 837 1617 863 omni-

828 885 886 910 bus.
904 883 1049 919 Unicuique
1062 887 1150 909 autem
1161 883 1242 910 datur
1253 885 1434 919 manifest/ilio
1446 885 1564 919 Spiritus
1581 885 1616 911 ad

827 931 980 958 utilitatem.
993 931 1049 958 Alii
1059 932 1163 967 quidem
1176 939 1222 966 per
1236 930 1367 965 Spiritum
1378 931 1459 957 datur
1472 939 1557 958 sermo
1571 939 1617 957 sa-

826 977 949 1011 pientice;
966 976 1014 1003 alii
1027 981 1116 1003 autent
1134 984 1217 1003 sermo
1234 976 1364 1007 scientiae.
1383 975 1528 1002 secundum
1542 983 1616 1002 eunt-

826 1023 884 1049 dem
896 1021 1042 1057 Spiritum;
1055 1023 1102 1049 alii
1119 1019 1183 1057 ﬁdes
1199 1023 1226 1049 in
1243 1021 1332 1049 eodem
1353 1021 1475 1056 Spiritu;
1493 1023 1540 1049 alii
1557 1030 1616 1050 vero

827 1068 994 1103 operatione;
1014 1068 1158 1099 t-irtutum,‘
1176 1068 1224 1094 alii
1244 1068 1399 1102 prophetia;
1422 1068 1469 1095 alii
1491 1069 1615 1105 dig-retia
1653 1094 1655 1096 .

826 1114 985 1147 spirituum;
998 1113 1045 1139 alii
1061 1121 1156 1147 genera
1171 1114 1340 1148 linguarum;
1353 1115 1402 1140 alii
1415 1123 1473 1141 vero
1489 1115 1616 1150 inter-prce

826 1160 891 1186 talio
907 1167 1065 1186 sermonum.
1083 1159 1180 1186 Omnia
1195 1165 1282 1186 autem
1296 1160 1351 1187 htcc
1370 1165 1493 1194 operatur
1510 1169 1578 1187 unus
1589 1165 1614 1187 et

826 1204 894 1230 idem
915 1203 1044 1238 Spiritus,
1061 1204 1181 1230 dividens
1198 1204 1309 1239 singulis
1323 1210 1400 1239 prout
1418 1205 1483 1232 vult.
1498 1204 1533 1231 Et
1544 1206 1613 1232 sicut

828 1257 908 1276 unum
920 1258 1014 1284 corpus
1025 1254 1075 1282 est,
1090 1249 1175 1276 multa
1190 1255 1277 1276 autent
1291 1250 1367 1277 habet
1379 1249 1511 1281 membra;
1524 1250 1614 1276 omnia

825 1303 885 1322 vero
907 1296 1022 1322 membra
1038 1297 1166 1331 corporis,
1179 1304 1238 1322 cum
1257 1296 1310 1322 sint
1325 1296 1418 1329 multa,
1431 1304 1513 1322 unum
1527 1301 1613 1323 tamen

825 1349 929 1382 corpus.
942 1348 1021 1375 sunt;
1042 1343 1082 1369 ita
1101 1348 1126 1369 et
1147 1342 1279 1369 Christus.
1308 1342 1404 1369 Omnes
1428 1343 1497 1368 enim
1518 1350 1564 1368 nos
1585 1342 1613 1368 in

825 1395 906 1414 unum
918 1396 1010 1423 corpus
1023 1388 1149 1422 baptizati
1162 1396 1252 1415 sumus
1262 1388 1294 1414 ³⁵.
1313 1387 1345 1415 Ει
1359 1396 1456 1415 rursus
1471 1388 1508 1415 ait
1525 1397 1530 1414 :
1544 1387 1612 1414 Nam

826 1435 882 1462 siis
893 1436 940 1470 qui
955 1434 1089 1471 vcnit(6),
1111 1436 1194 1463 alium
1214 1435 1353 1462 Christum
1372 1435 1510 1470 prtedieat,
1531 1442 1613 1469 quem

826 1487 881 1507 non
902 1481 1124 1515 praedicavimus;
1149 1485 1197 1508 aut
1220 1481 1304 1509 alium
1329 1481 1454 1515 spiritum
1477 1480 1611 1515 accipitis,

827 1533 907 1560 quem
925 1533 978 1552 non
1000 1526 1158 1561 accepistis;
1178 1531 1227 1553 aut
1243 1527 1315 1553 aliud
1329 1525 1515 1561 Evangelium,
1538 1526 1612 1560 quod

827 1582 880 1600 non
895 1575 1050 1609 recepistis;
1071 1579 1144 1602 recte
1166 1574 1337 1609 pateremini.

861 1663 942 1692 Vides
968 1665 1041 1698 quod
1069 1664 1259 1698 inseparabilis
1285 1664 1321 1691 sit
1344 1663 1461 1699 Spiritus
1478 1671 1493 1691 a
1509 1663 1612 1691 Divini-

825 1711 900 1738 tate?
912 1717 939 1738 et
952 1719 1090 1746 nunquam
1104 1711 1175 1738 ullus
1191 1711 1235 1745 pie
1246 1711 1375 1742 sentiens,
1389 1715 1540 1738 creaturam
1552 1718 1613 1737 esse

826 1757 1019 1791 suspicabitur.
1037 1757 1066 1783 1n
1082 1756 1201 1792 Epistula
1216 1761 1307 1784 autem
1321 1757 1353 1783 ad
1369 1756 1496 1786 llebrzeos
1507 1757 1546 1783 sic
1556 1757 1610 1783 ait:

827 1802 962 1835 Quomodo
976 1810 1022 1829 nos
1038 1803 1201 1837 eﬁ'ugiemus,
1217 1804 1240 1829 si
1255 1807 1356 1829 tantam
1368 1802 1555 1837 neglexerimns
1568 1810 1612 1829 sa-

826 1848 926 1876 lutem?
953 1856 1010 1883 quae
1033 1857 1092 1874 cum
1118 1849 1224 1875 initium
1252 1849 1392 1883 accepisset
1416 1848 1538 1875 enarrari
1565 1856 1612 1883 per

825 1894 978 1927 Dominum,
995 1894 1027 1921 ab
1043 1895 1076 1921 iis
1091 1895 1135 1929 qui
1154 1895 1320 1927 audiverunt,
1344 1896 1370 1921 in
1393 1903 1439 1921 nos
1455 1895 1612 1929 con/innata

825 1945 873 1972 est,
887 1945 1049 1967 contestante
1064 1940 1118 1967 Deo
1133 1941 1215 1975 signis
1230 1946 1254 1968 et
1273 1941 1410 1976 portentis.
1426 1947 1450 1968 et
1464 1942 1543 1968 variis
1558 1942 1612 1968 tir-

825 1986 934 2019 tutibus,
957 1991 981 2013 et
1001 1985 1116 2020 Spiritus
1128 1987 1214 2012 sancti
1225 1986 1456 2013 distributionibus
1468 1986 1611 2013 secundum

824 2041 900 2059 suam
912 2032 1074 2058 voluntatem
1084 2032 1116 2058 ³⁸.
1144 2031 1178 2058 Et
1204 2040 1300 2059 rursus
1326 2032 1352 2058 in
1376 2033 1470 2059 eadem
1490 2032 1611 2066 Epistola

824 2077 890 2105 dicit
903 2086 909 2103 :
926 2076 1103 2111 Quapropter,
1117 2077 1185 2103 sicut
1198 2078 1236 2104 ait
1252 2076 1369 2112 Spiritus
1382 2082 1489 2104 satietas
1504 2086 1510 2104 :
1525 2077 1611 2104 Hodie

823 2124 845 2150 si
859 2131 946 2150 vocent
959 2123 1014 2157 ejus
1026 2123 1175 2156 audieritis,
1186 2123 1265 2150 nolite
1277 2123 1407 2150 obdurare
1422 2123 1501 2150 corda
1513 2129 1609 2156 vestra,

16 2167 35 2202 ιὴ
53 2172 235 2207 σκληρύνητε
246 2173 299 2207 τὰς
309 2173 432 2208 καρδίας
442 2174 525 2208 ἡμῶν
539 2194 546 2206 ,
561 2175 600 2207 ὼς
613 2175 649 2201 ἐν
662 2174 702 2207 τῷ
717 2183 773 2201 πα-

866 2174 894 2196 ut
909 2170 937 2196 in
950 2168 1149 2196 exacerbatione
1167 2169 1308 2196 secundant
1324 2169 1393 2196 diem
1414 2169 1565 2196 tentationis
1582 2170 1610 2196 in

16 2217 186 2252 πικρασμῷ,
202 2219 278 2245 κατὰ
296 2218 353 2253 τὴν
368 2219 484 2254 ἡμέραν
497 2220 550 2247 τοῦ
562 2220 728 2255 πειρασμοῦ
737 2221 772 2247 ἐν

19 2258 33 2294 ᾖ
46 2261 144 2297 ἐρήμῳ,
156 2262 191 2292 οὗ
205 2264 370 2299 ἐπείρασαν
377 2273 416 2299 με
427 2267 455 2292 οἱ
465 2265 590 2299 πατέρες
601 2265 695 2300 ὑμῶν,
705 2265 771 2292 ἐδο-

16 2305 117 2339 ἰμασάν
131 2317 168 2343 με
180 2310 231 2336 καὶ
243 2307 324 2337 εἶδον
333 2311 370 2337 τὰ
388 2311 460 2345 ἔργα
472 2320 531 2345 μου
547 2311 772 2346 τεσσαράκοντα

16 2357 59 2383 τη·
73 2351 115 2379 διὸ
127 2354 331 2390 προσώχθησα
344 2354 382 2390 τῇ
398 2354 485 2390 γενεᾷ
499 2356 601 2390 ταύτῃ,
610 2357 658 2383 καὶ
673 2357 770 2384 eicior"

16 2396 53 2422 Ast
67 2400 234 2427 πλανῶνται
242 2401 278 2436 τῇ
291 2402 395 2435 καρδίῃ
405 2402 513 2434 αὐτῶν,
525 2402 599 2429 διότι
610 2404 665 2429 οὐκ
679 2403 771 2437 ἐγνω-

16 2449 52 2468 ἀν
64 2446 112 2478 τὰς
125 2447 213 2480 όδούς
223 2457 294 2482 μου,
308 2448 347 2482 ὡς
362 2448 465 2482 ὤμοσα
476 2449 510 2475 ὲν
528 2447 565 2481 τῇ
580 2448 653 2483 ὀργῇ
674 2449 773 2483 μου,εὶ

17 2489 207 2520 ὶσελεύσονται
222 2495 266 2527 εὶς
277 2493 334 2528 τὴν
346 2494 536 2521 κατάπαυσίν
540 2503 609 2528 μου.
624 2495 771 2522 Κάνταῦθα.

16 2538 156 2566 ικουέτωσαν
170 2541 277 2567 Παύλου
292 2541 424 2576 μηδαμῶς
437 2540 598 2576 χωρίζοντας
612 2541 642 2567 τὸ
659 2542 770 2577 Πνεῦμα

16 2579 27 2606 δ
41 2582 107 2617 ἅγιον
120 2587 168 2621 τῆς
181 2586 306 2622 θεότητος
321 2587 366 2613 τοῦ
376 2587 481 2621 Πατρὺς
496 2587 541 2613 καὶ
553 2586 600 2613 τοῦ
616 2586 692 2618 Υἱοῦ,
704 2587 770 2614 ἀλλὰ

16 2628 81 2661 εφῶς
87 2631 224 2666 δηλοῦντος
230 2633 279 2668 τὴν
289 2632 335 2658 τοῦ
343 2633 420 2667 ἁγίου
429 2632 498 2659 Ilva-.5
502 2641 586 2668 ματος
593 2631 730 2659 διαλαλιᾰν
740 2634 772 2659 ἐκ

34 2699 70 2725 ²⁹Ι
84 2701 142 2730 Cor.
155 2711 192 2736 vr,
205 2704 248 2730 il.

16 2740 44 2765 ιιι.
63 2736 90 2762 5-
105 2738 146 2766 15,
193 2739 215 2755 ³⁸
229 2738 310 2766 llebr.
335 2738 368 2772 ll,
395 2739 422 2771 5,
450 2738 477 2765 4.
515 2736 538 2754 ³⁷⁵
562 2737 643 2764 llebr.
663 2745 702 2770 In,
723 2737 805 2771 7-H;

395 2747 422 2771 ον

36 2806 67 2841 (6)
85 2808 184 2839 Allusio
201 2812 305 2840 videtur
316 2811 375 2840 ﬁeri
391 2811 425 2839 ad
438 2810 520 2840 verba
536 2812 655 2839 Galat.1.

825 2216 944 2247 deserto,
958 2215 1003 2241 ubi
1019 2218 1181 2241 tentaverunt
1201 2222 1241 2241 nte
1257 2219 1344 2248 patres
1366 2215 1464 2246 vestri;
1481 2215 1609 2248 probaue-

824 2265 886 2288 runt
901 2265 926 2288 et
942 2261 1062 2288 viderunt
1075 2267 1153 2293 opera
1166 2268 1235 2293 mea,
1246 2261 1422 2295 quadraginta
1434 2261 1521 2288 annis.
1541 2260 1610 2287 Pro-

823 2313 881 2342 pter
902 2309 971 2342 quod
996 2307 1114 2341 infaustis
1141 2307 1181 2341 fui
1206 2307 1367 2342 generationi
1389 2307 1461 2339 huic,
1484 2311 1510 2334 et
1530 2307 1608 2334 dixi:

825 2352 933 2386 Semper
939 2357 1029 2378 errant
1042 2351 1128 2378 corde.
1139 2351 1195 2386 Ipsi
1205 2357 1293 2378 autem
1305 2359 1357 2378 non
1369 2357 1541 2385 cognoverunt
1553 2352 1608 2379 vias

824 2407 905 2432 meas,
925 2398 1018 2434 quibus
1031 2398 1120 2433 juravi
1133 2398 1161 2424 in
1175 2398 1217 2424 ira
1233 2405 1300 2429 mea,
1321 2397 1345 2424 si
1365 2398 1508 2424 introibant
1523 2399 1550 2425 in
1567 2407 1608 2425 rc-

822 2448 908 2482 quiem
927 2455 1011 2473 meam
1022 2445 1054 2471 ⁵⁵.
1073 2443 1122 2472 llic
1138 2444 1220 2471 etiam
1236 2444 1349 2470 audiant
1363 2443 1476 2471 Paulum
1491 2452 1546 2472 non
1564 2453 1608 2473 se-

823 2499 965 2529 parantem
984 2495 1115 2529 Spiritum
1135 2497 1258 2521 sanctum
1281 2498 1296 2517 a
1315 2490 1456 2518 divinitate
1476 2490 1566 2518 Patris
1580 2496 1607 2518 et

823 2541 904 2569 Filii:
919 2542 984 2576 quin
1000 2542 1090 2576 potius
1112 2541 1186 2568 clare
1210 2538 1417 2573 signiﬁcantem,
1442 2537 1605 2563 locutionem

824 2587 942 2622 Spiritus
962 2587 1047 2614 sancti
1062 2594 1095 2613 ex
1117 2592 1234 2620 persona
1254 2583 1301 2611 Dei
1322 2591 1391 2615 esse,
1409 2586 1436 2610 et
1447 2586 1575 2617 tanquam
1591 2589 1607 2609 a

826 2632 881 2659 Deo
898 2632 1029 2667 prolatam
1038 2631 1072 2663 “,
1088 2631 1159 2658 sicut
1173 2629 1309 2657 redditum
1322 2633 1364 2656 est
1377 2628 1404 2655 in
1418 2627 1451 2655 iis
1463 2634 1524 2662 quae
1535 2626 1606 2655 dicta

290 2704 312 2719 ³ο
328 2703 393 2730 ibid.
410 2704 452 2731 19.
469 2702 691 2738 Vulg.,in2embra
702 2702 771 2738 loco,

865 2711 902 2729 ra.
941 2702 960 2717 “
979 2701 1064 2738 lgor.
1078 2708 1136 2738 vni
1146 2700 1205 2738 41),-
1231 2700 1252 2716 θ’
1268 2699 1279 2727 l
1294 2700 1356 2728 Cor.
1372 2708 1398 2734 κ,
1415 2699 1442 2726 4.
1480 2698 1503 2715 ³³
1516 2699 1527 2725 Ι
1541 2698 1606 2726 Cor.

830 2737 901 2765 Psal.
915 2745 987 2769 xctv,
1003 2737 1075 2763 8-H.
1114 2736 1137 2752 ³⁸
1153 2735 1226 2763 ibid"
