1844 3047
28 56 85 82 ΗΞό

457 53 697 84 FRAGMENTUM
717 54 890 84 SERMONXS
907 55 951 82 DE
969 54 1166 83 TMNITATE.

1550 55 1619 85 "35

23 116 82 142 mina
101 120 160 140 vero
183 117 244 140 sunt
265 113 350 140 Adam
364 134 370 144 .
395 113 532 141 Abraham
546 134 554 147 ,
568 113 644 141 Isaac
656 134 664 147 ,
677 113 780 147 Iacob;
794 115 819 144 Α
833 117 887 140 tem
899 118 1021 148 superat,
1034 112 1236 149 intelligamus?
1250 112 1329 141 Certe
1343 112 1367 141 si
1380 113 1482 141 homini
1497 115 1619 149 pervium

23 162 87 193 hrcc,
100 160 199 194 inquam
212 179 220 191 ,
235 160 346 186 nomina
367 164 439 187 sunt.
472 159 523 188 Sed
540 160 639 188 divina:
656 159 782 188 Personae

23 210 74 233 sunt
86 204 183 239 quidem
195 204 320 237 nomina;
338 204 447 231 nomina
460 209 549 232 tamen
563 209 626 232 sunt
640 205 780 238 Personat;

23 251 128 278 Personae
143 248 247 276 demum
263 248 416 282 signiﬁcant
440 249 468 276 id
492 250 565 284 quod
586 253 628 277 est
648 253 675 276 et
691 249 782 276 subsi-

23 297 70 327 stit.
86 302 140 330 quae
151 298 190 321 est
201 295 317 321 essentia
334 286 395 321 eDei.
428 293 531 321 Nomen
550 301 659 329 quoque
675 299 782 322 natura:

23 341 137 377 signiﬁcat
156 340 356 367 subsistentiam
371 359 379 372 ,
404 340 486 367 veluti
512 340 534 367 si
550 340 674 367 dicamus
689 340 780 367 homi-

23 396 78 414 nem.
104 386 208 414 Cunctae
221 385 366 420 (Personae)
384 391 437 412 una
461 391 557 413 natura
576 387 649 419 sunt,
665 387 720 412 una
737 394 781 413 es-

23 433 100 464 sentia,
124 439 174 458 una
187 431 322 462 voluntas,
344 431 568 466 appellanturqde
584 430 704 458 Trinitas
718 439 781 458 san-

23 483 60 509 :ta,
80 485 135 511 qum
150 480 211 503 sunt
227 476 337 502 nomina
360 470 545 509 subsistentia,
570 484 623 503 una
639 480 735 503 natura
752 476 780 503 in

23 524 89 550 ,ribus
103 522 236 553 Personis,
251 530 282 548 ac
297 526 382 556 genus
396 530 490 548 unum.
504 521 565 548 Filii
579 529 643 549 vero
657 521 777 549 Persona

23 570 77 596 inita
91 573 138 601 est,
155 576 250 602 nempe
263 576 347 594 unum
364 575 396 594 ex
412 568 529 599 duobus,
548 567 573 594 id
587 572 628 595 est
639 568 780 596 divinitate

23 615 83 642 illllul
98 619 122 642 et
134 613 310 645 humanitate,
335 621 396 648 quas
413 613 473 640 dua:
490 621 575 639 unum
599 612 778 639 constituunt.

23 660 93 695 tleque
104 664 190 687 tamen
206 659 269 686 hinc
280 659 408 686 divinitas
421 659 507 686 ullum
519 658 617 694 accipit
628 658 781 686 incremen-

25 714 76 739 um,
93 706 137 733 sed
151 704 270 732 Trinitas
293 709 386 732 manet
407 709 489 739 prout
500 710 569 731 erat.
594 703 633 732 Ne
652 704 780 731 Personis

23 752 118 787 luidem,
134 759 181 779 seu
192 751 362 784 nominibus,
379 759 479 778 novum
494 750 599 785 aliquid
612 750 720 783 accidit,
732 750 778 778 sed

23 807 44 825 ra:
53 803 152 825 aeternae
166 802 240 830 sunt,
251 802 278 824 et
291 798 350 825 sine
362 801 492 832 tempore.
510 796 595 824 Nemo
606 801 696 824 tamen
709 797 781 831 ipsas

23 849 64 871 inte
78 851 237 878 cognoscere
255 843 339 871 valuit
359 851 441 878 quam
458 842 543 870 Filius
558 850 623 870 caro
636 841 723 870 factus
733 850 780 869 eas

23 889 179 916 nanifestavit
193 889 287 916 dicens
299 897 306 916 :
324 888 415 921 Pater,
424 889 591 923 manifestan
601 895 694 915 nonum
707 893 780 914 tuum

23 936 160 967 ominibus;
179 935 299 970 clariﬁca
311 943 351 962 me
363 939 390 961 ιιι
406 943 516 970 quoque,
529 940 557 961 ut
573 939 729 969 cognoscam
741 941 781 961 me

23 981 100 1008 "ilium
124 986 196 1008 tuum
213 978 246 1008 ‘7.
278 981 307 1007 In
330 985 422 1008 monte
443 985 534 1008 autem
553 980 632 1008 Pater
655 980 782 1008 clamavit

26 1029 90 1055 iceus
106 1038 113 1056 ε
130 1028 180 1055 llic
200 1033 240 1055 est
258 1028 345 1055 Filius
368 1036 440 1055 meus
462 1028 577 1055 dilectus
594 1027 626 1054 ³⁸.
654 1027 781 1062 Iden-que

23 1082 79 1109 uper
99 1073 245 1101 Jordancm
272 1073 401 1109 Spiritum
433 1079 556 1101 sanctum
587 1080 667 1100 suum
695 1073 779 1100 misit.

23 1127 85 1155 nque
100 1121 135 1148 ita
150 1121 232 1155 nobis
254 1121 470 1148 demonstratum
488 1120 539 1147 fuit
550 1139 558 1152 .
576 1119 736 1146 Trinitatem
753 1119 781 1146 in

24 1153 58 1193 ari
72 1167 174 1194 honore
186 1153 249 1195 es‘sc
263 1167 466 1202 sempiternam.
479 1166 563 1194 Porro
579 1164 639 1193 Filii
657 1174 690 1193 ex
701 1166 782 1194 Patre

23 1214 131 1241 eneratio
154 1213 441 1248 incomprehensibilis
460 1216 501 1240 est
519 1218 600 1247 atque
617 1212 781 1245 ineﬂ'abilis;

23 1262 28 1284 ι
49 1259 107 1293 quia
130 1259 264 1293 spiritalis
280 1263 339 1291 est,
357 1259 488 1286 scrutinio
511 1258 541 1285 ﬁt
566 1258 713 1293 impervia;
738 1265 782 1285 res

23 1304 69 1330 nini
85 1305 216 1339 spiritalis
240 1313 328 1340 neque
343 1305 454 1340 intelligi
470 1309 559 1340 potest
571 1312 587 1331 a
604 1312 634 1331 re
647 1304 781 1339 corporali

23 1356 83 1382 eque
109 1349 242 1385 vestigari
260 1359 266 1376 :
282 1349 360 1385 longe
383 1350 456 1377 enim
479 1350 505 1377 id
526 1350 603 1377 abest
616 1349 650 1376 ab
662 1349 782 1376 humana

23 1399 101 1421 atura.
114 1394 170 1423 Nos
182 1396 295 1431 quidem
311 1396 434 1423 homines
446 1395 646 1431 generationem
661 1399 782 1423 nostram

23 1441 194 1476 agnoscimus,
213 1441 287 1469 sicut
301 1441 416 1469 aliarum
432 1449 541 1476 quoque
557 1447 666 1474 rerum;
682 1445 726 1468 res
741 1445 781 1468 ta—

23 1491 58 1512 Ien
74 1486 203 1520 spiritalis
219 1494 304 1521 supra
320 1488 466 1514 humanam
477 1487 657 1514 conditionem
670 1490 721 1520 est,
734 1494 781 1513 ne-

23 1538 49 1558 ue
63 1531 115 1559 ullo
128 1533 212 1561 modo
228 1533 264 1560 ab
278 1533 420 1560 hominum
445 1533 582 1560 mentibus
596 1537 685 1568 potest
702 1532 781 1560 intel-

23 1576 53 1609 gi.
83 1577 222 1612 Spiritalis
248 1579 399 1606 substantia
414 1579 503 1614 perire
516 1579 610 1614 nequit
623 1586 711 1614 neque
725 1579 782 1606 dis-

23 1621 78 1655 ilvi;
93 1628 188 1651 nostra
203 1628 308 1657 autem,
325 1628 417 1659 utpote
433 1624 521 1652 facilis
537 1625 686 1658 intellectu,
710 1625 781 1660 perit

23 1676 73 1701 ,que
95 1669 269 1697 dissolvitur.
293 1669 347 1703 Qui
362 1671 435 1697 enim
458 1670 516 1698 ﬁeri
537 1675 639 1705 potest,
655 1675 685 1698 ut
700 1672 781 1698 homo

23 1710 41 1736 ri
55 1718 98 1739 sex
111 1712 249 1740 lateribus
274 1713 506 1747 circumcluditur,
524 1714 638 1748 oriente,
656 1714 781 1742 occiden-

31 1777 38 1788 ,
52 1758 130 1786 borea
140 1779 148 1790 .
165 1764 282 1792 austro,
299 1760 397 1795 abysso
408 1782 415 1793 ,
438 1765 465 1787 ct
478 1761 547 1788 cmlo
557 1781 564 1792 .
578 1769 635 1788 rem
649 1761 782 1796 intelligat

23 1809 51 1829 ne
63 1810 143 1838 supra
160 1805 251 1832 ccelos
267 1809 325 1837 est,
343 1804 413 1832 infra
439 1805 551 1840 abyssos
561 1825 568 1838 ,
584 1805 655 1832 ultra
670 1806 781 1833 boream

34 1853 156 1877 austrum
178 1850 371 1885 protenditur,
389 1858 503 1884 quaeque
520 1850 594 1877 omni
618 1851 677 1877 loco
693 1851 780 1882 adest.

34 1901 138 1922 omnem
164 1895 288 1930 complet
303 1894 485 1922 vacuitatem?
507 1894 584 1928 Quod
597 1903 619 1922 SI
636 1903 685 1923 nos
701 1895 782 1930 spiri-

23 1941 69 1968 lem
85 1942 274 1970 substantiam
290 1946 406 1970 scrutari
421 1941 590 1974 valeremus,
607 1941 666 1976 ejus
688 1942 782 1976 utique

26 1989 145 2015 cellentia
164 1988 317 2024 deperiret.
331 1987 543 2016 Consideremus
555 1996 615 2023 quae
628 1990 654 2015 in
668 1997 782 2023 corpore

23 2040 80 2062 νειιο
93 2036 172 2066 ﬁunt.
187 2044 222 2064 ac
237 2043 319 2070 porro
333 2035 474 2063 videamus
487 2041 577 2063 utrum
591 2036 669 2063 nobis
680 2043 782 2071 cogno-

23 2088 62 2108 rre
79 2082 159 2110 liceat
177 2083 324 2118 quomodo
341 2090 374 2109 ex
388 2082 469 2109 corde
483 2082 629 2117 gignantur
643 2082 783 2116 cogitatio-

833 163 906 186 esset
921 159 1079 194 mysterium
1096 159 1159 192 hoc,
1177 167 1350 194 nequaquam
1367 159 1446 187 divus
1458 160 1620 188 allirtnasset

832 203 951 231 Joannes
966 214 972 231 :
990 203 1075 230 Deum
1091 212 1165 231 nemo
1188 205 1255 232 vidit
1272 213 1388 239 unquam
1400 205 1433 231 δ’.
1463 203 1550 237 Quem
1565 213 1617 240 igi-

833 253 878 276 tur
892 257 972 276 nemo
989 257 1111 284 unquam
1131 250 1214 283 vidit,
1240 250 1264 277 is
1285 250 1395 277 cuinam
1417 250 1515 278 similis
1537 258 1618 285 repu-

833 295 932 322 tandus
945 300 998 327 est,
1009 300 1039 322 ut
1050 296 1111 323 inde
1124 296 1324 331 generationem
1336 296 1395 330 ejus
1404 298 1619 331 cognoscamus?

832 339 866 366 Et
881 348 932 368 nos
945 341 1055 375 quidem
1079 342 1138 369 sine
1161 341 1336 376 ambiguitate
1349 341 1540 376 cognoscimus
1557 343 1620 369 ani-

832 394 904 414 mam
928 387 1050 414 nostram
1075 387 1102 414 in
1120 387 1198 414 nobis
1221 387 1347 414 habitare
1364 388 1472 422 corpori
1496 389 1619 422 unitam;

832 432 879 458 sed
896 436 986 460 tamen
997 433 1061 467 ‘quis
1076 435 1196 460 animam
1213 440 1291 460 suam
1308 442 1428 468 unquam
1444 434 1530 461 vidit?
1558 435 1621 470 quis

831 477 891 511 ejus
904 485 966 505 cum
982 485 1096 513 corpore
1111 479 1333 513 conjunctioncm
1353 480 1489 514 dispicere
1512 481 1621 515 potuit?

831 522 859 550 ld
878 531 961 550 unum
979 531 1076 558 nempe
1091 525 1303 559 cognoscimus,
1327 525 1446 552 animam
1471 526 1542 553 intra
1569 535 1620 555 nos

831 576 890 596 esse
906 569 1014 604 corpori
1028 569 1193 604 copulatam.
1226 569 1272 598 Sic
1284 578 1348 605 ergo
1362 571 1502 605 arguimus
1516 576 1543 598 et
1559 578 1621 599 cre-

831 615 921 642 dimus
932 614 1051 642 Verbum
1067 623 1082 642 a
1094 615 1174 643 Patre
1189 623 1250 644 esse
1263 621 1435 651 generatum,
1448 618 1514 652 quin
1528 618 1566 645 rei
1580 624 1621 645 ta—

833 668 896 687 men
919 661 1054 688 rationem
1070 662 1237 696 exploratam
1261 662 1409 690 habeamus
1425 663 1467 689 vel
1489 660 1625 691 sciamus.‘

833 705 923 741 Ipsum
939 711 980 734 est
992 712 1054 734 ante
1069 714 1178 735 omnem
1191 712 1357 741 creaturam,
1375 709 1570 743 sempiternum
1587 711 1620 737 de

832 753 1010 788 sempiterno,
1034 757 1083 780 ceu
1100 753 1201 781 fontem
1213 761 1229 781 a
1243 753 1331 787 fonte,
1349 759 1375 781 et
1389 755 1480 782 lumen
1492 755 1526 782 de
1538 755 1621 782 lumi—

832 805 875 825 ne.
904 798 1035 833 Equidem
1052 799 1216 826 vocabulum
1239 799 1344 826 cerlzum
1363 800 1396 827 ad
1417 800 1463 827 illa
1476 800 1528 827 tria
1540 798 1622 835 perti-

831 848 878 871 net
897 845 1042 871 verborum
1058 852 1158 879 genera
1178 852 1239 879 qua:
1259 845 1287 871 in
1310 845 1458 880 Scripturis
1477 846 1621 874 nominana

833 894 888 921 tur.
917 897 1005 925 neque
1025 891 1217 917 substantialia
1235 895 1308 923 sunt,
1329 898 1426 925 nempe
1440 891 1480 923 (τὸ
1493 892 1552 918 κατ’
1578 893 1621 919 ἔν-

830 934 927 970 νοιαν),
945 938 1123 971 προφορικδν,
1134 940 1215 971 atque
1224 936 1363 972 ἀρθρικὸν.
1374 936 1421 972 (Τὸ
1436 938 1495 964 κατ’
1505 937 1619 973 ἔννοιαν)

831 985 904 1007 certe
926 987 981 1007 non
1005 985 1047 1008 est
1068 981 1257 1008 substantiale.
1278 982 1447 1018 Προφορικὸν
1464 989 1554 1011 autem
1577 988 1621 1012 est

832 1025 877 1052 illa
893 1033 945 1053 vox
960 1033 1042 1061 quam
1055 1034 1069 1053 a
1085 1027 1139 1054 Deo
1151 1027 1267 1054 audiunt
1280 1029 1426 1063 prophetae,
1439 1037 1485 1056 seu
1502 1031 1620 1064 prophe-

832 1072 903 1099 ticus
919 1072 976 1107 ipse
988 1080 1098 1106 sermo;
1119 1081 1151 1100 ac
1166 1082 1199 1102 ne
1216 1075 1382 1110 hic'quidem
1398 1079 1440 1102 est
1452 1076 1620 1104 substantin~

832 1117 875 1144 lis.
904 1117 1025 1152 Denique
1040 1119 1184 1154 ἀρθρικὺν,
1204 1125 1247 1147 est
1260 1128 1351 1148 sermo
1367 1121 1503 1149 humanus
1516 1122 1543 1148 in
1558 1129 1619 1149 aere

832 1162 1001 1195 eil‘ormatus,
1025 1164 1117 1192 verbis
1140 1169 1281 1199 constans,
1304 1163 1350 1200 qui
1373 1166 1474 1200 pariter
1489 1166 1560 1194 haud
1578 1172 1621 1194 est

832 1207 1020 1236 substantialis
1033 1209 1082 1244 (8).
1095 1209 1289 1238 Verumtamen
1302 1210 1350 1238 Dei
1361 1210 1479 1239 Verbum
1493 1212 1620 1239 substan—

831 1248 897 1280 tiale
920 1258 979 1287 est,
1002 1255 1109 1282 excelsa
1125 1255 1269 1290 validaque
1293 1260 1390 1283 natura
1405 1257 1566 1291 praeditum,
1593 1263 1620 1284 et.

830 1306 895 1326 cum
915 1300 973 1335 ipso
986 1305 1115 1328 aeternum
1131 1306 1172 1328 est
1184 1321 1191 1333 ,
1215 1306 1296 1336 atque
1316 1301 1351 1328 ab
1370 1302 1466 1329 eodem
1481 1303 1621 1338 inseparao

834 1344 898 1378 bile,
911 1353 998 1380 neque
1011 1347 1173 1381 periturum,
1188 1346 1235 1374 sed
1248 1347 1412 1381 sempiterna
1425 1347 1620 1382 conjunctione

835 1397 1006 1418 mansurum.
1037 1391 1155 1419 Verbum
1174 1392 1227 1419 hoc
1241 1392 1340 1420 coélum
1353 1393 1456 1420 creavit
1468 1397 1494 1420 ct
1508 1398 1619 1425 terram,

833 1442 861 1464 et
874 1438 900 1464 in
915 1438 974 1472 ipso
988 1437 1057 1465 facta
1072 1442 1136 1465 sunt
1150 1438 1253 1465 omnia.
1280 1438 1327 1465 Est
1340 1438 1391 1466 hoc
1407 1439 1551 1467 brachium
1568 1441 1621 1467 vir-

834 1487 931 1517 tusque
946 1482 1011 1515 Dei,
1035 1491 1049 1510 a
1066 1482 1145 1509 Patre
1162 1487 1272 1518 propter
1285 1482 1477 1510 indivisibilem
1493 1487 1619 1510 naturam

833 1535 970 1563 nunquam
996 1528 1188 1563 separandum,
1213 1533 1241 1555 et
1263 1536 1325 1556 cum
1341 1529 1401 1563 ipso
1423 1528 1503 1556 Patre
1522 1537 1619 1557 carens

832 1574 977 1610 principio.
1004 1574 1061 1601 Hoc
1083 1579 1206 1601 nostram
1231 1574 1265 1601 de
1276 1573 1362 1602 Maria
1375 1573 1486 1609 Virgine
1503 1576 1620 1609 sumpsit

833 1621 1029 1654 substantiam;
1046 1625 1073 1647 et
1087 1625 1223 1655 quatenus
1236 1620 1344 1655 quidem
1362 1620 1483 1655 spiritale
1498 1625 1550 1654 est,
1565 1620 1618 1647 Pa-

833 1667 868 1694 tri
888 1670 930 1693 est
941 1666 1142 1693 indivisibilitcr
1160 1666 1281 1701 aequale;
1296 1671 1431 1701 quatenus
1443 1673 1508 1693 vero
1521 1673 1619 1701 corpo-

833 1719 931 1744 reum.
959 1712 1038 1739 nobis
1068 1712 1169 1746 pariter
1195 1711 1300 1746 atquale
1325 1716 1368 1739 est
1391 1711 1618 1747 inseparabiliter.

833 1757 993 1793 Rursusque
1017 1763 1150 1792 quatenus
1167 1757 1288 1792 spiritale
1300 1762 1358 1790 est,
1384 1758 1534 1793 mquiparat
1558 1765 1622 1786 sane

833 1809 907 1831 ctum
924 1805 1055 1839 Spiritum
1074 1804 1293 1839 inseparabiliter
1306 1807 1334 1831 et
1352 1804 1412 1831 sine
1425 1804 1551 1832 termino.
1568 1803 1623 1831 Ne-

833 1856 886 1883 que
899 1849 960 1876 duae
971 1852 1049 1875 erant
1058 1869 1065 1880 ,
1091 1848 1138 1875 sed
1157 1848 1237 1875 unica
1250 1847 1393 1876 Trinitatis
1406 1855 1507 1877 sanctae
1521 1854 1620 1877 natura

833 1900 897 1922 ante
914 1894 975 1922 Filii
993 1895 1074 1922 Verbi
1091 1895 1322 1928 incarnationem;
1350 1899 1434 1930 atque
1449 1896 1527 1924 unica
1541 1904 1621 1924 man-

834 1941 870 1968 sit
883 1945 980 1968 natura
995 1939 1137 1968 Trinitatis
1150 1941 1230 1968 etiam
1247 1945 1309 1976 post
1320 1939 1381 1968 Filii
1392 1941 1619 1969 incarnationem.

835 1986 933 2022 Siquis
941 1995 1005 2014 vero
1020 1987 1169 2015 accessisse
1184 1987 1382 2014 incrementum
1396 1986 1522 2015 Trinitati
1535 1988 1622 2015 credit

833 2038 944 2069 propter
957 2038 1128 2067 assumptam
1143 2041 1158 2060 a
1177 2032 1267 2060 Verbo
1282 2033 1490 2066 humanitatem,
1506 2034 1529 2061 is
1544 2042 1558 2061 a
1572 2042 1621 2061 no-

835 2080 878 2107 bis
893 2080 998 2107 alienus
1018 2083 1069 2111 est,
1084 2083 1111 2106 ct
1124 2079 1158 2106 ab
1179 2078 1308 2106 Ecclesia!
1322 2079 1462 2106 calholicw
1471 2083 1497 2106 et
1509 2082 1619 2113 aposto-

25 2137 46 2161 s.
62 2131 145 2157 verba
163 2116 199 2157 de
218 2130 330 2164 lingua,
343 2133 369 2156 et
382 2128 490 2156 similia.
520 2127 579 2154 Jam
594 2127 616 2154 si
629 2127 686 2154 haec
697 2149 705 2160 ,
722 2134 783 2162 qua:
799 2116 821 2144 D
835 2126 893 2153 licae
905 2125 1066 2153 ministerio.
1099 2124 1162 2152 Haec
1173 2129 1215 2152 est
1226 2125 1292 2152 ﬁdes
1306 2124 1421 2160 integra,
1437 2128 1541 2157 sancta,
1557 2132 1622 2158 apn-
1654 2128 1657 2129 '

31 2176 107 2203 nobis
125 2176 210 2208 ﬁunt,
229 2176 344 2203 minime
359 2174 544 2209 agnoscimus,
559 2175 606 2209 qui
619 2173 676 2201 ﬁeri
694 2178 783 2208 potest

30 2222 304 2251 increatiCreatoris
317 2221 491 2257 mysterium,
501 2220 574 2255 quod
587 2227 696 2247 omnem
708 2227 783 2246 men-

23 2311 40 2326 ¹⁷
57 2311 137 2340 Joan.
165 2319 239 2339 xv".
296 2309 318 2326 ³⁸
339 2309 432 2337 Matth.
453 2317 499 2341 ιιι,
515 2309 565 2341 l7;
584 2303 650 2336 Luc.
669 2316 713 2339 ix,
737 2306 781 2335 55.

835 2173 930 2201 stolica
941 2172 988 2199 Dei
1000 2173 1097 2200 sancti.
1110 2171 1183 2199 Laus
1195 2171 1321 2198 Trinitati
1336 2176 1436 2199 sanctae
1447 2171 1475 2198 in
1486 2175 1619 2199 internum

835 2227 882 2255 per
896 2218 1058 2246 saeculorum
1073 2218 1188 2246 saecula!
1208 2217 1305 2245 Amen.

837 2307 859 2324 ⁸⁸
878 2306 958 2335 Joan.
977 2314 996 2340 ι,
1016 2306 1059 2334 18.

23 2388 55 2423 (8)
75 2389 112 2418 De
128 2391 174 2418 his
189 2389 294 2425 legesis
310 2388 419 2417 Graecos
432 2388 526 2416 Patres
539 2387 609 2422 apud
625 2386 774 2419 Patavium.
796 2384 835 2412 De
853 2384 938 2418 Trin.,
952 2385 999 2413 lib.
1016 2393 1054 2413 vr.
