1844 3047
49 103 117 132 H33

372 161 450 190 ΚΕΦ.
472 165 498 190 ι’.

81 208 116 236 Εἴ
133 218 175 242 τις
197 207 289 244 λέγει,
316 211 398 246 μέρος
421 208 564 246 ἀνθρώπου
593 209 765 245 ἀνειληφέναι
787 209 831 235 τὸν

44 256 172 292 Χριστὸν,
189 255 236 282 καὶ
252 256 289 291 μὴ
302 255 425 291 ὁμολογεῖ
435 255 515 282 αὐτὸν
526 255 584 283 καθ’
598 256 742 291 ὁμοιότητα
755 255 832 291 ἡμῶν

44 301 117 329 κατὰ
132 302 230 334 πάντα,
245 301 329 337 χωρὶς
343 302 490 337 ἁμαρτίας,
503 300 753 336 ἀναθεματιξέσθω.

360 394 522 428 Ἐρμηνεία.

81 436 145 469 Πῶς
159 437 181 463 δ’
196 437 228 464 ἂν
237 437 311 472 λέγοι
325 446 376 470 τις,
395 438 477 474 μέρος
492 437 635 474 ἀνθρώπου
659 439 832 474 ἀνειληφέναι

44 483 92 509 τὸν
103 483 229 519 Χριστὸν,
244 483 326 510 αὑτοῦ
344 483 391 510 τοῦ
413 484 515 520 Κυρίου
543 484 676 518 λέγοντος·
703 484 761 518 Τὴν
774 486 833 518 ψυ-

43 529 108 563 χήν
117 538 177 563 μου
190 530 299 564 τίθημι,
312 530 362 557 ἵνα
375 530 469 557 πάλιν
481 530 675 564 λάϐωαὺτὴν,
690 531 759 567 ὑπὲρ
780 531 834 558 τῶν

46 574 195 610 προϐάτων
207 581 215 590 ’
227 576 281 602 καί·
303 575 422 610 Ἠσάρξ
430 586 490 611 μυυ
503 577 620 611 ἀληθής
633 578 698 604 ἐστι
706 577 833 611 βρῶσις,

43 618 97 644 καὶ
110 618 143 650 τι)
157 616 229 653 αἷμα
249 619 364 652 ἀληθής
379 619 444 646 ἐστι
467 620 556 653 πόσις
572 625 578 631 ·
596 620 651 647 καί’
670 621 700 647 '0
718 620 835 655 τρώγων

41 673 104 698 μου
119 664 176 699 τὴν
189 664 296 699 σάρκα,
307 666 355 692 καὶ
365 666 459 692 πίνων
470 675 529 701 μου
542 666 574 693 τὸ
588 666 669 702 αἷμα,
681 668 742 702 ἕχει
758 667 834 701 (mil?

42 711 167 738 αἰώνιον
178 719 188 743 ;

370 747 447 774 ΚΕΦ.
470 749 518 774 LV.

80 792 116 819 Εἴ
133 801 175 825 τις
199 793 273 828 λέγει
289 792 391 828 ἄψυχον
410 794 426 829 ἢ
451 794 562 829 ἀνόητον
575 793 606 820 τὸ
624 795 703 830 σῶμα.
719 794 765 821 τοῦ
780 795 835 821 Κυ-

651 103 697 131 DE
714 102 792 130 FIDE
810 101 983 130 CAPITULA
1003 101 1061 131 XII.

1599 105 1670 135 1154

1210 162 1287 190 CAP.
1307 162 1330 189 Χ
1337 184 1343 192 .

921 207 948 234 Si
961 207 1022 242 quis
1038 207 1136 235 dixerit
1149 207 1288 235 Christum
1305 211 1410 243 partem
1419 207 1608 236 tantummodo
1624 209 1670 237 ho-

883 253 967 282 minis
981 254 1174 289 assumpsisse,
1185 259 1279 282 etnon
1295 253 1437 283 confessus
1452 252 1534 282 fuerit
1552 255 1628 283 illum
1641 256 1668 283 in

884 300 1010 328 omnibus
1030 300 1212 328 assimilatum
1227 300 1307 328 nobis
1330 308 1403 333 esse,
1418 305 1532 336 excepto
1546 307 1668 337 peccato,

884 346 1028 374 anathema
1043 351 1112 374 esto.

1192 390 1357 426 Explicatio.

918 435 1062 469 Quomodo
1076 436 1149 464 dicat
1171 437 1233 470 quis
1246 436 1386 465 Christum
1406 442 1509 472 partem
1537 437 1670 465 duntaxat

885 483 1004 511 hominis
1027 482 1220 518 assumpsisse,
1238 483 1297 517 ipso
1311 482 1428 510 Domino
1448 484 1556 511 dicente
1571 493 1578 510 :
1595 483 1671 511 Pono

885 528 1002 554 animum
1020 536 1105 554 meam
1122 529 1181 562 (pro
1196 529 1292 555 ovibus
1313 529 1392 562 meis)
1409 533 1436 555 ut
1459 529 1551 555 iterum
1566 537 1670 556 sumam

884 582 942 600 eam
955 574 977 590 ⁵³
989 583 996 607 ι
1016 580 1042 601 et
1055 583 1061 601 :
1079 574 1147 602 Caro
1159 583 1215 601 mea
1229 583 1285 602 rere
1296 580 1333 602 est
1348 575 1430 607 cibus,
1443 580 1468 602 ct
1480 576 1587 610 sanguis
1597 584 1670 602 meus

886 628 943 646 vere
953 626 990 647 est
1004 624 1081 655 polus
1090 620 1123 652 υς
1139 625 1166 647 et
1179 628 1185 646 :
1203 620 1254 652 Qui
1270 621 1413 647 manducet
1429 629 1533 647 comem
1547 630 1631 648 meum
1646 627 1670 648 et

886 665 949 692 bibit
968 666 1121 701 sanguinem
1135 674 1231 698 meum,
1247 666 1323 693 habet
1337 667 1418 693 vitam
1436 672 1561 693 attentam
1573 667 1594 683 ⁸ο
1606 668 1617 694 ξ

1206 746 1282 774 CAP.
1298 747 1344 774 XI.

922 792 950 819 Si
971 793 1033 827 quis
1054 792 1154 819 dixerit
1173 800 1273 828 corpus
1293 792 1393 820 Christi
1415 800 1476 820 esse
1503 792 1632 825 inanime,
1644 798 1672 820 et

44 839 115 874 ρίου,
127 839 173 866 καὶ
182 840 223 876 μὴ
239 840 365 875 ὁμολογεῖ
375 839 453 866 αὑτὸν
466 840 567 867 τέλειον
579 840 649 867 κατὰ
663 840 776 876 [πάντα]
788 841 818 867 ἄν

916 846 945 865 ne
962 842 1060 871 mente,
1078 843 1104 865 et
1118 846 1171 865 non
1190 838 1333 865 confessus
1350 837 1433 865 fuerit
1449 838 1524 865 illum
1544 846 1628 865 unum
1641 843 1669 866 et

43 885 155 921 θρωπον
169 885 217 912 ἕνα.
231 885 277 912 καὶ
291 886 336 912 τὸν
347 886 437 918 αὑτὸν,
448 885 697 922 ἀναθεματιζέσθω.

361 976 523 1011 Ἑριιηνείιι.

79 1022 144 1054 Πῶς
157 1022 186 1049 δὲ
203 1022 235 1057 διν
248 1022 320 1056 λέγοι
340 1030 381 1054 τις
395 1022 496 1057 ἄψυχον
511 1022 556 1049 καὶ
574 1022 685 1057 ἀνόητον
703 1022 733 1048 τὸ
756 1022 841 1057 σῶμα

40 1068 91 1096 τοῦ
105 1054 382 1104 Κυρίον)’[Χριο“τοῦ];
402 1054 515 1104 Induxi]
532 1069 596 1104 γὰρ,
617 1054 663 1095 καὶ
683 1067 765 1104 λύπη,
789 1054 834 1096 atati

41 1117 189 1152 ἀδημονία,
203 1116 263 1142 οὔτε
281 1115 382 1151 σαρκὸς
397 1115 510 1150 ἀψύχου,
526 1115 587 1141 οὗτε
603 1115 690 1151 ψυχῆς
709 1115 833 1151 ἀνοήτου,

40 1162 105 1189 οὔτε
124 1161 247 1197 θεότητος
260 1161 405 1196 ἀτρέπτου,
417 1161 477 1187 οὐδὲ
493 1161 627 1196 δοκήσεως
641 1161 759 1194 ἔνδειξις,
774 1161 834 1188 οὔτε

42 1208 219 1244 ἀνθρωπίνης
232 1206 374 1238 ἀσθενείας
389 1207 507 1242 ἥττημα*
525 1206 591 1234 ἀλλὰ
610 1206 663 1233 τῶν
682 1207 741 1233 καθ’
762 1208 835 1242 ἡμᾶς

41 1255 142 1282 παθῶν
151 1254 198 1291 τὴν
213 1255 339 1287 ἐπίδειξιν
349 1255 377 1281 ὲν
386 1253 474 1289 ἑαυτῷ
488 1255 603 1281 ἐποιεῖτο
613 1256 627 1281 ὁ
639 1254 733 1288 Λόγος,
751 1263 835 1281 καταε

39 1302 190 1337 δεξάμενος
200 1301 230 1328 τὸ
247 1300 405 1336 παθητικὸν,
424 1299 516 1332 καθὼς
538 1301 700 1336 γέγραπται,
720 1301 760 1327 ὅτι
783 1302 835 1328 αὐ-

40 1348 96 1381 τὸς
110 1348 164 1381 τὰς
177 1348 335 1380 ἀσθενείας
349 1345 431 1382 ἡμῶν
443 1347 579 1379 ἀνέλαϐε,
593 1347 642 1373 καὶ
656 1347 709 1380 τὰς
721 1348 834 1380 νόσους

39 1391 205 1418 ἐϐάστασε.
223 1391 334 1427 Ταραχὴ
347 1390 412 1426 γὰρ,
427 1391 474 1417 καὶ
484 1390 567 1426 λύπη,
583 1391 629 1418 καὶ
639 1391 770 1426 ἁδημονία
783 1392 834 1426 ψυ-

39 1437 96 1472 χῆς
111 1438 264 1472 νοσήματα’
285 1437 368 1469 κόπος
384 1438 423 1469 δὲ,
444 1438 490 1464 καὶ
512 1437 592 1469 ὕπνος
607 1438 652 1464 καὶ
665 1438 762 1473 τρὼσις
780 1438 833 1464 σώ-

41 1492 141 1519 ματος,
160 1484 259 1520 σαρκὸς
270 1485 452 1521 ἀσθενήματα.

367 1622 445 1650 ΚΕΦ.
468 1622 518 1650 IB’.

79 1666 115 1694 Εἴ
124 1675 166 1698 τις
181 1666 265 1701 λέγει¹
290 1667 399 1702 δοκήσει
420 1666 627 1703 πεφανερῶσθαι
648 1667 692 1694 τὸν
718 1669 834 1704 Χριστὸν

35 1713 80 1748 τῲ
94 1713 200 1748 κόσμῳ,
212 1713 258 1739 καὶ
274 1713 310 1749 μὴ
321 1713 445 1749 ὁμολογεῖ
462 1714 542 1740 αὐτὸν
562 1715 589 1740 ὲν
605 1716 687 1750 σαρκὶ
711 1715 834 1750 ἐληλυθέ-

35 1766 96 1789 ναι,
115 1757 365 1793 ἀναθεματιζέσθω.

364 1805 526 1839 Ἐρμηνείτι.

79 1850 144 1882 Πῶς
162 1850 191 1877 δὲ
210 1850 243 1877 ἂν
265 1851 337 1884 λέγοι
354 1859 405 1882 τις,
421 1850 530 1886 δοκήσει
548 1849 756 1886 πεφανερῶσθαι
769 1853 834 1889 Χρι-

36 1898 106 1924 στὸν
122 1897 162 1932 τῷ
187 1895 280 1932 κόσμῳ
296 1897 341 1923 τὸν
354 1898 383 1923 ὲν
396 1897 518 1933 Βηθλεὲμ
532 1897 671 1933 τεχθέντα,
686 1899 733 1925 καὶ
753 1907 833 1933 περι-

33 1946 112 1980 τομῇ
130 1943 230 1979 σαρκὸς
245 1943 457 1979 προσαγόμενον,
478 1945 525 1970 καὶ
540 1944 592 1970 ὑπὸ
606 1944 718 1980 Συμεὼν
739 1945 834 1980 βαστα-

33 1990 154 2027 χθέντα,
168 1990 215 2016 καὶ⁸
225 1989 378 2024 δωδεκαετῆ
393 1991 592 2024 ἀνατραφέντα,
612 1991 658 2017 καὶ
673 1993 728 2023 τοῖς
743 1991 834 2025 γονεῦ-

33 2044 84 2062 σιν
99 2035 281 2070 ὑποταγέντα,
294 2036 340 2062 καὶ
355 2036 383 2061 ὲν
399 2035 518 2072 Ἰορδάνῃ
533 2035 722 2071 βαπτισθέντα,
740 2037 787 2064 καὶ
806 2039 833 2064 ὲν

32 2081 155 2117 σταυρῷ
165 2081 382 2118 προσηλωθὲντα,
393 2082 440 2107 καὶ
452 2082 484 2108 ὲκ
493 2081 597 2118 νεκρῶν
612 2082 780 2115 ἀναστάντας

75 2127 124 2153 Διὸ
138 2125 189 2152 κᾶν
198 2126 309 2161 λέγηται
324 2125 382 2161 [καὶ
393 2126 523 2162 λέγεται]·
532 2127 690 2162 Ὲταράχθη
698 2128 736 2160 τῷ
746 2129 834 2154 πνεύ-

27 2181 121 2208 ματι,
135 2171 270 2206 ἐλυπήθη
287 2170 324 2206 τῇ
338 2171 434 2206 ψυχῇ,
455 2172 564 2206 ἐτρώθη
582 2172 621 2205 τῷ
641 2172 763 2207 σώματι,
784 2174 832 2206 τὰς
848 2186 870 2214 D

30 2219 114 2247 κατὰ
133 2218 184 2254 τὴν
207 2218 343 2254 ἡμετέραν
361 2218 488 2245 σύστασιν
511 2218 564 2245 τῶν
583 2218 675 2246 παθῶν
698 2227 832 2255 προσηγο-

33 2266 104 2302 ρίας
118 2265 220 2299 ἵστησι,
232 2264 278 2290 καὶ
292 2264 335 2290 ἵνα
349 2263 433 2300 δείξῃ,
451 2264 491 2290 ὅτι
502 2263 642 2299 ἅνθρωπος
663 2264 791 2300 ἐγεννήθη
804 2265 831 2290 ἐν

30 2311 80 2346 τῷ
93 2311 199 2345 κόσμῳ,
213 2309 259 2335 καὶ
275 2309 335 2342 τοῖς
350 2308 514 2342 ἀνθρώποις
528 2309 758 2344 σιινανεστράφη
771 2309 831 2336 καθ’

29 2357 205 2392 ὁμοιότητα,
214 2355 296 2391 χωρὶς
319 2355 463 2391 ἁμαρτίας.
487 2356 631 2391 Ἐγεννήθη
654 2357 708 2391 γὰρ
732 2358 760 2382 ἑν
781 2356 832 2391 Βη-

30 2402 138 2438 0).εὲμ,
153 2402 322 2438 θεοπρεπῶς,
339 2402 409 2428 κατὰ
421 2401 518 2436 σάρκα,
531 2402 652 2436 ἀγγέλων
664 2403 832 2437 ἐπουρανίων

27 2447 238 2481 ἐπεγνωκότων
248 2447 294 2474 τὸν
309 2446 390 2474 αὐτὸν
410 2446 556 2482 Δεσπότην,
577 2448 623 2473 καὶ
644 2447 833 2482 ἀνυμνούντων

24 2494 86 2521 τὺν
108 2495 139 2519 ὲν
160 2493 246 2529 φάτνῃ
274 2492 503 2529 σπαργανωθέντα
529 2492 605 2524 Θεὸν,
627 2494 672 2519 καὶ
690 2493 830 2528 λεγόντων·

26 2540 121 2571 Δόξα
130 2539 165 2566 ἐν
179 2540 321 2573 ὑψίστοις
337 2539 458 2571 Θεῷ,κίιὶ
472 2539 520 2566 ἐπὶ
535 2537 591 2573 γῆς
601 2537 717 2573 εΙρήνη,
730 2539 764 2565 ἐν
779 2539 832 2566 ἀν-

25 2584 170 2619 θρώποις
183 2584 312 2611 εὐδοκία.
339 2584 382 2610 Ἐν
394 2584 519 2620 Ναζαρὲτ
531 2584 668 2620 ἀνετράφη
677 2592 683 2599 ·
697 2584 834 2619 θεοφανῶς

25 2633 69 2657 ἐν
99 2631 176 2666 μέσῳ
199 2630 365 2657 διδασκάλων
391 2629 582 2665 καθεζόμενος,
607 2630 652 2656 καὶ
673 2629 833 2665 ἐκπλήττων

22 2677 139 2708 αὐτοὺς
165 2678 198 2712 τῇ
220 2676 300 2712 σοφίᾳ.
320 2677 396 2713 παρὰ
411 2676 506 2712 καιρὸν
520 2675 627 2712 ἡλικίας
647 2676 696 2712 τῆς
718 2676 787 2703 κατὰ
800 2677 831 2703 τὸ

23 2723 132 2757 σῶμα,
157 2721 195 2754 ὡς
219 2722 412 2758 ἀπαριθμεῖται
433 2723 447 2749 ὀ
470 2721 647 2756 εὖαγγελικὺς
668 2722 755 2758 λόγος.
786 2723 830 2749 Ἐν

75 2800 100 2817 ⁸⁸
114 2799 195 2829 Joan.
222 2808 251 2833 ι,
273 2800 316 2828 i7.
355 2800 377 2818 ⁵⁸
407 2801 486 2830 Joan.
510 2802 607 2835 ",56.
661 2803 683 2818 '°
699 2803 776 2834 lbid.,
796 2802 839 2831 55.

885 884 1010 911 eumdem
1020 887 1171 912 secundum
1181 884 1273 911 omnia
1286 884 1435 919 perfectura
1447 885 1585 912 hominem
1598 892 1669 918 esse,

885 930 1029 957 anathema
1043 934 1111 957 esto.

1197 976 1363 1011 Emplicatia.

920 1021 1063 1054 Quomodo
1077 1027 1182 1050 asserat
1202 1023 1264 1057 quis
1278 1030 1376 1058 corpus
1391 1023 1492 1051 Christi
1509 1024 1607 1051 animae
1623 1027 1672 1050 aut

885 1069 1037 1096 intellectus
1052 1076 1149 1103 expers
1161 1069 1238 1096 esse?
1255 1068 1385 1096 Turbalio
1405 1070 1487 1102 enim,
1506 1074 1532 1096 et
1547 1069 1670 1102 tristitia,

885 1121 911 1143 et
927 1124 1038 1147 mceror,
1055 1123 1141 1150 neque
1157 1116 1319 1143 suntcarnis
1328 1116 1419 1143 anima
1436 1117 1565 1149 carentis,
1582 1124 1670 1152 neque

885 1163 982 1189 anima:
999 1162 1135 1189 intellectu
1153 1162 1299 1194 destitutae,
1316 1170 1403 1197 neque
1425 1162 1604 1198 immutabilis
1627 1163 1670 1190 di-

887 1207 1017 1239 vinitatis,
1034 1215 1120 1241 neque
1133 1207 1203 1241 ejus,
1218 1207 1290 1242 quod
1314 1211 1417 1234 tantum
1440 1208 1543 1235 videtur
1557 1215 1629 1242 esse,
1644 1212 1672 1235 et

885 1257 1018 1286 nonest,
1045 1253 1186 1283 indicium.
1214 1259 1302 1287 neque
1328 1253 1453 1279 humana:
1480 1253 1671 1280 imbecillitatis

885 1299 1020 1331 defectus;
1036 1298 1082 1326 Sed
1098 1298 1256 1333 passionum
1267 1303 1294 1325 et
1308 1298 1495 1333 mgritudinum
1514 1304 1670 1327 nostrarum

886 1345 1019 1379 specimen
1037 1345 1063 1371 in
1076 1352 1106 1372 se
1123 1345 1183 1379 ipso
1197 1343 1316 1371 Verbum
1335 1345 1415 1372 edere
1429 1345 1534 1378 voluit;
1546 1346 1670 1381 passibili

885 1396 980 1417 natura
997 1391 1023 1417 in
1037 1399 1066 1418 se
1085 1393 1220 1425 suscopta,
1236 1391 1307 1418 sicut
1318 1391 1448 1426 scriptum
1465 1396 1507 1418 est
1523 1401 1529 1419 :
1546 1391 1670 1425 Langua-

885 1445 925 1463 res
935 1443 1037 1463 nostros
1049 1437 1102 1471 ipse
1111 1436 1182 1469 tulit,
1190 1443 1214 1463 et
1224 1437 1326 1464 dolores
1337 1442 1440 1464 nostros
1452 1437 1505 1471 ipse
1513 1439 1627 1472 portavit
1636 1438 1669 1465 δ’.

886 1481 1016 1510 Turbatio
1034 1483 1117 1515 enim,
1143 1488 1169 1510 et
1192 1483 1313 1516 tristitia,
1335 1488 1362 1511 et
1380 1491 1475 1519 angor,
1498 1488 1563 1511 sunt
1586 1484 1670 1511 animi

885 1529 1074 1563 aegritudines;
1091 1528 1167 1556 labor
1182 1534 1284 1562 autem,
1302 1534 1328 1556 ct
1342 1537 1465 1561 somnus,
1479 1534 1506 1557 et
1519 1529 1671 1557 vulneratio

885 1574 1006 1609 corporis
1021 1579 1084 1602 sunt
1100 1574 1270 1603 inﬁrmitates
1285 1576 1386 1602 carnis.

1199 1620 1275 1647 CAP.
1297 1620 1353 1648 XII.

921 1665 950 1693 Si
960 1667 1022 1701 quis
1035 1666 1133 1694 dixerit
1144 1667 1201 1694 sola
1212 1667 1341 1701 opinione
1356 1671 1382 1694 et
1397 1668 1521 1702 putatitie
1529 1667 1668 1696 Christum

885 1711 912 1738 in
934 1712 1037 1738 mundo
1060 1712 1229 1747 apparuisse,
1245 1716 1272 1739 et
1295 1720 1348 1739 non
1375 1713 1518 1740 confessus
1540 1712 1622 1740 fuerit
1643 1713 1671 1740 in

886 1765 968 1786 carne
980 1759 1099 1792 venisse,
1114 1759 1258 1786 anathema
1273 1764 1340 1786 esto.

1198 1804 1359 1840 Explicatio.

920 1851 1063 1884 Quomodo
1081 1851 1226 1879 aiIi’rmabit
1240 1852 1312 1886 quis,
1330 1852 1454 1887 putatitie
1481 1853 1670 1881 tantummodo

884 1897 1022 1924 Christum
1036 1898 1062 1924 in
1073 1899 1174 1925 mundo
1182 1899 1351 1933 apparuisse,
1360 1903 1452 1926 natum
1463 1899 1490 1926 in
1502 1899 1671 1932 Bethlehem,

885 1943 1076 1970 circumcisum
1096 1949 1123 1971 et
1139 1951 1154 1970 a
1171 1943 1299 1971 Simeone
1330 1944 1402 1972 ulnis
1423 1950 1567 1980 gestatum,
1586 1954 1672 1981 usque

885 1988 918 2015 ad
946 1988 1138 2016 duodecimum
1166 1997 1268 2016 annum
1291 1997 1305 2017 a
1329 1990 1670 2025 parentibus'educatum,

885 2034 1037 2070 iisdemque
1071 2035 1258 2071 morigerum,
1290 2037 1317 2063 in
1345 2036 1463 2065 Iordane
1490 2039 1670 2074 baptizatum,

885 2081 960 2107 cruci
973 2081 1098 2115 almum,
1116 2089 1149 2108 ex
1166 2082 1281 2110 mortuis
1296 2083 1465 2110 excitatum?

920 2125 1065 2161 Propterea
1080 2127 1189 2162 quando
1202 2128 1301 2155 dicitur
1313 2138 1319 2154 :
1333 2127 1464 2155 Turbatus
1472 2134 1509 2155 est
1523 2130 1618 2161 spiritu
1628 2131 1668 2158 υς

886 2170 1017 2198 Tristatus
1043 2177 1081 2198 est
1108 2173 1198 2199 anima
1211 2173 1251 2206 ⁶³;
1273 2181 1379 2206 corpore
1399 2173 1551 2200 vulneratus
1574 2179 1612 2201 est
1630 2175 1670 2208 “,

887 2222 986 2245 nostra!
1010 2218 1214 2246 constilutionis
1238 2219 1394 2246 affectiones
1417 2219 1496 2247 nobis
1520 2221 1555 2247 ob
1575 2221 1670 2248 oculos

886 2263 1138 2298 ponit,utostendat
1163 2265 1236 2299 quod
1255 2265 1338 2292 homo
1356 2266 1381 2292 in
1405 2266 1508 2294 mundo
1524 2271 1605 2295 natus
1624 2268 1668 2301 sit,

885 2314 908 2335 et
923 2317 981 2335 cum
1000 2309 1147 2336 hominibus
1161 2315 1329 2337 conversatus
1341 2311 1362 2326 ⁵⁸
1375 2308 1532 2347 sit,abSque
1546 2320 1668 2347 peccato.

885 2353 968 2382 Natus
983 2355 1054 2382 enim
1067 2356 1143 2383 estin
1159 2354 1313 2383 Bethlehem
1327 2357 1476 2384 secundum
1487 2365 1598 2385 carnem
1614 2359 1670 2386 Deo

885 2401 1087 2434 convenienter,
1110 2401 1266 2429 coelestibus
1294 2402 1397 2437 angelis
1421 2402 1567 2431 Dominum
1589 2413 1668 2432 suum

886 2447 1106 2482 agnoscentibus,
1122 2448 1342 2484 hymnorumque
1356 2453 1437 2476 cantu
1456 2453 1482 2476 et
1496 2450 1610 2477 melodia
1623 2458 1668 2478 cc-

883 2493 1053 2521 Iebrantibus
1067 2494 1150 2521 Deum
1173 2493 1267 2522 fasciis
1279 2494 1306 2521 in
1328 2494 1441 2530 prmsepi
1459 2495 1621 2529 involutum,
1642 2501 1667 2524 et

884 2538 1056 2565 dicentibus:
1071 2537 1165 2566 Gloria
1185 2540 1213 2567 in
1226 2540 1335 2567 excelsis
1355 2540 1421 2574 Deo,
1435 2545 1460 2568 ει
1478 2542 1507 2568 in
1529 2546 1598 2569 terra
1614 2551 1667 2578 pa:

884 2584 1031 2610 hominibus
1047 2584 1121 2612 home
1135 2585 1277 2612 voluntatis
1290 2585 1321 2614 “.
1339 2586 1369 2613 In
1381 2585 1516 2615 Nazareth
1532 2590 1666 2618 enutritus

885 2636 935 2660 est.
948 2632 976 2659 In
989 2633 1078 2660 medio
1095 2633 1239 2661 doctorum
1256 2634 1303 2662 Dei
1319 2635 1405 2664 instar
1419 2637 1497 2670 sedit,
1510 2644 1612 2672 eosque
1624 2645 1660 2666 sa-

883 2678 984 2713 pientia
997 2686 1045 2706 sua
1060 2679 1249 2714 obstupefecit,
1261 2687 1357 2716 praeter
1370 2682 1492 2710 ordinem
1505 2685 1668 2719 modumque

883 2724 979 2758 aetatis,
995 2724 1018 2752 si
1033 2731 1132 2760 corpus
1147 2729 1261 2760 spectes,
1278 2732 1306 2755 ut
1320 2736 1352 2757 ex
1368 2727 1513 2764 Evangelio
1530 2729 1622 2764 liquet.
1638 2728 1666 2757 In

897 2801 1113 2842 “__lsa.t.nt,4.__
1143 2802 1166 2819 "
1184 2802 1264 2833 Joan.
1280 2812 1320 2840 ιι,
1333 2805 1385 2840 ὖὸς
1400 2796 1450 2840 xu,
1468 2805 1523 2841 27;
1542 2814 1604 2842 xui,
1618 2806 1667 2835 ιι.

22 2837 64 2854 0³
77 2836 173 2864 Matth.
192 2845 265 2870 xxvr,
282 2837 326 2865 58.
365 2837 388 2854 ”
405 2838 456 2865 lsa.
475 2845 535 2880 ιιιι,
550 2838 575 2865 5.
596 2838 619 2855 “
631 2837 748 2866 Baruch.
763 2847 810 2873 Ill,

916 2839 937 2854 "
952 2838 1019 2866 Luc.
1033 2846 1064 2873 ιι,
1084 2837 1130 2866 M.
