1844 3047
58 102 119 130 H57

638 103 846 133 DISPUTATIO
864 106 908 134 DE
929 105 1047 134 ΑΝΙΜΑ.

1580 115 1657 145 1133

68 183 1647 209 mm

418 265 532 308 ΤΟΥ
566 266 639 309 ΕΝ
665 266 845 310 ΑΓΙΟΙΣ

877 266 1092 310 ΠΑΤΡΟΣ
1122 261 1284 312 ΗΜΩΝ

615 362 1097 430 ΓΡΗΓΟΡΙΟΥ

198 473 396 502 ΕΠΙΣΚΟΠΟΥ
410 474 477 502 ΤΗΣ
489 475 761 504 ΝΕΟΚΑῙΣΑΡΕῙΑΣ
774 477 922 511 ΠΟΝΤΟΥ,
937 479 1118 515 ΕΠΩΝΥΜΙᾼ
1132 481 1200 508 ΤΟΥ
1212 481 1500 518 ΘΑΥΜΑΤΟΥΡΓΟΥ,

545 559 750 617 ΠΡΟΣ
777 561 1166 621 ΤΑΤΙΑΝΟΝ

354 670 481 713 ΠΕΡΙ
505 670 701 714 ΨΥΧΗΣ
729 670 908 715 ΛΟΓΟΣ
934 672 1326 719 ΚΕΦΑΛΑΙΩΔΗΣ

487 848 694 895 SANCTI
733 849 945 894 PATRIS
979 849 1197 896 NOSTRI

656 955 1033 1021 GREGORII

286 1071 439 1101 EPISEOPI
463 1071 717 1102 NEOCESAREAS
741 1074 861 1108 PONTI,

887 1067 1136 1104 COGNOMENTO"
1148 1076 1412 1112 TIIAUMATURGI,

629 1160 704 1203 AD
741 1160 1058 1206 TATIANUM

178 1268 271 1325 DE
314 1267 540 1325 ANIMA
578 1267 711 1323 PER
754 1265 1018 1323 CAPITA
1060 1268 1518 1327 DISPUTATIO.

369 1378 406 1409 (ς.
422 1378 496 1410 (ἐι-ες.
506 1377 587 1403 Neoc.
597 1377 688 1409 Opera,
703 1378 744 1402 ed.
759 1378 816 1402 Ger.
828 1378 919 1425 Vossii,
934 1378 1002 1404 Paris

898 1379 919 1408 ii,
934 1378 1023 1407 raris,
1035 1378 1104 1408 16:2.
1116 1380 1141 1404 in
1153 1379 1185 1404 fol
1200 1397 1207 1409 ,
1223 1386 1249 1410 ι).
1262 1378 1313 1410 t2.)

71 1530 118 1557 Τὸν
131 1529 296 1566 περὶ”ψυχῆς
310 1537 350 1556 σοι
369 1529 447 1562 λόγον
463 1530 608 1560 ἐκέλευσας
624 1530 700 1565 ἡμῖν,
714 1526 736 1556 ὦ
748 1530 814 1556 θαυ-
829 1531 851 1559 Α

41 1576 113 1609 nam
123 1575 250 1607 Τατιανὲ,
278 1575 335 1610 μετ’
359 1576 524 1611 ὲνεργουσὼν
546 1575 708 1608 ἀποδείξεων
721 1575 814 1610 διαχα-

41 1620 142 1654 ράἒασιν
166 1621 335 1648 ἀποστεῖλαι·
363 1621 411 1649 καὶ
431 1621 519 1648 ταῦτα
541 1621 631 1656 ἠξίους
656 1623 751 1653 ποιεῖν,
776 1621 813 1657 μὴ

38 1667 92 1696 ταῖς
115 1665 168 1692 τῶν
191 1665 309 1702 Γριφῶν
335 1666 497 1702 μαρτυρίαις
520 1667 726 1702 χρησαμένους·
746 1668 814 1702 ὅπερ

38 1709 128 1736 ἔπιτε
140 1711 186 1738 καὶ
207 1712 266 1742 τοῖς
288 1711 407 1743 εὐσεϐῶς
430 1712 537 1747 φρονεῖν
561 1710 695 1738 ἐθέλουσιν
713 1711 814 1747 ἀληθὴς

38 1756 156 1790 τυγχάνει
185 1756 345 1783 διδασκαλία
368 1758 470 1790 παντὸς
489 1757 659 1793 ἀνθρωπίνου
682 1757 812 1792 λογισμοῦ

38 1803 288 1838 ἁποδεικτικωτέρα·
310 1803 377 1839 ἔφης
400 1804 454 1839 γὰρ
479 1803 516 1839 μὴ
549 1805 617 1840 πρὸς
637 1804 686 1840 τὴν
717 1804 813 1832 ἑαυτοῦ

39 1845 216 1883 πληροφορίαν
241 1847 320 1875 τοῦτο
352 1849 500 1884 ἐπιζητεῖν,
530 1850 743 1885 πεπαιδευμένος
763 1851 812 1886 ἤδη

36 1893 90 1924 ταῖς
101 1893 185 1925 θείαις
199 1894 376 1929 προσανέχειν
387 1894 509 1930 Γραφαίς
519 1895 567 1922 καὶ
579 1896 752 1931 παραδόσεσι,
766 1897 813 1922 καὶ

38 1939 70 1974 μὴ
82 1941 210 1975 στροφαῖς
234 1939 287 1966 τῶν
307 1940 482 1976 ἀνθρωπίνων
503 1941 589 1976 λόγων
613 1942 745 1969 δονεῖσθαι
763 1943 812 1979 τὴν

36 1984 156 2012 διάνοιαν·
190 1985 260 2013 ἀλλὰ
279 1986 346 2022 πρὸς
365 1987 521 2023 ἀνατροπὴν
549 1988 597 2023 τῆς
619 1988 673 2014 τῶν
695 1989 812 2025 ἑτεροδὸ-

36 2030 83 2062 ξων
93 2031 213 2069 γνώμης,
237 2033 261 2059 οἳ
274 2032 413 2060 πείθεσθαι
425 2035 483 2065 ταῖς
502 2034 622 2069 Γραφαῖς
645 2035 694 2060 οὐκ
708 2035 814 2069 ἀνέχον-

35 2084 84 2102 ur
97 2077 229 2114 δεινότητι
251 2078 278 2105 δέ
300 2087 352 2106 τινι
377 2079 550 2114 περιτρέπειν
570 2080 632 2111 τοὺς
654 2080 747 2115 ἀήθεις
759 2080 812 2106 τῶν

34 2123 155 2151 τοιούτων
168 2124 255 2158 λόγων
280 2126 435 2160 πειρῶνται.
458 2125 503 2152 Διὸ
526 2126 641 2161 ἑτοίμως
661 2127 812 2153 ὑπακοῦσαι

33 2169 95 2204 τῷδε
121 2170 158 2206 σῷ
169 2171 336 2206 ἐπιτάγματι
349 2171 532 2207 προήχθημεν›
547 2173 630 2207 μηδὲν
654 2173 812 2199 ὑποστείλά“

36 2223 104 2248 μενοι
126 2216 164 2248 ὡς
183 2216 292 2251 ἄπειροι
313 2216 362 2251 τῆς
383 2217 491 2243 τοιᾶσδε
510 2218 681 2253 κατασκευῆς
702 2218 755 2244 τῶν
766 2217 810 2244 λό-
829 2203 847 2229 Β

34 2268 94 2293 των,
113 2261 180 2288 ἀλλᾶ
193 2263 226 2296 τῇ
239 2262 273 2297 σῇ
286 2262 349 2297 περὶ
362 2262 434 2297 ἡμᾶς
445 2263 536 2298 εὐνοίᾳ
548 2263 732 2299 Θαρρήσαντες
744 2274 749 2279 ·
766 2266 812 2291 καὶ

34 2306 82 2342 γὰρ
97 2305 169 2339 οἶδας
181 2307 199 2334 ἃ
224 2308 274 2343 μὲν
292 2307 380 2339 καλῶς
400 2308 470 2343 ἔχειν
489 2308 653 2344 δοκιμάζεις,
665 2310 750 2336 ταῦτα
772 2312 811 2342 εἰς

33 2351 60 2384 τᾷ
81 2353 167 2380 κοινὸν
193 2353 359 2389 προτιθέναι·
390 2354 424 2380 τὰ
447 2354 475 2380 δὲ
503 2355 611 2382 ἔλαττον
636 2355 682 2382 τοῦ
706 2356 810 2388 δέοντος

33 2396 155 2426 δᾱκοῦντα
167 2399 304 2435 εἰρῆσθαι,
326 2399 411 2426 ταῦτα
432 2401 601 2436 παρέπεσθαι
616 2402 662 2428 καὶ
686 2402 809 2438 ἀποκρύ-

34 2445 149 2473 πτεσθαι.
176 2445 294 2481 ἑκάτερα
317 2446 406 2482 χάριτι
429 2448 460 2482 τῇ
485 2447 552 2482 πρὸς
571 2448 645 2482 ἡμᾶς
667 2449 713 2475 καὶ
736 2449 811 2485 φιλίᾳ

34 2490 121 2517 ποιῶν.
136 2491 230 2518 Ταῦτα
242 2489 288 2518 οὖν
302 2491 388 2524 εἰδὼς,
413 2492 481 2528 μετὰ
511 2493 599 2529 πάσης
624 2495 810 2530 πεποιθήσεως

33 2536 157 2572 ὡρμήθην
172 2538 220 2564 ἐπὶ
239 2538 288 2573 τὴν
311 2538 427 2565 ἔκθεσιν.
452 2540 601 2574 Ποιήσομαι
619 2539 646 2566 δὲ
657 2540 702 2566 τὸν
733 2540 810 2575 λόγον

33 2583 101 2616 τάξει
114 2585 168 2611 τινὶ
179 2584 226 2611 καὶ
239 2584 383 2620 ἀκολουθίᾳ
401 2585 580 2621 χρησάμενος,
603 2586 690 2621 ἥνπερ
715 2587 761 2613 καὶ
784 2588 808 2613 οἱ

33 2630 92 2665 περὶ
102 2630 187 2657 ταῦτα
199 2630 280 2657 δεινοὶ
290 2631 492 2666 κατεχρήσαντο
504 2631 572 2666 πρὸς
587 2632 648 2662 τοὺς
665 2632 809 2668 ἐπιστημό-

33 2682 80 2706 νως
98 2675 187 2711 ζητεῖν
200 2684 227 2702 τι
239 2675 390 2708 ἐθέλοντας.

66 2810 172 2842 Πρῶτον
184 2811 235 2848 μὲν
256 2810 300 2840 οὖν
322 2812 446 2839 ἁπάντων
460 2813 639 2850 ὑποθήσομαι,
653 2817 704 2842 τίνι
718 2824 808 2854 κριτη-

900 1527 1019 1558 Jussisti,
1037 1526 1260 1562 prrestantissime
1275 1526 1397 1559 Taliane,
1411 1532 1442 1555 ut
1453 1536 1514 1555 cum
1532 1528 1650 1558 eﬂimci-

864 1574 915 1601 bus
937 1574 1105 1608 argumentis
1123 1574 1180 1600 sive
1196 1573 1476 1602 demonstrationibus
1493 1582 1646 1604 sermonem

866 1625 946 1654 atque
959 1619 1168 1654 disputationem
1183 1621 1216 1645 de
1229 1619 1317 1646 anima
1333 1620 1381 1647 tibi
1393 1620 1573 1656 conscriptam
1586 1623 1649 1649 mit—

864 1670 959 1696 terem,
989 1671 1074 1699 eaque
1098 1665 1124 1690 in
1142 1672 1170 1690 re
1185 1664 1266 1691 nullis
1285 1664 1485 1699 Scripturarum
1508 1671 1598 1694 uterer
1610 1671 1649 1694 te-

864 1710 1015 1742 stimoniis;
1043 1718 1102 1745 quae
1117 1711 1224 1745 quidem
1239 1711 1351 1738 docendi
1366 1712 1447 1745 ratio,
1461 1713 1514 1740 etsi
1527 1721 1589 1740 vera
1602 1714 1647 1746 sit.

864 1761 890 1784 et
905 1757 958 1784 illis
974 1757 1020 1792 qui
1034 1757 1077 1791 pie
1092 1757 1192 1784 sentire
1205 1757 1299 1789 velint,
1317 1759 1413 1792 quavis
1431 1759 1549 1786 humana
1563 1760 1648 1787 ratio-

864 1802 1000 1829 cinatione
1013 1803 1111 1830 certior
1121 1807 1148 1829 et
1160 1803 1193 1830 ad
1205 1804 1374 1837 probandum
1387 1804 1491 1838 aptior;
1511 1805 1559 1832 sed
1574 1806 1647 1832 enim

864 1847 890 1874 id
913 1855 928 1874 ιι
948 1855 993 1875 me
1013 1848 1052 1875 sic
1074 1848 1130 1875 lieri
1153 1849 1246 1882 cupis,
1269 1857 1323 1876 nou
1345 1855 1373 1876 ut
1397 1849 1444 1876 tibi
1461 1850 1518 1885 ipse
1544 1851 1649 1878 satisfa-

864 1895 921 1921 cias
932 1914 939 1926 ,
966 1894 1065 1928 quippe
1090 1894 1136 1929 qui
1148 1894 1205 1929 jam
1221 1895 1256 1921 ita
1272 1895 1311 1922 sis
1323 1895 1489 1930 instructus,
1506 1902 1536 1924 ut
1548 1898 1647 1925 divinis

863 1943 890 1966 et
902 1939 1009 1974 Scripta
1017 1939 1054 1967 ris
1067 1943 1093 1966 et
1106 1940 1300 1967 traditionibus
1313 1945 1394 1976 atque
1406 1942 1647 1971 constitutionibus

864 1984 1017 2016 adhmreas,
1046 1991 1133 2018 neque
1149 1984 1212 2010 ullis
1228 1984 1355 2011 humanis
1370 1985 1520 2012 rationibus
1536 1985 1569 2012 de
1583 1994 1646 2013 sen-

865 2030 946 2057 tentia
961 2029 1092 2056 dimoveri
1109 2035 1134 2057 te
1149 2031 1239 2062 siuas;
1266 2031 1312 2057 sed
1333 2031 1365 2058 ad
1386 2039 1434 2059 eos
1446 2033 1647 2060 convincendos

863 2077 909 2111 qui
928 2077 1004 2103 aliter
1028 2077 1159 2109 sentiunt,
1184 2081 1211 2104 et
1225 2077 1371 2111 Scripluris
1386 2078 1485 2105 divinis
1498 2079 1577 2106 iidem
1595 2079 1645 2106 ha-

862 2122 926 2149 bere
949 2123 1062 2154 nolunt,
1089 2123 1205 2157 quadam
1229 2127 1318 2150 autem
1343 2123 1493 2150 disserendi
1515 2124 1646 2153 facultate

863 2166 986 2194 homines
1011 2167 1241 2202 disputationibus
1270 2167 1405 2202 ejusmodi
1431 2169 1501 2195 haud
1520 2175 1645 2198 assuetos

863 2213 1063 2240 circumvenire
1079 2221 1110 2240 ac
1127 2213 1221 2239 fallere
1239 2213 1373 2241 nituntur.
1393 2213 1497 2246 Quibus
1511 2215 1644 2244 adductus

864 2266 923 2285 sum
941 2259 1105 2291 rationibus,
1117 2263 1147 2286 ut
1162 2266 1214 2285 non
1225 2279 1232 2289 ,
1251 2259 1324 2285 velut
1336 2259 1424 2294 aliqua
1437 2259 1581 2288 deterritus
1595 2262 1644 2288 im-

862 2304 957 2338 peritia
968 2325 976 2337 ,
995 2305 1064 2331 hanc
1080 2304 1267 2331 tractationem
1290 2305 1517 2341 subterfugerim;
1535 2307 1582 2334 sed
1599 2312 1643 2334 tua

862 2349 889 2375 in
905 2357 948 2376 me
962 2350 1082 2376 conﬁsus
1096 2349 1295 2381 benevolentia,
1309 2355 1362 2377 tuae
1374 2351 1525 2386 promptius
1540 2359 1642 2379 morem

861 2396 989 2429 gesserint
1001 2396 1118 2430 jussioni
1135 2404 1167 2423 ae
1179 2395 1309 2422 voluntati
1322 2404 1328 2422 :
1342 2397 1411 2423 nosti
1423 2398 1520 2424 etenim
1535 2405 1584 2432 pro
1598 2402 1642 2424 tua

862 2441 889 2467 in
906 2449 949 2468 mc
965 2442 1130 2476 benignitate
1142 2447 1221 2476 atque
1234 2442 1363 2473 amicitia,
1374 2450 1433 2477 quae
1445 2443 1570 2477 praeclara
1583 2451 1643 2470 esse

861 2494 971 2518 censes,
987 2495 1018 2513 ea
1032 2487 1058 2513 in
1073 2493 1249 2521 conspeclum
1267 2488 1406 2514 hominum
1427 2488 1568 2522 lucemque
1580 2496 1644 2523 pro-

861 2531 948 2564 ferre;
964 2539 1024 2566 qua:
1039 2538 1128 2559 autem
1143 2534 1233 2560 minus
1246 2538 1318 2560 recte
1331 2534 1402 2561 dicta
1416 2541 1475 2561 esse
1489 2534 1641 2567 videantur,

861 2584 891 2603 ea
903 2577 1076 2605 dissimulare
1093 2583 1173 2613 atque
1188 2584 1339 2614 contegere.
1365 2579 1453 2612 Quare
1470 2581 1525 2607 haec
1542 2581 1641 2614 sciens,

861 2623 989 2650 audacter
1003 2631 1045 2650 me
1062 2625 1094 2651 ad
1109 2625 1281 2653 scribendum
1297 2627 1408 2654 contuli.
1429 2627 1464 2654 Ea
1479 2635 1542 2654 vero
1556 2628 1644 2655 disse-

861 2669 937 2695 rendi
953 2669 1056 2696 ratione
1072 2675 1098 2697 et
1113 2671 1207 2698 ordine
1221 2676 1290 2703 utar,
1305 2681 1357 2706 qua
1371 2677 1397 2700 et
1412 2673 1461 2706 illi,
1472 2673 1518 2708 qui
1534 2681 1577 2700 res
1592 2673 1643 2700 hu-

858 2714 977 2748 jusmodi
989 2715 1160 2750 proﬁtentur,
1175 2717 1292 2745 scienter
1305 2726 1336 2745 ac
1346 2719 1431 2753 perite
1444 2719 1641 2754 investigando.

860 2760 897 2786 uli
916 2760 1012 2787 solent.

897 2818 933 2845 Ac
948 2818 1065 2854 primum
1081 2819 1187 2855 quidem
1206 2828 1371 2855 proponam,
1396 2831 1450 2857 quo
1463 2823 1565 2858 jndicm
1584 2824 1640 2850 ani-
