1844 3047
184 107 253 137 "‘59

499 107 539 142 IS.
559 104 723 135 GREGORII
742 103 920 133 TIIAUMAT.
940 103 1015 131 OPP.
1034 103 1124 131 PARS
1143 103 1290 132 ALTERA.
1310 119 1345 124 ——
1364 104 1478 133 DUBIA.

1740 103 1806 130 Η.ιο

185 174 230 193 ma
244 155 403 193 naturaliter
414 163 608 198 comprehendi
624 167 723 198 queat;
739 161 852 194 deinde,
871 161 970 196 quibus

1056 169 1072 195 ρ
1085 159 1206 195 πέφυκεν
1224 162 1241 196 ὴ
1259 160 1331 196 ψυχὴ
1351 159 1616 196 καταλαμϐάνεσθαν
1645 160 1753 191 ἔπειτα,
1775 160 1805 186 δι’

186 211 340 239 rationibus
354 218 415 239 esse
432 209 606 242 ostendatur;
619 214 676 236 tum
689 208 826 243 deinceps,
841 207 969 234 substan-

185 258 260 285 tiane
285 257 321 284 sit
341 264 375 283 an
392 256 535 289 accidens;
561 247 658 283 deinde
671 257 869 289 consequenter
881 274 888 287 ,
906 261 969 281 cor-

186 309 272 337 pusne
284 301 320 329 sit
337 308 372 328 an
388 301 565 335 incorporea;
587 303 718 335 praeterea
731 319 738 331 ,
769 298 919 334 simplexne
934 305 969 326 an

185 346 354 382 composita;
371 350 427 373 tum
441 354 548 377 rursus,
571 345 730 372 mortalisne
743 352 778 371 an
790 343 968 377 immortalis;

184 397 323 428 postremo
339 396 445 426 autem,
460 391 574 419 rationis
590 391 762 425 particepsne
788 390 825 418 sit
842 397 876 417 an
896 390 970 417 illius

184 447 293 474 expers.

222 482 284 510 Haec
297 483 369 510 enim
383 483 409 510 in
428 482 610 517 disputatione
625 482 658 510 de
669 482 760 509 anima
771 503 779 514 ,
805 487 835 508 ut
852 481 970 508 maxime

184 529 295 564 propria
305 548 312 560 ,
331 531 358 555 et
373 528 427 555 vim
443 533 524 563 atque
547 532 671 555 naturam
695 527 754 562 ejus
769 527 865 555 melius
879 527 971 562 expri-

185 574 298 607 mentia,
314 574 415 609 inquiri
428 574 527 601 solent.
552 574 592 600 Ad
605 581 636 600 ea
652 580 743 608 porro,
763 572 797 600 de
810 572 909 607 quibus
926 571 971 600 hic

184 620 375 648 disserendum
403 619 474 652 erit,
499 619 637 654 probanda
659 626 691 646 ac
706 617 906 651 conﬁrmanda,
921 624 970 652 pro

188 665 487 697 demonstrationibus,
513 664 670 691 notionibus
693 663 746 690 illis
763 667 870 690 utemur
893 670 970 690 com-

186 712 316 741 munibus
330 733 337 745 ,
354 719 403 747 per
418 719 486 746 quas
501 711 582 738 rebus
601 717 664 745 quae
683 709 809 737 manibus
821 712 970 736 tractantur

185 765 317 786 assensus
333 757 488 792 comparari
500 756 577 784 solet.
599 755 740 783 Brevitatis
756 762 819 782 vero
832 753 972 782 utilitatis-

185 812 241 840 que
254 812 348 837 causa,
367 804 400 831 iis
417 804 549 831 duntaxat
560 810 634 830 nunc
647 800 900 829 ratiocinationibus
912 805 970 827 ute-

186 859 259 884 mur,
284 858 345 886 quaa
358 851 392 878 ad
407 850 617 878 demonstranda
633 849 688 881 illa,
716 856 833 883 quorum
850 848 879 874 lit
893 847 968 874 inve-

184 897 312 932 stigatio,
342 897 513 931 potissimum
536 896 639 928 valent;
665 900 696 923 ut
713 894 862 921 manifestis
875 900 969 929 perce—

186 948 289 978 ptuque
309 942 478 970 facilioribus
500 950 591 970 earnm
606 941 763 969 notionibus
777 945 858 975 atque
871 939 971 974 proba-

186 989 306 1016 tionibus
328 988 462 1021 instructi,
488 988 669 1023 promptiores
689 993 867 1014 occurramus
889 993 971 1019 repu-

187 1035 343 1070 gnantibus.
356 1033 425 1061 Hinc
438 1034 522 1070 igitur
539 1033 674 1061 sermonis
686 1032 771 1060 nostri
784 1035 864 1068 atque
875 1030 969 1067 dispu-

185 1081 299 1109 tationis
311 1081 427 1109 ducatur
440 1080 613 1116 principium.

267 1139 272 1144 -
309 1127 368 1160 Quo
380 1128 484 1162 judicio
500 1126 734 1161 comprehendatur
747 1125 846 1152 anima.

223 1173 244 1200 Ι.
266 1173 319 1201 Res
333 1179 512 1208 quaecunque,
531 1177 578 1199 aut
590 1179 672 1199 sensu
697 1173 906 1205 cognoscuntur,
924 1173 971 1196 aut

186 1219 363 1254 intelligentia
374 1219 651 1255 comprehenduntur.
684 1216 725 1243 Ex
738 1215 837 1250 quibus
848 1214 969 1250 quidem,

183 1274 248 1302 quae
263 1266 314 1294 sub
327 1273 438 1294 sensum
455 1266 554 1292 cadunt
566 1285 574 1297 ,
589 1259 649 1299 ipso
671 1270 753 1291 sensu
775 1261 841 1289 satis
857 1262 970 1289 demon-

186 1317 328 1346 strantur;
344 1320 408 1339 nam
423 1311 648 1346 simulatqueille
658 1310 784 1338 admotus
797 1309 889 1342 fuerit,
904 1308 970 1336 sub-

184 1359 263 1394 jectae
280 1358 318 1386 rei
335 1358 482 1392 imaginem
497 1366 529 1385 ac
541 1357 658 1393 speciem
682 1357 761 1385 nobis
784 1360 968 1391 repraesentat.

186 1405 253 1439 Qum
265 1412 328 1432 vero
341 1404 519 1439 intelligentia
535 1403 801 1439 comprehenduntur
812 1423 819 1436 ,
846 1409 898 1429 non
912 1402 970 1436 ipsa

185 1459 220 1478 ex
235 1459 273 1484 se,
290 1451 336 1478 sed
351 1458 383 1478 ex
397 1450 518 1485 ipsarum
531 1448 686 1477 actionibus
701 1453 781 1483 atque
794 1447 897 1475 eﬁ'ectis
912 1453 971 1481 per-

186 1498 334 1532 cipiuntur.
353 1496 521 1531 Quapropter
537 1503 600 1523 cum
615 1495 706 1522 anima
721 1502 754 1522 ex
769 1494 859 1528 seipsa
873 1499 969 1527 cogno—
981 1511 1003 1541 ε

186 1543 226 1572 sci
242 1547 371 1578 nequeat,
388 1550 421 1570 ex
436 1542 521 1578 ipsius
535 1541 638 1569 etl‘ectis
656 1541 755 1568 merito
771 1539 899 1574 cognosci
919 1545 969 1574 po-

188 1591 260 1618 terit.

475 1635 515 1660 An
535 1634 569 1660 sit
582 1634 682 1659 anima.

221 1681 256 1709 ll.
276 1681 383 1715 Corpus
401 1685 524 1708 nostrum
538 1686 600 1706 cum
618 1682 757 1709 movetur,
778 1681 824 1703 aut
838 1675 971 1703 extrinse-

185 1735 254 1760 cus,
280 1730 327 1755 aut
343 1726 506 1754 intrinsecus
525 1727 658 1751 movetur.
691 1720 750 1748 Non
773 1720 876 1748 moveri
906 1719 971 1747 illud

185 1772 357 1802 extrinsecus
369 1792 376 1804 ,
393 1779 425 1798 ex
439 1779 472 1798 eo
487 1774 578 1805 patet,
597 1769 669 1804 quod
693 1775 780 1803 neque
796 1765 969 1802 impulsione,

187 1827 275 1854 neque
291 1818 425 1846 tractione
440 1820 574 1849 movetur,
590 1815 661 1842 sicut
675 1822 706 1841 ea
721 1821 782 1849 qua:
797 1816 860 1839 sunt
884 1811 971 1838 inani-

186 1871 270 1893 mata.
286 1864 354 1892 Cum
370 1869 458 1891 autem
472 1866 613 1889 moveatur
627 1860 802 1889 intrinsecus,
814 1866 868 1885 non
881 1863 971 1884 tamen

187 1911 348 1939 naturaliter
364 1915 489 1937 movetur
511 1913 540 1935 ut
561 1907 641 1942 ignis.
668 1905 736 1933 Nam
756 1905 826 1940 ignis
849 1903 971 1938 quandiu

187 1962 248 1990 est,
277 1963 417 1992 nunquam
433 1960 538 1982 motum
561 1952 733 1984 intermittit;
762 1956 789 1978 at
804 1957 903 1985 corpus
926 1949 971 1976 ulti

187 2007 326 2031 mortuum
353 2001 444 2033 fuerit,
472 1999 575 2027 moveri
599 1998 709 2030 desinit,
738 1997 801 2024 licet
823 2001 912 2023 tamen
937 1995 972 2022 sit

188 2057 297 2084 corpus.
315 2048 405 2082 Quare
423 2048 446 2085 si
464 2053 552 2081 neque
567 2045 737 2072 extrinsecus
754 2047 887 2074 movetur,
902 2042 972 2069 sicut

187 2096 353 2128 inanimata;
370 2101 460 2128 neque
474 2091 647 2122 naturaliter,
664 2089 737 2117 velut
749 2088 836 2124 ignis;
855 2086 971 2114 manile-

186 2147 258 2169 stum
281 2145 323 2168 est
341 2139 445 2167 moveri
465 2137 500 2164 ab
515 2137 620 2169 anima,
645 2143 708 2170 quae
722 2135 803 2162 etiam
824 2133 905 2160 vitam
921 2133 972 2168 ipsi

1019 203 1056 234 ὤν
1071 206 1207 234 δείκνυται
1220 206 1389 242 ὑπάρχουσαι
1404 204 1454 233 εἷθ’
1465 206 1537 242 ἑξῆς,
1552 208 1577 233 εἰ
1588 206 1668 242 οὐσίᾳ
1677 207 1805 241 τυγχάνει

1019 250 1101 284 οὖσα,
1123 253 1140 286 ἢ
1170 251 1357 288 συμϐεϐηκός·
1388 250 1447 279 εἶτα
1467 252 1572 284 τούτοις
1594 252 1761 284 ἀκολούθως,
1783 254 1804 278 εἰ

1020 297 1099 333 σῶμά
1110 299 1193 330 ἐστιν,
1208 297 1224 333 ἢ
1237 298 1391 333 ἀσώματος·
1417 298 1529 330 ἔπειτα,
1555 300 1580 325 εί
1607 298 1692 334 ἁπλῆ,
1706 299 1723 334 ἢ
1745 298 1806 324 σύν-

1019 342 1105 375 θετος
1121 341 1170 369 εἴτ’
1187 341 1273 375 αὖθις,
1298 344 1322 370 εί
1349 343 1443 379 θνητὴ,
1462 343 1479 379 ἢ
1494 344 1636 379 ἀθάνατος·
1651 344 1803 370 τελευταῖον

1018 388 1056 422 δὲ,
1069 390 1093 416 εἰ
1105 389 1210 425 λογικὴ,
1227 389 1244 425 ἦ
1258 387 1363 423 ἄλογος.

1054 481 1145 509 Ταῦτα
1157 481 1210 518 γὰρ
1234 480 1348 516 μάλιστα
1365 481 1394 506 ὲν
1414 479 1453 515 τῷ
1475 481 1540 515 περὶ
1561 479 1652 515 ψυχῆς
1665 479 1803 514 ζητεῖσθαι

1019 528 1097 555 εἴωθε
1112 528 1194 562 λόγῳ,
1210 527 1247 558 ὼς
1261 526 1416 561 κυριώτατα
1434 526 1480 552 καὶ
1503 525 1639 560 δυνάμενα
1651 525 1740 560 αὐτῆς
1755 526 1802 560 τὴν

1021 572 1138 608 ίδιότητα
1160 571 1379 607 χαρακτηρίζειν.
1412 570 1577 602 Ἀποδείξεσι
1611 570 1640 597 δὲ
1663 571 1734 606 πρὸς
1754 570 1802 606 τὴν

1018 619 1073 646 τῶν
1091 618 1343 654 ὲξετασθησομένων
1368 617 1522 652 βεϐαίωσιν,
1545 619 1605 649 ταῖς
1615 619 1720 649 κοιναῖς
1733 626 1801 652 χρη-

1020 665 1122 701 σόμεθα
1134 663 1257 696 ἐννοίαις,
1271 661 1314 695 αἷς
1325 663 1355 690 τὺ
1362 662 1515 696 ἀξιόπιστον
1529 662 1562 689 τὰ
1576 663 1605 689 ὲν
1619 662 1699 698 χερσὶ
1713 663 1803 698 πράγ-

1021 720 1093 748 ματα
1107 711 1254 747 μαρτυρεῖν
1269 709 1384 744 πέφυκε.
1398 709 1547 744 Συντομίας
1566 709 1595 736 δὲ
1605 710 1686 745 χάριν
1699 710 1745 736 καὶ
1757 709 1803 735 τοῦ

1019 757 1166 794 χρησίμου,
1182 756 1271 791 μόνοις
1283 755 1339 786 τοῖς
1350 754 1418 790 πρὸς
1429 754 1459 781 τὸ
1477 756 1626 788 ἀναγκαῖον
1652 755 1700 781 τοῦ
1715 755 1804 790 ζητους

1023 803 1102 839 μένου
1116 802 1205 837 ἔχουσι
1216 802 1264 837 τὴν
1281 801 1426 834 ἀπόδειξιν,
1438 800 1472 827 τὰ
1494 799 1543 827 νῦν
1563 800 1726 836 χρησόμεθα
1748 800 1807 828 συὶ-

1020 849 1166 884 λογισμοῖς·
1175 849 1249 880 ὅπως
1259 848 1331 883 σαφῆ
1340 856 1370 873 τε
1383 847 1430 874 καὶ
1440 846 1631 882 εὐπαράδεκτα
1639 846 1674 872 τὰ
1681 846 1804 880 νοήματα

1019 895 1159 929 γενόμενα,
1173 894 1334 930 ἑτοιμότητα
1351 902 1413 921 τινα
1428 894 1493 929 ἡμῖν
1517 892 1658 929 ἐμποιήσῃ
1675 892 1745 927 πρὸς
1755 892 1804 925 τὴν

1019 939 1073 965 τῶν
1095 938 1297 974 ἀνθισταμένων
1326 938 1486 972 ἀπάντησιν.
1521 935 1673 973 Ἀρξόμεθα
1696 933 1743 962 οὖν
1758 935 1804 962 πῦ

1019 985 1096 1019 λόγου
1107 984 1240 1012 ἐντεῦθεν.

1058 1126 1117 1153 Τίνι
1140 1125 1173 1153 τὸ
1190 1122 1411 1157 καταληπτικὸν
1426 1120 1578 1156 κριτήριον
1590 1119 1646 1154 τῆς
1656 1117 1771 1153 ψυχῆς.

1055 1171 1093 1197 Α’.
1116 1169 1210 1196 Πάντα
1231 1168 1265 1195 τὰ
1288 1168 1370 1200 ὄντα,
1393 1167 1409 1202 ἢ
1432 1166 1556 1201 αἰσθήσει
1586 1163 1762 1199 γνωρίζεται,
1790 1163 1805 1196 ἦ

1019 1218 1110 1253 νοήσει
1124 1214 1369 1250 καταλαμϐάνεται.
1382 1213 1435 1239 Καὶ
1447 1211 1477 1238 τὸ
1492 1211 1542 1246 μὲν
1565 1210 1691 1244 αἰσθήσει
1707 1208 1807 1236 ὑποπί-

1020 1272 1096 1295 πτον,
1109 1262 1204 1298 ἱκανὴν
1227 1261 1362 1293 ἀπόδειξιν
1382 1260 1438 1296 ἔχει
1459 1259 1509 1294 τὴν
1529 1256 1668 1292 αἴσθησιν
1684 1256 1746 1291 ἄμα
1755 1256 1807 1290 γὰρ

1019 1311 1052 1345 τῇ
1065 1308 1210 1345 προσϐολῇ,
1237 1308 1283 1334 καὶ
1303 1307 1352 1343 τὴν
1367 1305 1516 1341 φαντασίαν
1540 1305 1606 1339 ἡμῖν
1625 1303 1739 1338 ἐμποιεῖ
1761 1302 1807 1328 τοῦ

1020 1353 1208 1389 ὑποκειμένου.
1223 1353 1260 1379 Τὸ
1282 1353 1310 1380 δὲ
1329 1353 1421 1388 νοήσει
1444 1349 1734 1384 καταλαμβανόμενον,
1759 1348 1809 1374 οὔκ

1019 1400 1048 1433 ἐξ
1070 1399 1177 1432 ἑαυτοῦ,
1202 1399 1257 1426 ἀλλ’
1273 1399 1306 1425 ὲκ
1329 1398 1382 1424 τῶν
1406 1395 1551 1432 ἐνεργειῶν
1579 1395 1756 1431 γνωρίζεται.
1777 1393 1808 1420 Ἦ

1018 1443 1107 1470 τοίνυν
1118 1443 1191 1479 ψυχὴ
1215 1443 1354 1477 ἄγνωστος
1368 1439 1436 1468 οὖσα
1447 1440 1477 1473 ἐξ
1491 1440 1602 1476 ἑαυτῆς,
1617 1441 1652 1467 ὲκ
1673 1439 1730 1466 τῶν
1744 1440 1810 1466 ἁπο-

1020 1490 1190 1526 τελεσμάτων
1207 1488 1319 1521 εἰκότως
1333 1487 1530 1522 γνωσθήσεται.

1265 1629 1299 1655 El
1322 1628 1408 1655 ἐστιν
1426 1627 1446 1660 ἡ
1463 1625 1558 1660 ψυχή.

1056 1676 1092 1702 B'.
1109 1675 1144 1702 Τὸ
1167 1674 1246 1710 σῶμα
1272 1673 1351 1709 ἡμῶν
1368 1671 1535 1707 κινούμενον,
1548 1671 1565 1706 ἢ
1581 1669 1693 1703 ἔξωθεν,
1708 1669 1726 1705 ἢ
1743 1670 1812 1696 ἐνδο-

1022 1723 1067 1750 θεν
1079 1722 1203 1749 κινεῖται.
1217 1719 1273 1746 Καὶ
1285 1720 1326 1746 ὅτι
1354 1718 1402 1754 μὲν
1420 1717 1517 1750 ἔξωθεν
1531 1717 1563 1743 οὐ
1588 1717 1718 1747 κινεῖται,
1733 1716 1811 1750 δῆλον

1022 1770 1054 1796 ἐκ
1070 1769 1116 1795 τοῦ
1134 1769 1200 1803 μήτε
1217 1766 1381 1801 ὠθούμενον,
1406 1764 1474 1799 μήτε
1495 1763 1642 1798 ἑλκόμενον
1662 1762 1808 1789 κινεῖσθαι.

1022 1815 1060 1846 ὡς
1071 1813 1105 1840 τὰ
1119 1813 1219 1848 ἄψυχα.
1243 1812 1298 1839 Καὶ
1325 1810 1429 1837 ἔνδοθεν
1440 1809 1468 1835 δὲ
1484 1809 1565 1836 πάλιν
1580 1808 1756 1843 κινούμενον,
1782 1807 1810 1833 οὗ

1023 1858 1144 1893 φυσικῶς
1157 1858 1282 1888 κινεῖται,
1306 1856 1343 1887 ὡς
1353 1854 1384 1881 τὸ
1393 1853 1459 1889 πῦρ.
1486 1854 1589 1880 Ἐκεῖνο
1615 1852 1671 1888 γὰρ
1695 1852 1727 1878 οὐ
1746 1851 1810 1877 παύ-

1022 1913 1081 1931 εται
1104 1903 1150 1930 τοῦ
1173 1901 1316 1932 κινεῖσθαι,
1337 1900 1378 1931 είς
1401 1899 1462 1925 ὅσον
1489 1898 1549 1925 ἐστὶ
1575 1896 1642 1933 πῦρ·
1667 1897 1765 1932 ὥσπερ
1782 1896 1810 1922 τὸ

1024 1951 1103 1986 σῶμα
1117 1950 1211 1985 νεκρὸν
1227 1946 1418 1982 γεγενημένον,
1434 1945 1558 1979 ἀκινητεῖ
1581 1943 1664 1979 σῶμα
1679 1943 1722 1970 ὃν.
1741 1943 1809 1969 Οὔκ-

1022 1996 1069 2023 οὗν
1087 1997 1111 2022 εί
1139 1996 1207 2031 μήτε
1228 1993 1326 2027 ἔξωθεν
1346 1993 1470 2022 κινεῖται,
1499 1990 1536 2021 ὡς
1557 1990 1605 2016 καὶ
1618 1989 1726 2023 ἄψυχα,
1745 1988 1809 2023 μήτε

1023 2042 1144 2078 φυσικῶς
1158 2042 1195 2072 ὡς
1209 2041 1237 2067 τὸ
1254 2040 1318 2074 πῦρ,
1340 2038 1418 2073 δῆλον
1443 2037 1484 2063 ὅτι
1503 2036 1556 2062 ὑπὸ
1579 2035 1672 2070 ψυχῆς
1696 2035 1810 2060 κινεῖται

1022 2089 1072 2124 τῆς
1084 2088 1130 2114 καὶ
1143 2087 1173 2114 τὸ
1193 2085 1242 2122 ζῇν
1255 2083 1329 2120 αὑτῷ
1345 2084 1525 2119 παρεχούσης.
1541 2082 1573 2108 Εἰ
1601 2081 1693 2107 τοίνυν
1711 2079 1752 2115 τῷ
1767 2078 1812 2105 σώ-

1024 2143 1088 2170 ματι
1103 2132 1182 2169 ἡμῶν
1207 2132 1224 2166 ἡ
1251 2130 1324 2165 ψυχὴ
1349 2128 1484 2155 δείκνυται
1510 2126 1540 2153 τὺ
1562 2126 1613 2161 ζῇν
1642 2125 1809 2160 παρέχουσα,

187 2186 387 2216 subministrat.
418 2184 447 2211 Si
473 2183 555 2218 igitur
579 2181 687 2216 corpori
715 2185 809 2207 nostro
832 2180 915 2206 vitam
939 2179 971 2206 ab

1056 2188 1101 2207 ται
1120 2179 1168 2205 καὶ
1194 2177 1254 2204 καθ’
1270 2175 1399 2211 ἑαυτὴνὴ
1424 2173 1497 2209 ψυχὴ
1523 2174 1555 2199 ἐκ
1583 2172 1640 2199 τῶν
1669 2171 1811 2208 ἐνεργειῶν

187 2233 278 2260 anima
288 2231 402 2267 praaberi
416 2233 537 2262 constet,
551 2228 642 2257 anima
656 2227 737 2255 etiam
750 2233 782 2254 ex
797 2225 854 2254 suis
870 2225 972 2254 eti'ectis

189 2278 375 2314 cognoscitur.

399 2323 440 2349 An
455 2322 544 2349 anima
556 2321 591 2347 sit
602 2318 760 2347 substantia.

225 2371 268 2398 Ill.
288 2368 367 2404 Quod
381 2375 463 2404 porro
481 2367 572 2395 anima
590 2366 626 2394 sit
641 2365 810 2396 substantia,
828 2364 868 2391 sic
880 2368 973 2391 osten-

187 2418 261 2445 ditur
277 2425 284 2443 :
298 2415 389 2442 Primo
400 2414 522 2449 quidem,
532 2412 660 2448 quoniam
677 2411 715 2438 illi
729 2418 838 2446 quoque
853 2408 972 2436 deﬁnitio

189 2459 351 2488 substantia
366 2459 428 2494 jure
444 2457 580 2489 convenit,
596 2464 657 2491 quae
671 2456 779 2491 quidem
795 2461 837 2482 est
853 2454 972 2489 ejusmo-

190 2507 238 2535 di:
258 2505 417 2533 Substantia
431 2508 473 2532 est
489 2503 532 2536 id,
549 2502 622 2538 quod
638 2510 699 2530 cum
714 2509 797 2529 unum
811 2505 838 2528 et
851 2500 922 2528 idem
938 2500 974 2527 sit

191 2559 317 2585 numero,
331 2550 467 2579 contraria
480 2542 599 2577 vicissim
611 2547 734 2583 suscipit.
750 2547 828 2580 Quod
843 2554 906 2574 vero
918 2545 973 2572 ani-

191 2607 235 2626 ma
249 2607 266 2626 a
280 2603 380 2627 natura
395 2596 503 2632 propria
517 2603 572 2623 non
590 2595 730 2627 recedens,
743 2593 879 2621 contraria
893 2593 974 2621 vicis-

191 2645 241 2673 sim
259 2644 402 2679 suscipiat,
418 2642 555 2672 omnibus,
567 2640 658 2674 credo,
670 2645 712 2668 est
727 2640 909 2674 perspicuum.
926 2637 974 2666 Ju-

192 2692 265 2719 stitia
282 2691 354 2718 enim
369 2694 396 2717 et
408 2686 700 2723 injustitia,‘lortitudo
714 2690 741 2713 et
754 2686 894 2718 timiditas,
907 2689 974 2713 tem~

194 2736 316 2771 perantia
333 2741 359 2762 et
374 2734 592 2769 intemperantia,
608 2733 635 2759 in
650 2731 708 2766 ipsa
723 2731 842 2758 vicissim
858 2739 975 2758 cernun~

194 2787 248 2816 tur,
263 2789 325 2810 cum
342 2782 398 2809 sint
410 2779 556 2808 contraria.
589 2778 770 2812 Quamobrem
785 2785 846 2805 cum
865 2785 896 2805 ea
908 2777 974 2804 suh-

193 2829 300 2858 stantia:
324 2825 553 2862 sit.proprietas~,
579 2830 607 2852 ut
633 2823 829 2854 contrariorum
855 2822 974 2850 vicissim

1025 2224 1141 2261 γνωριζο
1145 2223 1210 2259 μένη
1215 2243 1222 2250 .

1217 2316 1252 2342 El
1269 2314 1359 2341 οὐσία
1379 2313 1464 2339 ἐστὶν
1482 2311 1501 2345 ’ἡ
1515 2309 1614 2345 ψυχή.

1060 2364 1097 2390 1".
1112 2363 1173 2389 ’Ότι
1191 2361 1240 2397 μὲν
1254 2360 1333 2387 οὐσία
1347 2359 1421 2386 ἐστὶν
1440 2358 1457 2393 ἡ
1470 2357 1554 2392 ψυχὴ,
1568 2356 1710 2383 δείκνυται
1720 2356 1811 2385 οὕτως·

1025 2409 1138 2445 Πρῶτον
1156 2408 1215 2443 μὲν,
1244 2406 1285 2433 ὅτι
1299 2405 1350 2439 τῆς
1368 2404 1462 2434 οὐσίας
1485 2402 1557 2445 ὅρος,
1590 2400 1641 2428 καὶ
1666 2401 1713 2426 ἐπ’
1733 2399 1812 2433 abii;

1026 2444 1060 2483 ἂν
1075 2454 1186 2485 εἰκότως
1197 2452 1314 2488 λεχθείη.
1341 2451 1420 2477 Ἐστι
1443 2449 1471 2475 δὲ
1495 2444 1583 2480 οὗτος·
1601 2447 1690 2474 οὐσία
1705 2446 1765 2473 ἐστὶ
1788 2444 1813 2470 τὸ

1025 2501 1135 2532 ταυτὸν,
1150 2500 1197 2526 καὶ
1224 2499 1253 2525 ἐν
1279 2496 1398 2533 ἀριθμῷ,
1421 2495 1475 2521 τῶν
1501 2493 1633 2520 ἐναντίων
1654 2491 1813 2527 παραμὲρος

1026 2545 1095 2574 εῖναι
1111 2544 1245 2573 δεκτικόν.
1273 2544 1333 2570 Ὀτι
1357 2542 1386 2569 δὲ
1400 2542 1416 2576 ἡ
1433 2540 1506 2576 ψυχὴ
1521 2539 1591 2574 αὕτη
1618 2538 1671 2574 τῆς
1689 2538 1760 2568 ιδίας
1773 2535 1813 2569 σύ-

1027 2602 1095 2626 σεως
1118 2593 1155 2629 μὴ
1175 2591 1346 2626 ὲξισταμένη,
1368 2588 1402 2615 τὰ
1426 2587 1533 2614 ἐναντία
1557 2586 1668 2621 δέχεται
1691 2583 1814 2620 παραμὲο

1027 2648 1084 2675 ρος,
1098 2638 1177 2666 παντί
1193 2646 1244 2664 που
1268 2636 1356 2672 δῆλον·
1382 2633 1539 2668 δικαιοσύνη
1562 2632 1618 2668 γὰρ
1640 2631 1691 2658 καὶ
1714 2630 1813 2660 ἀδικία,

1027 2685 1122 2721 ἀνδρία
1133 2692 1163 2711 τε
1181 2684 1228 2710 καὶ
1248 2682 1343 2715 δειλία,
1367 2679 1526 2715 σωφροσύνη
1544 2687 1574 2705 τε
1597 2679 1646 2705 καὶ
1672 2675 1812 2705 ἀκολασία.

1027 2730 1056 2756 ὲν
1068 2729 1135 2765 αὐτῇ
1156 2727 1319 2764 θεωροῦνται
1345 2726 1452 2753 ἐναντία
1463 2725 1535 2751 ὂντα.
1560 2723 1592 2749 Et
1614 2722 1707 2749 τοίνυν
1721 2721 1812 2754 ἰδίωμα

1028 2775 1131 2807 οὐσίας,
1149 2774 1180 2800 τὺ
1194 2774 1247 2800 τῶν
1269 2773 1396 2800 ἐναντίων
1418 2770 1486 2798 εἶναι
1507 2768 1669 2805 παραμέρος
1680 2765 1811 2795 δεκτυὼνν

1026 2822 1163 2848 δείκνυται
1181 2819 1208 2847 δὲ
1224 2821 1239 2856 ὴ
1259 2818 1331 2855 ψυχὴ
1346 2817 1446 2845 τούτων
1470 2815 1650 2851 ἐπιδεχομένη
1672 2814 1718 2839 τὸν
1743 2813 1809 2848 ὅρον.
