1844 3047
60 119 127 147 HM

659 120 865 150 DlSPUTA'l‘lO
884 120 927 147 DE
945 120 1064 149 ANIMA.

1611 123 1680 152 ΗΒ

56 177 138 204 οὐσία
154 177 235 213 apati;
252 177 333 214 ψυχή.
353 179 468 206 Ἔπειτα
485 180 531 206 καὶ
547 180 594 206 τοῦ
611 180 736 216 σὼμκτος
751 181 818 208 οὖσί(

906 180 1050 215 ιυεεεριτίχ
1060 179 1104 212 sit,
1117 180 1266 216 eademque
1282 180 1380 208 animae
1390 181 1542 215 conveniat,
1554 181 1681 209 substan-

56 223 146 255 ὄντος,
172 224 219 250 καὶ
243 223 291 259 τὴν
319 224 407 259 ψυχὴν
430 224 523 251 οὐσίαν
545 223 615 252 εἶναι
637 227 762 262 ἀνάγκη·
784 227 843 254 οὐδὲ

56 267 184 305 γὰρόἷόν
198 278 237 302 τε,
250 270 280 296 τὸ
292 269 504 306 ζωοποιούμενον
512 271 604 298 οὐσίαν
621 271 702 308 [ἄλλ.
713 272 842 308 ὲνούσιον]

55 313 139 341 εἶναι·
154 315 185 342 τὸ
203 315 231 342 δὲ
253 314 410 348 ζωοποιοῦν,
430 315 499 343 εἶναι
519 317 654 345 ἁνούσιον.
678 318 709 344 Εἰ
727 319 763 353 μή
790 327 841 350 τις,

53 360 105 386 καὶ
119 360 150 387 τὸ
165 360 203 396 μὴ
217 360 258 394 ὃν,
273 361 320 387 τοῦ
342 362 416 394 ὄντος
443 362 528 390 αἴτιον
549 364 659 397 φήσειεν
671 361 748 391 εἶναι·
761 363 777 398 ἢ
792 364 844 390 πά-

53 405 108 438 λιν,
121 406 153 432 τὸ
166 407 195 433 ὲν
211 403 233 440 ᾧ
247 406 295 442 τὴν
312 407 427 443 ὓπαρξιν
443 408 514 443 ἕχον,
535 409 581 435 καὶ
597 406 627 436 οὗ
642 409 705 436 ἄνευ
722 407 790 436 εἶναι
805 409 842 445 μὴ

51 451 282 488 δυνάμενον
309 453 356 479 καὶ
371 454 385 479 ὁ
406 453 469 480 ἄνευ
495 454 542 481 τοῦ
569 452 638 482 εἶναι
666 454 701 490 μὴ
727 455 842 491 δυνάμε-

51 496 123 532 νον],
136 498 222 524 αἴτιον
248 498 354 525 ἐκείνου
380 497 450 526 εἶναι
474 500 520 528 τοῦ
537 501 566 527 ὲν
586 497 607 534 ᾧ
624 503 692 534 ἐστι,
706 501 799 536 μανείς
814 511 840 528 τι

50 541 137 569 εῐποι.

266 636 300 661 El
318 635 473 670 ἀσώματος
492 637 511 671 ἡ
533 637 627 672 ψυχή.

85 679 124 704 A'.
146 678 206 706 Ὅτι
225 679 274 714 μὲν
289 681 318 707 ἐν
333 681 371 716 τῷ
396 681 501 717 σώματι
518 683 598 718 ἡμῶν
626 685 641 718 ἡ
665 684 736 720 ψυχή
753 685 837 718 ἐστιν,

47 723 183 759 ἀνωτέρω
196 725 313 761 ἐδείχθη·
344 727 384 753 δεῖ
394 728 481 755 τοίνυν
495 728 592 756 εἰδέναι
609 729 666 761 πῶς
681 731 709 757 ὲν
728 730 766 766 τῷ
783 730 837 757 σώ-

47 778 128 804 ματιο
144 772 192 798 καὶ
207 773 231 798 εἰ
249 772 298 807 μὲν
315 774 478 809 παράκειται
497 776 571 811 αὐτῷ
581 776 618 808 ὡς
631 776 716 812 ψηφὶς
729 777 834 812 ψηφίδι,

46 814 132 849 σῶμα
153 816 201 850 μὲν
216 815 291 843 ἔσται
317 818 333 853 ὴ
348 818 430 854 ψυχὴ,
448 819 507 846 ὅλον
521 820 590 846 δὲτὸ
610 820 688 855 σῶμα
700 819 834 849 οὐκ⁸ἕσται

897 227 933 253 tia
947 226 1030 261 igitur
1046 226 1137 254 anima
1151 227 1211 254 erit.
1240 227 1373 254 Praeterea
1386 248 1393 260 ,
1408 235 1470 254 cum
1488 232 1515 254 et
1528 235 1627 262 corpus
1644 229 1680 255 sit

896 271 1061 304 substantia,
1090 272 1209 298 animam
1227 279 1336 311 quoque
1352 273 1533 300 substantiam
1552 281 1612 300 esse
1633 281 1680 300 ne-

895 325 970 345 cesse
993 323 1034 345 est
1056 327 1062 344 :
1084 326 1172 353 neque
1186 320 1258 345 enim
1276 319 1332 347 ﬁeri
1346 323 1444 355 potest,
1462 324 1491 346 ut
1511 320 1582 354 quod
1595 320 1678 346 vitam

895 364 1003 398 accipit,
1018 364 1171 392 substantia
1187 365 1238 398 sit;
1256 365 1320 393 illud
1334 370 1422 393 autem
1437 365 1510 401 quod
1521 366 1603 392 vitam
1617 373 1679 400 prae-

893 410 950 441 bet,
967 418 1020 437 non
1036 411 1072 437 sit
1089 411 1253 438 substantia.
1272 411 1329 439 Nisi
1347 411 1416 438 forte
1426 412 1488 446 quis
1500 412 1676 442 itainsauiat,

895 461 924 482 ut
938 455 964 483 id
979 456 1051 490 quod
1071 464 1124 483 non
1137 461 1188 490 est,
1205 456 1265 491 ejus
1279 457 1352 492 quod
1367 461 1419 490 est,
1434 465 1545 484 causam
1560 464 1622 484 esse
1636 457 1677 483 af-

893 502 998 536 ﬁrmet;
1028 507 1076 530 aut
1094 511 1189 530 rursus
1205 503 1241 536 id,
1265 504 1343 538 cujus
1358 504 1422 531 illud
1437 504 1524 538 ipsum
1538 504 1610 538 quod
1624 508 1675 536 est,

891 556 923 575 ex
936 548 990 575 alio
1005 549 1044 576 sic
1056 549 1165 584 pendet,
1176 554 1205 577 ut
1221 550 1323 585 absque
1334 549 1380 577 illo
1390 557 1450 577 esse
1476 554 1603 584 nequeat,
1617 550 1675 585 ejus

891 596 987 630 ipsius,
1005 604 1037 623 ex
1050 604 1104 631 quo
1119 597 1227 632 pendet,
1243 605 1352 625 causam
1365 605 1424 625 esse
1435 598 1509 625 velit.

1093 643 1135 668 Αη
1152 643 1304 677 incorporea
1320 643 1355 670 sit
1368 644 1467 670 anima.

926 687 970 714 ιν.
992 688 1020 714 1η
1043 696 1155 723 corpore
1171 690 1278 724 quidem
1302 693 1396 716 nostro
1412 689 1531 716 animam
1552 697 1612 716 esse
1627 697 1674 717 suo

889 733 982 767 peritls
1009 738 1149 762 ostensum
1176 739 1218 763 est
1233 744 1239 762 :
1254 735 1393 769 quomodo
1409 740 1498 762 autem
1522 735 1558 762 sit
1573 735 1598 761 in
1611 743 1673 761 eor—

888 787 963 814 pore,
981 787 1146 815 cognoscere
1157 784 1273 815 oportet.
1297 780 1365 807 Nam
1382 781 1404 808 si
1420 780 1457 807 illi
1472 781 1508 807 ita
1525 781 1628 815 adjacel
1642 786 1672 808 ut

888 826 957 860 lapis
981 826 1075 860 lapidi,
1098 827 1232 861 sequitur,
1247 826 1319 861 quod
1339 834 1439 861 corpus
1456 827 1492 854 sit
1505 827 1605 858 anima,
1621 835 1672 855 nec

44 860 183 896 ἔμψυχον·
212 862 287 898 μέρει
302 864 354 899 γάρ
370 874 421 892 τινι
439 866 634 901 παρακείσεται
648 866 728 902 [ἄλλ.
743 869 818 904 παρά

906 875 971 898 )lUlIl
987 878 1086 904 corpus
1099 871 1250 898 animatum
1263 879 1332 903 esse,
1349 879 1411 898 cum
1426 871 1494 905 parti
1509 871 1616 898 cuidam
1629 879 1673 898 so-

43 905 161 941 κειται].
188 907 259 933 Είδὲ
272 909 450 944 ἐμμέμικται,
476 911 688 946 ἢὲγκέκραται,
716 913 832 948 πολυμε-

44 951 98 986 pi};
111 951 146 978 ἂν
164 953 267 987 γένοιτο
281 955 297 989 ἡ
317 955 400 991 ψυχὴ,
413 957 459 984 καὶ
472 957 521 992 οὐχ
547 958 630 994 ἁπλῆ.
643 958 691 985 τοῦ
709 960 772 987 ἰδίου
782 962 832 996 τῆς

40 997 138 1033 ψυχῆς
152 999 231 1034 λόγου
247 1001 444 1038 ἐκϐεϐλημένη.
471 1004 506 1030 Τὸ
523 1003 577 1040 γὰρ
600 1005 760 1042 πολυμερὲς,
785 1008 832 1034 καὶ

39 1043 191 1080 διαιρετὸν,
205 1047 250 1073 καὶ
260 1047 392 1074 διαλυτόν·
409 1048 438 1075 τὸ
457 1049 484 1076 δὲ
501 1049 633 1083 διαλυτὸν,
645 1044 784 1079 σύνθετον*
801 1053 832 1080 τὸ

38 1089 71 1115 δὲ
84 1090 222 1124 σύνθετον,
247 1094 327 1129 τριχῆ
354 1094 503 1121 διαστατόν.
534 1096 570 1122 Τὸ
585 1096 613 1122 δὲ
631 1097 709 1132 σῶμα
725 1097 830 1134 σώματι

39 1137 266 1172 προστιθέμενον,
284 1139 364 1173 ὄγκον
378 1142 456 1167 ποιεῖ’
475 1142 491 1176 ή
505 1141 533 1167 δὲ
549 1141 621 1178 ψυχὴ
635 1143 663 1169 ὲν
674 1143 712 1179 τῷ
726 1143 830 1180 σώματι

38 1181 123 1213 οὖσα.
140 1183 220 1217 ὄγκον
245 1185 275 1211 οὺ
294 1187 374 1218 ποιεῖ,
398 1186 466 1213 ἀλλὰ
495 1187 594 1222 μᾶλλον
619 1188 753 1221 ζωοποιεῖ.
773 1191 830 1218 Οὐκ

38 1227 98 1262 ἄρα
115 1227 190 1255 ἔσται
204 1229 220 1264 ἡ
238 1229 309 1266 ψυχὴ
321 1230 409 1267 σῶμα,
428 1231 484 1258 ἀλλ’
498 1232 652 1268 ἀσώματος,

79 1363 141 1390 Ἔτι
155 1365 179 1391 εί
195 1365 274 1401 σῶμά
292 1366 388 1403 [ἐστιν]
404 1369 420 1403 ὴ
439 1368 522 1404 ψυχὴ,
537 1370 553 1404 ἢ
569 1369 667 1402 ἔξωθεν
692 1371 708 1406 ἢ
724 1371 827 1399 ἔνδοθεν

36 1411 166 1436 κινεῖται.
189 1411 257 1438 Οὔτε
278 1412 305 1439 δὲ
318 1412 416 1446 ἔξωθεν
429 1416 551 1442 κινεῖται·
567 1417 596 1442 οὐ
610 1417 663 1452 γὰρ
676 1417 796 1450 ὠθεῖται,
810 1420 826 1455 ἢ

34 1454 161 1487 ἕλκεται,
174 1457 210 1488 ὡς
222 1457 255 1483 τὰ
268 1457 367 1494 rid/uxr
383 1458 445 1486 οὔτε
457 1460 485 1486 δὲ
497 1460 597 1488 ἔσωθεν
613 1464 738 1496 κινεῖται,
747 1464 785 1496 ὡς
794 1465 827 1491 τὰ

33 1499 161 1535 ἔμψυχω
180 1501 279 1529 ἄτοπον
296 1503 350 1539 γὰρ
371 1504 459 1540 ψυχῆς
470 1506 558 1542 ψυχὴν
570 1507 667 1542 λέγεινι
684 1509 734 1536 οὐκ
751 1510 825 1538 ἔσται

32 1543 85 1576 οὖν
105 1546 194 1582 σῶμα·
208 1548 351 1583 ἀσώματος
365 1550 427 1586 ἄρα.

69 1680 128 1707 Καὶ
145 1681 234 1727 ¹ιτσίλιν,
250 1684 274 1709 εί
292 1683 371 1720 σῶμά
385 1686 458 1712 ἐστιν
471 1688 486 1722 ή
499 1687 581 1724 ψυχὴ,
596 1689 702 1722 καὶτὰς
717 1691 824 1727 ποιότη-

27 1734 82 1757 τας
97 1726 230 1762 αἰσθητὰς
247 1728 312 1763 ἔχει,
328 1730 374 1756 καὶ
391 1732 533 1766 τρέφεταιο
554 1733 610 1760 ἀλλ’
627 1735 657 1761 οὐ
682 1726 821 1772 τρέφεται.

27 1770 89 1818 Ῑξαὶ
100 1770 126 1818 si
141 1771 278 1806 τρέφεται,
289 1774 321 1799 οὐ
337 1776 497 1809 σωματικῶς
510 1778 682 1813 τρέφεταιὼς
690 1782 720 1807 τὸ
732 1782 821 1818 σῶμα,

26 1814 91 1840 ἀλλ’
106 1814 260 1850 ἀσωμάτως
271 1825 278 1833 '
295 1817 366 1854 λόγῳ
382 1820 436 1855 γὰρ
447 1821 575 1856 τρέφεται
584 1831 591 1838 θ
606 1824 635 1849 οὺ
648 1826 736 1852 τοίνυν
748 1814 822 1854 ποιό-

24 1867 120 1907 τητας
139 1859 270 1907 αίσθητᾲς
291 1861 365 1897 ἕχει·
387 1863 447 1890 οὔτε
461 1865 514 1901 γὰρ
539 1867 633 1902 ὁρᾶται
654 1869 819 1907 δικαιοσύνη,

23 1902 94 1929 οὔτε
105 1904 211 1939 ἀνδρία,
229 1905 291 1936 οὕτε
303 1908 356 1935 τῶν
367 1910 493 1941 τοιούτων
505 1912 579 1939 οὐδέν
589 1922 595 1928 ”
618 1915 667 1950 τῆς
684 1915 712 1941 δὲ
732 1902 820 1953 ψυχῆς

21 1949 54 1974 αἱ
72 1949 218 1985 ποιότητες
232 1948 311 1979 αὗται
322 1961 328 1968 ⁵
344 1954 393 1980 οὐκ
410 1954 482 1982 ἔστιν
498 1954 544 1983 οὖν
558 1958 638 1994 σῶμα
646 1948 657 1974 ί·
676 1948 819 1997 ἀσώματος

19 1994 92 2028 ἄρα.

61 2085 138 2134 ξ’ῐὲτι,
167 2087 255 2134 πάσης
273 2089 322 2124 τῆς
343 2092 499 2128 σωματικῆς
524 2094 614 2126 οὐσίας
635 2097 674 2128 είς
697 2097 817 2134 ἔμψυχον

17 2131 71 2156 καὶ
84 2131 190 2167 ἄψυχον
210 2133 415 2172 διαιρουμένης,
444 2139 598 2167 εἰπάτωσαν
619 2143 643 2167 οἰ
661 2131 813 2179 σῶμα

14 2178 204 2226 erupit-Inacqu
221 2180 270 2226 τὴν
286 2181 374 2218 ψυχὴν
393 2182 515 2217 λέγοντες
530 2205 537 2217 ,
562 2187 585 2212 εὶ
607 2187 709 2222 ἄψυχον
730 2178 814 2226 αυτὴν

12 2222 146 2254 λεκτέον,
162 2223 178 2259 ἢ
190 2224 318 2260 ἔμψυχον.

57 2267 135 2298 Ἔτι,
154 2268 178 2293 εἰ
205 2270 257 2296 πᾶν
278 2270 356 2306 σῶμα
374 2273 420 2298 καὶ
443 2273 606 2309 κέχρωσται,
632 2278 678 2303 καὶ
692 2279 814 2306 πεπόσω-

10 2321 75 2360 ται,
96 2313 146 2339 καὶ
158 2314 368 2349 ἐσχημάτισται·
387 2317 462 2344 οὐδὲν
475 2319 502 2345 δὲ
517 2320 618 2347 τούτων
641 2322 669 2349 ὲν
690 2325 721 2359 τῇ
739 2324 811 2360 ψυχῇ

10 2357 177 2394 θεωρεῖται,
194 2360 244 2386 οὐκ
255 2361 309 2397 ἄρα
323 2362 402 2398 σῶμα
414 2363 430 2398 ἠ
441 2363 523 2399 ψυχή.

177 2418 210 2444 El
223 2417 305 2453 ἁπλῆ
319 2420 338 2453 ἠ
352 2420 437 2454 ψυχὴ
449 2440 455 2452 ,
468 2420 487 2455 ἣ
500 2423 655 2458 σύνθετος-κ

50 2461 92 2488 Ε’.
111 2462 254 2490 Δείκνυται
281 2465 369 2492 τοίνυν
380 2485 388 2497 ,
409 2466 449 2493 ὅτι
466 2468 578 2506 εζ-ἀπλῆ
590 2472 606 2506 ἡ
619 2472 708 2508 ψυχὴ,
731 2472 760 2506 ἐξ
772 2470 809 2501 ὧν

7 2507 141 2544 μάλιστα
156 2509 299 2545 ἀσώματος
310 2511 466 2548 ἀπεδείχθη.
483 2514 513 2540 Et
521 2514 574 2550 γὰρ
585 2507 664 2552 σῶμα
679 2507 729 2545 οὐκ
739 2518 806 2551 ἔστι,

7 2552 101 2587 σῶμα
114 2553 144 2579 δὲ
163 2555 215 2580 πᾶν
241 2555 365 2583 σύνθετόν
386 2559 460 2586 ἐστι·
475 2560 505 2586 τὸ
527 2561 556 2587 δὲ
576 2563 752 2598 συγκείμενον
775 2565 807 2590 ἐκ

6 2598 111 2634 μερῶν
124 2599 273 2634 σύγκειται,
288 2602 384 2629 οὐκοῦν
396 2605 442 2632 καὶ
454 2606 609 2643 πολυμερὴς
619 2607 703 2634 ἔσται.
724 2608 806 2635 Ἀσώ-

5 2652 103 2680 ματος
114 2645 144 2670 δὲ
158 2644 236 2678 οὖσα,
251 2647 323 2683 ἅτιλῆ
335 2649 422 2676 ἐστιν·
446 2651 553 2679 ἐπειδὰν
579 2653 625 2679 καὶ
649 2654 802 2687 ἁσύνθετος,

3 2689 59 2716 καὶ
74 2691 195 2727 ἀμερής.

186 2781 220 2807 El
239 2780 385 2814 ἀθάνατος
405 2783 488 2817 ἡμῶν
502 2785 520 2818 ἡ
536 2786 631 2821 ψυχή.

41 2826 91 2858 (Γ.
119 2824 278 2853 Ἀκόλουθον
290 2823 366 2862 οἶμαι
382 2828 436 2856 δεῖν
449 2830 487 2866 τῷ
504 2831 596 2868 ἁπλῷ,
612 2834 641 2861 τὸ
658 2834 798 2863 ἀθάνατον.

883 916 938 942 lum
954 916 1101 944 adhaereat.
1130 916 1176 944 Sin
1193 921 1282 947 autem
1297 925 1358 944 cum
1375 925 1489 952 corpore
1503 917 1595 950 mista,
1610 925 1671 944 con-

883 960 1000 996 fusaque
1012 961 1066 995 sit,
1084 969 1099 988 e
1111 961 1220 996 propria
1239 962 1337 989 animae
1352 962 1456 988 ratione
1470 962 1584 996 dejeeta,
1604 962 1671 988 mul-

883 1008 917 1035 tis
936 1009 1060 1042 partibus
1074 1007 1221 1039 constabit,
1235 1016 1287 1035 nec
1302 1008 1416 1043 simplex
1429 1008 1488 1035 erit.
1507 1007 1582 1041 Quod
1596 1008 1668 1035 enim

881 1053 1030 1080 multarum
1048 1057 1089 1080 est
1104 1053 1222 1088 partium
1237 1073 1245 1085 ,
1271 1053 1406 1080 divisibile
1421 1058 1462 1080 est
1475 1061 1507 1081 ac
1522 1053 1670 1080 dissolubi-
1695 1083 1699 1090 ι

881 1099 920 1132 le;
935 1099 1007 1134 quod
1020 1104 1110 1126 autem
1122 1104 1211 1134 potest
1221 1099 1316 1132 dividi,
1333 1100 1513 1134 compositum
1525 1103 1581 1132 est;
1597 1107 1669 1127 com-

881 1144 1000 1179 positum
1015 1152 1081 1172 vero
1096 1146 1238 1179 tripliciter
1247 1145 1329 1172 dividi
1342 1150 1441 1180 potest.
1459 1145 1565 1179 Corpus
1575 1150 1666 1172 autem

880 1189 1038 1224 adjunctum
1064 1191 1189 1225 corpori,
1215 1191 1313 1218 molem
1337 1195 1431 1225 auget;
1452 1191 1542 1217 anima
1557 1198 1621 1218 vero
1637 1191 1665 1218 in

879 1244 992 1272 corpore
1001 1237 1145 1271 exsistens,
1154 1237 1218 1264 illud
1231 1245 1284 1265 non
1296 1238 1441 1271 tumidum,
1452 1238 1498 1265 sed
1511 1237 1600 1264 vivum
1618 1245 1666 1272 po-

879 1282 933 1309 tius
947 1283 1045 1310 reddit.
1073 1283 1131 1311 Non
1146 1284 1227 1319 igitur
1246 1291 1362 1320 corpus,
1381 1283 1428 1311 sed
1447 1284 1607 1318 incorporea
1623 1289 1665 1311 est

879 1328 979 1357 anima.
1054 1360 1056 1362 τ

914 1373 954 1400 Ad
967 1374 1034 1406 haec,
1058 1374 1081 1401 si
1103 1382 1201 1409 corpus
1218 1379 1292 1402 esset
1310 1374 1410 1408 anima,
1424 1374 1659 1406 autextrinsecus,

878 1420 925 1444 aut
940 1417 1104 1445 intrinsecus
1122 1423 1286 1447 moveretur.
1315 1417 1375 1446 Non
1390 1423 1479 1446 autem
1493 1420 1662 1447 extrinsecus
1694 1431 1697 1434 -

878 1467 1025 1490 movetur:
1045 1472 1098 1491 non
1124 1464 1196 1491 enim
1221 1465 1399 1500 impulsione,
1422 1472 1509 1500 neque
1531 1466 1661 1492 tractione

878 1511 1012 1539 movetur,
1029 1513 1055 1534 ut
1069 1508 1232 1541 inanimata;
1250 1516 1338 1544 neque
1350 1509 1514 1537 intrinsecus
1527 1514 1660 1541 movetur,

877 1552 947 1580 sicut
957 1553 1075 1582 animata
1089 1562 1095 1580 :
1119 1554 1266 1582 absurdum
1279 1555 1352 1582 enim
1367 1559 1418 1586 est,
1433 1556 1554 1587 animam,
1565 1556 1661 1583 anima:

875 1598 966 1626 dicere
988 1608 996 1626 :
1015 1606 1072 1626 non
1095 1606 1160 1634 ergo
1184 1600 1274 1627 anima
1296 1604 1338 1627 est
1364 1607 1483 1634 corpus:
1501 1600 1659 1636 incorporea

875 1644 966 1679 igitur.

909 1689 943 1717 Et
960 1697 1073 1724 rursus,
1091 1691 1113 1718 si
1129 1698 1228 1726 corpus
1242 1695 1284 1719 est
1296 1691 1399 1724 anima,
1417 1692 1498 1719 etiam
1514 1692 1659 1726 qualitates

874 1735 955 1763 liabet
975 1743 1036 1770 qua:
1056 1737 1242 1771 percipiuntur
1258 1738 1398 1770 sensibus,
1413 1742 1439 1765 et
1456 1738 1593 1772 nutritur;
1611 1739 1657 1766 sed

873 1790 928 1810 non
952 1783 1082 1810 nutritur.
1106 1784 1185 1818 Quod
1203 1786 1227 1812 si
1244 1787 1374 1818 nutritur,
1392 1794 1446 1814 non
1465 1795 1592 1822 corporee
1608 1795 1659 1814 nu—

872 1829 969 1861 tritur,
991 1833 1022 1856 ut
1043 1837 1154 1864 corpus,
1178 1830 1224 1858 sed
1241 1831 1418 1866 incorporee;
1434 1840 1496 1859 nam
1515 1833 1618 1860 ratione
1631 1838 1659 1860 et

871 1874 955 1901 verbo
971 1874 1091 1902 nutritur
1106 1884 1112 1902 :
1130 1883 1184 1902 non
1198 1876 1279 1911 igitur
1291 1878 1433 1904 sensibiles
1445 1878 1590 1912 qualitates
1606 1879 1656 1905 ha—

871 1920 929 1954 bet;
945 1927 1033 1956 neque
1046 1922 1118 1948 enim
1135 1922 1222 1949 oculis
1237 1922 1359 1950 cernitur
1373 1923 1491 1958 justitia,
1504 1931 1590 1959 neque
1602 1924 1657 1952 for-

870 1966 974 1999 titudo,
997 1974 1085 2001 neque
1109 1968 1161 1994 alia
1183 1968 1242 2002 ejus
1264 1970 1388 2004 generis,
1405 1976 1465 2004 quae
1481 1976 1544 1998 sunt
1559 1971 1657 1998 anima:

869 2012 1015 2046 qualitates
1029 2021 1036 2039 :
1055 2017 1221 2048 quapropter
1236 2022 1337 2049 corpus
1355 2023 1410 2042 non
1426 2021 1467 2043 est
1482 2017 1573 2045 anima
1590 2026 1597 2044 :
1615 2018 1656 2044 in-

868 2065 998 2092 corporea
1017 2058 1109 2093 igitur.

902 2103 1055 2136 Praeterea,
1086 2112 1151 2131 cum
1171 2105 1261 2132 omnis
1285 2106 1438 2133 substantia
1475 2114 1604 2140 corporea
1625 2108 1654 2135 in

867 2151 1015 2177 animatam
1045 2151 1085 2178 vel
1109 2151 1287 2183 inanimatam
1311 2152 1464 2185 dividatur;
1493 2153 1585 2179 dicant
1605 2154 1652 2188 qui

831 2212 851 2238 Β
866 2196 984 2223 animam
995 2204 1096 2231 corpus
1111 2195 1159 2232 [aL
1173 2197 1343 2233 corpoream]
1357 2205 1417 2224 esse
1431 2197 1576 2232 aﬂirmant,
1591 2200 1652 2226 ani-

867 2246 1003 2269 matamne
1015 2243 1067 2270 dici
1083 2251 1143 2270 eam
1157 2243 1239 2270 velint
1256 2249 1289 2270 a‘n
1306 2244 1495 2272 inanimatam.

900 2286 1033 2321 Denique,
1048 2288 1071 2316 si
1084 2296 1184 2323 corpus
1197 2296 1278 2315 omne
1290 2289 1418 2322 colorem,
1431 2290 1608 2324 quantitatem
1623 2297 1649 2318 et

865 2332 978 2368 figuram
992 2333 1073 2361 habet
1085 2341 1092 2366 ;
1111 2334 1177 2361 nihil
1192 2339 1281 2361 autem
1294 2335 1429 2369 ejusmodi
1443 2336 1470 2362 in
1483 2337 1572 2363 anima
1584 2344 1646 2364 cons

864 2380 997 2415 spicitur:
1014 2388 1068 2408 non
1084 2381 1170 2416 igitur
1179 2380 1268 2408 anima
1281 2385 1322 2408 est
1335 2388 1445 2415 corpus.

989 2427 1030 2454 An
1044 2426 1155 2462 simplex
1169 2427 1204 2453 sit
1221 2427 1312 2453 anima
1336 2435 1369 2453 an
1383 2429 1540 2462 composita.

898 2471 929 2499 V.
953 2472 992 2500 Ex
1005 2473 1104 2508 quibus
1119 2480 1184 2508 ergo
1199 2473 1289 2500 anima
1302 2474 1423 2508 corporis
1440 2482 1538 2509 expers
1552 2480 1644 2502 osten-

858 2517 944 2550 ditur,
961 2526 994 2546 ex
1014 2519 1048 2547 iis
1062 2519 1234 2554 potissimum
1249 2519 1330 2546 etiam
1342 2520 1455 2554 simplex
1472 2520 1644 2548 demonstra-

858 2568 912 2591 tur.
929 2563 997 2591 Nam
1011 2565 1033 2592 si
1046 2573 1145 2600 corpus
1155 2573 1210 2592 non
1224 2570 1275 2599 est,
1285 2571 1313 2594 et
1325 2572 1406 2594 omne
1419 2573 1518 2601 corpus
1532 2574 1641 2602 compo-

857 2610 938 2637 situm
961 2615 1022 2643 est;
1039 2611 1220 2646 compositum
1234 2616 1324 2639 autem
1339 2620 1372 2639 ex
1385 2612 1509 2646 partibus
1524 2618 1641 2647 constet,

856 2664 906 2684 nec
926 2657 1042 2691 plurium
1065 2657 1174 2692 quidem
1196 2659 1314 2693 partium
1328 2659 1389 2686 erit.
1404 2659 1472 2691 Cum
1486 2663 1577 2688 autem
1597 2661 1640 2687 in-

855 2709 984 2736 corporea
1001 2702 1053 2734 sit,
1075 2704 1189 2739 simplex
1211 2705 1280 2738 erit;
1296 2705 1427 2740 quoniam
1443 2713 1496 2733 non
1512 2711 1554 2734 est
1565 2715 1638 2736 com-

854 2747 951 2781 posita,
968 2755 1056 2783 neque
1071 2749 1098 2776 in
1112 2753 1204 2784 partes
1221 2750 1359 2781 secabilis.

1006 2796 1046 2821 An
1062 2795 1220 2823 immortalis
1238 2803 1327 2824 nostra
1342 2799 1376 2825 sit
1393 2799 1492 2826 anima.

895 2837 935 2866 Vl.
962 2839 1136 2877 Consequens
1161 2851 1226 2871 vero
1251 2844 1317 2872 mihi
1333 2844 1449 2879 videtur,
1470 2850 1497 2873 ut
1511 2846 1583 2881 quod
1598 2854 1637 2875 est
