1844 3047
28 97 96 123 1H3

470 98 612 127 HOMILIA
632 99 642 126 l
659 99 693 126 IN
712 99 928 128 ANNUNTIAT.
951 99 1045 128 ΗΒΕ.
1068 99 1200 128 ΜΑΒΙᾸΞ.

1595 99 1663 127 1146

25 157 165 190 λογιστέον
178 159 254 194 ἡμῖν,
265 159 289 184 εί
298 159 473 195 καταληπτέα
484 160 519 187 τὰ
531 160 631 196 δντα,ἢ
645 160 692 196 μὴ,
705 161 743 192 ὡς
758 161 824 196 ἀλη-
838 164 860 191 Α
875 166 1011 196 nequeant

906 166 1023 196 :queant.
1039 160 1222 195 Quapropter,
1236 167 1296 187 cum
1312 167 1409 187 sensus
1425 159 1531 186 ratione
1542 159 1662 187 destituti

26 204 92 236 θῶς·
107 204 157 231 καὶ
169 207 195 232 εἰ
212 206 261 242 μὲν
276 206 461 242 καταληπτέα,
475 207 556 242 ἑτέρα
571 207 647 234 ἐστὶν
664 208 680 242 ὴ
695 207 819 243 δύναμις,

26 250 70 277 καὶ
87 250 224 286 κρείττων
238 252 313 287 παρὰ
325 252 373 284 τὰς
389 253 539 288 αἰσθήσεις,
551 255 567 289 ἡ
582 253 684 280 τούτων
698 254 821 288 ἐφικνου-

27 295 102 331 μένη,
120 296 153 322 Εἰ
167 296 198 323 δὲ
210 297 246 332 μὴ
263 297 503 333 καταλαμϐάνεται
514 319 521 331 ,
541 299 600 325 οὐδὲ
613 299 691 326 ἔσται
708 300 773 334 ἡμῖν
787 299 821 326 τὰ

26 341 124 376 ἑτέρως
137 342 219 378 παρὰ
227 343 241 369 ὅ
254 344 311 370 ἐστι
320 344 420 380 θεωρού
426 353 492 379 μενα
499 343 751 381 [καταλαμϐάνειν].
760 346 820 372 Ὅτι

25 386 51 412 δὲ
67 387 304 424 καταληπτὰήμῖν
317 389 418 416 ἐστιτὰ
429 389 589 426 πράγματα,
603 389 682 425 δῆλον
693 390 722 424 ἐξ
735 388 766 418 οὗ
781 391 821 417 οξ-

27 433 105 465 κείως
121 433 234 470 ἑκάστῳ
253 435 321 470 πρὸς
333 435 363 462 τὸ
375 437 508 472 χρήσιμον
523 436 662 472 χρώμεθα,
676 438 723 463 καὶ
742 437 822 463 πάλιν

27 479 267 516 κατασκευάζομεν
276 483 316 514 εἰς
323 482 341 509 ἂ
352 483 489 518 ἐθέλομεν.
499 483 604 510 υὺκοῦν
612 485 636 510 εἰ
645 483 678 510 τὰ
685 483 750 510 ὄντα
756 484 772 518 ὴ
778 484 822 519 μῖν

27 526 187 562 καταληπτὰ
199 527 315 563 ἐδείχθη,
332 529 358 554 αξ
373 528 401 554 δὲ
414 529 552 564 αἰσθήσεις
561 527 748 564 ἄλογοιοῦσαι,
761 529 824 563 ψευ-

27 572 75 604 δῶς
85 573 276 609 δοκιμάζουσι,
292 576 353 614 νοῦς
367 576 443 603 ἔσται
454 577 468 603 ὁ
481 576 515 603 τὰ
529 577 617 604 πάντα
630 576 701 612 λόγῳ
715 576 821 611 διακρί-

27 627 75 645 νων
84 618 146 654 [ἄλ.
158 620 172 646 ὁ
183 621 271 648 πάντα
279 621 357 656 λόγον
368 623 536 659 διακρίνων],
547 623 593 650 καὶ
604 622 661 649 ἐστι
669 623 705 655 ὡς
714 621 821 658 ἀληθῶς

28 666 58 692 τὰ
73 666 137 692 ὂντα
152 667 343 702 ἐπιγινώσκων
353 678 360 684 ι
376 669 439 702 νοῦς
453 670 481 696 δὲ
497 670 586 706 ψυχῆς
600 670 631 697 τὺ
651 669 759 705 λογικὸν
774 670 821 705 μέ-

30 721 85 748 ροςο
99 713 198 750 λαγικὴ
214 715 268 751 ἄρα
284 716 300 751 ἡ
317 716 400 752 ψυχή-
711 709 718 717 “

874 206 957 235 falsas
980 207 1060 235 nobis
1082 215 1173 234 rerum
1193 206 1325 241 imagines
1347 213 1378 233 ac
1400 207 1504 240 species
1522 205 1662 237 inducant,

873 254 1053 290 reputantium
1076 254 1156 281 nobis
1176 258 1229 286 est,
1253 260 1296 280 res
1317 252 1547 287 compreltendine
1569 259 1663 279 revera

873 306 985 336 queant,
1003 309 1105 333 necne;
1130 304 1158 328 et
1180 299 1313 335 siquidem
1332 298 1524 334 comprehendi
1536 302 1662 333 possunt,

873 348 926 375 alia
943 347 1021 374 nobis
1036 352 1134 382 printer
1150 354 1249 374 sensus
1260 346 1301 373 vis
1315 350 1367 378 est,
1382 352 1468 380 eaque
1478 344 1662 379 prtestantior,

874 402 926 428 qua
954 394 987 420 ad
1006 401 1101 420 earum
1122 393 1304 428 cognitionem
1321 391 1464 426 pervenire
1477 390 1567 418 liceat.
1586 389 1661 422 Quod

873 440 895 466 si
918 447 973 466 non
997 439 1280 474 comprehenduntur,
1298 446 1333 466 ne
1354 438 1399 466 illa
1422 438 1531 473 quidem
1552 437 1661 471 assequi

871 484 1040 519 poterimus,
1064 492 1125 519 quia
1159 485 1236 511 aliter
1253 492 1335 520 quam
1359 489 1422 511 sunt
1444 483 1660 518 conspiciuntur.

873 530 926 558 Res
942 538 1023 565 porro
1037 539 1052 558 a
1064 531 1143 558 nobis
1159 531 1273 566 percipi,
1287 530 1327 558 vel
1336 530 1374 565 :ex
1385 537 1417 557 eo
1430 534 1515 564 patet,
1531 529 1603 564 quod
1616 537 1662 557 eas

875 576 1067 604 convenienter
1083 577 1116 604 ad
1132 585 1198 604 usus
1215 581 1325 604 nostros
1338 577 1507 610 adhibemus,
1523 581 1550 603 et
1565 584 1662 604 rursus

875 623 902 649 in
923 622 1105 657 quodcunque
1117 622 1253 654 volumus,
1265 622 1459 650 convertimus.
1475 621 1564 655 Quare
1581 622 1605 650 si
1617 628 1661 650 res

874 668 1065 702 comprehendi
1092 675 1188 702 posse,
1210 677 1224 695 a
1252 669 1331 696 nobis
1359 669 1575 696 demonstratum
1600 671 1660 701 est,

874 713 956 749 idque
978 721 993 741 a
1021 713 1148 741 sensibus
1168 714 1275 742 ratione
1298 714 1436 741 destitutis
1449 713 1516 741 etlici
1533 717 1659 748 nequeat,

28 761 122 796 quippe
149 763 199 797 qui
222 762 305 791 falsas
324 765 403 792 nobis
422 765 564 800 opiniones
580 769 776 800 repraesentant
795 772 801 790 :
820 770 896 790 mens
909 770 975 789 sane
990 762 1052 792 erit,
1068 769 1129 796 qua:
1141 762 1246 789 ratione
1261 767 1358 789 cuncta
1378 761 1520 796 distinguit
1535 759 1583 796 [aL
1600 767 1661 794 qua:

28 815 130 835 omnem
146 809 283 837 rationem
304 810 445 847 discernit]
463 817 544 846 atque
567 811 708 846 dijudicat,
731 815 757 838 et
770 818 813 837 res
824 813 854 836 ut
871 816 963 836 revera
975 808 1225 843 suntfcognoscit;
1241 817 1317 835 mens
1333 813 1422 835 autem
1433 812 1475 834 est
1487 807 1584 834 animae
1597 814 1661 841 pars

28 858 127 884 ratione
143 858 274 886 dee0rata
285 866 317 886 ae
332 859 476 887 illustrala.
491 859 538 887 Est
552 868 615 895 ergo
629 859 719 887 anima
733 858 848 886 rationis
862 857 1006 892 particeps.

62 904 131 935 Ἔτι,
149 904 191 931 ὅτι
205 905 282 932 οὐδὲν
292 906 422 942 ποιοῦμεν
441 906 478 942 μὴ
493 905 624 942 πρότερον
640 906 745 937 ἑαυτοῖς
760 905 818 931 δια.-
833 908 854 935 Β
904 902 1011 929 Postrer

906 902 1066 934 Postremo,
1088 903 1152 936 quia
1183 903 1250 929 nihil
1271 902 1393 938 agimus,
1412 902 1485 936 quod
1507 908 1560 928 non
1585 901 1662 935 prius
1704 894 1710 903 ’

28 949 178 984 γράψαντες
187 960 194 966 ·
209 951 290 978 τοῦτο
305 952 344 984 δὲ,
359 952 435 979 οὐδὲν
447 952 541 988 ’ἐτερόν
553 952 651 987 ὲστινῆ
669 952 718 987 τῆς
731 951 820 987 ψυχῆς

29 994 150 1030 dittogr
175 996 237 1022 οὐδὲ
258 997 312 1033 γὰρ
325 997 424 1031 ἔξωθεν
449 999 517 1034 αὐτῇ
539 999 714 1033 προσγίνεται
731 998 746 1032 ἡ
765 997 819 1023 τῶν

28 1040 106 1067 ὄντων
119 1041 235 1077 εἴδησις,
250 1043 306 1069 ἀλλ’
318 1043 387 1079 αὑτὴ
398 1043 492 1079 ὥσπερ
501 1045 560 1076 ταῖς
574 1044 673 1080 ἑαυτῆς
688 1043 819 1075 ἐπινοίαις

28 1086 59 1112 τὰ
68 1087 130 1114 ὄντα
148 1090 258 1123 κοσμεῖ.
288 1089 336 1116 Διὰ
352 1089 431 1116 τοῦτο
450 1091 478 1116 ὲν
499 1091 582 1125 ἑαυτῇ
603 1090 818 1125 προαναζωγρα-

30 1132 110 1165 φοῦσα
128 1132 190 1168 [ἄλ.
208 1135 472 1172 προαναζωγραφεῖ]
490 1136 620 1172 πρότερον
640 1136 670 1163 τὸ
687 1137 813 1172 πρᾶγμα,

30 1175 74 1203 εἷθ’
88 1178 174 1212 οὓτως
188 1181 230 1212 εἰς
248 1180 326 1216 ἔργον
341 1181 461 1217 ἐκφέρει.
481 1182 601 1217 Ἀξίωμα
612 1182 639 1209 δὲ
655 1183 703 1217 τῆς
714 1182 814 1218 ψυχῆς,

31 1223 99 1249 οὐδέν
111 1224 184 1251 ἐστιν
201 1225 310 1260 ἕτερον,
325 1225 340 1261 ἦ
363 1226 393 1252 τὸ
417 1225 486 1261 μετὰ
505 1226 583 1261 λόγου
602 1227 691 1253 πάντα
713 1228 814 1254 ποιεῖν’

30 1271 107 1304 ταυτῇ
122 1269 177 1305 γὰρ
190 1271 240 1297 καὶ
252 1270 383 1306 διαφέρει,
393 1272 439 1298 καὶ
450 1271 503 1299 τῶν
511 1272 670 1308 αἰσθήσεων.
695 1273 815 1308 Ἐδείχοη

32 1314 79 1348 ἄρα
95 1315 190 1352 λογικὴ
208 1318 225 1352 ἡ
241 1316 312 1352 ψυχή
325 1317 384 1353 [ἄλ.
403 1317 489 1355 ταύτῃ
536 1318 590 1353 γὰρ
608 1319 745 1355 διαφέρειν
769 1319 816 1346 καὶ

32 1360 80 1386 τῶν
93 1361 257 1397 αἰσθήσεων.
279 1363 400 1399 Ἐδείχοη
415 1363 470 1400 ἆρα
485 1364 581 1399 λογικὴ
595 1365 610 1399 ἡ
624 1364 723 1400 ψυχή].

868 949 947 977 nobis
974 949 1025 984 ipsi
1045 949 1273 984 descripserimus
1298 953 1379 983 atque
1404 948 1608 980 delinierimus;
1633 947 1660 974 id

870 1000 961 1023 autem
976 996 1044 1023 nihil
1057 996 1131 1023 aliud
1147 1001 1188 1023 est
1203 1003 1285 1031 quam
1300 995 1399 1024 animae
1412 994 1547 1029 dignitas;
1561 994 1661 1028 quippe

868 1042 913 1070 cui
935 1049 990 1069 non
1014 1043 1184 1070 extrinsecus
1208 1041 1318 1069 advertit
1340 1049 1432 1068 rerum
1454 1039 1592 1075 cognitio,
1612 1039 1660 1067 sed

869 1088 929 1122 ipsa
951 1093 1081 1126 tanquam
1104 1088 1162 1115 suis
1177 1087 1338 1115 commentis
1351 1094 1383 1113 ac
1398 1086 1486 1113 sensis
1502 1092 1546 1112 res
1560 1089 1658 1116 ornat;

868 1138 895 1161 et
909 1133 968 1161 ideo
990 1133 1017 1160 in
1033 1134 1121 1169 seipsa
1137 1142 1194 1161 rem
1209 1138 1272 1161 ante
1286 1132 1407 1168 depingit
1423 1137 1505 1166 atque
1518 1130 1658 1162 describit,

868 1184 899 1208 ut
923 1180 963 1208 sic
986 1188 1046 1208 eam
1074 1185 1168 1215 postea
1195 1180 1221 1207 in
1253 1179 1373 1207 medium
1397 1177 1536 1213 proferat;
1561 1175 1660 1202 anima:

870 1234 953 1261 porro
971 1225 1100 1261 dignitas,
1122 1226 1190 1253 nihil
1203 1225 1277 1252 aliud
1290 1229 1332 1252 est
1348 1231 1430 1258 quam
1444 1222 1550 1250 ratione
1567 1221 1658 1248 omnia

870 1271 970 1304 facere,
991 1279 1044 1307 qua
1065 1272 1175 1306 quidem
1197 1271 1280 1299 etiam
1305 1278 1320 1298 a
1337 1270 1464 1298 sensibus
1479 1268 1578 1296 ditfert.
1591 1266 1660 1294 Ani-

870 1324 943 1344 mam
962 1316 1044 1352 igitur
1059 1317 1165 1344 ratione
1181 1317 1322 1352 praeditam
1336 1323 1407 1347 esse,
1419 1315 1476 1349 jam
1489 1314 1660 1340 demonstra-

869 1367 926 1389 tum
944 1367 985 1390 est
1000 1362 1050 1398 [ιιι.
1067 1362 1118 1390 hac
1133 1363 1205 1390 enim
1220 1363 1302 1390 etiam
1318 1369 1333 1389 a
1351 1361 1477 1389 sensibus
1489 1359 1597 1387 diﬂerre
1609 1358 1658 1386 de-

869 1414 1049 1437 monstratum
1060 1413 1110 1438 est.
1133 1410 1231 1436 Anima
1250 1409 1332 1444 igitur
1354 1408 1459 1436 ratione
1472 1407 1581 1443 praedita
1593 1404 1656 1441 ινδιξ

49 1502 1656 1521 W

270 1593 336 1658 S.
387 1593 770 1657 GREGORII
828 1593 1417 1658 THAUMATURGI

488 1722 816 1779 HOMILI/E
855 1721 1196 1790 QUATUOR

445 1829 548 1862 (Opera
561 1832 588 1857 S.
611 1833 723 1864 Gregorii
734 1833 919 1864 Thaumaturgi,
933 1833 974 1857 ed.
988 1832 1045 1857 Ger.
1058 1832 1148 1863 Vossii,
1160 1839 1184 1863 p.
1197 1832 1232 1864 9.)

662 1982 927 2029 HOMILIA
968 1985 986 2028 Ι

469 2079 505 2109 ln
534 2079 792 2126 Annuntiatione
811 2083 927 2111 sancte)
940 2079 1085 2119 Virginis
1102 2080 1221 2115 Mariae.

39 2159 89 2186 Τοῦ
107 2160 140 2187 ἐν
158 2161 256 2195 ἁγίοις
272 2161 387 2197 Πατρός
406 2159 490 2197 ἡμῶν
511 2160 677 2197 Γρηγορίπ
696 2160 818 2197 ὲπισκό-
830 2163 852 2192 C
873 2160 965 2197 Saycti
991 2161 1011 2187 P

906 2161 965 2197 uicti
991 2161 1080 2197 Patris
1104 2163 1188 2189 nostri
1209 2162 1329 2197 Gregorii
1351 2162 1465 2197 episcopi
1479 2161 1657 2191 Neocwsareilt

68 2202 122 2222 που
129 2196 362 2230 Νεοκαισαρείας
375 2196 502 2228 Πόντου,
511 2195 564 2222 τοῦ
575 2196 814 2230 Θαυματουργοῦ,

67 2232 108 2271 είς
122 2232 174 2271 {(3.1-
185 2230 414 2271 Ειὺαγῖ-ελιᾳμιξν
431 2230 661 2271 τῆςιὺπεραγξας
676 2231 815 2258 θεοτόκου

68 2267 217 2300 Παρθένου
248 2266 303 2300 τῆς
316 2266 442 2299 Μαρίας,
459 2266 549 2300 λόπυς
568 2266 691 2300 πρῶτος.

69 2321 189 2358 Σήμερον
203 2321 338 2357 ἀγγελικῇ
353 2320 503 2356 παρατάξει
518 2321 648 2356 ὐμνῳδίαι
663 2321 820 2358 φαιδρύνον-

39 2374 89 2400 ται,
111 2369 157 2395 καὶ
171 2368 203 2395 τὸ
215 2369 316 2403 φέγγος
330 2367 380 2402 τῆς
402 2367 447 2394 τοῦ
465 2367 583 2403 Χριστοῦ
600 2368 752 2404 παρουσίας
766 2369 820 2400 τοῖς

40 2415 137 2450 πιστοῖς
168 2414 388 2450 καταλάμπεται.
423 2413 546 2449 Σήμερον
578 2413 608 2440 τὸ
640 2414 730 2450 ἱλαρὸν
755 2415 821 2450 ἡμῖν

41 2458 100 2495 ἔαρ,
115 2461 231 2497 Χριστὸς
256 2461 270 2486 ὁ
291 2461 341 2496 τῆς
361 2459 533 2495 δικαιοσύνης
559 2459 633 2494 ἥλιος
655 2459 758 2496 φαιδρῷ
782 2460 821 2496 τῷ

42 2507 104 2538 φωτὶ
113 2508 187 2543 ἡμᾶς
201 2507 379 2543 περιέλαμψε,
410 2507 456 2533 καὶ
472 2506 520 2538 τὰς
532 2506 586 2533 τῶν
599 2507 701 2533 πιστῶν
717 2507 820 2539 ἐννοίας

43 2551 162 2586 ἐφώτισε.
202 2555 325 2590 Σήμερον
357 2555 371 2580 ὁ
395 2553 480 2589 Ἀδὰμ
509 2553 730 2580 ἁνακεκαίνισται
757 2554 818 2590 [ἄλ.

43 2598 238 2637 ἁνακέκληται],
250 2602 298 2628 καὶ
313 2601 419 2637 χορεύει
442 2600 498 2636 μετ’
515 2600 637 2636 ἀγγέλων
653 2601 693 2632 εἰς
707 2601 819 2637 οὐρανὸν

45 2644 227 2683 ἀνιπτάμενος.
264 2649 387 2684 Σήμερον
419 2648 549 2684 σύμπασα
582 2648 631 2683 τῆς
660 2647 820 2683 οἰκουμένης

44 2690 102 2724 γαῖα
113 2693 197 2730 χαρὰν
209 2694 394 2730 περιεϐάλετο,
408 2694 500 2729 ἐπειδὴ
514 2694 561 2720 τοῦ
575 2694 653 2728 ἁγίου
663 2694 820 2729 Πνεῦματος

46 2737 204 2776 ἐπιφοίτησις
230 2741 277 2775 ζείς
300 2739 459 2776 ἀνθρώπους
501 2740 607 2775 γέγονε.
652 2741 774 2776 Σήμερον
803 2742 819 2776 ὴ

47 2782 100 2811 θεία
114 2786 200 2822 χάρις,
214 2786 268 2813 τῶν
284 2786 432 2822 ἀοράτωνὴ
448 2786 525 2818 ἐλπὶς
541 2787 685 2822 διαλάμπει
701 2787 735 2814 τὰ
750 2787 819 2823 ὑπὲρ

50 2827 141 2858 εννοιπν
166 2832 303 2868 θαύματα,
326 2832 356 2860 τὺ
381 2832 430 2860 ἀπ’
452 2831 548 2864 αἰῶνος
576 2833 819 2868 ἀποκεκρυμμένον

905 2196 1003 2229 Ponti,
1022 2196 1230 2232 Tlmumaturgi,
1254 2196 1282 2224 ἷη
1295 2196 1528 2225 Anmtnliationem
1542 2199 1656 2225 sanctis-

907 2232 981 2258 sima:
995 2232 1044 2259 Dei
1056 2233 1191 2266 genitricis
1213 2232 1327 2267 Virginis
1344 2233 1449 2266 Marica,
1464 2241 1548 2260 sermo
1564 2233 1589 2260 Ι.

907 2320 993 2349 Hodie
1009 2321 1043 2348 ab
1054 2321 1183 2357 angelicis
1198 2322 1289 2348 choris
1300 2321 1393 2349 laudes
1410 2322 1507 2350 divinw
1517 2323 1657 2350 celebran-

870 2375 914 2397 tur
925 2389 932 2402 ,
956 2374 983 2396 et
1004 2369 1094 2395 lumen
1108 2368 1210 2395 Christi
1225 2368 1358 2395 adventus
1372 2368 1496 2396 ﬁdelibus
1513 2369 1655 2397 illucescit.

870 2416 956 2444 Hodie
969 2417 1060 2445 lartum
1075 2416 1154 2443 nobis
1169 2424 1216 2443 ver
1228 2435 1236 2447 ,
1254 2415 1380 2443 Christus
1396 2416 1436 2442 s01
1448 2415 1560 2451 justitize
1577 2416 1655 2443 all‘ul-

870 2464 924 2496 sit,
942 2471 974 2490 ac
988 2463 1062 2490 claro
1076 2470 1127 2490 nos
1141 2462 1244 2489 lumine
1268 2462 1437 2490 collustravit
1449 2483 1456 2495 ,
1483 2462 1657 2496 ﬁdeliumque

870 2514 975 2537 mentes
988 2509 1161 2536 illuminavit.
1179 2507 1264 2536 Hodie
1277 2514 1424 2535 renavatur
1437 2507 1487 2544 [αι.
1501 2507 1658 2544 revocatur}

870 2556 966 2587 Adam,
981 2561 1007 2583 et
1019 2557 1119 2584 choros
1134 2564 1195 2584 cum
1209 2555 1312 2590 angelis
1326 2555 1398 2590 agit,
1414 2555 1440 2582 in
1452 2555 1550 2582 omium
1565 2555 1658 2582 subla-

870 2608 924 2630 tus.
943 2602 1031 2630 Hodie
1044 2607 1116 2630 totus
1132 2607 1267 2630 terrarum
1289 2602 1364 2630 orbis
1378 2602 1486 2638 gaudio,
1510 2602 1546 2630 οι)
1560 2604 1658 2630 adven-

870 2654 927 2676 tum
951 2648 1069 2683 Spiritus
1091 2649 1178 2676 saneti
1194 2650 1220 2675 in
1238 2649 1372 2680 homines.
1389 2649 1483 2683 plenus
1495 2655 1547 2677 est.
1571 2648 1657 2677 Hodie

870 2696 961 2723 divina
976 2695 1072 2730 gratia.
1087 2702 1149 2730 spes
1165 2695 1341 2729 invisibilitnn
1356 2696 1473 2731 ell‘ulget,
1485 2700 1511 2723 et
1525 2696 1656 2724 miracula

870 2749 931 2777 qua:
948 2746 1065 2769 mentem
1084 2747 1166 2776 atque
1177 2742 1382 2777 intelligentiam
1398 2746 1536 2778 superant,
1554 2747 1655 2777 myste-

870 2789 995 2822 riumque
1021 2787 1093 2822 quod
1119 2787 1153 2814 ab
1171 2793 1273 2814 teterno
1289 2789 1454 2816 occultatum
1479 2788 1539 2822 fuit,
1566 2788 1654 2823 palam

872 2834 951 2862 nobis
966 2833 1040 2863 facit.
1066 2833 1151 2862 Hodie
1173 2835 1298 2868 perennis
1315 2835 1421 2863 virtutis
1435 2840 1561 2862 texuntur
1573 2841 1652 2862 coro-
