1844 3047
37 120 100 146 1H9

684 166 691 192 ι

477 122 619 150 HOMILIA
639 121 650 149 Ι
669 122 702 149 ΙΝ
724 122 937 150 ΔΝΝΠΝἸῚΑΤ,
961 122 1050 150 VIRG.
1067 121 1197 149 MARIAS.

1572 123 1642 152 “50

34 180 62 206 οὐ
79 178 207 215 πρότερον
224 180 239 215 ἡ
256 179 320 213 ἁγία
329 180 358 206 τὺ
374 179 459 216 δῶρον
479 182 660 218 ἐκαρτέρησεν
680 178 761 209 ὗποόέ

915 182 1076 210 edictionem
1092 180 1261 216 apportasti?
1276 179 1316 207 Ex
1327 179 1479 215 cujusmodi
1495 180 1640 214 theSAuris,

34 225 100 257 σθαι,
116 226 180 260 πρὶν
197 225 230 252 ἂν
248 226 319 262 μάθῃ
326 226 367 258 τίς
378 227 392 253 6
406 227 521 262 πέμπων
531 248 538 260 ,
562 229 608 255 καὶ
622 229 649 255 τί
668 229 698 254 τδ
711 229 807 264 δῶρον,

33 271 75 296 καὶ
89 270 128 301 τις
139 271 153 296 ὁ
164 270 262 306 φέρων.
277 270 368 297 Ταῦτα
381 271 442 298 καθ’
457 272 556 308 ἑαυτὴν
575 273 697 309 διηπόρει
710 275 726 310 ἠ
743 274 808 309 ἁγία

33 316 149 350 λέγουσα,
165 317 241 352 φησὶ,
258 316 325 352 πρὸς
339 317 384 344 τὸν
398 317 526 352 ἄγγελον·
543 319 626 345 Πόθεν
641 320 705 354 ἡμῖν
723 320 808 352 οὕτως

32 361 76 396 τὴν
87 360 208 394 εὐλογίαν
223 360 398 396 ἐξεκόμισαςς
421 363 468 389 Ἐκ
486 363 569 389 ποίων
580 365 646 399 ἡμῖν
665 364 808 399 θησαυρῶν

31 408 44 433 ὁ
60 406 227 442 μαργαρίτης
243 405 291 432 τοῦ
312 406 390 440 λόγου
410 407 592 442 ἀπέσλέαλταη
616 409 700 436 Πόθεν
714 410 778 444 ἡμῖν
790 411 807 444 ἡ

31 451 111 487 δωρεὰ
130 451 178 487 τὴν
195 451 321 479 ὑπόθεσιν
342 452 401 488 [ἄλ.
419 453 580 489 ὑπόσχεσιν]
604 454 741 489 κέκτηται.
763 454 807 487 Ἐξ

31 497 134 532 οὐρανοῦ
150 498 348 532 παραγέγονας,
364 498 422 525 ἀλλ’
438 500 483 526 ὲπὶ
498 500 549 535 γῆς
559 500 675 535 βαδίζεις
685 509 691 515 ·
701 500 806 537 ἀνθρώ-

31 552 76 570 που
95 544 254 579 χαρακτῆρα
281 544 459 576 ἐπιδεικνύεις
473 564 480 576 ,
503 545 550 571 καὶ
575 545 703 580 λαμπάδα
719 546 807 580 φωτὸς

31 590 234 625 ἁπαστράπτεις.
262 590 354 617 Ταῦτα
366 591 406 620 ,ὲν
435 592 517 626 ἑαυτῇ
547 593 563 626 ὴ
585 592 649 625 ἁγία
668 592 804 624 διενοεῖτο,

29 635 148 667 τοιούτοις
161 635 189 661 δὲ
204 636 291 670 λόγοις
304 637 318 662 6
333 637 501 672 ἀρχάγγελος
516 637 564 672 τὴν
576 637 710 673 διάκρισιν
722 637 805 673 αὐτῆς

30 682 122 713 ἔλυσεν,
138 681 221 709 εἰπὼν
233 682 300 718 πρὸς
317 683 413 718 αὐτήν*
430 683 551 717 Πνεῦμα
573 683 658 717 ἅγιον
682 684 805 710 ἐπελεύ-

29 735 104 755 σεται
123 728 172 754 ἐπὶ
191 728 229 754 σὲ
241 748 249 762 ,
267 727 315 755 καὶ
336 728 461 763 δύναμις
479 729 620 763 Ὑψίστου
634 729 805 757 ἐπισκιάσει

29 783 80 801 σοι.
97 774 144 801 Διὸ
156 774 205 801 καὶ
219 775 252 801 τὸ
264 774 451 809 γεννώμενον
463 774 497 801 ἐκ
510 775 567 801 σοῦ
580 774 680 809 ἅγιον,
695 775 805 810 κληθή-

28 827 103 846 σεται
118 819 183 852 Υἱὸς
193 820 276 848 Θεοῦ.
296 820 350 847 Καὶ
361 819 404 854 μὴ
421 820 524 854 φοϐοῦ,
541 819 658 855 Μαριάμ
669 829 675 836 ·
697 821 727 848 οὐ
748 820 802 857 γὰρ

29 866 94 901 φὸὃῳ
105 865 275 901 καταπλῆξαι
288 874 318 892 σε
333 866 517 901 παραγέγονα,
529 866 586 893 ἀλλ’
597 866 743 899 ἀποδιῶξαι
756 867 801 894 τοῦ

27 909 99 943 φόϐου
111 909 158 944 τὴν
173 909 310 937 ὑπόθεσιν.
326 909 376 944 Μὴ
386 911 490 945 φόϐου,
504 910 621 946 Μαριάμ
630 920 636 926 ·
649 909 734 946 εὗρες
748 912 803 946 γὰρ

27 955 104 991 χάριν
112 956 192 990 παρά
206 956 246 989 τῷ
267 956 337 989 Θεῷ.
350 957 405 993 Τὴν
415 957 495 993 χάριν
509 958 579 984 κατὰ
595 958 674 992 φύσιν
689 959 725 994 μὴ
737 959 802 986 ἀνά-

26 1010 102 1036 κρινε.
116 1002 217 1038 Νόμοις
233 1002 300 1038 [ἀλ.
312 1002 404 1039 νόμῳ]
414 1003 468 1038 γὰρ
484 1004 600 1038 φύσεως,
614 1005 631 1039 ἡ
647 1005 726 1040 χάρις
738 1005 803 1031 ὑπο-

26 1046 117 1074 ϐαίνειν
127 1049 177 1074 οὐκ
187 1049 323 1084 ἀνέχεται.
340 1049 456 1083 Ἐγνως,
467 1046 489 1076 ὦ
499 1049 625 1086 Μαριὰμ,
635 1050 669 1077 τὰ
681 1052 743 1083 τοὺς
752 1060 803 1078 πα-

24 1093 145 1128 τριάρχας
160 1094 208 1120 καὶ
221 1095 361 1130 προφήτας
384 1094 557 1123 λανθάνοντα.
581 1096 762 1132 Μεμάθηκας,
779 1094 801 1124 ὦ

25 1137 144 1173 Παρθένε,
157 1139 174 1166 ἃ
192 1139 273 1175 μέχρι
289 1139 336 1166 τοῦ
355 1140 402 1166 νῦν
420 1141 596 1178 κεκρυμμένα
619 1141 665 1168 καὶ
680 1143 735 1174 τοῖς
753 1143 802 1177 ἀγ-

25 1183 102 1217 γέλοις
115 1185 271 1220 ἐτύγχανον.
295 1186 439 1221 Ἀκήκοας,
460 1183 482 1213 ὦ
500 1187 628 1221 παναγία,
642 1184 680 1214 ὧν
696 1188 801 1215 οὐδέπω

23 1231 36 1256 ό
49 1231 120 1266 χορὸς
135 1231 187 1258 τῶν
210 1231 347 1267 θεοφόρων
362 1231 484 1266 ἠξίωται.
503 1233 623 1269 Μωῡσῆς
640 1234 686 1261 καὶ
709 1234 799 1268 Δαϐὶδ,

24 1277 65 1302 καὶ
86 1276 214 1310 Ἡσαΐας,
233 1277 280 1304 καὶ
304 1277 411 1314 Δανιὴλ,
428 1278 475 1305 καὶ
493 1278 592 1310 πάντες
616 1280 640 1305 οἱ
664 1281 801 1315 προφῆται

25 1322 80 1357 περὶ
94 1322 173 1349 αὐτοῦ
195 1322 404 1359 προεκήρυξαν”
428 1324 495 1351 ἀλλὰ
521 1325 551 1351 τὸ
577 1325 652 1358 πῶς,
671 1326 720 1352 οὐκ
739 1326 799 1353 ἐπί-

25 1376 117 1397 σταντο.
129 1370 163 1397 Σὺ
176 1370 204 1396 δὲ
221 1371 300 1406 μόνη,
316 1367 338 1397 ὦ
358 1370 481 1405 παναγία
496 1371 628 1407 Παρθένε,
647 1371 682 1398 τὰ
697 1371 800 1403 τούτοις

24 1414 113 1443 ἅπασιν
126 1416 295 1451 ἀγνοηθέντα
312 1417 461 1452 μυστήρια,
473 1416 520 1444 νῦν
534 1417 661 1453 ὑποδέχῃ,
675 1418 720 1444 καὶ
734 1426 800 1453 μαν-

24 1459 103 1493 θάνεις
191 1462 332 1497 ὑποδέχου,
348 1463 393 1489 καὶ
410 1462 545 1498 μάνθανε]
561 1463 591 1490 τὸ
607 1463 697 1490 πόθεν.
713 1464 798 1490 Ὅπου

23 1506 69 1542 γὰρ
80 1507 187 1543 Πνεῦμα
196 1508 283 1542 ἅγιον,
292 1509 381 1536 πάντα
389 1508 504 1543 ἑτοίμως
517 1510 703 1545 κατήρτισται.
712 1510 797 1536 ’Ὀπου
812 1523 833 1551 C

23 1551 75 1579 θεία
86 1553 172 1590 χάρις,
196 1554 286 1581 πάντα
306 1554 345 1590 τῷ
360 1555 419 1591 Θεῷ
433 1555 542 1583 δυνατά.
569 1555 665 1590 "Ay-tor
678 1555 800 1590 Πνεῦμα

22 1598 110 1626 ὲπὶσὲ
119 1600 330 1633 ἐπελεύσεται,
350 1602 400 1628 καὶ
423 1601 549 1636 δύναμις
584 1602 722 1636 Ὑψίστου
738 1601 800 1628 ἐπι-

22 1644 128 1672 σκιάσει
139 1654 201 1673 σοι’
219 1647 264 1673 διὸ
278 1647 368 1674 καὶτὸ
381 1647 567 1682 γεννώμενον
579 1647 613 1674 ἐκ
630 1647 687 1674 σοῦ
702 1647 797 1681 ἅγιον,

22 1692 191 1724 κληθήσεται
216 1692 282 1725 Υἱὸς
294 1693 376 1720 Θεοῦ.
397 1694 428 1719 ΕΞ
443 1693 471 1720 δὲ
486 1693 550 1725 Υἱὸς
561 1690 629 1719 Θεοῦ
641 1713 648 1725 ,
664 1694 711 1719 καὶ
721 1693 797 1727 Θεὸς,

22 1735 169 1772 σύμμορφος
181 1737 221 1773 τῷ
232 1738 328 1774 Πατρὶ,
344 1738 391 1765 καὶ
407 1738 554 1770 συναῒδιος,
570 1738 598 1765 ἐν
612 1734 634 1771 ᾧ
648 1738 737 1764 πᾶσαν
752 1737 798 1764 κέ-

22 1790 108 1817 κτηται
123 1784 137 1809 ὁ
157 1784 254 1819 Πατὴρ
275 1784 324 1819 τὴν
341 1784 509 1820 φανέρωσιν·
527 1785 541 1810 6
565 1783 707 1819 χαρακτὴρ
719 1784 747 1810 ὲν
759 1783 798 1818 τῷ

22 1828 148 1865 προσώπῳ
161 1850 168 1862 ,
188 1830 236 1856 καὶ
258 1829 301 1857 διὰ
315 1830 362 1856 τοῦ
373 1830 589 1865 ἀπαυγάσματος
607 1831 624 1865 ἡ
640 1829 703 1863 δόξα
713 1838 798 1856 κοιτα-

20 1873 153 1909 λάμπεται.
168 1876 225 1902 Καὶ
237 1875 331 1911 ὥσπερ
345 1876 377 1902 ἐκ
392 1877 442 1912 τῆς
456 1875 568 1902 ἁεννάου
585 1875 676 1910 πηγῆς
697 1876 720 1901 οί
747 1883 796 1901 πο-

19 1921 92 1955 ταμοὶ
108 1921 309 1957 προέρχονται·
328 1921 414 1953 οὕτως
436 1921 484 1948 καὶ
501 1921 535 1947 ἐκ
549 1920 650 1955 ταύτης
670 1921 719 1956 τῆς
736 1921 798 1946 ἀεν-

19 1966 75 1992 νᾶου
100 1967 144 1993 καὶ
158 1966 273 1998 ἀειζώου
285 1967 387 2003 πηγῆς,
400 1967 563 2002 προέρχεται
576 1966 606 1992 τὸ
618 1965 674 2000 φῶς
688 1966 734 1992 τοῦ
749 1966 796 1992 κό-

20 2019 90 2046 σμου,
103 2012 132 2038 τὸ
141 2012 254 2039 ἀένναον
266 2013 313 2039 καὶ
323 2011 459 2048 ἀληθινὸν,
475 2012 592 2048 Χριστὸς
602 2011 617 2037 ὁ
633 2011 698 2043 Θεὸς
707 2011 793 2047 ἡμῶν.

21 2056 80 2092 Περὶ
93 2058 193 2094 ταύτης
207 2058 261 2094 γὰρ
275 2059 298 2085 οἱ
314 2059 449 2094 προφῆται
463 2059 630 2094 κεκράγασιν
640 2066 646 2073 ·
672 2057 726 2084 Τοῦ
741 2066 794 2084 πυ-

19 2105 101 2137 τιιμοῦ
120 2106 157 2132 τὰ
174 2104 328 2140 ὀρμήματα
342 2106 537 2140 εὐφραίνουσι
557 2104 617 2140 [γρ.
632 2104 665 2131 τὸ
679 2104 795 2139 ὅρμημα

19 2150 174 2187 εὐφραίνει]
200 2151 258 2186 τὴν
279 2152 370 2179 πόλιν
381 2152 435 2179 τοῦ
456 2151 530 2178 Θεοῦ
542 2160 548 2166 ’
568 2151 599 2177 οὐ
621 2151 685 2186 μίαν
699 2150 727 2177 δὲ
743 2150 792 2177 πό-

19 2194 63 2228 λιν,
76 2197 141 2224 ἀλλὰ
153 2198 260 2229 πάσας·
278 2197 372 2234 ὥσπερ
386 2197 440 2232 γὰρ
465 2196 528 2232 μίαν
546 2196 638 2229 πόλιν,
655 2196 794 2231 εὐφραίνει
809 2190 833 2219 Ῑ)

19 2240 60 2276 τὴν
73 2243 233 2279 οἰκουμένην
246 2243 363 2271 ἃπασαν.
381 2243 541 2279 Πρεπόντως
552 2243 640 2270 τοίνυν
654 2244 668 2270 6
679 2243 793 2278 ἄγγελος

19 2284 72 2320 [ἀλ.
88 2288 273 2326 ἀρχάγγελος]
287 2291 319 2325 τῇ
343 2289 409 2324 ἁγίᾳ
430 2289 524 2324 Μαρίᾳ
547 2289 677 2324 Παρθένῳ
697 2289 793 2326 πρώτῃ

21 2333 129 2366 πάντων,
144 2335 189 2362 τό·
210 2335 307 2369 Χαῖρε,
321 2335 549 2370 κεχαριτωμένη,
568 2336 584 2362 ὁ
598 2335 706 2369 Κύριος
719 2336 794 2370 μετὰ

19 2379 80 2412 σοῦ,
94 2381 283 2417 προεσήμανεν
294 2389 301 2396 ·
317 2381 410 2416 ἐπειδή
429 2380 487 2416 μετ’
498 2381 582 2416 αὐτῆς
594 2381 653 2413 ὅλος
662 2382 676 2407 6
691 2381 793 2417 θησαυ-

19 2424 59 2459 ρὸς
72 2426 120 2461 τῆς
135 2427 246 2463 χάριτος
261 2427 428 2453 ἐναπέκειτο.
450 2426 498 2453 Ἐκ
511 2425 604 2453 πασῶν
621 2427 676 2463 γὰρ
691 2428 790 2462 γενεῶν

19 2469 77 2507 αὕτη
93 2472 158 2508 μόνη
174 2473 308 2508 παρθένος
321 2472 387 2506 ἁγία
408 2471 514 2507 σώματι
533 2471 579 2498 καὶ
599 2472 731 2508 πνεύματι
746 2473 792 2507 γέ-

19 2523 103 2548 γονεν·
121 2518 168 2545 καὶ
182 2518 249 2554 μόνη
264 2518 340 2554 φέρει
352 2518 397 2544 τὸν
412 2517 446 2544 τὰ
460 2517 548 2544 πάντα
560 2516 598 2553 τῷ
621 2518 722 2553 ῥήματι
744 2519 792 2553 φέ-

21 2570 101 2596 ροντα.
118 2564 174 2591 Καὶ
186 2565 218 2591 οὺ
240 2564 319 2599 μόνον
330 2561 479 2598 θαυμάζειν
500 2562 573 2589 ἔστιν
596 2562 627 2588 τὸ
646 2563 696 2597 τῆς
712 2563 791 2597 ἁγίας

19 2607 44 2633 τὸ
56 2608 82 2635 ὲν
97 2609 202 2646 σώματι
225 2610 333 2641 κάλλος·
351 2608 419 2636 ἀλλὰ
433 2608 481 2636 καὶ
500 2607 550 2642 τῆς
565 2607 654 2642 ψυχῆς
669 2608 715 2635 τὸν
731 2608 792 2636 ὲνὰν

20 2661 87 2688 ρετον
107 2656 217 2690 τρόπον.
240 2656 286 2682 Διὸ
306 2655 355 2683 καὶ
368 2655 416 2682 ’τό⁸
439 2653 537 2688 Χαῖρε,
553 2653 789 2688 κεχαριτωμένη,

19 2700 78 2736 αὐτῇ
93 2701 188 2738 πρώτῃ
198 2702 212 2728 6
227 2701 339 2736 ἅγγελος
365 2699 427 2736 [ἀλ.
453 2699 630 2736 ἀρχάγγελος]
650 2699 791 2735 προσεφώ-

19 2753 105 2779 νησεν·
128 2747 155 2773 '0
167 2748 273 2781 Κύριος
285 2748 360 2782 μετὰ
374 2746 443 2779 σοῦ,
457 2747 503 2773 καὶ
513 2746 544 2774 οὺ
558 2746 651 2781 γήϊνος
667 2745 789 2781 νυμφίος·

817 853 841 883 Β

48 2826 68 2841 ⁸⁷
87 2827 158 2857 Psal.
182 2835 232 2858 xu
245 2847 252 2861 ,
275 2829 301 2859 5,

860 229 937 256 verbi
960 227 1105 263 margarita
1120 227 1199 254 nobis
1215 226 1315 254 emissa
1328 227 1386 254 est?
1410 226 1485 254 Unde
1499 228 1578 255 nobis
1593 228 1644 255 do-

860 282 924 302 num
945 274 1088 302 materiam
1109 273 1158 310 [αι.
1172 272 1348 309 promissum]
1374 273 1497 308 paravit?
1517 273 1557 300 Ex
1573 274 1642 301 caelo

860 321 1012 354 advenisti,
1035 325 1063 347 at
1081 320 1109 347 in
1130 324 1200 347 terra
1218 320 1337 352 incedis;
1355 320 1501 347 humanam
1525 319 1640 347 formam

858 367 980 400 exhibes,
992 372 1020 394 et
1033 366 1102 393 lucis
1118 365 1224 401 fulgore
1237 365 1404 400 resplendes.
1420 365 1483 392 Haec
1495 365 1558 393 dum
1569 365 1639 392 intra

858 419 894 439 se-
901 412 1035 448 cogitaret
1053 411 1225 438 sanctissima
1240 409 1332 444 Virgo,
1348 409 1449 436 talibus
1463 408 1639 443 arcliangelus

857 458 1030 486 sermonibus
1052 456 1280 491 disceptationem
1304 455 1363 490 ejus
1385 456 1483 488 solvit,
1501 455 1593 482 dicens
1605 455 1638 482 ad

857 504 944 539 ipsam
958 513 964 530 :
983 502 1100 538 Spiritus
1113 507 1222 530 sanctus
1242 502 1401 537 superveniet
1417 502 1444 528 in
1455 507 1480 529 te
1491 522 1498 534 ,
1513 506 1537 528 et
1555 502 1638 528 virtus

856 549 989 576 Altissimi
1003 548 1168 576 obumbrabit
1182 548 1239 574 tibi.
1276 547 1337 574 Ideo
1351 552 1376 574 et
1389 548 1458 582 quod
1472 553 1592 574 nascetur
1605 554 1638 574 ea:

857 599 881 621 te
895 599 1026 628 sanctum,
1040 592 1175 621 vocabitur
1191 593 1279 621 Filius
1293 593 1558 627 Dei.Et,Netimeas,
1574 593 1636 620 Ma-

856 640 920 666 ria:
936 647 990 667 non
1011 638 1081 666 enim
1099 643 1128 666 ut
1143 643 1245 666 metum
1268 639 1316 666 tibi
1337 639 1502 673 incuterem,
1520 639 1635 673 adveni;

859 685 907 712 sed
922 689 952 711 ut
964 689 1052 712 metus
1069 685 1208 712 materiam
1221 688 1273 712 ate
1287 685 1453 719 repellerem.
1479 684 1519 712 Ne
1532 686 1634 718 timeas,

855 731 964 758 Maria:
978 730 1099 757 invenisti
1114 730 1181 756 enim
1193 731 1306 764 gratiam
1321 730 1389 764 apud
1404 730 1495 756 Deum.
1515 729 1553 757 Ne
1565 731 1637 765 diju-

855 775 930 803 dices
944 775 1058 811 gratiam
1074 775 1222 810 secundum
1238 779 1372 802 naturam.
1399 775 1515 810 Legibus
1534 775 1582 811 [αι.
1599 776 1637 802 le-

856 821 894 857 gi]
911 822 983 849 enim
997 826 1102 849 natura;
1131 830 1159 849 se
1177 821 1273 855 subjici
1288 822 1373 856 gratia
1389 830 1442 848 non
1455 822 1565 856 patitur.
1581 821 1636 849 No-

855 867 901 898 sti,
918 874 935 894 o
945 866 1040 900 Maria,
1057 874 1117 902 qum
1130 867 1300 902 patriarchas
1312 872 1338 894 et
1350 867 1496 902 prophetas
1507 867 1634 894 latebant.

854 912 989 945 Didicisti,
1006 920 1022 939 ο
1036 912 1127 948 Virgo,
1141 920 1202 947 quae
1217 912 1306 940 adhuc
1318 913 1420 948 angelis
1431 913 1512 940 etiam
1528 912 1637 940 fuerunt

853 958 1024 986 abscondita.
1050 958 1175 990 Audisti,
1190 966 1206 986 ο
1224 959 1405 990 sanctissima,
1423 967 1482 993 quae
1496 966 1635 994 nunquam

852 1004 944 1031 divino
972 1000 1251 1039 Spiritu'aﬂlatorum
1279 1004 1378 1032 chorus
1405 1005 1500 1032 audire
1525 1005 1634 1032 meruit.

852 1049 958 1085 Moyses
973 1055 999 1077 et
1013 1049 1097 1077 David
1109 1070 1116 1083 ,
1135 1050 1218 1078 Isaias
1232 1058 1264 1077 ac
1277 1049 1369 1078 Daniel
1381 1072 1388 1084 ,
1414 1051 1558 1086 cunctique
1573 1059 1635 1086 pro-

851 1095 939 1130 pheta:
961 1096 995 1123 de
1018 1095 1077 1131 ipso
1092 1096 1307 1130 prmdicaverunt
1323 1105 1330 1130 ;
1349 1097 1396 1124 sed
1420 1097 1529 1124 modum
1552 1098 1635 1124 ratio-

853 1147 950 1168 nemve
973 1141 1145 1176 ignorarunt.
1171 1139 1212 1167 Tu
1237 1148 1302 1168 vero
1325 1141 1400 1174 sola,
1427 1150 1443 1168 ο
1461 1142 1634 1169 sanctissima

852 1184 935 1221 Virgo
946 1206 953 1219 ,
977 1193 1037 1222 quae
1056 1187 1098 1214 his
1114 1186 1242 1213 omnibus
1263 1186 1353 1221 ignota
1369 1186 1478 1214 fuerunt
1494 1188 1632 1222 mysteria,

851 1223 925 1260 nunc
938 1233 1055 1267 suscipis
1068 1252 1075 1264 ,
1091 1240 1258 1267 causamque
1274 1233 1401 1267 intelligis
1416 1233 1464 1268 [aL
1482 1233 1588 1268 suscipe
1606 1238 1634 1261 et

851 1278 991 1313 intellige].
1018 1278 1085 1305 Nam
1102 1278 1147 1305 ubi
1161 1277 1275 1313 Spiritus
1290 1283 1410 1310 sanctus,
1423 1283 1523 1306 cuncta
1538 1286 1632 1313 prom-

850 1328 895 1358 pte
921 1327 1002 1358 atque
1028 1322 1218 1350 incunctanter
1245 1322 1431 1357 perﬁciuntur.
1465 1321 1516 1349 Ubi
1543 1322 1633 1349 divina

851 1370 927 1397 adest
949 1370 1052 1405 gratia,
1078 1370 1170 1396 omnia
1184 1368 1239 1396 Deo
1257 1372 1320 1395 sunt
1341 1368 1489 1403 possibilia.
1515 1366 1636 1407 Spiritus

850 1420 957 1443 sanctus
975 1416 1133 1450 superveniet
1155 1416 1182 1442 in
1196 1420 1219 1443 te
1229 1436 1235 1447 ,
1256 1420 1279 1442 et
1293 1415 1375 1442 virtus
1390 1414 1521 1440 Atlissimi
1539 1414 1631 1440 obum-

850 1462 936 1489 brabit
962 1461 1009 1489 tibi
1030 1470 1039 1489 :
1063 1462 1121 1488 ideo
1144 1467 1167 1488 et
1190 1462 1259 1497 quod
1282 1465 1403 1488 nascetur
1414 1469 1446 1487 ea:
1465 1465 1489 1487 te
1500 1465 1630 1492 sanctum,

850 1508 984 1534 vocabitur
1007 1507 1095 1535 Filius
1118 1507 1178 1535 Dei.
1212 1507 1240 1534 Si
1260 1512 1349 1534 autem
1364 1506 1449 1533 Filius
1465 1505 1525 1539 Dei,
1548 1505 1630 1532 etiam

851 1554 932 1587 Deus,
945 1553 1068 1588 ejusdem
1082 1553 1176 1580 forma:
1190 1560 1252 1580 cum
1270 1551 1349 1579 Patre
1359 1572 1366 1584 ,
1381 1556 1408 1578 et
1422 1555 1588 1583 comtemus;
1603 1550 1630 1577 in

850 1608 905 1636 quo
919 1607 1026 1627 omnem
1040 1599 1122 1626 Pater
1137 1599 1258 1634 possidet
1272 1597 1509 1630 clariticationem;
1532 1597 1630 1624 chara-

849 1651 906 1675 cter
929 1651 1011 1681 atque
1035 1646 1125 1681 imago
1148 1645 1174 1672 in
1193 1652 1327 1679 persona;
1351 1648 1378 1670 et
1398 1650 1445 1678 per
1459 1642 1630 1677 splendorem

849 1693 933 1726 gloria
945 1691 1070 1727 refulget.
1095 1691 1129 1718 Et
1143 1690 1372 1725 quemadmodum
1387 1697 1419 1716 ex
1431 1688 1542 1723 perenni
1557 1688 1631 1714 fonte

848 1738 1000 1774 procedunt
1013 1737 1136 1770 ﬂumina,
1150 1737 1190 1763 sic
1204 1740 1231 1764 et
1245 1743 1278 1763 ex
1290 1736 1342 1763 hoc
1357 1734 1468 1770 perenni
1482 1742 1513 1761 ac
1525 1741 1630 1768 semper

848 1784 910 1811 vivo
927 1783 1011 1815 fonte,
1028 1782 1200 1818 progreditur
1214 1781 1341 1816 perennis
1353 1785 1379 1808 et
1390 1788 1451 1808 vera
1464 1780 1509 1807 lux
1524 1779 1629 1811 mundi,

848 1829 974 1857 Christus
991 1829 1063 1857 Deus
1075 1833 1177 1856 noster.
1198 1828 1234 1855 De
1246 1836 1278 1855 eo
1294 1835 1412 1862 namque
1427 1827 1565 1861 prophetae
1580 1826 1631 1852 cla-

847 1881 958 1903 marunt
971 1885 977 1903 :
991 1875 1125 1902 Fluminis
1135 1877 1245 1910 impetus
1256 1875 1374 1909 laetificat
1386 1874 1517 1900 civitatem
1528 1873 1576 1899 Dei
1586 1873 1608 1889 ⁸⁷
1622 1889 1630 1902 ,

847 1930 942 1957 neque
961 1929 1042 1949 unam
1066 1921 1199 1949 duntaxat
1212 1921 1361 1952 civitatem,
1377 1920 1423 1947 sed
1436 1927 1548 1951 omnes;
1567 1925 1629 1945 nam

847 1968 918 1996 sicut
933 1975 1015 1994 unam
1028 1966 1177 1999 civitatem,
1193 1966 1349 1992 universum
1364 1968 1499 1991 terrarum
1513 1962 1631 1989 laetiﬁcat

846 2015 950 2042 orbem.
984 2013 1182 2040 Convenicnter
1198 2012 1279 2047 igitur
1294 2011 1406 2046 angelus
1418 2009 1467 2045 [αι.
1482 2009 1630 2042 archange-

846 2059 900 2095 lus]
917 2063 1018 2087 sancta:
1031 2058 1123 2085 Mariae
1138 2057 1260 2093 Virgini,
1276 2057 1366 2092 primo
1384 2056 1504 2083 omnium
1516 2075 1523 2086 ,
1541 2054 1606 2080 illud
1620 2063 1627 2081 :

846 2106 908 2136 Are,
924 2104 1012 2139 gratia
1025 2103 1112 2138 plena,
1130 2103 1260 2130 Dominus
1281 2106 1374 2134 tecum,
1392 2099 1626 2135 praesigniﬁcavit:

846 2150 976 2185 quoniam
988 2157 1051 2177 cum
1067 2149 1127 2184 ipsa
1142 2153 1213 2176 totus
1230 2148 1323 2184 gratia:
1346 2147 1490 2174 thesaurus
1502 2143 1626 2171 recondi-

846 2201 890 2224 tus
901 2200 969 2223 erat.
987 2195 1026 2222 Ex
1039 2195 1167 2222 omnibus
1184 2194 1256 2221 enim
1272 2191 1502 2228 generationibus,
1516 2190 1573 2216 hzrc
1585 2196 1629 2216 so-

847 2242 872 2269 la
887 2242 972 2276 virgo,
989 2245 1083 2269 sancta
1099 2247 1212 2274 corpore
1228 2244 1254 2266 et
1272 2239 1368 2273 spiritu
1388 2237 1501 2268 exstitit,
1516 2236 1627 2270 solaque

846 2287 898 2314 fert
909 2293 972 2314 eum
986 2286 1033 2321 qui
1045 2285 1129 2313 verbo
1148 2284 1238 2311 omnia
1254 2287 1354 2318 portat.
1371 2282 1405 2309 Et
1414 2289 1468 2309 non
1481 2282 1568 2308 solum
1583 2281 1628 2307 ad-

847 2333 1019 2361 mirationem
1032 2332 1112 2359 nobis
1126 2332 1197 2366 parit
1211 2330 1392 2358 sanctissimae
1405 2328 1478 2355 illius
1491 2328 1517 2354 in
1531 2335 1628 2362 corpo-

847 2386 878 2407 re
890 2378 1073 2414 pulchritudo,
1087 2377 1133 2404 sed
1146 2380 1173 2403 et
1189 2376 1303 2403 virtutes
1320 2374 1418 2402 anima:
1428 2373 1498 2408 ejus.
1527 2372 1588 2399 Ideo
1601 2376 1628 2399 et

847 2425 942 2453 verbis
952 2424 1007 2452 illis
1020 2433 1027 2451 ι
1045 2423 1107 2456 Ave,
1120 2422 1208 2458 gratia
1220 2420 1307 2456 plena,
1316 2419 1433 2454 primum
1445 2419 1556 2454 angelus
1573 2417 1622 2454 [αι.

845 2468 1038 2505 archangelus]
1060 2468 1148 2503 ipsam
1160 2466 1302 2495 salutando
1319 2465 1491 2500 compellavit
1506 2473 1513 2491 :
1530 2464 1622 2490 Domi-

845 2526 894 2545 nus
909 2521 1004 2550 tecum,
1013 2521 1041 2543 et
1052 2523 1106 2542 non
1121 2518 1245 2541 terrenus
1255 2519 1386 2547 sponsus,
1397 2511 1443 2539 sed
1456 2511 1514 2545 ipse
1526 2510 1623 2538 sancti-

845 2560 980 2589 ﬁcationis
1001 2559 1051 2595 [αι.
1075 2556 1240 2593 sanctitatis]
1255 2556 1397 2588 Dominus,
1423 2560 1499 2590 pater
1512 2555 1625 2583 castita-

846 2607 893 2640 tis,
908 2605 1122 2639 incorruptionis
1138 2609 1233 2632 auctor
1254 2607 1281 2630 et
1294 2602 1427 2630 libertatis
1437 2602 1532 2636 dator;
1549 2602 1625 2630 salu-

843 2653 879 2680 tis
898 2655 1060 2687 procurator
1073 2671 1081 2684 ,
1104 2655 1131 2678 et
1156 2657 1228 2677 verae
1249 2650 1325 2685 pacis
1347 2655 1522 2678 conservator
1543 2653 1625 2684 atque

844 2698 974 2733 largitor;
995 2696 1042 2732 qui
1061 2703 1094 2723 ex
1118 2700 1189 2723 terra
1206 2696 1310 2731 virgine
1322 2696 1424 2724 creavit
1436 2695 1584 2726 hominem,
1597 2699 1625 2722 et

847 2751 879 2772 cx
893 2743 965 2771 illius
980 2743 1063 2771 latere
1074 2749 1106 2770 ac
1117 2745 1191 2770 costa
1207 2741 1289 2770 Evam
1305 2742 1452 2778 assumpsit
1466 2740 1514 2778 [αι.
1529 2745 1623 2776 ριόιυ-
