1844 3047
14 111 69 140 1135

447 109 591 138 ΗΟΜΙΙιΙΑ
609 110 618 137 Ι
637 110 671 137 ΙΝ
691 109 906 139 ANNUNTIAT.
927 111 1018 140 VIRG.
1039 112 1171 141 MARIzE.

1546 113 1618 141 ιιδι

14 179 52 201 τος.
75 168 245 202 Ἀνάστηθι,
265 169 362 204 Κύριε,
385 170 431 201 εις
445 169 503 204 τὴν
517 170 691 198 ἀνάπαυσιν
711 179 742 198 σι

892 172 987 207 equiem
1000 177 1084 200 tuam.
1100 173 1193 210 Surge,
1213 174 1334 205 Domine,
1349 181 1381 201 ex
1398 173 1459 203 sinu
1475 173 1574 208 Patris,
1590 179 1620 201 ut

14 215 166 248 Ἀνάστηθι,
180 217 279 250 Κύριε,
292 217 323 242 ὲκ
335 216 388 243 τῶν
403 217 511 243 κόλπων
533 216 578 244 τοῦ
591 217 712 253 Πατρδς,
736 218 780 245 ἵνα

17 261 181 297 ξαναστήσῃς
195 261 226 288 τὺ
239 263 381 293 πεπτωκὸς
396 262 473 297 γένος
485 262 532 289 τοῦ
556 263 776 298 πρωτοπλάστου.

14 306 86 333 Γαῦτα
100 305 257 341 πρεσϐεύων
272 308 287 334 ό
302 306 383 334 Δαϐὶδ
395 307 462 343 πρὸς
475 307 524 342 τὴν
536 307 564 341 ἐξ
573 307 654 333 αὐτοῦ
665 307 779 342 μέλλου-

14 362 47 380 m
61 352 217 388 βλαστάνειν
234 353 330 389 ῥάϐδον
344 354 375 380 τδ
388 354 571 390 καλλίκαρπον
588 355 674 382 ἐκεῖνο
687 355 776 387 ἄνθος,

14 398 172 434 τροφητεύων
188 398 292 433 ἔλεγεν·
313 400 470 432 Ἄκουσον,
487 401 612 436 θύγατερ
623 421 631 434 ,
650 402 699 428 καί
722 401 777 434 ιδε,

14 447 45 472 :al
59 445 162 473 κλῖνον
181 445 214 472 τὸ
235 443 289 478 οὖς
304 455 378 478 σου,
403 447 452 473 καὶ
468 447 612 474 ἐπιλάθου
630 447 683 475 τοῦ
701 448 779 476 λαοῦ

14 501 63 523 ὀυ,
78 492 124 518 καί
145 491 199 518 τοῦ
222 492 306 519 οἴκου
323 492 374 519 τοῦ
391 494 505 526 Πατρός
517 501 575 520 σου
586 502 592 507 '
609 494 658 520 καὶ
677 494 778 521 ἐπιθυ-

14 539 82 570 ιήσει
98 540 114 565 d
133 539 284 571 ,ϐασιλεὺς
310 538 362 566 τοῦ
384 538 516 573 κάλλους
533 548 605 567 σου·
629 540 674 567 ὅτι
688 541 780 574 αὐτός

14 593 78 612 ’στιν
93 585 198 619 Κύριος
210 586 228 611 ὁ
241 585 312 618 Θεός
321 593 389 618 σου,
410 586 458 612 καὶ
471 587 694 620 προσκυνήσεις
710 587 776 623 [ἄλ.

14 631 236 667 προσκυνήσουσιν]
244 631 494 664 αὐτῷ.”Ακουοόν,
502 634 635 668 θύγατερ,
643 634 677 661 τὰ
684 634 778 670 πρώην

14 679 37 709 ηίς
50 678 76 704 σὲ
171 677 235 713 περὶ
255 677 320 713 σοῦ]
337 679 577 714 προφητευόμενα·
599 680 642 706 ἵνα
661 681 707 707 καὶ
723 682 778 713 τοῖς

14 721 116 753 ννώσεως
131 721 280 756 ὀφθαλμοῖς
296 721 436 759 ϐεωρήσῃς
452 723 486 749 τὰ
499 724 659 759 πράγματα.
678 724 778 750 Ἀκου-

14 777 45 794 rov
57 767 120 803 ἐμοῦ
137 776 178 794 σοι
194 768 408 804 προμηνύοντος,
425 770 471 795 καὶ
484 769 530 795 τοῦ
545 770 715 806 ἀρχαγγέλου
737 779 777 797 σοι

14 816 33 842 τὰ
54 816 145 850 ἐντελῆ
169 825 210 843 σοι
238 817 374 852 μυστήρια
396 815 543 851 διαρρήδην
557 815 776 850 ὰναγγέλλοντος.

832 217 983 253 collapsum
997 218 1079 253 primi
1093 219 1214 255 parentis
1231 227 1316 254 genus
1328 219 1427 255 erigas.
1442 218 1505 246 Haec
1520 223 1618 254 postu<

832 262 892 290 lans
916 272 948 291 ac
971 264 1121 300 deprecans
1138 265 1234 298 David,
1251 265 1285 293 ad
1298 265 1413 300 virgam,
1439 273 1499 299 quze
1512 273 1546 293 ex
1559 265 1620 301 ipso

833 309 1008 344 pulcherrimi
1026 311 1098 339 illius
1112 311 1218 339 fructus
1235 311 1329 339 ﬂorem
1351 312 1534 346 germinatura
1547 318 1618 343 erat.

831 355 978 384 viticinans
993 357 1100 385 dicebat
1120 367 1126 384 :
1143 357 1213 384 Audi
1227 379 1234 390 ,
1252 358 1310 392 ﬁlia
1322 378 1329 388 ,
1343 363 1366 384 et
1381 358 1438 384 vide
1453 379 1459 390 ,
1477 363 1502 384 et
1520 358 1620 385 inclina

832 409 923 428 aurem
938 406 1028 434 tuam;
1043 409 1067 430 et
1076 402 1228 430 obliviscere
1238 404 1362 438 populum
1379 409 1462 436 tuum,
1475 409 1499 430 et
1512 405 1619 430 domum

831 447 916 480 patris
943 448 999 479 tui;
1015 452 1041 475 at
1053 449 1217 482 concupiscet
1243 456 1289 475 rex
1311 449 1429 475 decorem
1446 454 1519 475 luunt
1534 457 1542 475 :
1555 457 1620 483 quo-

832 492 904 519 niam
917 493 972 527 ipse
984 498 1024 520 est
1038 493 1166 520 Dominus
1182 493 1252 520 Deus
1264 499 1335 527 tuus,
1348 499 1371 521 et
1381 494 1506 521 adorabis
1517 503 1574 520 eum
1583 495 1618 521 ὀ.

831 537 913 570 Audi,
932 538 1010 573 ﬁlia,
1036 547 1096 574 quae
1118 545 1197 567 antea
1222 541 1248 567 in
1270 545 1295 568 te
1319 539 1367 576 [αι.
1384 541 1417 568 de
1439 541 1474 576 te]
1493 541 1619 575 prmilicta

832 589 896 612 sunt
914 594 919 611 :
938 589 1006 611 utet
1023 584 1186 619 cognitionis
1208 586 1294 613 oculis
1309 594 1351 613 res
1364 586 1437 621 ipsas
1451 587 1618 622 contemple-

832 628 880 655 ris.
900 629 968 655 Audi
984 637 1028 656 me
1045 629 1092 656 tibi
1107 630 1372 665 prmsiguiﬁcantem,
1387 636 1413 659 et
1425 632 1618 666 archangelum

831 673 950 709 perfecta
967 674 1014 701 tibi
1027 676 1159 710 mysteria
1172 667 1273 704 diserte
1286 677 1505 704 annuntiantem.
1524 677 1619 705 Venite

832 721 933 756 igitur,
959 721 1149 755 dilectissimi,
1175 727 1202 750 et
1216 730 1267 750 nos
1285 723 1319 750 ad
1336 724 1495 750 memoriam
1510 732 1541 752 ea
1558 732 1619 759 quae

830 770 1030 801 praecesserunt
1047 771 1216 799 revocantes,
1236 768 1340 802 virgam
1356 768 1430 795 illam
1445 776 1476 796 ex
1493 768 1568 796 Iesse
1579 770 1620 797 sic

831 811 1028 838 admirabiliter
1043 817 1124 846 atque
1138 811 1311 839 inell'abiliter
1325 813 1522 848 germinantem
1540 812 1619 847 glori-

14 859 75 887 ίεῦτε
85 861 182 892 τοίνυν,
200 862 347 896 ἀγαπητοὶ,
364 861 410 888 καὶ
427 862 506 896 ἡμεῖς
519 861 566 887 ἐπὶ
575 861 624 896 τὴν
641 861 694 888 τῶν
709 869 742 898 πρ

888 865 942 884 nus
955 878 962 889 ,
981 857 1169 884 collaudemus
1182 878 1189 890 ,
1204 857 1310 884 beatam
1323 857 1502 892 pratdicemus
1514 879 1520 890 ,
1534 858 1616 886 lanis-

14 907 125 934 ιιὸόντων
137 908 248 942 μνήμην
263 907 472 943 ἀναδραμόντες,
495 907 543 942 τὴν
561 907 590 940 ὲξ
611 907 709 933 Ἰεσσαὶ
731 907 779 943 ῥά-

14 951 57 978 ῑδον
71 951 214 988 ὑπερφυῶς
228 951 315 984 οὕτως
336 952 526 987 βλαστήσασαν
533 951 699 988 δοξάσιυμεν,
715 953 779 979 ἀνυ-

14 998 148 1033 ινήσωμεν,
177 998 393 1034 μακαρίσωμεν,
423 999 629 1034 εὐφημίσωμεν.
659 999 696 1025 Οὺ
725 998 779 1034 γὰρ

14 1043 69 1078 ιόνῳ
80 1043 117 1079 τῷ
220 1044 300 1079 μόνον
310 1044 375 1080 τὸν]
396 1045 507 1079 Ἰωσὴφ,
524 1044 591 1071 ἀλλὰ
607 1044 654 1071 καὶ
669 1046 702 1080 τῇ
719 1044 779 1071 Θεο-

14 1090 66 1125 ῖόκῳ
84 1090 175 1126 Μαρίᾳ
194 1091 398 1127 προμαρτυρῶν
426 1090 493 1126 [ἄλ.
515 1091 750 1127 προσμαρτυρῶν]
766 1092 780 1118 ὁ

14 1137 107 1169 λουκᾶς,
119 1138 147 1163 ὲν
164 1138 220 1169 τοῖς
236 1137 318 1169 θείοις
334 1137 518 1171 Εὐαγγελίοις,
534 1137 635 1172 ἱστορεῖ
649 1137 716 1172 πρὸς
731 1137 779 1163 αὺ-

14 1181 102 1218 τὴντὴν
112 1182 157 1208 τοῦ
169 1182 252 1209 Δαϐὶδ
263 1182 415 1217 οἰκειότητα
426 1189 433 1196 ο
455 1181 553 1215 Ἀνέϐη
565 1181 620 1215 γὰρ
629 1182 644 1206 ό
661 1180 778 1214 Ἰωσὴφ,

14 1228 86 1263 ρησὶν,
99 1228 155 1255 ἀπὸ
166 1228 221 1262 τῆς
230 1228 396 1261 Γαλιλαίας
403 1229 446 1260 εὶς
459 1227 550 1254 πόλιν
557 1226 612 1260 τῆς
627 1225 778 1259 Ἰουδαίας,

14 1274 63 1306 ἣτις
77 1275 204 1302 καλεῖται
220 1274 366 1309 Βηθλεὲμ,
385 1274 615 1309 ἀποῃοάψασθαι
638 1271 698 1306 σὺν
719 1274 780 1300 Μα-

14 1320 65 1354 min
92 1319 127 1354 τῇ
151 1319 403 1355 μεμνηστευμένῃ
432 1319 512 1351 αὐτῷ
546 1318 676 1353 γυναικὶ,
701 1319 778 1354 οὔσῃ

14 1364 97 1398 ἓγκύῳ,
113 1363 158 1391 διὰ
171 1364 203 1390 τὸ
218 1363 295 1391 εἶναι
308 1364 420 1397 αὐτοὺς
432 1363 466 1395 ἐξ
480 1363 566 1390 οἴκου
581 1363 630 1389 καὶ
654 1363 780 1397 πατριᾶς

14 1409 90 1436 Δαϐίδ.
108 1411 239 1445 Ἐγένετο
253 1409 286 1436 δὲ
299 1410 333 1436 ἐν
347 1409 387 1442 τῷ
399 1408 475 1437 εἶναι
488 1410 598 1444 αὐτοὺς
609 1409 679 1442 ἐκεῖ,
688 1409 781 1442 ἐπλή-

14 1458 112 1490 σθησαν
124 1458 153 1483 al
165 1455 271 1491 ἡμέραι
285 1455 337 1482 τοῦ
354 1455 450 1482 τεκεῖν
465 1456 580 1490 αὐτὴν,
607 1455 655 1482 καὶ
677 1456 781 1482 ἔτεκεν

14 1500 52 1526 τόν
62 1501 225 1536 υἱὸνιιὺτῆς
249 1501 301 1528 τὸν
320 1502 508 1536 πρωτότοκον
528 1501 630 1535 πάσης
646 1500 699 1535 τῆς
720 1503 780 1529 κτι-

14 1554 86 1580 ῖεως·
101 1548 147 1574 καὶ
170 1547 406 1582 ἐσπαργάνωσεν
423 1549 526 1580 αὐτὸν,
550 1548 599 1575 καὶ
620 1548 779 1576 ἀνέκλινεν

15 1592 85 1618 ιῠτύν
96 1593 129 1619 ἐν
142 1593 179 1627 τῇ
189 1593 299 1628 φάτνῃ,
316 1593 389 1619 διότι
402 1595 457 1620 οὐκ
469 1591 508 1628 ἦν
520 1593 623 1627 αὐτοῖς
642 1595 732 1628 τόπος
743 1595 779 1621 ἐν

15 1637 41 1669 τῷ
55 1639 240 1673 καταλύματι.
260 1639 488 1674 Ἑσπαργάνωσεν
502 1639 555 1665 τὸν
574 1641 778 1674 ἀναϐαλλόμε-

15 1690 55 1708 νον
71 1683 128 1717 φῶς
147 1685 186 1717 ὼς
210 1683 337 1718 ἱμάτιον.
365 1685 590 1720 Ἑσπαργάνωσεν
615 1685 661 1712 τὸν
689 1687 778 1713 πᾶσαν

15 1728 82 1755 ιτίσιν
91 1730 338 1766 δημιουργήσαντα.
371 1730 523 1758 Ἀνέκλινεν
545 1732 574 1757 ἐν
601 1732 704 1768 φάτνῃ,
725 1732 778 1758 τὸν

15 1774 71 1808 ἓπὲρ
83 1777 218 1812 χερουϐὶμ
232 1776 410 1811 καθήμενον,
423 1777 468 1802 καὶ
480 1777 531 1803 ὑπὸ
545 1778 681 1813 μυριάδων
696 1778 778 1812 ἀγγέ-

15 1823 53 1846 nov
63 1822 267 1858 ἁνυμνούμενον.
278 1823 321 1849 Ἑν
335 1824 368 1858 τῇ
379 1822 432 1849 τῶν
447 1823 551 1858 ἀλόγων
562 1824 648 1859 ιρὰτνῃ
661 1824 778 1851 ἀνεπαύ-

15 1868 85 1893 ιατοό
98 1868 140 1894 τοῦ
149 1867 215 1894 Θεοῦ
228 1869 325 1902 Λόγος,
336 1869 377 1894 ἵνα
390 1870 446 1900 τοῖς
459 1869 543 1901 ὅντως
560 1869 666 1903 ἀλόγοις
675 1870 721 1896 ἁνο
727 1879 778 1906 ρω-

15 1911 84 1943 τίνοις
94 1911 148 1948 [πρ.
161 1913 338 1950 άνῦρώποι;],
351 1914 421 1941 κατὰ
430 1915 599 1950 προαίρεσιν,
609 1915 718 1951 λογικῆς
731 1924 777 1951 με-

16 1957 99 1994 ταδώσῃ
106 1959 264 1994 αἰσθήσεως.
274 1960 317 1986 Ὲν
329 1961 362 1995 τῇ
376 1960 501 1996 τραπέζῃ
513 1960 566 1986 τῶν
583 1961 688 1996 κτηνῶν
699 1970 766 1997 προε

16 2002 61 2038 ςὲυη
70 2005 82 2029 ό
89 2005 208 2040 οὐράνιος
217 2006 298 2041 ἄρτος
307 2006 367 2041 ξᾶιι.
379 2007 527 2042 προσετέθη
539 2007 619 2043 ἄρτος
625 2008 673 2043 τῆς
681 2008 775 2044 ζωῆς],

16 2047 44 2074 ἵνα
56 2052 105 2082 τοῖς
121 2051 282 2086 κτηνώδεσιν
293 2054 348 2084 τοῖς
358 2052 539 2088 ἀνθρωπίνοις
557 2054 689 2089 μυστικῆς
707 2053 777 2090 βρώ-

16 2102 66 2127 mn;
77 2099 212 2135 χορηγήσῃ
232 2098 390 2134 μετάληψιν.
403 2099 458 2126 Καὶ
471 2099 532 2125 οὐδὲ
543 2100 624 2131 τόπος
637 2098 671 2135 ἦν
687 2101 777 2132 αὐτοῖς

16 2143 33 2166 ἓν
48 2142 81 2177 τῷ
95 2144 273 2180 καταλύματι.
301 2145 388 2171 Τόπον
413 2143 560 2180 οὑκλεῖχεν,
577 2147 591 2172 ὁ
602 2146 716 2182 οὐρανὸν
730 2147 777 2173 καὶ

16 2187 49 2220 τὴν
66 2189 112 2224 γῆν
126 2191 164 2226 τῷ
178 2191 251 2226 λόγῳ
268 2192 490 2223 κατασκευάσας·
515 2191 777 2228 ἐπειδὴ,πλούσιος

16 2232 51 2264 ὗν,
63 2234 92 2261 δι’
103 2237 172 2271 ἡμᾶς
184 2237 385 2271 ἐπτώχευσεν,
402 2237 563 2264 ταπείνωσιν
578 2238 664 2274 ἄκραν
684 2239 777 2274 ἐλόμε-

16 2284 45 2310 θες
57 2279 115 2314 [ἀλ.
126 2282 309 2319 ἁνελόμενος],
323 2283 365 2310 διὰ
376 2283 424 2319 τὴν
434 2284 568 2319 σωτηρίαν
581 2285 630 2320 τῆς
639 2282 777 2320 ἡμετέρας

16 2325 111 2360 φύσεως,
129 2328 176 2364 τῆς
191 2329 311 2364 ἐμφύτου
327 2329 409 2356 αὐτοῧ
426 2330 493 2365 πρὸς
510 2331 582 2365 ἡμᾶς
600 2331 777 2366 ὰγαθότητος.

17 2369 39 2396 ’0
48 2372 198 2410 ἀπορρήτων
211 2375 367 2411 μυστηρίων
385 2376 444 2411 [ἀλ.
461 2376 607 2412 ἀπορρήτῳ
623 2376 776 2413 μυστηρίῳ]

17 2415 51 2451 πῆς
64 2419 210 2455 οἰκονομίας
225 2421 371 2457 πληρώσας
394 2422 484 2449 πᾶσαν
507 2421 637 2458 διοίκησιν
736 2423 778 2449 δι-

17 2462 149 2499 ιαιοσὺνην]
178 2465 206 2490 ἐν
233 2465 341 2500 οὐρανῷ
365 2467 394 2492 ἐν
424 2466 515 2502 κόλπῳ
529 2466 576 2492 τοῦ
592 2467 711 2502 Πατρός,
729 2468 776 2494 καὶ

17 2504 35 2529 ἒν
49 2509 160 2544 σπηλαίῳ
179 2512 208 2537 ὲν
231 2512 363 2546 ἀγκάλαις
378 2513 491 2550 μητρὸς,
510 2512 684 2540 ἀνεπαύσατο
698 2514 727 2540 ὲν
743 2515 776 2549 τῇ

17 2551 95 2589 Ράτνῃ.
115 2555 268 2591 Ἀγγελικοι)⁸
275 2560 378 2593 χορεῖαι
393 2558 616 2594 περιεκύκλωσαν
637 2559 717 2586 αὐτὸν
727 2579 733 2591 ,
749 2561 779 2586 ὲν

17 2598 103 2636 ῦὺρανῷ
121 2602 287 2639 δοξολογίαν,
311 2605 358 2631 καὶ
382 2606 428 2631 ἐπὶ
442 2606 493 2640 γῆς
512 2605 623 2641 εἰρήνην
651 2614 778 2642 καταμη-

17 2642 113 2678 νῦθντες.
131 2649 173 2676 Ἐν
185 2650 291 2686 οὐρανῷ
301 2651 333 2677 ἐκ
340 2650 433 2682 δεξιῶν
445 2652 491 2678 τοῦ
505 2652 610 2687 Πατρός
620 2651 776 2684 ἐκαθέζετο·

17 2690 52 2715 καὶ
69 2692 100 2728 ὲν,
111 2695 142 2731 τῇ
164 2695 249 2732 φάτνῃ
268 2697 305 2728 ὡς
318 2697 365 2723 ἐπὶ
379 2696 432 2723 τῶν
449 2697 580 2733 χερουὸὶμ
593 2697 776 2725 ἀνεπαύσατο.

18 2802 63 2872 m'l:
75 2804 145 2868 ξω.
159 2818 229 2844 XLIV,
241 2812 285 2846 tt,
302 2811 344 2839 12.
383 2813 405 2828 ἰ
423 2811 490 2840 Luc.
509 2820 546 2845 ιι,
564 2813 598 2846 4,
612 2812 645 2846 6,
663 2812 689 2840 7-

739 2813 761 2828 ’ί
781 2811 854 2840 Psal.
867 2818 926 2845 cut,
940 2811 968 2838 ‘2.
1007 2810 1029 2827 ⁵³
1047 2809 1122 2839 Psal.
1136 2819 1222 2843 Lxxn,
1238 2811 1276 2845 2;
1297 2809 1365 2838 Dan.
1381 2818 1423 2839 ut.

827 909 881 937 que
910 902 1150 930 acclamationibus
1184 903 1362 938 excipiamus.
1397 902 1454 930 Non
1479 904 1551 930 enim
1568 903 1620 930 soli

829 947 878 984 [αι.
893 947 995 984 solum]
1019 947 1120 983 Joseph
1132 969 1140 982 ,
1160 949 1207 975 sed
1224 954 1251 976 et
1265 948 1311 976 Dei
1328 949 1452 984 genitrici
1475 949 1566 976 Mariae
1578 953 1620 977 te-

829 993 988 1020 stimonium
1007 993 1152 1028 perhibens
1173 993 1274 1026 Lucas,
1298 994 1325 1021 in
1338 995 1438 1021 divinis
1454 994 1619 1030 Evangeliis,

829 1038 862 1065 ad
880 1038 965 1073 ipsam
981 1037 1067 1066 David
1085 1038 1214 1066 familiam
1231 1044 1313 1074 atque
1324 1040 1515 1075 cognationem
1532 1040 1621 1075 respi-

830 1086 919 1118 ciens,
952 1091 1061 1114 enarrat
1083 1095 1114 1114 ac
1126 1087 1211 1115 dicit:
1231 1089 1355 1115 Ascendit
1380 1094 1467 1115 autem
1482 1094 1507 1116 et
1522 1089 1619 1123 Ioseph

829 1140 845 1158 a
855 1131 965 1159 Galiltca
976 1133 1000 1159 in
1013 1132 1263 1170 civitatentludww,
1272 1142 1329 1169 quw
1340 1140 1449 1161 vocatur
1457 1134 1618 1168 Bel/(lenem,

829 1181 858 1202 ut
871 1176 1038 1210 proﬁteretur
1051 1185 1110 1203 cum
1121 1176 1209 1204 Maria
1221 1177 1379 1212 desponsata
1392 1180 1443 1206 sibi
1458 1187 1539 1206 uxore
1551 1189 1621 1215 prae-

831 1227 944 1255 gnante;
969 1229 998 1248 eo
1019 1222 1088 1256 quod
1103 1227 1188 1249 essent
1211 1223 1262 1257 ipsi
1282 1232 1295 1250 e
1307 1224 1384 1251 domo
1399 1230 1423 1252 et
1441 1225 1546 1260 familia
1564 1226 1621 1253 Da-

830 1267 883 1294 vid.
915 1266 1030 1294 Factum
1043 1273 1080 1295 est
1094 1273 1194 1300 ‘autem,
1220 1277 1279 1296 cum
1295 1276 1379 1297 essent
1394 1271 1444 1304 ipsi
1458 1272 1506 1303 ibi,
1519 1273 1620 1307 impleti

830 1317 892 1339 sunt
908 1313 963 1340 dies
979 1318 1007 1340 ut
1023 1318 1126 1348 pareret
1139 1314 1196 1348 ipsa
1207 1336 1214 1348 ,
1230 1320 1255 1342 et
1268 1317 1367 1350 peperit
1379 1317 1465 1351 ﬁlium
1475 1326 1551 1344 srmnt
1563 1320 1620 1352 pri-

831 1359 991 1394 mogenitum
1011 1360 1096 1386 omnis
1120 1366 1266 1393 creaturaz;
1281 1367 1306 1388 et
1320 1363 1415 1395 pannis
1429 1371 1485 1390 eum
1502 1364 1619 1398 involvit,

832 1410 856 1432 et
874 1406 1010 1432 reclinavit
1024 1406 1109 1440 ipsum
1123 1407 1151 1434 in
1163 1408 1301 1442 prwsepio,
1320 1409 1382 1443 quia
1397 1417 1448 1435 non
1462 1416 1519 1437 erat
1531 1411 1567 1437 eis
1580 1411 1621 1437 lo-

831 1460 878 1478 cus
894 1453 921 1478 in
933 1452 1079 1478 diversorio
1091 1452 1123 1480 ⁸³.
1147 1452 1251 1481 Fasciis
1267 1461 1328 1480 eum
1347 1454 1472 1485 involvit,
1491 1456 1538 1490 qui
1553 1456 1620 1482 ami-

831 1504 888 1525 cms
911 1503 948 1525 est
972 1498 1069 1526 lumine
1084 1500 1151 1526 sicut
1170 1500 1322 1526 vestimento
1339 1501 1372 1527 ".
1391 1500 1505 1528 lnvolrit
1521 1502 1620 1536 pannis

832 1552 904 1577 cum,
920 1545 967 1579 qui
980 1553 1088 1572 omnem
1105 1545 1232 1572 formavit
1247 1551 1410 1574 creaturam.
1430 1546 1579 1574 Rcclinavit
1592 1549 1619 1576 in

830 1588 963 1625 praesepio
977 1599 1051 1622 eum,
1067 1591 1113 1625 qui
1128 1599 1205 1625 super
1220 1591 1352 1618 cherubim
1367 1592 1447 1622 sedet.
1465 1598 1492 1620 et
1507 1594 1541 1620 ab
1557 1593 1619 1621 inli-

832 1638 896 1671 nitis
912 1638 1014 1673 angelis
1024 1638 1194 1665 collaudatur
1207 1638 1240 1664 ".
1258 1638 1286 1665 ln
1303 1639 1503 1667 irrationalium
1517 1641 1620 1668 anima-

832 1684 898 1710 lium
912 1684 1044 1719 prresepio
1057 1684 1180 1711 divinum
1197 1685 1330 1719 requievit
1347 1684 1476 1719 Verbum,
1491 1691 1519 1712 ut
1533 1686 1621 1714 homi-

832 1729 912 1757 nibus
927 1737 990 1757 vere
1011 1730 1216 1758 irrationalibus
1227 1731 1376 1758 secundum
1396 1731 1508 1759 liberam
1523 1733 1621 1759 volunu

831 1780 924 1808 tatem,
945 1775 1104 1803 rationalem
1128 1783 1238 1804 sensum
1260 1777 1400 1805 tribueret.
1420 1777 1448 1804 ln
1473 1780 1621 1813 mensaju-

831 1825 985 1847 mentorum
1010 1821 1127 1849 cwlestis
1145 1822 1222 1856 panis
1245 1823 1400 1857 propositus
1422 1829 1462 1850 cst
1477 1823 1526 1860 [αι.
1542 1825 1620 1859 panis

831 1866 894 1893 vita:
911 1867 1051 1901 appositus
1074 1867 1138 1903 est],
1155 1873 1184 1894 ut
1196 1868 1322 1896 homines
1337 1870 1423 1896 instar
1438 1878 1568 1905 pecorum
1584 1871 1620 1897 ir-

831 1913 978 1939 rationales
991 1912 1097 1947 mystici
1110 1913 1163 1940 cibi
1179 1914 1324 1949 participes
1337 1915 1472 1943 redderet.
1490 1916 1523 1943 Et
1534 1925 1567 1944 ne
1581 1917 1618 1943 lo~

830 1965 879 1984 cus
896 1958 1005 1992 quidem
1018 1959 1058 1986 eis
1072 1964 1131 1986 erat
1145 1959 1172 1986 in
1191 1959 1353 1988 diversorio.
1379 1961 1480 1989 Locum
1497 1971 1551 1990 non
1570 1964 1620 1990 ha.

831 2004 899 2038 buit,
908 2005 954 2039 qui
966 2005 1064 2032 cadum
1078 2009 1105 2032 et
1119 2011 1218 2032 terram
1231 2007 1314 2034 verbo
1325 2009 1471 2035 exstruxit:
1481 2008 1621 2043 quoniam,

830 2059 890 2078 cum
909 2052 980 2078 dit-es
996 2056 1081 2084 esset,
1104 2057 1214 2086 propter
1238 2060 1288 2080 nos
1312 2053 1398 2087 factus
1421 2059 1458 2080 est
1472 2054 1617 2088 pauper”,

830 2103 978 2125 extremam
998 2098 1129 2125 vilitatem
1149 2098 1184 2125 ob
1198 2098 1313 2125 salutem
1338 2104 1441 2126 natura:
1457 2105 1556 2127 nostra:
1569 2100 1618 2126 cli-

830 2151 908 2179 gens,
923 2151 956 2170 ex
972 2144 1090 2179 ingenita
1105 2153 1155 2172 sua
1172 2145 1198 2172 in
1211 2154 1262 2173 nos
1274 2145 1402 2172 bonitate.
1430 2145 1481 2178 Qui
1495 2146 1617 2172 occulto-

830 2199 890 2217 rum
902 2190 1115 2225 dispensationis
1128 2192 1317 2226 mysteriorum
1329 2190 1368 2227 [al
1373 2211 1379 2216 .
1394 2190 1618 2226 occultoﬂispen-

831 2237 946 2264 sationis
955 2236 1095 2273 mysterio]
1104 2245 1211 2264 omnem
1227 2237 1346 2271 implevit
1357 2236 1555 2271 providentiam
1567 2236 1617 2272 [ιιι.

828 2282 974 2318 justitiam]
987 2303 995 2316 ,
1012 2290 1044 2310 ac
1055 2283 1261 2317 dispositionem
1278 2283 1303 2309 in
1321 2282 1390 2310 etelo
1405 2283 1431 2309 in
1444 2282 1503 2309 sinu
1517 2282 1615 2316 Patris,

830 2332 857 2355 ct
870 2328 897 2355 in
910 2329 1039 2363 spelunca
1063 2328 1090 2355 in
1113 2329 1184 2356 ulnis
1198 2329 1303 2361 matris,
1321 2329 1347 2356 in
1364 2329 1495 2364 praesepio
1510 2329 1618 2364 requie-

830 2374 878 2402 vit.
907 2374 990 2402 Cbori
1007 2374 1123 2410 angelici
1147 2374 1395 2410 circurncingebant
1407 2383 1470 2402 eum
1482 2396 1490 2408 ,
1505 2376 1531 2402 in
1547 2376 1616 2403 coelo

829 2420 944 2455 gloriam
958 2421 1132 2448 concinentes
1143 2441 1150 2453 ,
1169 2424 1196 2448 ct
1211 2420 1238 2447 in
1252 2424 1323 2447 terra
1340 2428 1433 2455 pacem
1449 2423 1616 2448 annuntian—

827 2457 881 2495 tes.
910 2466 939 2494 ln
954 2467 1024 2505 coelo
1035 2475 1050 2494 a
1062 2466 1165 2494 dextris
1177 2465 1266 2494 Patris
1282 2467 1409 2498 sedebat,
1429 2472 1457 2494 et
1477 2467 1503 2494 in
1518 2475 1617 2502 [παιδο-

831 2513 886 2547 pio,
905 2517 934 2540 ut
948 2521 1029 2547 super
1044 2513 1195 2545 cherubim,
1206 2512 1401 2548 requiescebat.
1434 2513 1562 2541 Thronus
1573 2521 1617 2541 re-

831 2566 894 2586 vera
910 2563 938 2585 et
952 2559 998 2592 hic
1012 2564 1070 2586 erat
1083 2559 1264 2592 chcrubicus;
1280 2559 1397 2587 thronus
1411 2559 1528 2594 regalis;
1545 2559 1616 2586 San-

831 2610 891 2633 ctus
904 2609 1078 2639 sanctorum;
1094 2606 1170 2633 solus
1181 2613 1262 2640 super
1274 2611 1373 2633 terram
1389 2605 1542 2641 gloriosus;
1557 2612 1618 2632 san-

830 2652 881 2680 ctis
896 2651 1030 2683 sanctior;
1045 2651 1072 2678 in
1084 2659 1138 2686 quo
1151 2653 1284 2687 requievit
1294 2651 1418 2679 Christus
1430 2651 1501 2679 Deus
1512 2656 1614 2679 noster.

831 2698 882 2725 Cui
896 2697 992 2733 gloria,
1011 2697 1109 2731 honor,
1122 2703 1150 2725 et
1165 2698 1322 2733 imperium,
1340 2706 1402 2726 cum
1418 2698 1616 2726 immaculatis-

1474 2811 1497 2826 ’δ
1514 2809 1536 2836 ll
1551 2809 1615 2837 Cor.
