  <div class='ocr_page' id='page_1' title='image "/cluster/home/n/w/nwhite01/storage/ocr_20150623/10/njp.32101077772406/642.png"; bbox 0 0 1844 3047; ppageno 0'>
   <div class='ocr_carea' id='block_1_1' title="bbox 16 87 60 115">
    <p class='ocr_par' dir='ltr' id='par_1_1' title="bbox 16 87 60 115">
     <span class='ocr_line' id='line_1_1' title="bbox 16 87 60 115; baseline 0.023 -1"><span class='ocrx_word' id='word_1_1' title='bbox 16 87 60 115; x_wconf 77' lang='grc'><strong>157</strong></span> 
     </span>
    </p>
   </div>
   <div class='ocr_carea' id='block_1_2' title="bbox 443 85 1172 119">
    <p class='ocr_par' dir='ltr' id='par_1_2' title="bbox 443 85 1172 119">
     <span class='ocr_line' id='line_1_2' title="bbox 443 85 1172 119; baseline 0.004 -3"><span class='ocrx_word' id='word_1_2' title='bbox 443 89 587 117; x_wconf 75' lang='lat' dir='ltr'><strong>HOMlLlA</strong></span> <span class='ocrx_word' id='word_1_3' title='bbox 607 89 628 117; x_wconf 95' lang='lat' dir='ltr'><strong>ll</strong></span> <span class='ocrx_word' id='word_1_4' title='bbox 646 89 679 116; x_wconf 79' lang='lat' dir='ltr'><strong>IN</strong></span> <span class='ocrx_word' id='word_1_5' title='bbox 697 85 910 118; x_wconf 77' lang='lat' dir='ltr'><strong>ANNUNTIAT.</strong></span> <span class='ocrx_word' id='word_1_6' title='bbox 929 90 1020 118; x_wconf 77' lang='lat' dir='ltr'><strong>VIRG.</strong></span> <span class='ocrx_word' id='word_1_7' title='bbox 1039 90 1172 119; x_wconf 73' lang='lat' dir='ltr'><strong>MARUE.</strong></span> 
     </span>
    </p>
   </div>
   <div class='ocr_carea' id='block_1_3' title="bbox 1540 97 1610 126">
    <p class='ocr_par' dir='ltr' id='par_1_3' title="bbox 1540 97 1610 126">
     <span class='ocr_line' id='line_1_3' title="bbox 1540 97 1610 126; baseline 0.029 -2"><span class='ocrx_word' id='word_1_8' title='bbox 1540 97 1610 126; x_wconf 74' lang='lat'><strong>“58</strong></span> 
     </span>
    </p>
   </div>
   <div class='ocr_carea' id='block_1_4' title="bbox 15 145 743 187">
    <p class='ocr_par' dir='ltr' id='par_1_4' title="bbox 15 145 743 182">
     <span class='ocr_line' id='line_1_4' title="bbox 15 145 743 182; baseline 0.003 -10"><span class='ocrx_word' id='word_1_9' title='bbox 15 146 82 180; x_wconf 61' lang='grc' dir='ltr'>ᾆτὴν,</span> <span class='ocrx_word' id='word_1_10' title='bbox 101 145 206 181; x_wconf 78' lang='grc' dir='ltr'>πρῶτον</span> <span class='ocrx_word' id='word_1_11' title='bbox 235 146 274 177; x_wconf 80' lang='grc' dir='ltr'>τὸ,</span> <span class='ocrx_word' id='word_1_12' title='bbox 289 145 387 180; x_wconf 66' lang='grc' dir='ltr'>Χαᾷτε,</span> <span class='ocrx_word' id='word_1_13' title='bbox 400 147 627 182; x_wconf 78' lang='grc' dir='ltr'><strong>κεχαριτωμένη,</strong></span> <span class='ocrx_word' id='word_1_14' title='bbox 641 149 658 174; x_wconf 89' lang='grc' dir='ltr'><em>ό</em></span> <span class='ocrx_word' id='word_1_15' title='bbox 669 148 743 182; x_wconf 67' lang='grc' dir='ltr'>Κύριι</span> 
     </span>
    </p>
   </div>
   <div class='ocr_carea' id='block_1_5' title="bbox 880 145 1608 187">
    <p class='ocr_par' dir='ltr' id='par_1_5' title="bbox 880 146 1608 187">
     <span class='ocr_line' id='line_1_5' title="bbox 880 146 1608 187; baseline 0.01 -14"><span class='ocrx_word' id='word_1_16' title='bbox 880 146 1014 174; x_wconf 47' lang='lat' dir='ltr'><strong>virtutibus</strong></span> <span class='ocrx_word' id='word_1_17' title='bbox 1029 147 1174 175; x_wconf 77' lang='lat' dir='ltr'><strong>viventem.</strong></span> <span class='ocrx_word' id='word_1_18' title='bbox 1192 147 1225 175; x_wconf 87' lang='lat' dir='ltr'><strong>Et</strong></span> <span class='ocrx_word' id='word_1_19' title='bbox 1238 147 1270 175; x_wconf 90' lang='lat' dir='ltr'><strong>ad</strong></span> <span class='ocrx_word' id='word_1_20' title='bbox 1291 148 1375 184; x_wconf 80' lang='lat' dir='ltr'><strong>ipsam</strong></span> <span class='ocrx_word' id='word_1_21' title='bbox 1396 149 1523 185; x_wconf 88' lang='lat' dir='ltr'><strong>veniens,</strong></span> <span class='ocrx_word' id='word_1_22' title='bbox 1552 154 1608 187; x_wconf 86' lang='lat' dir='ltr'><strong>pri-</strong></span> 
     </span>
    </p>
   </div>
   <div class='ocr_carea' id='block_1_6' title="bbox 15 191 769 228">
    <p class='ocr_par' dir='ltr' id='par_1_6' title="bbox 15 191 769 228">
     <span class='ocr_line' id='line_1_6' title="bbox 15 191 769 228; baseline 0.005 -11"><span class='ocrx_word' id='word_1_23' title='bbox 15 192 62 218; x_wconf 78' lang='grc' dir='ltr'>ετὰ</span> <span class='ocrx_word' id='word_1_24' title='bbox 76 191 144 224; x_wconf 84' lang='grc' dir='ltr'>σοῦ,</span> <span class='ocrx_word' id='word_1_25' title='bbox 153 191 220 227; x_wconf 76' lang='grc' dir='ltr'>αὐτῇ</span> <span class='ocrx_word' id='word_1_26' title='bbox 239 192 442 227; x_wconf 73' lang='grc' dir='ltr'><strong>εὐαγγελίζεται</strong></span> <span class='ocrx_word' id='word_1_27' title='bbox 457 193 552 226; x_wconf 78' lang='grc' dir='ltr'>οὕτως·</span> <span class='ocrx_word' id='word_1_28' title='bbox 564 193 661 227; x_wconf 75' lang='grc' dir='ltr'>Χαῖρε,</span> <span class='ocrx_word' id='word_1_29' title='bbox 682 203 769 228; x_wconf 75' lang='grc' dir='ltr'>κεχα-</span> 
     </span>
    </p>
   </div>
   <div class='ocr_carea' id='block_1_7' title="bbox 15 237 771 277">
    <p class='ocr_par' dir='ltr' id='par_1_7' title="bbox 15 237 771 277">
     <span class='ocr_line' id='line_1_7' title="bbox 15 237 771 277; baseline 0.007 -14"><span class='ocrx_word' id='word_1_30' title='bbox 15 237 141 271; x_wconf 59' lang='grc' dir='ltr'>ιτῳμένη.</span> <span class='ocrx_word' id='word_1_31' title='bbox 158 238 194 264; x_wconf 86' lang='grc' dir='ltr'><strong>Σὺ</strong></span> <span class='ocrx_word' id='word_1_32' title='bbox 219 238 274 275; x_wconf 78' lang='grc' dir='ltr'>γὰρ</span> <span class='ocrx_word' id='word_1_33' title='bbox 295 238 330 265; x_wconf 74' lang='grc' dir='ltr'>τὰ</span> <span class='ocrx_word' id='word_1_34' title='bbox 356 240 405 275; x_wconf 74' lang='grc' dir='ltr'>’τῆς</span> <span class='ocrx_word' id='word_1_35' title='bbox 426 239 511 273; x_wconf 72' lang='grc' dir='ltr'>ὅντως</span> <span class='ocrx_word' id='word_1_36' title='bbox 531 240 618 277; x_wconf 70' lang='grc' dir='ltr'>χαρᾶς</span> <span class='ocrx_word' id='word_1_37' title='bbox 642 241 771 277; x_wconf 77' lang='grc' dir='ltr'><strong>πράττεις</strong></span> 
     </span>
    </p>
   </div>
   <div class='ocr_carea' id='block_1_8' title="bbox 15 283 771 321">
    <p class='ocr_par' dir='ltr' id='par_1_8' title="bbox 15 283 771 321">
     <span class='ocr_line' id='line_1_8' title="bbox 15 283 771 321; baseline 0.009 -13"><span class='ocrx_word' id='word_1_38' title='bbox 15 283 66 314; x_wconf 78' lang='grc' dir='ltr'>ξια·</span> <span class='ocrx_word' id='word_1_39' title='bbox 88 283 180 319; x_wconf 76' lang='grc' dir='ltr'>ἐπειδὴ</span> <span class='ocrx_word' id='word_1_40' title='bbox 199 284 230 311; x_wconf 86' lang='grc' dir='ltr'><strong>σὺ</strong></span> <span class='ocrx_word' id='word_1_41' title='bbox 253 285 298 312; x_wconf 78' lang='grc' dir='ltr'>τὸν</span> <span class='ocrx_word' id='word_1_42' title='bbox 313 285 426 313; x_wconf 77' lang='grc' dir='ltr'><strong>ἄσπιλον</strong></span> <span class='ocrx_word' id='word_1_43' title='bbox 442 287 543 321; x_wconf 83' lang='grc' dir='ltr'>χιτῶνα</span> <span class='ocrx_word' id='word_1_44' title='bbox 558 287 706 321; x_wconf 79' lang='grc' dir='ltr'>ὲνδέδυσαι,</span> <span class='ocrx_word' id='word_1_45' title='bbox 724 289 771 315; x_wconf 84' lang='grc' dir='ltr'>καὶ</span> 
     </span>
    </p>
   </div>
   <div class='ocr_carea' id='block_1_9' title="bbox 15 328 769 369">
    <p class='ocr_par' dir='ltr' id='par_1_9' title="bbox 15 328 769 369">
     <span class='ocr_line' id='line_1_9' title="bbox 15 328 769 369; baseline 0.011 -15"><span class='ocrx_word' id='word_1_46' title='bbox 15 338 36 363; x_wconf 73' lang='grc' dir='ltr'><strong>;ν</strong></span> <span class='ocrx_word' id='word_1_47' title='bbox 52 328 138 364; x_wconf 79' lang='grc' dir='ltr'>ζώνην</span> <span class='ocrx_word' id='word_1_48' title='bbox 151 330 198 365; x_wconf 82' lang='grc' dir='ltr'>τῆς</span> <span class='ocrx_word' id='word_1_49' title='bbox 210 331 385 367; x_wconf 65' lang='grc' dir='ltr'>σωφροσύνης</span> <span class='ocrx_word' id='word_1_50' title='bbox 400 332 563 369; x_wconf 81' lang='grc' dir='ltr'><strong>περίκεισαι.</strong></span> <span class='ocrx_word' id='word_1_51' title='bbox 578 334 769 369; x_wconf 81' lang='grc' dir='ltr'>Χαῖρε,κεχα-</span> 
     </span>
    </p>
   </div>
   <div class='ocr_carea' id='block_1_10' title="bbox 20 374 770 417">
    <p class='ocr_par' dir='ltr' id='par_1_10' title="bbox 20 374 770 417">
     <span class='ocr_line' id='line_1_10' title="bbox 20 374 770 417; baseline 0.009 -17"><span class='ocrx_word' id='word_1_52' title='bbox 20 374 138 409; x_wconf 60' lang='grc' dir='ltr'>τωμένης</span> <span class='ocrx_word' id='word_1_53' title='bbox 157 375 258 410; x_wconf 84' lang='grc' dir='ltr'>δοχεῖον</span> <span class='ocrx_word' id='word_1_54' title='bbox 280 377 329 412; x_wconf 83' lang='grc' dir='ltr'><strong>τῆς</strong></span> <span class='ocrx_word' id='word_1_55' title='bbox 343 378 503 413; x_wconf 72' lang='grc' dir='ltr'><strong>ἐπουρανίου</strong></span> <span class='ocrx_word' id='word_1_56' title='bbox 520 379 688 417; x_wconf 70' lang='grc' dir='ltr'>εὐφροσύνης</span> <span class='ocrx_word' id='word_1_57' title='bbox 703 389 770 415; x_wconf 82' lang='grc' dir='ltr'>τυγ-</span> 
     </span>
    </p>
   </div>
   <div class='ocr_carea' id='block_1_11' title="bbox 15 421 770 463">
    <p class='ocr_par' dir='ltr' id='par_1_11' title="bbox 15 421 770 463">
     <span class='ocr_line' id='line_1_11' title="bbox 15 421 770 463; baseline 0.011 -17"><span class='ocrx_word' id='word_1_58' title='bbox 15 421 112 447; x_wconf 72' lang='grc' dir='ltr'>ἱνουσα.</span> <span class='ocrx_word' id='word_1_59' title='bbox 131 421 229 455; x_wconf 69' lang='grc' dir='ltr'>Χαῖρε,</span> <span class='ocrx_word' id='word_1_60' title='bbox 242 423 520 458; x_wconf 64' lang='grc' dir='ltr'>κεχαριτωμένηθδιά</span> <span class='ocrx_word' id='word_1_61' title='bbox 537 425 583 452; x_wconf 78' lang='grc' dir='ltr'>σοῦ</span> <span class='ocrx_word' id='word_1_62' title='bbox 598 425 651 462; x_wconf 85' lang='grc' dir='ltr'>γὰρ</span> <span class='ocrx_word' id='word_1_63' title='bbox 669 427 685 462; x_wconf 87' lang='grc' dir='ltr'><strong>ή</strong></span> <span class='ocrx_word' id='word_1_64' title='bbox 699 428 770 463; x_wconf 74' lang='grc' dir='ltr'>χαρὰ</span> 
     </span>
    </p>
   </div>
   <div class='ocr_carea' id='block_1_12' title="bbox 15 466 770 510">
    <p class='ocr_par' dir='ltr' id='par_1_12' title="bbox 15 466 770 510">
     <span class='ocr_line' id='line_1_12' title="bbox 15 466 770 510; baseline 0.011 -18"><span class='ocrx_word' id='word_1_65' title='bbox 15 466 58 502; x_wconf 66' lang='grc' dir='ltr'><strong>ἄσῃ</strong></span> <span class='ocrx_word' id='word_1_66' title='bbox 75 468 107 502; x_wconf 82' lang='grc' dir='ltr'>τῇ</span> <span class='ocrx_word' id='word_1_67' title='bbox 121 467 206 494; x_wconf 78' lang='grc' dir='ltr'>κτίσει</span> <span class='ocrx_word' id='word_1_68' title='bbox 222 468 393 504; x_wconf 75' lang='grc' dir='ltr'>βραϐεύεται,</span> <span class='ocrx_word' id='word_1_69' title='bbox 412 471 458 497; x_wconf 71' lang='grc' dir='ltr'><strong>καὶ</strong></span> <span class='ocrx_word' id='word_1_70' title='bbox 474 470 505 497; x_wconf 77' lang='grc' dir='ltr'>τὸ</span> <span class='ocrx_word' id='word_1_71' title='bbox 515 472 592 506; x_wconf 83' lang='grc' dir='ltr'>γένος</span> <span class='ocrx_word' id='word_1_72' title='bbox 606 472 659 500; x_wconf 84' lang='grc' dir='ltr'>τῶν</span> <span class='ocrx_word' id='word_1_73' title='bbox 670 473 770 510; x_wconf 85' lang='grc' dir='ltr'>ἀνθρώ-</span> 
     </span>
    </p>
   </div>
   <div class='ocr_carea' id='block_1_13' title="bbox 15 513 770 554">
    <p class='ocr_par' dir='ltr' id='par_1_13' title="bbox 15 513 770 554">
     <span class='ocr_line' id='line_1_13' title="bbox 15 513 770 554; baseline 0.012 -16"><span class='ocrx_word' id='word_1_74' title='bbox 15 522 44 538; x_wconf 54' lang='lat' dir='ltr'><strong>nov</strong></span> <span class='ocrx_word' id='word_1_75' title='bbox 58 513 243 547; x_wconf 68' lang='grc' dir='ltr'>ἀπολαμϐάνει</span> <span class='ocrx_word' id='word_1_76' title='bbox 259 515 289 541; x_wconf 85' lang='grc' dir='ltr'>τὸ</span> <span class='ocrx_word' id='word_1_77' title='bbox 310 516 422 551; x_wconf 84' lang='grc' dir='ltr'>ἀρχαῖον</span> <span class='ocrx_word' id='word_1_78' title='bbox 440 517 557 553; x_wconf 83' lang='grc' dir='ltr'>ἀξίωμα.</span> <span class='ocrx_word' id='word_1_79' title='bbox 575 518 671 553; x_wconf 73' lang='grc' dir='ltr'>Χαζοε,</span> <span class='ocrx_word' id='word_1_80' title='bbox 682 521 770 554; x_wconf 76' lang='grc' dir='ltr'>κεχα-</span> 
     </span>
    </p>
   </div>
   <div class='ocr_carea' id='block_1_14' title="bbox 18 559 768 600">
    <p class='ocr_par' dir='ltr' id='par_1_14' title="bbox 18 559 768 600">
     <span class='ocr_line' id='line_1_14' title="bbox 18 559 768 600; baseline 0.009 -15"><span class='ocrx_word' id='word_1_81' title='bbox 18 559 136 594; x_wconf 74' lang='grc' dir='ltr'>τωμέ›·η’</span> <span class='ocrx_word' id='word_1_82' title='bbox 155 560 194 586; x_wconf 83' lang='grc' dir='ltr'>ὅτι</span> <span class='ocrx_word' id='word_1_83' title='bbox 209 561 238 587; x_wconf 83' lang='grc' dir='ltr'><strong>ὲν</strong></span> <span class='ocrx_word' id='word_1_84' title='bbox 254 563 311 593; x_wconf 85' lang='grc' dir='ltr'>ταῖς</span> <span class='ocrx_word' id='word_1_85' title='bbox 329 562 461 596; x_wconf 74' lang='grc' dir='ltr'><strong>ἀγκάλαις</strong></span> <span class='ocrx_word' id='word_1_86' title='bbox 481 572 526 590; x_wconf 84' lang='grc' dir='ltr'><strong>σου</strong></span> <span class='ocrx_word' id='word_1_87' title='bbox 558 565 572 591; x_wconf 86' lang='grc' dir='ltr'>ὁ</span> <span class='ocrx_word' id='word_1_88' title='bbox 588 565 700 600; x_wconf 79' lang='grc' dir='ltr'><strong>κτίστης</strong></span> <span class='ocrx_word' id='word_1_89' title='bbox 715 566 768 593; x_wconf 86' lang='grc' dir='ltr'>τῶν</span> 
     </span>
    </p>
   </div>
   <div class='ocr_carea' id='block_1_15' title="bbox 15 606 768 649">
    <p class='ocr_par' dir='ltr' id='par_1_15' title="bbox 15 606 768 649">
     <span class='ocr_line' id='line_1_15' title="bbox 15 606 768 649; baseline 0.012 -18"><span class='ocrx_word' id='word_1_90' title='bbox 15 606 108 633; x_wconf 64' lang='grc' dir='ltr'>τάειτων</span> <span class='ocrx_word' id='word_1_91' title='bbox 131 607 223 642; x_wconf 76' lang='grc' dir='ltr'>μέλλει</span> <span class='ocrx_word' id='word_1_92' title='bbox 246 608 435 643; x_wconf 77' lang='grc' dir='ltr'>βαστάσεσοαι.</span> <span class='ocrx_word' id='word_1_93' title='bbox 463 611 494 637; x_wconf 82' lang='lat' dir='ltr'><strong>&#39;ll</strong></span> <span class='ocrx_word' id='word_1_94' title='bbox 516 612 544 638; x_wconf 84' lang='grc' dir='ltr'><strong>δὲ</strong></span> <span class='ocrx_word' id='word_1_95' title='bbox 565 612 612 639; x_wconf 76' lang='grc' dir='ltr'>ἐπὶ</span> <span class='ocrx_word' id='word_1_96' title='bbox 637 613 675 648; x_wconf 83' lang='grc' dir='ltr'><strong>τῷ</strong></span> <span class='ocrx_word' id='word_1_97' title='bbox 697 613 768 649; x_wconf 88' lang='grc' dir='ltr'>λόγῳ</span> 
     </span>
    </p>
   </div>
   <div class='ocr_carea' id='block_1_16' title="bbox 15 651 768 692">
    <p class='ocr_par' dir='ltr' id='par_1_16' title="bbox 15 651 768 692">
     <span class='ocr_line' id='line_1_16' title="bbox 15 651 768 692; baseline 0.016 -16"><span class='ocrx_word' id='word_1_98' title='bbox 15 651 66 686; x_wconf 49' lang='lat' dir='ltr'><strong>vitaz)</strong></span> <span class='ocrx_word' id='word_1_99' title='bbox 88 652 261 690; x_wconf 75' lang='grc' dir='ltr'>διεταράχθη·</span> <span class='ocrx_word' id='word_1_100' title='bbox 284 655 370 690; x_wconf 75' lang='grc' dir='ltr'>ἀήθης</span> <span class='ocrx_word' id='word_1_101' title='bbox 386 656 440 692; x_wconf 70' lang='grc' dir='ltr'>γὰρ</span> <span class='ocrx_word' id='word_1_102' title='bbox 463 658 531 692; x_wconf 70' lang='grc' dir='ltr'>πρὸς</span> <span class='ocrx_word' id='word_1_103' title='bbox 545 658 634 691; x_wconf 80' lang='grc' dir='ltr'>πάσας</span> <span class='ocrx_word' id='word_1_104' title='bbox 646 660 695 692; x_wconf 78' lang='grc' dir='ltr'><strong>τὰς</strong></span> <span class='ocrx_word' id='word_1_105' title='bbox 711 661 768 688; x_wconf 85' lang='grc' dir='ltr'>δια-</span> 
     </span>
    </p>
   </div>
   <div class='ocr_carea' id='block_1_17' title="bbox 18 697 765 742">
    <p class='ocr_par' dir='ltr' id='par_1_17' title="bbox 18 697 765 742">
     <span class='ocr_line' id='line_1_17' title="bbox 18 697 765 742; baseline 0.015 -19"><span class='ocrx_word' id='word_1_106' title='bbox 18 697 67 729; x_wconf 60' lang='lat' dir='ltr'><strong>iet;</strong></span> <span class='ocrx_word' id='word_1_107' title='bbox 89 698 142 725; x_wconf 86' lang='grc' dir='ltr'><strong>τῶν</strong></span> <span class='ocrx_word' id='word_1_108' title='bbox 167 700 318 736; x_wconf 80' lang='grc' dir='ltr'>ἀνθρώπων</span> <span class='ocrx_word' id='word_1_109' title='bbox 343 702 500 737; x_wconf 76' lang='grc' dir='ltr'>ἐτύγχανεν·</span> <span class='ocrx_word' id='word_1_110' title='bbox 518 705 564 731; x_wconf 77' lang='grc' dir='ltr'><strong>καὶ</strong></span> <span class='ocrx_word' id='word_1_111' title='bbox 577 705 624 741; x_wconf 83' lang='grc' dir='ltr'>τὴν</span> <span class='ocrx_word' id='word_1_112' title='bbox 641 707 765 742; x_wconf 77' lang='grc' dir='ltr'><strong>ἡσυχίαν,</strong></span> 
     </span>
    </p>
   </div>
   <div class='ocr_carea' id='block_1_18' title="bbox 15 744 765 786">
    <p class='ocr_par' dir='ltr' id='par_1_18' title="bbox 15 744 765 786">
     <span class='ocr_line' id='line_1_18' title="bbox 15 744 765 786; baseline 0.015 -18"><span class='ocrx_word' id='word_1_113' title='bbox 15 751 22 773; x_wconf 86' lang='lat'><strong><em>;</em></strong></span> <span class='ocrx_word' id='word_1_114' title='bbox 38 744 139 779; x_wconf 78' lang='grc' dir='ltr'>μητέρα</span> <span class='ocrx_word' id='word_1_115' title='bbox 156 745 332 782; x_wconf 61' lang='grc' dir='ltr'>σωφροσύνης</span> <span class='ocrx_word' id='word_1_116' title='bbox 351 748 398 773; x_wconf 80' lang='grc' dir='ltr'><strong>καὶ</strong></span> <span class='ocrx_word' id='word_1_117' title='bbox 419 749 539 782; x_wconf 78' lang='grc' dir='ltr'>ἁγνείας,</span> <span class='ocrx_word' id='word_1_118' title='bbox 556 751 704 786; x_wconf 72' lang='grc' dir='ltr'>ἠσπάζετο,</span> <span class='ocrx_word' id='word_1_119' title='bbox 719 762 765 780; x_wconf 76' lang='grc' dir='ltr'>κα-</span> 
     </span>
    </p>
   </div>
   <div class='ocr_carea' id='block_1_19' title="bbox 15 788 764 833">
    <p class='ocr_par' dir='ltr' id='par_1_19' title="bbox 15 788 764 833">
     <span class='ocr_line' id='line_1_19' title="bbox 15 788 764 833; baseline 0.019 -20"><span class='ocrx_word' id='word_1_120' title='bbox 15 788 62 823; x_wconf 76' lang='grc' dir='ltr'>ιρὸν</span> <span class='ocrx_word' id='word_1_121' title='bbox 88 789 266 826; x_wconf 74' lang='grc' dir='ltr'><strong>ὑπάρχουσα,</strong></span> <span class='ocrx_word' id='word_1_122' title='bbox 291 793 338 819; x_wconf 82' lang='grc' dir='ltr'><strong>καὶ</strong></span> <span class='ocrx_word' id='word_1_123' title='bbox 367 793 515 830; x_wconf 78' lang='grc' dir='ltr'>ἀκέραιον,</span> <span class='ocrx_word' id='word_1_124' title='bbox 540 798 586 823; x_wconf 76' lang='grc' dir='ltr'><strong>καὶ</strong></span> <span class='ocrx_word' id='word_1_125' title='bbox 617 798 764 833; x_wconf 79' lang='grc' dir='ltr'>ἀμόλυντον</span> 
     </span>
    </p>
   </div>
   <div class='ocr_carea' id='block_1_20' title="bbox 15 834 763 878">
    <p class='ocr_par' dir='ltr' id='par_1_20' title="bbox 15 834 763 878">
     <span class='ocr_line' id='line_1_20' title="bbox 15 834 763 878; baseline 0.017 -19"><span class='ocrx_word' id='word_1_126' title='bbox 15 834 89 868; x_wconf 79' lang='grc' dir='ltr'>ἀλμα</span> <span class='ocrx_word' id='word_1_127' title='bbox 98 856 105 868; x_wconf 84' lang='lat'><strong>,</strong></span> <span class='ocrx_word' id='word_1_128' title='bbox 120 835 189 872; x_wconf 77' lang='grc' dir='ltr'>αὕτη</span> <span class='ocrx_word' id='word_1_129' title='bbox 203 837 252 873; x_wconf 84' lang='grc' dir='ltr'>τὴν</span> <span class='ocrx_word' id='word_1_130' title='bbox 263 838 411 875; x_wconf 83' lang='grc' dir='ltr'>ἀγγελικὴν</span> <span class='ocrx_word' id='word_1_131' title='bbox 423 840 482 876; x_wconf 64' lang='grc' dir='ltr'>ὄψιν</span> <span class='ocrx_word' id='word_1_132' title='bbox 496 843 545 869; x_wconf 77' lang='grc' dir='ltr'><strong>οὐκ</strong></span> <span class='ocrx_word' id='word_1_133' title='bbox 558 843 712 878; x_wconf 72' lang='grc' dir='ltr'>εδειλίασεν,</span> <span class='ocrx_word' id='word_1_134' title='bbox 726 846 763 878; x_wconf 85' lang='grc' dir='ltr'>ὡς</span> 
     </span>
    </p>
   </div>
   <div class='ocr_carea' id='block_1_21' title="bbox 26 879 764 926">
    <p class='ocr_par' dir='ltr' id='par_1_21' title="bbox 26 879 764 926">
     <span class='ocr_line' id='line_1_21' title="bbox 26 879 764 926; baseline 0.019 -21"><span class='ocrx_word' id='word_1_135' title='bbox 26 879 144 913; x_wconf 83' lang='grc' dir='ltr'>πλείονες</span> <span class='ocrx_word' id='word_1_136' title='bbox 167 881 226 917; x_wconf 71' lang='grc' dir='ltr'><em>[ἄλ.</em></span> <span class='ocrx_word' id='word_1_137' title='bbox 242 883 345 921; x_wconf 69' lang='grc' dir='ltr'>πολλοὶ]</span> <span class='ocrx_word' id='word_1_138' title='bbox 358 885 412 913; x_wconf 84' lang='grc' dir='ltr'>τῶν</span> <span class='ocrx_word' id='word_1_139' title='bbox 434 888 590 923; x_wconf 72' lang='grc' dir='ltr'><strong>προφητῶν·</strong></span> <span class='ocrx_word' id='word_1_140' title='bbox 609 891 702 926; x_wconf 75' lang='grc' dir='ltr'>ἐπειδὴ</span> <span class='ocrx_word' id='word_1_141' title='bbox 718 892 764 919; x_wconf 67' lang='grc' dir='ltr'><strong>κα)⁴</strong></span> 
     </span>
    </p>
   </div>
   <div class='ocr_carea' id='block_1_22' title="bbox 15 925 765 974">
    <p class='ocr_par' dir='ltr' id='par_1_22' title="bbox 15 925 765 974">
     <span class='ocr_line' id='line_1_22' title="bbox 15 925 765 974; baseline 0.021 -24"><span class='ocrx_word' id='word_1_142' title='bbox 15 925 110 961; x_wconf 75' lang='grc' dir='ltr'>ιροενία</span> <span class='ocrx_word' id='word_1_143' title='bbox 137 927 238 964; x_wconf 82' lang='grc' dir='ltr'>ἀληθὴς</span> <span class='ocrx_word' id='word_1_144' title='bbox 256 930 324 966; x_wconf 82' lang='grc' dir='ltr'>πρὸς</span> <span class='ocrx_word' id='word_1_145' title='bbox 349 931 481 966; x_wconf 78' lang='grc' dir='ltr'>ἀγγέλους</span> <span class='ocrx_word' id='word_1_146' title='bbox 504 935 647 969; x_wconf 85' lang='grc' dir='ltr'>συγγένεια</span> <span class='ocrx_word' id='word_1_147' title='bbox 665 925 765 974; x_wconf 74' lang='grc' dir='ltr'>τυγχά-</span> 
     </span>
    </p>
   </div>
   <div class='ocr_carea' id='block_1_23' title="bbox 15 973 763 1018">
    <p class='ocr_par' dir='ltr' id='par_1_23' title="bbox 15 973 763 1018">
     <span class='ocr_line' id='line_1_23' title="bbox 15 973 763 1018; baseline 0.019 -21"><span class='ocrx_word' id='word_1_148' title='bbox 15 980 37 1002; x_wconf 86' lang='grc' dir='ltr'><strong>ι,</strong></span> <span class='ocrx_word' id='word_1_149' title='bbox 56 973 101 999; x_wconf 72' lang='grc' dir='ltr'><strong>καὶ</strong></span> <span class='ocrx_word' id='word_1_150' title='bbox 118 974 263 1010; x_wconf 77' lang='grc' dir='ltr'>ἰσομοιρία.</span> <span class='ocrx_word' id='word_1_151' title='bbox 293 977 444 1013; x_wconf 81' lang='grc' dir='ltr'>Ἐπιμελῶς</span> <span class='ocrx_word' id='word_1_152' title='bbox 463 979 516 1014; x_wconf 85' lang='grc' dir='ltr'>γὰρ</span> <span class='ocrx_word' id='word_1_153' title='bbox 536 982 551 1016; x_wconf 77' lang='grc' dir='ltr'>ἡ</span> <span class='ocrx_word' id='word_1_154' title='bbox 575 982 639 1016; x_wconf 84' lang='grc' dir='ltr'>ἁγία</span> <span class='ocrx_word' id='word_1_155' title='bbox 659 984 763 1018; x_wconf 82' lang='grc' dir='ltr'>Παρθέ-</span> 
     </span>
    </p>
   </div>
   <div class='ocr_carea' id='block_1_24' title="bbox 15 1018 764 1062">
    <p class='ocr_par' dir='ltr' id='par_1_24' title="bbox 15 1018 764 1062">
     <span class='ocr_line' id='line_1_24' title="bbox 15 1018 764 1062; baseline 0.019 -19"><span class='ocrx_word' id='word_1_156' title='bbox 15 1025 26 1048; x_wconf 83' lang='grc' dir='ltr'><strong>ς</strong></span> <span class='ocrx_word' id='word_1_157' title='bbox 49 1018 96 1053; x_wconf 83' lang='grc' dir='ltr'><strong>τὴν</strong></span> <span class='ocrx_word' id='word_1_158' title='bbox 115 1019 244 1056; x_wconf 80' lang='grc' dir='ltr'><strong>λαμπάδα</strong></span> <span class='ocrx_word' id='word_1_159' title='bbox 272 1023 321 1058; x_wconf 79' lang='grc' dir='ltr'>τῆς</span> <span class='ocrx_word' id='word_1_160' title='bbox 345 1024 493 1060; x_wconf 75' lang='grc' dir='ltr'>παρθενίας</span> <span class='ocrx_word' id='word_1_161' title='bbox 512 1027 696 1062; x_wconf 78' lang='grc' dir='ltr'><strong>φυλάττουσα,</strong></span> <span class='ocrx_word' id='word_1_162' title='bbox 717 1032 764 1057; x_wconf 73' lang='grc' dir='ltr'>καὶ</span> 
     </span>
    </p>
   </div>
   <div class='ocr_carea' id='block_1_25' title="bbox 15 1063 763 1111">
    <p class='ocr_par' dir='ltr' id='par_1_25' title="bbox 15 1063 763 1111">
     <span class='ocr_line' id='line_1_25' title="bbox 15 1063 763 1111; baseline 0.02 -23"><span class='ocrx_word' id='word_1_163' title='bbox 15 1063 78 1099; x_wconf 67' lang='grc' dir='ltr'>ιλλὴν</span> <span class='ocrx_word' id='word_1_164' title='bbox 99 1065 146 1091; x_wconf 86' lang='grc' dir='ltr'>τοῦ</span> <span class='ocrx_word' id='word_1_165' title='bbox 170 1067 207 1102; x_wconf 81' lang='grc' dir='ltr'>μὴ</span> <span class='ocrx_word' id='word_1_166' title='bbox 233 1067 395 1104; x_wconf 76' lang='grc' dir='ltr'>σϐεσθῆναι,</span> <span class='ocrx_word' id='word_1_167' title='bbox 415 1070 431 1106; x_wconf 86' lang='grc' dir='ltr'>ἢ</span> <span class='ocrx_word' id='word_1_168' title='bbox 447 1072 621 1108; x_wconf 81' lang='grc' dir='ltr'>σπιλωθῆναι,</span> <span class='ocrx_word' id='word_1_169' title='bbox 638 1076 763 1111; x_wconf 83' lang='grc' dir='ltr'>πρόνοιαν</span> 
     </span>
    </p>
   </div>
   <div class='ocr_carea' id='block_1_26' title="bbox 15 1111 764 1157">
    <p class='ocr_par' dir='ltr' id='par_1_26' title="bbox 15 1111 764 1157">
     <span class='ocr_line' id='line_1_26' title="bbox 15 1111 764 1157; baseline 0.017 -21"><span class='ocrx_word' id='word_1_170' title='bbox 15 1118 47 1144; x_wconf 63' lang='grc' dir='ltr'>χε.</span> <span class='ocrx_word' id='word_1_171' title='bbox 61 1111 115 1138; x_wconf 75' lang='grc' dir='ltr'>Καὶ</span> <span class='ocrx_word' id='word_1_172' title='bbox 128 1112 253 1149; x_wconf 83' lang='grc' dir='ltr'>καθάπερ</span> <span class='ocrx_word' id='word_1_173' title='bbox 272 1115 304 1141; x_wconf 85' lang='grc' dir='ltr'>ἄν</span> <span class='ocrx_word' id='word_1_174' title='bbox 322 1124 363 1148; x_wconf 77' lang='grc' dir='ltr'><strong>τις</strong></span> <span class='ocrx_word' id='word_1_175' title='bbox 386 1116 512 1153; x_wconf 74' lang='grc' dir='ltr'>λαμπρὰν</span> <span class='ocrx_word' id='word_1_176' title='bbox 534 1120 629 1156; x_wconf 77' lang='grc' dir='ltr'>στολὴν</span> <span class='ocrx_word' id='word_1_177' title='bbox 655 1123 764 1157; x_wconf 77' lang='grc' dir='ltr'>περιϐε-</span> 
     </span>
    </p>
   </div>
   <div class='ocr_carea' id='block_1_27' title="bbox 15 1156 761 1203">
    <p class='ocr_par' dir='ltr' id='par_1_27' title="bbox 15 1156 761 1203">
     <span class='ocr_line' id='line_1_27' title="bbox 15 1156 761 1203; baseline 0.019 -22"><span class='ocrx_word' id='word_1_178' title='bbox 15 1156 119 1190; x_wconf 80' lang='grc' dir='ltr'>ημένος,</span> <span class='ocrx_word' id='word_1_179' title='bbox 143 1158 226 1185; x_wconf 76' lang='grc' dir='ltr'>πολὺν</span> <span class='ocrx_word' id='word_1_180' title='bbox 247 1162 362 1187; x_wconf 82' lang='grc' dir='ltr'>ποιεῖται</span> <span class='ocrx_word' id='word_1_181' title='bbox 387 1162 474 1197; x_wconf 87' lang='grc' dir='ltr'>λόγον,</span> <span class='ocrx_word' id='word_1_182' title='bbox 497 1165 533 1200; x_wconf 91' lang='grc' dir='ltr'>μή</span> <span class='ocrx_word' id='word_1_183' title='bbox 555 1174 596 1197; x_wconf 84' lang='grc' dir='ltr'><strong>τις</strong></span> <span class='ocrx_word' id='word_1_184' title='bbox 617 1166 761 1203; x_wconf 76' lang='grc' dir='ltr'>μολυσμὸς,</span> 
     </span>
    </p>
   </div>
   <div class='ocr_carea' id='block_1_28' title="bbox 20 1202 764 1250">
    <p class='ocr_par' dir='ltr' id='par_1_28' title="bbox 20 1202 764 1250">
     <span class='ocr_line' id='line_1_28' title="bbox 20 1202 764 1250; baseline 0.02 -23"><span class='ocrx_word' id='word_1_185' title='bbox 20 1202 99 1236; x_wconf 72' lang='grc' dir='ltr'>ῥύπος</span> <span class='ocrx_word' id='word_1_186' title='bbox 117 1203 198 1230; x_wconf 73' lang='grc' dir='ltr'>πόθεν</span> <span class='ocrx_word' id='word_1_187' title='bbox 216 1207 397 1242; x_wconf 73' lang='grc' dir='ltr'>προσγένηται</span> <span class='ocrx_word' id='word_1_188' title='bbox 411 1217 418 1224; x_wconf 86' lang='grc'><em>”</em></span> <span class='ocrx_word' id='word_1_189' title='bbox 435 1209 520 1242; x_wconf 68' lang='grc' dir='ltr'>οὕτως</span> <span class='ocrx_word' id='word_1_190' title='bbox 579 1212 644 1246; x_wconf 80' lang='grc' dir='ltr'>ἁγία</span> <span class='ocrx_word' id='word_1_191' title='bbox 669 1214 764 1250; x_wconf 78' lang='grc' dir='ltr'>Μαρία</span> 
     </span>
    </p>
   </div>
   <div class='ocr_carea' id='block_1_29' title="bbox 23 1247 763 1296">
    <p class='ocr_par' dir='ltr' id='par_1_29' title="bbox 23 1247 763 1296">
     <span class='ocr_line' id='line_1_29' title="bbox 23 1247 763 1296; baseline 0.02 -23"><span class='ocrx_word' id='word_1_192' title='bbox 23 1247 99 1284; x_wconf 78' lang='grc' dir='ltr'>ἑαυτῇ</span> <span class='ocrx_word' id='word_1_193' title='bbox 113 1249 255 1284; x_wconf 82' lang='grc' dir='ltr'>διενοεῖτο,</span> <span class='ocrx_word' id='word_1_194' title='bbox 274 1253 321 1279; x_wconf 72' lang='grc' dir='ltr'>καὶ</span> <span class='ocrx_word' id='word_1_195' title='bbox 341 1254 432 1289; x_wconf 72' lang='grc' dir='ltr'>ἔλεγεν</span> <span class='ocrx_word' id='word_1_196' title='bbox 443 1264 450 1270; x_wconf 88' lang='grc'><strong>·</strong></span> <span class='ocrx_word' id='word_1_197' title='bbox 464 1257 508 1292; x_wconf 87' lang='grc' dir='ltr'><strong>Μή</strong></span> <span class='ocrx_word' id='word_1_198' title='bbox 527 1266 586 1284; x_wconf 83' lang='grc' dir='ltr'>τινα</span> <span class='ocrx_word' id='word_1_199' title='bbox 607 1257 662 1296; x_wconf 80' lang='grc' dir='ltr'>ἆρα</span> <span class='ocrx_word' id='word_1_200' title='bbox 677 1269 763 1287; x_wconf 83' lang='grc' dir='ltr'>κατα-</span> 
     </span>
    </p>
   </div>
   <div class='ocr_carea' id='block_1_30' title="bbox 15 1294 763 1342">
    <p class='ocr_par' dir='ltr' id='par_1_30' title="bbox 15 1294 763 1342">
     <span class='ocr_line' id='line_1_30' title="bbox 15 1294 763 1342; baseline 0.02 -23"><span class='ocrx_word' id='word_1_201' title='bbox 15 1294 76 1329; x_wconf 70' lang='grc' dir='ltr'>ιενὴν</span> <span class='ocrx_word' id='word_1_202' title='bbox 116 1295 132 1331; x_wconf 81' lang='grc' dir='ltr'>ἢ</span> <span class='ocrx_word' id='word_1_203' title='bbox 159 1296 277 1324; x_wconf 84' lang='grc' dir='ltr'>θωπείαν</span> <span class='ocrx_word' id='word_1_204' title='bbox 300 1300 317 1334; x_wconf 86' lang='grc' dir='ltr'><strong>ἡ</strong></span> <span class='ocrx_word' id='word_1_205' title='bbox 341 1299 470 1336; x_wconf 80' lang='grc' dir='ltr'>θεραπεία</span> <span class='ocrx_word' id='word_1_206' title='bbox 494 1294 645 1339; x_wconf 45' lang='grc' dir='ltr'>κέκτηταιξ</span> <span class='ocrx_word' id='word_1_207' title='bbox 669 1306 714 1342; x_wconf 83' lang='grc' dir='ltr'><strong>Μὴ</strong></span> <span class='ocrx_word' id='word_1_208' title='bbox 734 1306 763 1333; x_wconf 80' lang='grc' dir='ltr'>τὺ</span> 
     </span>
    </p>
   </div>
   <div class='ocr_carea' id='block_1_31' title="bbox 15 1339 763 1384">
    <p class='ocr_par' dir='ltr' id='par_1_31' title="bbox 15 1339 763 1384">
     <span class='ocr_line' id='line_1_31' title="bbox 15 1339 763 1384; baseline 0.02 -19"><span class='ocrx_word' id='word_1_209' title='bbox 15 1339 60 1373; x_wconf 70' lang='grc' dir='ltr'>ιῖρε</span> <span class='ocrx_word' id='word_1_210' title='bbox 70 1341 149 1368; x_wconf 78' lang='grc' dir='ltr'>τοῦτο</span> <span class='ocrx_word' id='word_1_211' title='bbox 163 1342 249 1379; x_wconf 79' lang='grc' dir='ltr'>λύπης</span> <span class='ocrx_word' id='word_1_212' title='bbox 262 1345 346 1372; x_wconf 80' lang='grc' dir='ltr'>αἴτιον</span> <span class='ocrx_word' id='word_1_213' title='bbox 357 1355 400 1382; x_wconf 83' lang='grc' dir='ltr'><strong>μοι</strong></span> <span class='ocrx_word' id='word_1_214' title='bbox 412 1349 564 1384; x_wconf 85' lang='grc' dir='ltr'>γενήσεται,</span> <span class='ocrx_word' id='word_1_215' title='bbox 575 1351 664 1384; x_wconf 84' lang='grc' dir='ltr'>καθὼς</span> <span class='ocrx_word' id='word_1_216' title='bbox 680 1353 763 1380; x_wconf 74' lang='grc' dir='ltr'>πάλαι</span> 
     </span>
    </p>
   </div>
   <div class='ocr_carea' id='block_1_32' title="bbox 40 1387 764 1433">
    <p class='ocr_par' dir='ltr' id='par_1_32' title="bbox 40 1387 764 1433">
     <span class='ocr_line' id='line_1_32' title="bbox 40 1387 764 1433; baseline 0.018 -22"><span class='ocrx_word' id='word_1_217' title='bbox 40 1387 188 1423; x_wconf 82' lang='grc' dir='ltr'>προμήτορι</span> <span class='ocrx_word' id='word_1_218' title='bbox 200 1388 257 1424; x_wconf 70' lang='grc' dir='ltr'><strong>Εὔα</strong></span> <span class='ocrx_word' id='word_1_219' title='bbox 269 1390 284 1425; x_wconf 81' lang='grc' dir='ltr'>ἡ</span> <span class='ocrx_word' id='word_1_220' title='bbox 302 1390 490 1427; x_wconf 74' lang='grc' dir='ltr'>ὀφεοδαίμονος</span> <span class='ocrx_word' id='word_1_221' title='bbox 501 1394 664 1430; x_wconf 80' lang='grc' dir='ltr'>συνέργητος</span> <span class='ocrx_word' id='word_1_222' title='bbox 675 1405 764 1433; x_wconf 86' lang='grc' dir='ltr'>παρα-</span> 
     </span>
    </p>
   </div>
   <div class='ocr_carea' id='block_1_33' title="bbox 15 1428 762 1480">
    <p class='ocr_par' dir='ltr' id='par_1_33' title="bbox 15 1428 762 1480">
     <span class='ocr_line' id='line_1_33' title="bbox 15 1428 762 1480; baseline 0.021 -24"><span class='ocrx_word' id='word_1_223' title='bbox 56 1432 103 1466; x_wconf 85' lang='grc' dir='ltr'>τῆς</span> <span class='ocrx_word' id='word_1_224' title='bbox 115 1434 296 1469; x_wconf 74' lang='grc' dir='ltr'>χρηστολόγου</span> <span class='ocrx_word' id='word_1_225' title='bbox 312 1436 483 1472; x_wconf 79' lang='grc' dir='ltr'>ὑποσχέσεως</span> <span class='ocrx_word' id='word_1_226' title='bbox 494 1439 544 1474; x_wconf 78' lang='grc' dir='ltr'>τῆς</span> <span class='ocrx_word' id='word_1_227' title='bbox 558 1428 695 1477; x_wconf 40' lang='lat' dir='ltr'><strong>(iub-cetos;</strong></span> 
     </span>
    </p>
   </div>
   <div class='ocr_carea' id='block_1_34' title="bbox 821 192 1609 233">
    <p class='ocr_par' dir='ltr' id='par_1_34' title="bbox 821 192 1609 233">
     <span class='ocr_line' id='line_1_34' title="bbox 821 192 1609 233; baseline 0.009 -14"><span class='ocrx_word' id='word_1_228' title='bbox 821 200 896 219; x_wconf 91' lang='lat' dir='ltr'><strong>mum</strong></span> <span class='ocrx_word' id='word_1_229' title='bbox 907 192 983 224; x_wconf 89' lang='lat' dir='ltr'><strong>illud,</strong></span> <span class='ocrx_word' id='word_1_230' title='bbox 999 192 1062 226; x_wconf 85' lang='lat' dir='ltr'><strong>Ave,</strong></span> <span class='ocrx_word' id='word_1_231' title='bbox 1076 194 1162 228; x_wconf 84' lang='lat' dir='ltr'><strong>gratia</strong></span> <span class='ocrx_word' id='word_1_232' title='bbox 1179 193 1266 228; x_wconf 83' lang='lat' dir='ltr'><strong>plena,</strong></span> <span class='ocrx_word' id='word_1_233' title='bbox 1283 194 1409 222; x_wconf 76' lang='lat' dir='ltr'><strong>Dominus</strong></span> <span class='ocrx_word' id='word_1_234' title='bbox 1424 201 1507 224; x_wconf 83' lang='lat' dir='ltr'><strong>tecum</strong></span> <span class='ocrx_word' id='word_1_235' title='bbox 1520 198 1539 230; x_wconf 76' lang='grc' dir='ltr'>ι,</span> <span class='ocrx_word' id='word_1_236' title='bbox 1556 198 1609 233; x_wconf 84' lang='lat' dir='ltr'><strong>ipsi</strong></span> 
     </span>
    </p>
   </div>
   <div class='ocr_carea' id='block_1_35' title="bbox 820 237 1608 277">
    <p class='ocr_par' dir='ltr' id='par_1_35' title="bbox 820 237 1608 277">
     <span class='ocr_line' id='line_1_35' title="bbox 820 237 1608 277; baseline 0.008 -13"><span class='ocrx_word' id='word_1_237' title='bbox 820 237 861 265; x_wconf 84' lang='lat' dir='ltr'><strong>sic</strong></span> <span class='ocrx_word' id='word_1_238' title='bbox 878 238 1022 265; x_wconf 77' lang='lat' dir='ltr'><strong>annuntiat</strong></span> <span class='ocrx_word' id='word_1_239' title='bbox 1038 248 1043 265; x_wconf 97' lang='lat'>:</span> <span class='ocrx_word' id='word_1_240' title='bbox 1062 241 1124 271; x_wconf 80' lang='lat' dir='ltr'><strong>Ave,</strong></span> <span class='ocrx_word' id='word_1_241' title='bbox 1139 239 1226 274; x_wconf 82' lang='lat' dir='ltr'><strong>gratia</strong></span> <span class='ocrx_word' id='word_1_242' title='bbox 1240 239 1326 273; x_wconf 79' lang='lat' dir='ltr'><strong>plena.</strong></span> <span class='ocrx_word' id='word_1_243' title='bbox 1340 240 1380 268; x_wconf 88' lang='lat' dir='ltr'><strong>Tu</strong></span> <span class='ocrx_word' id='word_1_244' title='bbox 1393 241 1465 268; x_wconf 89' lang='lat' dir='ltr'><strong>enim</strong></span> <span class='ocrx_word' id='word_1_245' title='bbox 1482 250 1542 277; x_wconf 67' lang='lat' dir='ltr'><strong>quae</strong></span> <span class='ocrx_word' id='word_1_246' title='bbox 1564 251 1608 270; x_wconf 92' lang='lat' dir='ltr'><strong>re-</strong></span> 
     </span>
    </p>
   </div>
   <div class='ocr_carea' id='block_1_36' title="bbox 819 284 1610 322">
    <p class='ocr_par' dir='ltr' id='par_1_36' title="bbox 819 284 1610 322">
     <span class='ocr_line' id='line_1_36' title="bbox 819 284 1610 322; baseline 0.006 -11"><span class='ocrx_word' id='word_1_247' title='bbox 819 291 882 311; x_wconf 89' lang='lat' dir='ltr'><strong>vera</strong></span> <span class='ocrx_word' id='word_1_248' title='bbox 897 284 994 319; x_wconf 78' lang='lat' dir='ltr'><strong>gaudio</strong></span> <span class='ocrx_word' id='word_1_249' title='bbox 1023 289 1085 312; x_wconf 87' lang='lat' dir='ltr'><strong>sunt</strong></span> <span class='ocrx_word' id='word_1_250' title='bbox 1103 285 1183 320; x_wconf 71' lang='lat' dir='ltr'><strong>digna</strong></span> <span class='ocrx_word' id='word_1_251' title='bbox 1209 286 1266 321; x_wconf 82' lang='lat' dir='ltr'><strong>agis</strong></span> <span class='ocrx_word' id='word_1_252' title='bbox 1281 295 1288 314; x_wconf 91' lang='lat'><strong>:</strong></span> <span class='ocrx_word' id='word_1_253' title='bbox 1307 287 1436 322; x_wconf 88' lang='lat' dir='ltr'><strong>quoniam</strong></span> <span class='ocrx_word' id='word_1_254' title='bbox 1453 288 1610 316; x_wconf 87' lang='lat' dir='ltr'><strong>immacula-</strong></span> 
     </span>
    </p>
   </div>
   <div class='ocr_carea' id='block_1_37' title="bbox 819 330 1608 367">
    <p class='ocr_par' dir='ltr' id='par_1_37' title="bbox 819 330 1608 367">
     <span class='ocr_line' id='line_1_37' title="bbox 819 330 1608 367; baseline 0.008 -11"><span class='ocrx_word' id='word_1_255' title='bbox 819 333 874 356; x_wconf 88' lang='lat' dir='ltr'><strong>tam</strong></span> <span class='ocrx_word' id='word_1_256' title='bbox 889 330 982 357; x_wconf 89' lang='lat' dir='ltr'><strong>induta</strong></span> <span class='ocrx_word' id='word_1_257' title='bbox 1006 337 1035 357; x_wconf 88' lang='lat' dir='ltr'><strong>es</strong></span> <span class='ocrx_word' id='word_1_258' title='bbox 1055 335 1176 363; x_wconf 86' lang='lat' dir='ltr'><strong>vestem,</strong></span> <span class='ocrx_word' id='word_1_259' title='bbox 1200 337 1227 359; x_wconf 89' lang='lat' dir='ltr'><strong>et</strong></span> <span class='ocrx_word' id='word_1_260' title='bbox 1245 330 1355 367; x_wconf 78' lang='lat' dir='ltr'><strong>cingulo</strong></span> <span class='ocrx_word' id='word_1_261' title='bbox 1377 333 1551 362; x_wconf 73' lang='lat' dir='ltr'><strong>continentia:</strong></span> <span class='ocrx_word' id='word_1_262' title='bbox 1575 343 1608 362; x_wconf 90' lang='lat' dir='ltr'><strong>ac</strong></span> 
     </span>
    </p>
   </div>
   <div class='ocr_carea' id='block_1_38' title="bbox 820 375 1609 415">
    <p class='ocr_par' dir='ltr' id='par_1_38' title="bbox 820 375 1609 415">
     <span class='ocr_line' id='line_1_38' title="bbox 820 375 1609 415; baseline 0.01 -14"><span class='ocrx_word' id='word_1_263' title='bbox 820 375 957 410; x_wconf 71' lang='lat' dir='ltr'><strong>pudicitia:</strong></span> <span class='ocrx_word' id='word_1_264' title='bbox 969 375 1058 403; x_wconf 87' lang='lat' dir='ltr'><strong>cincta</strong></span> <span class='ocrx_word' id='word_1_265' title='bbox 1075 383 1114 403; x_wconf 89' lang='lat' dir='ltr'><strong>es.</strong></span> <span class='ocrx_word' id='word_1_266' title='bbox 1135 376 1197 411; x_wconf 77' lang='grc' dir='ltr'>Α-υε,</span> <span class='ocrx_word' id='word_1_267' title='bbox 1215 378 1304 412; x_wconf 81' lang='lat' dir='ltr'><strong>gratia</strong></span> <span class='ocrx_word' id='word_1_268' title='bbox 1327 378 1415 412; x_wconf 79' lang='lat' dir='ltr'><strong>plena,</strong></span> <span class='ocrx_word' id='word_1_269' title='bbox 1440 387 1500 414; x_wconf 70' lang='lat' dir='ltr'><strong>quae</strong></span> <span class='ocrx_word' id='word_1_270' title='bbox 1516 388 1609 415; x_wconf 86' lang='lat' dir='ltr'><strong>super-</strong></span> 
     </span>
    </p>
   </div>
   <div class='ocr_carea' id='block_1_39' title="bbox 819 422 1607 461">
    <p class='ocr_par' dir='ltr' id='par_1_39' title="bbox 819 422 1607 461">
     <span class='ocr_line' id='line_1_39' title="bbox 819 422 1607 461; baseline 0.006 -12"><span class='ocrx_word' id='word_1_271' title='bbox 819 422 938 450; x_wconf 71' lang='lat' dir='ltr'><strong>cmlestis</strong></span> <span class='ocrx_word' id='word_1_272' title='bbox 955 422 1053 450; x_wconf 66' lang='lat' dir='ltr'><strong>latitia:</strong></span> <span class='ocrx_word' id='word_1_273' title='bbox 1078 431 1126 451; x_wconf 92' lang='lat' dir='ltr'><strong>vas</strong></span> <span class='ocrx_word' id='word_1_274' title='bbox 1154 431 1183 451; x_wconf 84' lang='lat' dir='ltr'><strong>es</strong></span> <span class='ocrx_word' id='word_1_275' title='bbox 1205 428 1285 459; x_wconf 87' lang='lat' dir='ltr'><strong>atque</strong></span> <span class='ocrx_word' id='word_1_276' title='bbox 1309 426 1518 461; x_wconf 82' lang='lat' dir='ltr'><strong>receptaculum.</strong></span> <span class='ocrx_word' id='word_1_277' title='bbox 1543 428 1607 461; x_wconf 78' lang='lat' dir='ltr'><strong>Are,</strong></span> 
     </span>
    </p>
   </div>
   <div class='ocr_carea' id='block_1_40' title="bbox 819 463 1614 508">
    <p class='ocr_par' dir='ltr' id='par_1_40' title="bbox 819 463 1614 508">
     <span class='ocr_line' id='line_1_40' title="bbox 819 463 1614 508; baseline 0.009 -15"><span class='ocrx_word' id='word_1_278' title='bbox 819 469 907 502; x_wconf 82' lang='lat' dir='ltr'><strong>gratia</strong></span> <span class='ocrx_word' id='word_1_279' title='bbox 927 469 1003 502; x_wconf 81' lang='lat' dir='ltr'><strong>plena</strong></span> <span class='ocrx_word' id='word_1_280' title='bbox 1016 479 1025 496; x_wconf 91' lang='lat'><strong>.-</strong></span> <span class='ocrx_word' id='word_1_281' title='bbox 1038 463 1101 496; x_wconf 78' lang='lat' dir='ltr'><strong>nam</strong></span> <span class='ocrx_word' id='word_1_282' title='bbox 1118 477 1166 504; x_wconf 85' lang='lat' dir='ltr'><strong>per</strong></span> <span class='ocrx_word' id='word_1_283' title='bbox 1183 474 1218 503; x_wconf 86' lang='lat' dir='ltr'><strong>te,</strong></span> <span class='ocrx_word' id='word_1_284' title='bbox 1234 471 1362 505; x_wconf 82' lang='lat' dir='ltr'><strong>gaudium</strong></span> <span class='ocrx_word' id='word_1_285' title='bbox 1374 473 1448 500; x_wconf 90' lang='lat' dir='ltr'><strong>omni</strong></span> <span class='ocrx_word' id='word_1_286' title='bbox 1466 468 1614 508; x_wconf 19' lang='lat' dir='ltr'><strong>dispensa-V</strong></span> 
     </span>
    </p>
   </div>
   <div class='ocr_carea' id='block_1_41' title="bbox 820 517 1607 556">
    <p class='ocr_par' dir='ltr' id='par_1_41' title="bbox 820 517 1607 556">
     <span class='ocr_line' id='line_1_41' title="bbox 820 517 1607 556; baseline 0.008 -15"><span class='ocrx_word' id='word_1_287' title='bbox 820 519 864 542; x_wconf 91' lang='lat' dir='ltr'><strong>tur</strong></span> <span class='ocrx_word' id='word_1_288' title='bbox 877 520 1017 546; x_wconf 69' lang='lat' dir='ltr'><strong>creaturae,</strong></span> <span class='ocrx_word' id='word_1_289' title='bbox 1039 523 1177 551; x_wconf 86' lang='lat' dir='ltr'><strong>genusque</strong></span> <span class='ocrx_word' id='word_1_290' title='bbox 1198 517 1346 545; x_wconf 88' lang='lat' dir='ltr'><strong>hutnanum</strong></span> <span class='ocrx_word' id='word_1_291' title='bbox 1363 519 1506 554; x_wconf 49' lang='lat' dir='ltr'><strong>antiquam:</strong></span> <span class='ocrx_word' id='word_1_292' title='bbox 1520 520 1607 556; x_wconf 88' lang='lat' dir='ltr'><strong>digni-</strong></span> 
     </span>
    </p>
   </div>
   <div class='ocr_carea' id='block_1_42' title="bbox 820 562 1606 599">
    <p class='ocr_par' dir='ltr' id='par_1_42' title="bbox 820 562 1606 599">
     <span class='ocr_line' id='line_1_42' title="bbox 820 562 1606 599; baseline 0.009 -12"><span class='ocrx_word' id='word_1_293' title='bbox 820 565 901 588; x_wconf 89' lang='lat' dir='ltr'><strong>tatem</strong></span> <span class='ocrx_word' id='word_1_294' title='bbox 918 566 1069 596; x_wconf 80' lang='lat' dir='ltr'><strong>recuperat.</strong></span> <span class='ocrx_word' id='word_1_295' title='bbox 1084 562 1146 596; x_wconf 78' lang='lat' dir='ltr'><strong>Ave,</strong></span> <span class='ocrx_word' id='word_1_296' title='bbox 1163 564 1249 598; x_wconf 66' lang='lat' dir='ltr'><strong>gratia</strong></span> <span class='ocrx_word' id='word_1_297' title='bbox 1269 564 1346 598; x_wconf 83' lang='lat' dir='ltr'><strong>plena</strong></span> <span class='ocrx_word' id='word_1_298' title='bbox 1359 573 1367 591; x_wconf 91' lang='lat'><em>:</em></span> <span class='ocrx_word' id='word_1_299' title='bbox 1381 567 1508 599; x_wconf 81' lang='lat' dir='ltr'><strong>quoniam</strong></span> <span class='ocrx_word' id='word_1_300' title='bbox 1528 567 1554 594; x_wconf 90' lang='lat' dir='ltr'><strong>in</strong></span> <span class='ocrx_word' id='word_1_301' title='bbox 1567 568 1606 594; x_wconf 95' lang='lat' dir='ltr'><strong>ul-</strong></span> 
     </span>
    </p>
   </div>
   <div class='ocr_carea' id='block_1_43' title="bbox 818 607 1606 647">
    <p class='ocr_par' dir='ltr' id='par_1_43' title="bbox 818 607 1606 647">
     <span class='ocr_line' id='line_1_43' title="bbox 818 607 1606 647; baseline 0.01 -14"><span class='ocrx_word' id='word_1_302' title='bbox 818 607 861 634; x_wconf 86' lang='lat' dir='ltr'><strong>nis</strong></span> <span class='ocrx_word' id='word_1_303' title='bbox 873 607 925 634; x_wconf 90' lang='lat' dir='ltr'><strong>tuis</strong></span> <span class='ocrx_word' id='word_1_304' title='bbox 943 607 1053 634; x_wconf 88' lang='lat' dir='ltr'><strong>Creator</strong></span> <span class='ocrx_word' id='word_1_305' title='bbox 1077 608 1265 636; x_wconf 80' lang='lat' dir='ltr'><strong>universorum</strong></span> <span class='ocrx_word' id='word_1_306' title='bbox 1289 611 1446 645; x_wconf 86' lang='lat' dir='ltr'><strong>gestabitur.</strong></span> <span class='ocrx_word' id='word_1_307' title='bbox 1466 612 1523 647; x_wconf 85' lang='lat' dir='ltr'><strong>Ipsa</strong></span> <span class='ocrx_word' id='word_1_308' title='bbox 1541 620 1606 641; x_wconf 86' lang='lat' dir='ltr'><strong>vero</strong></span> 
     </span>
    </p>
   </div>
   <div class='ocr_carea' id='block_1_44' title="bbox 818 652 1605 692">
    <p class='ocr_par' dir='ltr' id='par_1_44' title="bbox 818 652 1605 692">
     <span class='ocr_line' id='line_1_44' title="bbox 818 652 1605 692; baseline 0.009 -13"><span class='ocrx_word' id='word_1_309' title='bbox 818 652 845 679; x_wconf 91' lang='lat' dir='ltr'><strong>in</strong></span> <span class='ocrx_word' id='word_1_310' title='bbox 860 653 912 680; x_wconf 90' lang='lat' dir='ltr'><strong>hoc</strong></span> <span class='ocrx_word' id='word_1_311' title='bbox 924 653 1031 680; x_wconf 87' lang='lat' dir='ltr'><strong>turbata</strong></span> <span class='ocrx_word' id='word_1_312' title='bbox 1043 660 1085 680; x_wconf 87' lang='lat' dir='ltr'><strong>est</strong></span> <span class='ocrx_word' id='word_1_313' title='bbox 1099 654 1180 680; x_wconf 84' lang='lat' dir='ltr'><strong>verbo</strong></span> <span class='ocrx_word' id='word_1_314' title='bbox 1197 663 1203 680; x_wconf 94' lang='lat'>:</span> <span class='ocrx_word' id='word_1_315' title='bbox 1221 663 1281 682; x_wconf 87' lang='lat' dir='ltr'><strong>nam</strong></span> <span class='ocrx_word' id='word_1_316' title='bbox 1294 657 1327 682; x_wconf 87' lang='lat' dir='ltr'><strong>ad</strong></span> <span class='ocrx_word' id='word_1_317' title='bbox 1341 664 1522 692; x_wconf 82' lang='lat' dir='ltr'><strong>quoscunque</strong></span> <span class='ocrx_word' id='word_1_318' title='bbox 1534 659 1605 687; x_wconf 89' lang='lat' dir='ltr'><strong>viro-</strong></span> 
     </span>
    </p>
   </div>
   <div class='ocr_carea' id='block_1_45' title="bbox 817 698 1604 738">
    <p class='ocr_par' dir='ltr' id='par_1_45' title="bbox 817 698 1604 738">
     <span class='ocr_line' id='line_1_45' title="bbox 817 698 1604 738; baseline 0.009 -13"><span class='ocrx_word' id='word_1_319' title='bbox 817 706 877 726; x_wconf 91' lang='lat' dir='ltr'><strong>rum</strong></span> <span class='ocrx_word' id='word_1_320' title='bbox 890 698 987 726; x_wconf 76' lang='lat' dir='ltr'><strong>affatus</strong></span> <span class='ocrx_word' id='word_1_321' title='bbox 1017 703 1075 726; x_wconf 90' lang='lat' dir='ltr'><strong>erat</strong></span> <span class='ocrx_word' id='word_1_322' title='bbox 1090 699 1214 734; x_wconf 86' lang='lat' dir='ltr'><strong>insolita,</strong></span> <span class='ocrx_word' id='word_1_323' title='bbox 1233 706 1260 728; x_wconf 91' lang='lat' dir='ltr'><strong>et</strong></span> <span class='ocrx_word' id='word_1_324' title='bbox 1276 702 1394 736; x_wconf 86' lang='lat' dir='ltr'><strong>quietem</strong></span> <span class='ocrx_word' id='word_1_325' title='bbox 1420 708 1500 738; x_wconf 87' lang='lat' dir='ltr'><strong>atque</strong></span> <span class='ocrx_word' id='word_1_326' title='bbox 1522 704 1604 731; x_wconf 82' lang='lat' dir='ltr'><strong>silen-</strong></span> 
     </span>
    </p>
   </div>
   <div class='ocr_carea' id='block_1_46' title="bbox 817 744 1605 785">
    <p class='ocr_par' dir='ltr' id='par_1_46' title="bbox 817 744 1605 785">
     <span class='ocr_line' id='line_1_46' title="bbox 817 744 1605 785; baseline 0.01 -15"><span class='ocrx_word' id='word_1_327' title='bbox 817 744 885 771; x_wconf 92' lang='lat' dir='ltr'><strong>tium</strong></span> <span class='ocrx_word' id='word_1_328' title='bbox 900 751 929 772; x_wconf 91' lang='lat' dir='ltr'><strong>ut</strong></span> <span class='ocrx_word' id='word_1_329' title='bbox 944 745 1116 772; x_wconf 71' lang='lat' dir='ltr'><strong>continentia:</strong></span> <span class='ocrx_word' id='word_1_330' title='bbox 1129 754 1161 772; x_wconf 86' lang='lat' dir='ltr'><strong>ac</strong></span> <span class='ocrx_word' id='word_1_331' title='bbox 1173 747 1306 775; x_wconf 80' lang='lat' dir='ltr'><strong>castitatis</strong></span> <span class='ocrx_word' id='word_1_332' title='bbox 1327 753 1441 776; x_wconf 88' lang='lat' dir='ltr'><strong>matrem</strong></span> <span class='ocrx_word' id='word_1_333' title='bbox 1464 750 1605 785; x_wconf 48' lang='lat' dir='ltr'><strong>amplecte‘</strong></span> 
     </span>
    </p>
   </div>
   <div class='ocr_carea' id='block_1_47' title="bbox 817 791 1605 829">
    <p class='ocr_par' dir='ltr' id='par_1_47' title="bbox 817 791 1605 829">
     <span class='ocr_line' id='line_1_47' title="bbox 817 791 1605 829; baseline 0.005 -12"><span class='ocrx_word' id='word_1_334' title='bbox 817 791 898 818; x_wconf 82' lang='lat' dir='ltr'><strong>batur</strong></span> <span class='ocrx_word' id='word_1_335' title='bbox 911 800 917 824; x_wconf 89' lang='lat'>;</span> <span class='ocrx_word' id='word_1_336' title='bbox 932 799 1048 826; x_wconf 85' lang='lat' dir='ltr'><strong>cumque</strong></span> <span class='ocrx_word' id='word_1_337' title='bbox 1059 792 1185 826; x_wconf 83' lang='lat' dir='ltr'><strong>puritatis</strong></span> <span class='ocrx_word' id='word_1_338' title='bbox 1199 797 1281 828; x_wconf 85' lang='lat' dir='ltr'><strong>atque</strong></span> <span class='ocrx_word' id='word_1_339' title='bbox 1299 793 1460 829; x_wconf 78' lang='lat' dir='ltr'><strong>integritatis</strong></span> <span class='ocrx_word' id='word_1_340' title='bbox 1472 796 1605 823; x_wconf 87' lang='lat' dir='ltr'><strong>immacu-</strong></span> 
     </span>
    </p>
   </div>
   <div class='ocr_carea' id='block_1_48' title="bbox 780 830 1602 876">
    <p class='ocr_par' dir='ltr' id='par_1_48' title="bbox 780 830 1602 876">
     <span class='ocr_line' id='line_1_48' title="bbox 780 830 1602 876; baseline 0.006 -13"><span class='ocrx_word' id='word_1_341' title='bbox 780 830 801 859; x_wconf 79' lang='grc' dir='ltr'><strong>Β</strong></span> <span class='ocrx_word' id='word_1_342' title='bbox 815 837 899 864; x_wconf 89' lang='lat' dir='ltr'><strong>latum</strong></span> <span class='ocrx_word' id='word_1_343' title='bbox 915 837 1090 865; x_wconf 83' lang='lat' dir='ltr'><strong>simulacrum</strong></span> <span class='ocrx_word' id='word_1_344' title='bbox 1106 844 1186 870; x_wconf 87' lang='lat' dir='ltr'><strong>esset,</strong></span> <span class='ocrx_word' id='word_1_345' title='bbox 1202 844 1340 874; x_wconf 86' lang='lat' dir='ltr'><strong>aspectum</strong></span> <span class='ocrx_word' id='word_1_346' title='bbox 1356 840 1414 874; x_wconf 86' lang='lat' dir='ltr'><strong>ipsa</strong></span> <span class='ocrx_word' id='word_1_347' title='bbox 1436 841 1602 876; x_wconf 73' lang='lat' dir='ltr'><strong>angelicum,</strong></span> 
     </span>
    </p>
   </div>
   <div class='ocr_carea' id='block_1_49' title="bbox 815 883 1604 922">
    <p class='ocr_par' dir='ltr' id='par_1_49' title="bbox 815 883 1604 922">
     <span class='ocr_line' id='line_1_49' title="bbox 815 883 1604 922; baseline 0.006 -13"><span class='ocrx_word' id='word_1_348' title='bbox 815 884 886 910; x_wconf 88' lang='lat' dir='ltr'><strong>sicut</strong></span> <span class='ocrx_word' id='word_1_349' title='bbox 899 884 990 918; x_wconf 88' lang='lat' dir='ltr'><strong>plures</strong></span> <span class='ocrx_word' id='word_1_350' title='bbox 1003 891 1035 910; x_wconf 83' lang='lat' dir='ltr'><strong>ex</strong></span> <span class='ocrx_word' id='word_1_351' title='bbox 1047 883 1187 918; x_wconf 85' lang='lat' dir='ltr'><strong>prophetis</strong></span> <span class='ocrx_word' id='word_1_352' title='bbox 1221 892 1275 911; x_wconf 84' lang='lat' dir='ltr'><strong>non</strong></span> <span class='ocrx_word' id='word_1_353' title='bbox 1302 885 1508 919; x_wconf 79' lang='lat' dir='ltr'><strong>rcformidavit;</strong></span> <span class='ocrx_word' id='word_1_354' title='bbox 1535 895 1604 922; x_wconf 88' lang='lat' dir='ltr'><strong>quo-</strong></span> 
     </span>
    </p>
   </div>
   <div class='ocr_carea' id='block_1_50' title="bbox 815 930 1602 965">
    <p class='ocr_par' dir='ltr' id='par_1_50' title="bbox 815 930 1602 965">
     <span class='ocr_line' id='line_1_50' title="bbox 815 930 1602 965; baseline 0.006 -9"><span class='ocrx_word' id='word_1_355' title='bbox 815 930 886 957; x_wconf 90' lang='lat' dir='ltr'><strong>niam</strong></span> <span class='ocrx_word' id='word_1_356' title='bbox 903 935 930 957; x_wconf 89' lang='lat' dir='ltr'><strong>et</strong></span> <span class='ocrx_word' id='word_1_357' title='bbox 946 930 1101 958; x_wconf 84' lang='lat' dir='ltr'><strong>allinitatem</strong></span> <span class='ocrx_word' id='word_1_358' title='bbox 1117 931 1261 965; x_wconf 85' lang='lat' dir='ltr'><strong>quamdam</strong></span> <span class='ocrx_word' id='word_1_359' title='bbox 1275 939 1307 959; x_wconf 91' lang='lat' dir='ltr'><strong>ac</strong></span> <span class='ocrx_word' id='word_1_360' title='bbox 1321 932 1525 960; x_wconf 85' lang='lat' dir='ltr'><strong>similitudinem</strong></span> <span class='ocrx_word' id='word_1_361' title='bbox 1538 941 1602 961; x_wconf 85' lang='lat' dir='ltr'><strong>vera</strong></span> 
     </span>
    </p>
   </div>
   <div class='ocr_carea' id='block_1_51' title="bbox 814 977 1603 1014">
    <p class='ocr_par' dir='ltr' id='par_1_51' title="bbox 814 977 1603 1014">
     <span class='ocr_line' id='line_1_51' title="bbox 814 977 1603 1014; baseline 0.006 -12"><span class='ocrx_word' id='word_1_362' title='bbox 814 977 954 1011; x_wconf 81' lang='lat' dir='ltr'><strong>virginitas</strong></span> <span class='ocrx_word' id='word_1_363' title='bbox 971 985 1031 1003; x_wconf 91' lang='lat' dir='ltr'><strong>cum</strong></span> <span class='ocrx_word' id='word_1_364' title='bbox 1044 977 1146 1012; x_wconf 76' lang='lat' dir='ltr'><strong>angelis</strong></span> <span class='ocrx_word' id='word_1_365' title='bbox 1160 977 1250 1004; x_wconf 85' lang='lat' dir='ltr'><strong>habet.</strong></span> <span class='ocrx_word' id='word_1_366' title='bbox 1276 977 1401 1006; x_wconf 88' lang='lat' dir='ltr'><strong>Studiose</strong></span> <span class='ocrx_word' id='word_1_367' title='bbox 1420 980 1519 1014; x_wconf 86' lang='lat' dir='ltr'><strong>quippe</strong></span> <span class='ocrx_word' id='word_1_368' title='bbox 1540 987 1603 1007; x_wconf 88' lang='lat' dir='ltr'><strong>san-</strong></span> 
     </span>
    </p>
   </div>
   <div class='ocr_carea' id='block_1_52' title="bbox 815 1022 1601 1060">
    <p class='ocr_par' dir='ltr' id='par_1_52' title="bbox 815 1022 1601 1060">
     <span class='ocr_line' id='line_1_52' title="bbox 815 1022 1601 1060; baseline 0.006 -11"><span class='ocrx_word' id='word_1_369' title='bbox 815 1023 934 1050; x_wconf 80' lang='lat' dir='ltr'><strong>ctissima</strong></span> <span class='ocrx_word' id='word_1_370' title='bbox 970 1022 1051 1058; x_wconf 75' lang='lat' dir='ltr'><strong>Virgo</strong></span> <span class='ocrx_word' id='word_1_371' title='bbox 1085 1023 1235 1058; x_wconf 80' lang='lat' dir='ltr'><strong>lampadem</strong></span> <span class='ocrx_word' id='word_1_372' title='bbox 1260 1024 1423 1060; x_wconf 80' lang='lat' dir='ltr'><strong>virginitatis</strong></span> <span class='ocrx_word' id='word_1_373' title='bbox 1452 1033 1601 1054; x_wconf 82' lang='lat' dir='ltr'><strong>conserva-</strong></span> 
     </span>
    </p>
   </div>
   <div class='ocr_carea' id='block_1_53' title="bbox 805 1066 1600 1105">
    <p class='ocr_par' dir='ltr' id='par_1_53' title="bbox 805 1066 1600 1105">
     <span class='ocr_line' id='line_1_53' title="bbox 805 1066 1600 1105; baseline 0.006 -11"><span class='ocrx_word' id='word_1_374' title='bbox 805 1066 870 1101; x_wconf 83' lang='lat' dir='ltr'><strong>‘bat,</strong></span> <span class='ocrx_word' id='word_1_375' title='bbox 897 1073 923 1095; x_wconf 91' lang='lat' dir='ltr'><strong>et</strong></span> <span class='ocrx_word' id='word_1_376' title='bbox 954 1075 987 1094; x_wconf 90' lang='lat' dir='ltr'><strong>ne</strong></span> <span class='ocrx_word' id='word_1_377' title='bbox 1023 1067 1240 1102; x_wconf 80' lang='lat' dir='ltr'><strong>cxstingueretur</strong></span> <span class='ocrx_word' id='word_1_378' title='bbox 1269 1073 1316 1096; x_wconf 93' lang='lat' dir='ltr'><strong>aut</strong></span> <span class='ocrx_word' id='word_1_379' title='bbox 1339 1071 1600 1105; x_wconf 85' lang='lat' dir='ltr'><strong>commacularetur,</strong></span> 
     </span>
    </p>
   </div>
   <div class='ocr_carea' id='block_1_54' title="bbox 814 1115 1600 1152">
    <p class='ocr_par' dir='ltr' id='par_1_54' title="bbox 814 1115 1600 1152">
     <span class='ocr_line' id='line_1_54' title="bbox 814 1115 1600 1152; baseline 0.005 -11"><span class='ocrx_word' id='word_1_380' title='bbox 814 1115 924 1150; x_wconf 83' lang='lat' dir='ltr'><strong>provide</strong></span> <span class='ocrx_word' id='word_1_381' title='bbox 955 1115 1150 1149; x_wconf 84' lang='lat' dir='ltr'><strong>diligenterque</strong></span> <span class='ocrx_word' id='word_1_382' title='bbox 1180 1115 1302 1142; x_wconf 83' lang='lat' dir='ltr'><strong>curabat.</strong></span> <span class='ocrx_word' id='word_1_383' title='bbox 1334 1115 1366 1142; x_wconf 86' lang='lat' dir='ltr'><strong>Et</strong></span> <span class='ocrx_word' id='word_1_384' title='bbox 1397 1116 1467 1144; x_wconf 88' lang='lat' dir='ltr'><strong>sicut</strong></span> <span class='ocrx_word' id='word_1_385' title='bbox 1499 1117 1600 1152; x_wconf 84' lang='lat' dir='ltr'><strong>aliquis</strong></span> 
     </span>
    </p>
   </div>
   <div class='ocr_carea' id='block_1_55' title="bbox 814 1159 1598 1197">
    <p class='ocr_par' dir='ltr' id='par_1_55' title="bbox 814 1159 1598 1197">
     <span class='ocr_line' id='line_1_55' title="bbox 814 1159 1598 1197; baseline 0.005 -11"><span class='ocrx_word' id='word_1_386' title='bbox 814 1159 952 1194; x_wconf 88' lang='lat' dir='ltr'><strong>splendido</strong></span> <span class='ocrx_word' id='word_1_387' title='bbox 988 1159 1104 1187; x_wconf 85' lang='lat' dir='ltr'><strong>amictus</strong></span> <span class='ocrx_word' id='word_1_388' title='bbox 1135 1160 1318 1193; x_wconf 86' lang='lat' dir='ltr'><strong>vestimento,</strong></span> <span class='ocrx_word' id='word_1_389' title='bbox 1351 1169 1476 1197; x_wconf 82' lang='lat' dir='ltr'><strong>magnam</strong></span> <span class='ocrx_word' id='word_1_390' title='bbox 1512 1163 1598 1190; x_wconf 89' lang='lat' dir='ltr'><strong>ratio-</strong></span> 
     </span>
    </p>
   </div>
   <div class='ocr_carea' id='block_1_56' title="bbox 814 1206 1599 1243">
    <p class='ocr_par' dir='ltr' id='par_1_56' title="bbox 814 1206 1599 1243">
     <span class='ocr_line' id='line_1_56' title="bbox 814 1206 1599 1243; baseline 0.005 -11"><span class='ocrx_word' id='word_1_391' title='bbox 814 1214 875 1233; x_wconf 86' lang='lat' dir='ltr'><strong>nem</strong></span> <span class='ocrx_word' id='word_1_392' title='bbox 908 1214 940 1233; x_wconf 91' lang='lat' dir='ltr'><strong>ac</strong></span> <span class='ocrx_word' id='word_1_393' title='bbox 972 1214 1064 1233; x_wconf 86' lang='lat' dir='ltr'><strong>curam</strong></span> <span class='ocrx_word' id='word_1_394' title='bbox 1097 1206 1226 1240; x_wconf 86' lang='lat' dir='ltr'><strong>adhibet,</strong></span> <span class='ocrx_word' id='word_1_395' title='bbox 1257 1214 1292 1234; x_wconf 83' lang='lat' dir='ltr'><strong>ne</strong></span> <span class='ocrx_word' id='word_1_396' title='bbox 1325 1215 1378 1242; x_wconf 90' lang='lat' dir='ltr'><strong>qua</strong></span> <span class='ocrx_word' id='word_1_397' title='bbox 1411 1208 1599 1243; x_wconf 87' lang='lat' dir='ltr'><strong>inquinatione</strong></span> 
     </span>
    </p>
   </div>
   <div class='ocr_carea' id='block_1_57' title="bbox 814 1252 1598 1288">
    <p class='ocr_par' dir='ltr' id='par_1_57' title="bbox 814 1252 1598 1288">
     <span class='ocr_line' id='line_1_57' title="bbox 814 1252 1598 1288; baseline 0.005 -10"><span class='ocrx_word' id='word_1_398' title='bbox 814 1259 846 1279; x_wconf 87' lang='lat' dir='ltr'><strong>ac</strong></span> <span class='ocrx_word' id='word_1_399' title='bbox 870 1252 950 1279; x_wconf 84' lang='lat' dir='ltr'><strong>sorde</strong></span> <span class='ocrx_word' id='word_1_400' title='bbox 971 1253 1193 1286; x_wconf 80' lang='lat' dir='ltr'><strong>contaminetur;</strong></span> <span class='ocrx_word' id='word_1_401' title='bbox 1224 1253 1261 1279; x_wconf 91' lang='lat' dir='ltr'><strong>ita</strong></span> <span class='ocrx_word' id='word_1_402' title='bbox 1292 1261 1400 1288; x_wconf 89' lang='lat' dir='ltr'><strong>quoque</strong></span> <span class='ocrx_word' id='word_1_403' title='bbox 1425 1255 1598 1282; x_wconf 87' lang='lat' dir='ltr'><strong>sanctissima</strong></span> 
     </span>
    </p>
   </div>
   <div class='ocr_carea' id='block_1_58' title="bbox 813 1297 1598 1336">
    <p class='ocr_par' dir='ltr' id='par_1_58' title="bbox 813 1297 1598 1336">
     <span class='ocr_line' id='line_1_58' title="bbox 813 1297 1598 1336; baseline 0.005 -12"><span class='ocrx_word' id='word_1_404' title='bbox 813 1297 897 1326; x_wconf 91' lang='lat' dir='ltr'><strong>Maria</strong></span> <span class='ocrx_word' id='word_1_405' title='bbox 913 1299 985 1326; x_wconf 83' lang='lat' dir='ltr'><strong>intra</strong></span> <span class='ocrx_word' id='word_1_406' title='bbox 1008 1307 1038 1327; x_wconf 88' lang='lat' dir='ltr'><strong>se</strong></span> <span class='ocrx_word' id='word_1_407' title='bbox 1058 1299 1194 1334; x_wconf 75' lang='lat' dir='ltr'><strong>cogitabat</strong></span> <span class='ocrx_word' id='word_1_408' title='bbox 1225 1304 1305 1334; x_wconf 86' lang='lat' dir='ltr'><strong>atque</strong></span> <span class='ocrx_word' id='word_1_409' title='bbox 1327 1301 1433 1328; x_wconf 83' lang='lat' dir='ltr'><strong>dicebat</strong></span> <span class='ocrx_word' id='word_1_410' title='bbox 1448 1310 1454 1328; x_wconf 89' lang='lat'>:</span> <span class='ocrx_word' id='word_1_411' title='bbox 1469 1300 1598 1336; x_wconf 84' lang='lat' dir='ltr'><strong>Nunquid</strong></span> 
     </span>
    </p>
   </div>
   <div class='ocr_carea' id='block_1_59' title="bbox 814 1342 1596 1378">
    <p class='ocr_par' dir='ltr' id='par_1_59' title="bbox 814 1342 1596 1378">
     <span class='ocr_line' id='line_1_59' title="bbox 814 1342 1596 1378; baseline 0.005 -8"><span class='ocrx_word' id='word_1_412' title='bbox 814 1342 884 1370; x_wconf 79' lang='lat' dir='ltr'><strong>forte</strong></span> <span class='ocrx_word' id='word_1_413' title='bbox 898 1344 1044 1371; x_wconf 88' lang='lat' dir='ltr'><strong>artiticium</strong></span> <span class='ocrx_word' id='word_1_414' title='bbox 1059 1344 1169 1378; x_wconf 87' lang='lat' dir='ltr'><strong>aliquod</strong></span> <span class='ocrx_word' id='word_1_415' title='bbox 1183 1352 1214 1371; x_wconf 88' lang='lat' dir='ltr'><strong>ac</strong></span> <span class='ocrx_word' id='word_1_416' title='bbox 1226 1344 1361 1378; x_wconf 80' lang='lat' dir='ltr'><strong>fraudem,</strong></span> <span class='ocrx_word' id='word_1_417' title='bbox 1379 1345 1421 1372; x_wconf 85' lang='lat' dir='ltr'><strong>vel</strong></span> <span class='ocrx_word' id='word_1_418' title='bbox 1432 1347 1596 1374; x_wconf 85' lang='lat' dir='ltr'><strong>assentatio-</strong></span> 
     </span>
    </p>
   </div>
   <div class='ocr_carea' id='block_1_60' title="bbox 813 1380 1595 1426">
    <p class='ocr_par' dir='ltr' id='par_1_60' title="bbox 813 1380 1595 1426">
     <span class='ocr_line' id='line_1_60' title="bbox 813 1380 1595 1426; baseline 0.003 -8"><span class='ocrx_word' id='word_1_419' title='bbox 813 1380 874 1418; x_wconf 85' lang='lat' dir='ltr'><strong>nem</strong></span> <span class='ocrx_word' id='word_1_420' title='bbox 892 1391 942 1418; x_wconf 88' lang='lat' dir='ltr'><strong>iste</strong></span> <span class='ocrx_word' id='word_1_421' title='bbox 959 1391 1103 1418; x_wconf 84' lang='lat' dir='ltr'><strong>ministerii</strong></span> <span class='ocrx_word' id='word_1_422' title='bbox 1119 1397 1199 1426; x_wconf 88' lang='lat' dir='ltr'><strong>atque</strong></span> <span class='ocrx_word' id='word_1_423' title='bbox 1214 1391 1338 1426; x_wconf 85' lang='lat' dir='ltr'><strong>obsequii</strong></span> <span class='ocrx_word' id='word_1_424' title='bbox 1352 1397 1428 1419; x_wconf 89' lang='lat' dir='ltr'><strong>actus</strong></span> <span class='ocrx_word' id='word_1_425' title='bbox 1443 1392 1470 1419; x_wconf 92' lang='lat' dir='ltr'><strong>in</strong></span> <span class='ocrx_word' id='word_1_426' title='bbox 1485 1400 1514 1419; x_wconf 85' lang='lat' dir='ltr'><strong>se</strong></span> <span class='ocrx_word' id='word_1_427' title='bbox 1528 1401 1595 1421; x_wconf 88' lang='lat' dir='ltr'><strong>con—</strong></span> 
     </span>
    </p>
   </div>
   <div class='ocr_carea' id='block_1_61' title="bbox 815 1437 1594 1477">
    <p class='ocr_par' dir='ltr' id='par_1_61' title="bbox 815 1437 1594 1477">
     <span class='ocr_line' id='line_1_61' title="bbox 815 1437 1594 1477; baseline 0.009 -13"><span class='ocrx_word' id='word_1_428' title='bbox 815 1437 1038 1473; x_wconf 88' lang='lat' dir='ltr'><strong>tinet?Nunquid</strong></span> <span class='ocrx_word' id='word_1_429' title='bbox 1061 1446 1107 1466; x_wconf 85' lang='lat' dir='ltr'><strong>ave</strong></span> <span class='ocrx_word' id='word_1_430' title='bbox 1127 1438 1198 1466; x_wconf 88' lang='lat' dir='ltr'><strong>istud</strong></span> <span class='ocrx_word' id='word_1_431' title='bbox 1223 1441 1325 1469; x_wconf 91' lang='lat' dir='ltr'><strong>doloris</strong></span> <span class='ocrx_word' id='word_1_432' title='bbox 1339 1441 1406 1469; x_wconf 91' lang='lat' dir='ltr'><strong>mihi</strong></span> <span class='ocrx_word' id='word_1_433' title='bbox 1426 1451 1507 1471; x_wconf 87' lang='lat' dir='ltr'><strong>causa</strong></span> <span class='ocrx_word' id='word_1_434' title='bbox 1528 1444 1594 1477; x_wconf 86' lang='lat' dir='ltr'><strong>erit,</strong></span> 
     </span>
    </p>
   </div>
   <div class='ocr_carea' id='block_1_62' title="bbox 15 1475 743 1533">
    <p class='ocr_par' dir='ltr' id='par_1_62' title="bbox 15 1475 743 1526">
     <span class='ocr_line' id='line_1_62' title="bbox 15 1475 743 1526; baseline 0.022 -25"><span class='ocrx_word' id='word_1_435' title='bbox 15 1475 57 1503; x_wconf 72' lang='grc' dir='ltr'>ι).ιν</span> <span class='ocrx_word' id='word_1_436' title='bbox 67 1479 109 1510; x_wconf 80' lang='grc' dir='ltr'><strong>Εἰς</strong></span> <span class='ocrx_word' id='word_1_437' title='bbox 122 1478 252 1513; x_wconf 67' lang='grc' dir='ltr'>ἄγγελον</span> <span class='ocrx_word' id='word_1_438' title='bbox 266 1482 362 1515; x_wconf 70' lang='grc' dir='ltr'>φωτὸς</span> <span class='ocrx_word' id='word_1_439' title='bbox 377 1489 669 1521; x_wconf 78' lang='grc' dir='ltr'>μετασχηματισθεὶς</span> <span class='ocrx_word' id='word_1_440' title='bbox 710 1490 743 1526; x_wconf 82' lang='grc' dir='ltr'>ἀρ</span> 
     </span>
    </p>
   </div>
   <div class='ocr_carea' id='block_1_63' title="bbox 868 1475 1596 1533">
    <p class='ocr_par' dir='ltr' id='par_1_63' title="bbox 868 1484 1596 1519">
     <span class='ocr_line' id='line_1_63' title="bbox 868 1484 1596 1519; baseline 0.011 -9"><span class='ocrx_word' id='word_1_441' title='bbox 868 1488 884 1510; x_wconf 80' lang='grc' dir='ltr'><strong>ιι</strong></span> <span class='ocrx_word' id='word_1_442' title='bbox 909 1484 974 1511; x_wconf 91' lang='lat' dir='ltr'><strong>olim</strong></span> <span class='ocrx_word' id='word_1_443' title='bbox 997 1484 1091 1519; x_wconf 75' lang='lat' dir='ltr'><strong>prima:</strong></span> <span class='ocrx_word' id='word_1_444' title='bbox 1121 1486 1201 1512; x_wconf 91' lang='lat' dir='ltr'><strong>matri</strong></span> <span class='ocrx_word' id='word_1_445' title='bbox 1224 1486 1302 1519; x_wconf 69' lang='lat' dir='ltr'><strong>Evze,</strong></span> <span class='ocrx_word' id='word_1_446' title='bbox 1326 1488 1423 1516; x_wconf 87' lang='lat' dir='ltr'><strong>blanda</strong></span> <span class='ocrx_word' id='word_1_447' title='bbox 1450 1490 1596 1518; x_wconf 75' lang='lat' dir='ltr'><strong>divinitatis</strong></span> 
     </span>
    </p>
   </div>
   <div class='ocr_carea' id='block_1_64' title="bbox 15 1525 760 1572">
    <p class='ocr_par' dir='ltr' id='par_1_64' title="bbox 15 1525 760 1572">
     <span class='ocr_line' id='line_1_64' title="bbox 15 1525 760 1572; baseline 0.02 -23"><span class='ocrx_word' id='word_1_448' title='bbox 15 1531 89 1555; x_wconf 75' lang='grc' dir='ltr'>κακος</span> <span class='ocrx_word' id='word_1_449' title='bbox 104 1525 218 1560; x_wconf 75' lang='grc' dir='ltr'>δαίμων,</span> <span class='ocrx_word' id='word_1_450' title='bbox 240 1528 288 1554; x_wconf 74' lang='grc' dir='ltr'>καὶ</span> <span class='ocrx_word' id='word_1_451' title='bbox 307 1528 346 1563; x_wconf 90' lang='grc' dir='ltr'>τῷ</span> <span class='ocrx_word' id='word_1_452' title='bbox 366 1529 424 1566; x_wconf 81' lang='grc' dir='ltr'>ἐμῷ</span> <span class='ocrx_word' id='word_1_453' title='bbox 444 1532 574 1568; x_wconf 81' lang='grc' dir='ltr'>μνήστορι</span> <span class='ocrx_word' id='word_1_454' title='bbox 588 1534 691 1568; x_wconf 73' lang='grc' dir='ltr'>φθονῶν</span> <span class='ocrx_word' id='word_1_455' title='bbox 712 1537 760 1572; x_wconf 85' lang='grc' dir='ltr'><strong>τῆς</strong></span> 
     </span>
    </p>
   </div>
   <div class='ocr_carea' id='block_1_65' title="bbox 16 1572 760 1617">
    <p class='ocr_par' dir='ltr' id='par_1_65' title="bbox 16 1572 760 1617">
     <span class='ocr_line' id='line_1_65' title="bbox 16 1572 760 1617; baseline 0.022 -23"><span class='ocrx_word' id='word_1_456' title='bbox 16 1577 45 1595; x_wconf 80' lang='grc' dir='ltr'>αν</span> <span class='ocrx_word' id='word_1_457' title='bbox 59 1572 251 1608; x_wconf 66' lang='grc' dir='ltr'>σωφροσύνης,</span> <span class='ocrx_word' id='word_1_458' title='bbox 273 1574 320 1601; x_wconf 73' lang='grc' dir='ltr'>καὶ</span> <span class='ocrx_word' id='word_1_459' title='bbox 333 1576 421 1611; x_wconf 80' lang='grc' dir='ltr'>τούτῳ</span> <span class='ocrx_word' id='word_1_460' title='bbox 438 1577 580 1613; x_wconf 74' lang='grc' dir='ltr'>προϐαλὼν</span> <span class='ocrx_word' id='word_1_461' title='bbox 600 1580 632 1607; x_wconf 77' lang='grc' dir='ltr'><strong>δι’</strong></span> <span class='ocrx_word' id='word_1_462' title='bbox 653 1583 760 1617; x_wconf 72' lang='grc' dir='ltr'>ὁμιλίας</span> 
     </span>
    </p>
   </div>
   <div class='ocr_carea' id='block_1_66' title="bbox 15 1614 760 1661">
    <p class='ocr_par' dir='ltr' id='par_1_66' title="bbox 15 1614 760 1661">
     <span class='ocr_line' id='line_1_66' title="bbox 15 1614 760 1661; baseline 0.023 -22"><span class='ocrx_word' id='word_1_463' title='bbox 15 1622 44 1661; x_wconf 52' lang='grc' dir='ltr'><strong>γα</strong></span> <span class='ocrx_word' id='word_1_464' title='bbox 57 1616 177 1651; x_wconf 82' lang='grc' dir='ltr'>χρηστῆς</span> <span class='ocrx_word' id='word_1_465' title='bbox 187 1638 194 1649; x_wconf 84' lang='grc'><strong>,</strong></span> <span class='ocrx_word' id='word_1_466' title='bbox 209 1618 257 1644; x_wconf 80' lang='grc' dir='ltr'><strong>καὶ</strong></span> <span class='ocrx_word' id='word_1_467' title='bbox 271 1614 307 1654; x_wconf 77' lang='grc' dir='ltr'>μῆ</span> <span class='ocrx_word' id='word_1_468' title='bbox 322 1620 434 1655; x_wconf 80' lang='grc' dir='ltr'>ἰσχύσας</span> <span class='ocrx_word' id='word_1_469' title='bbox 451 1622 488 1654; x_wconf 84' lang='grc' dir='ltr'>ὡς</span> <span class='ocrx_word' id='word_1_470' title='bbox 502 1625 613 1661; x_wconf 68' lang='grc' dir='ltr'>στερρὸν</span> <span class='ocrx_word' id='word_1_471' title='bbox 629 1614 700 1660; x_wconf 59' lang='grc' dir='ltr'>νοάν,</span> <span class='ocrx_word' id='word_1_472' title='bbox 715 1614 760 1655; x_wconf 74' lang='grc' dir='ltr'><strong>τὸν</strong></span> 
     </span>
    </p>
   </div>
   <div class='ocr_carea' id='block_1_67' title="bbox 15 1658 759 1709">
    <p class='ocr_par' dir='ltr' id='par_1_67' title="bbox 15 1658 759 1709">
     <span class='ocr_line' id='line_1_67' title="bbox 15 1658 759 1709; baseline 0.023 -25"><span class='ocrx_word' id='word_1_473' title='bbox 15 1658 56 1694; x_wconf 69' lang='grc' dir='ltr'>δρα</span> <span class='ocrx_word' id='word_1_474' title='bbox 68 1661 222 1697; x_wconf 79' lang='grc' dir='ltr'>ἀπατῆσαι,</span> <span class='ocrx_word' id='word_1_475' title='bbox 238 1665 298 1699; x_wconf 75' lang='grc' dir='ltr'>ἐμοὶ</span> <span class='ocrx_word' id='word_1_476' title='bbox 320 1667 472 1702; x_wconf 79' lang='grc' dir='ltr'>προσῆλθεν</span> <span class='ocrx_word' id='word_1_477' title='bbox 488 1669 525 1701; x_wconf 81' lang='grc' dir='ltr'>ὡς</span> <span class='ocrx_word' id='word_1_478' title='bbox 539 1658 701 1709; x_wconf 59' lang='grc' dir='ltr'>ἁπαλωτέρᾳ</span> <span class='ocrx_word' id='word_1_479' title='bbox 711 1666 759 1700; x_wconf 52' lang='grc' dir='ltr'><strong>Ξε-</strong></span> 
     </span>
    </p>
   </div>
   <div class='ocr_carea' id='block_1_68' title="bbox 15 1707 759 1752">
    <p class='ocr_par' dir='ltr' id='par_1_68' title="bbox 15 1707 759 1752">
     <span class='ocr_line' id='line_1_68' title="bbox 15 1707 759 1752; baseline 0.02 -20"><span class='ocrx_word' id='word_1_480' title='bbox 15 1707 132 1743; x_wconf 72' lang='grc' dir='ltr'>ςμημένῃ</span> <span class='ocrx_word' id='word_1_481' title='bbox 150 1710 183 1744; x_wconf 83' lang='grc' dir='ltr'>τῇ</span> <span class='ocrx_word' id='word_1_482' title='bbox 201 1709 302 1746; x_wconf 80' lang='grc' dir='ltr'>διανοίᾳ</span> <span class='ocrx_word' id='word_1_483' title='bbox 313 1731 320 1743; x_wconf 88' lang='lat'><strong>,</strong></span> <span class='ocrx_word' id='word_1_484' title='bbox 335 1714 381 1739; x_wconf 81' lang='grc' dir='ltr'><strong>καὶ</strong></span> <span class='ocrx_word' id='word_1_485' title='bbox 397 1714 427 1740; x_wconf 81' lang='grc' dir='ltr'><strong>τὸ</strong></span> <span class='ocrx_word' id='word_1_486' title='bbox 441 1715 526 1750; x_wconf 69' lang='grc' dir='ltr'>χαῖρε</span> <span class='ocrx_word' id='word_1_487' title='bbox 536 1707 671 1752; x_wconf 15' lang='grc' dir='ltr'>ὲπιφωνεῖή</span> <span class='ocrx_word' id='word_1_488' title='bbox 683 1707 712 1746; x_wconf 74' lang='grc' dir='ltr'>τὸ</span> <span class='ocrx_word' id='word_1_489' title='bbox 731 1721 759 1752; x_wconf 74' lang='grc' dir='ltr'>ἐς</span> 
     </span>
    </p>
   </div>
   <div class='ocr_carea' id='block_1_69' title="bbox 15 1754 758 1800">
    <p class='ocr_par' dir='ltr' id='par_1_69' title="bbox 15 1754 758 1800">
     <span class='ocr_line' id='line_1_69' title="bbox 15 1754 758 1800; baseline 0.019 -22"><span class='ocrx_word' id='word_1_490' title='bbox 15 1760 83 1788; x_wconf 74' lang='grc' dir='ltr'>τερον</span> <span class='ocrx_word' id='word_1_491' title='bbox 94 1754 178 1790; x_wconf 81' lang='grc' dir='ltr'>ἄχαρι</span> <span class='ocrx_word' id='word_1_492' title='bbox 189 1763 196 1788; x_wconf 89' lang='grc'>;</span> <span class='ocrx_word' id='word_1_493' title='bbox 217 1756 262 1791; x_wconf 83' lang='grc' dir='ltr'><strong>Μὴ</strong></span> <span class='ocrx_word' id='word_1_494' title='bbox 274 1758 327 1793; x_wconf 84' lang='grc' dir='ltr'><strong>ἄρα</strong></span> <span class='ocrx_word' id='word_1_495' title='bbox 339 1760 352 1785; x_wconf 79' lang='grc' dir='ltr'><em>ὁ</em></span> <span class='ocrx_word' id='word_1_496' title='bbox 370 1761 543 1796; x_wconf 79' lang='grc' dir='ltr'>μακαρισμὸς</span> <span class='ocrx_word' id='word_1_497' title='bbox 557 1763 604 1789; x_wconf 76' lang='grc' dir='ltr'><strong>καὶ</strong></span> <span class='ocrx_word' id='word_1_498' title='bbox 616 1764 758 1800; x_wconf 82' lang='grc' dir='ltr'>ἀσπασμὸς</span> 
     </span>
    </p>
   </div>
   <div class='ocr_carea' id='block_1_70' title="bbox 19 1800 759 1848">
    <p class='ocr_par' dir='ltr' id='par_1_70' title="bbox 19 1800 759 1848">
     <span class='ocr_line' id='line_1_70' title="bbox 19 1800 759 1848; baseline 0.02 -24"><span class='ocrx_word' id='word_1_499' title='bbox 19 1800 139 1836; x_wconf 75' lang='grc' dir='ltr'>εἰρωνείᾳ</span> <span class='ocrx_word' id='word_1_500' title='bbox 156 1801 269 1836; x_wconf 78' lang='grc' dir='ltr'>γέγονε;</span> <span class='ocrx_word' id='word_1_501' title='bbox 284 1804 329 1840; x_wconf 88' lang='grc' dir='ltr'><strong>Μή</strong></span> <span class='ocrx_word' id='word_1_502' title='bbox 344 1814 385 1837; x_wconf 74' lang='grc' dir='ltr'><strong>τις</strong></span> <span class='ocrx_word' id='word_1_503' title='bbox 404 1806 441 1838; x_wconf 77' lang='grc' dir='ltr'>ἰὸς</span> <span class='ocrx_word' id='word_1_504' title='bbox 463 1809 492 1834; x_wconf 80' lang='grc' dir='ltr'><strong>ἐν</strong></span> <span class='ocrx_word' id='word_1_505' title='bbox 505 1809 544 1844; x_wconf 80' lang='grc' dir='ltr'>τῷ</span> <span class='ocrx_word' id='word_1_506' title='bbox 559 1809 647 1844; x_wconf 81' lang='grc' dir='ltr'>μέλιτι</span> <span class='ocrx_word' id='word_1_507' title='bbox 660 1812 759 1848; x_wconf 78' lang='grc' dir='ltr'>κέκρυ-</span> 
     </span>
    </p>
   </div>
   <div class='ocr_carea' id='block_1_71' title="bbox 15 1846 758 1888">
    <p class='ocr_par' dir='ltr' id='par_1_71' title="bbox 15 1846 758 1888">
     <span class='ocr_line' id='line_1_71' title="bbox 15 1846 758 1888; baseline 0.017 -18"><span class='ocrx_word' id='word_1_508' title='bbox 15 1852 53 1876; x_wconf 78' lang='grc' dir='ltr'>αι;</span> <span class='ocrx_word' id='word_1_509' title='bbox 67 1846 111 1882; x_wconf 83' lang='grc' dir='ltr'><strong>Μὴ</strong></span> <span class='ocrx_word' id='word_1_510' title='bbox 127 1846 206 1881; x_wconf 86' lang='grc' dir='ltr'>λόγος</span> <span class='ocrx_word' id='word_1_511' title='bbox 223 1848 270 1883; x_wconf 76' lang='grc' dir='ltr'><strong>μὲν</strong></span> <span class='ocrx_word' id='word_1_512' title='bbox 285 1851 538 1888; x_wconf 75' lang='grc' dir='ltr'>εὐαγγελιζομένου,</span> <span class='ocrx_word' id='word_1_513' title='bbox 555 1855 654 1887; x_wconf 83' lang='grc' dir='ltr'>σκοπὸς</span> <span class='ocrx_word' id='word_1_514' title='bbox 669 1856 697 1882; x_wconf 75' lang='grc' dir='ltr'>δὲ</span> <span class='ocrx_word' id='word_1_515' title='bbox 712 1846 758 1883; x_wconf 77' lang='grc' dir='ltr'>συ-</span> 
     </span>
    </p>
   </div>
   <div class='ocr_carea' id='block_1_72' title="bbox 15 1890 754 1937">
    <p class='ocr_par' dir='ltr' id='par_1_72' title="bbox 15 1890 754 1937">
     <span class='ocr_line' id='line_1_72' title="bbox 15 1890 754 1937; baseline 0.022 -23"><span class='ocrx_word' id='word_1_516' title='bbox 15 1890 90 1924; x_wconf 70' lang='grc' dir='ltr'>ἱντος;</span> <span class='ocrx_word' id='word_1_517' title='bbox 110 1893 162 1918; x_wconf 86' lang='grc' dir='ltr'><strong>Ἦν</strong></span> <span class='ocrx_word' id='word_1_518' title='bbox 175 1893 228 1928; x_wconf 79' lang='grc' dir='ltr'>γὰρ</span> <span class='ocrx_word' id='word_1_519' title='bbox 242 1895 291 1922; x_wconf 73' lang='grc' dir='ltr'>οὐκ</span> <span class='ocrx_word' id='word_1_520' title='bbox 305 1893 374 1922; x_wconf 76' lang='grc' dir='ltr'>οἶδεν</span> <span class='ocrx_word' id='word_1_521' title='bbox 391 1898 481 1930; x_wconf 69' lang='grc' dir='ltr'>αὐτὸς,</span> <span class='ocrx_word' id='word_1_522' title='bbox 496 1899 576 1926; x_wconf 80' lang='grc' dir='ltr'>πόθεν</span> <span class='ocrx_word' id='word_1_523' title='bbox 590 1901 754 1937; x_wconf 57' lang='lat' dir='ltr'><strong>donauerat;</strong></span> 
     </span>
    </p>
   </div>
   <div class='ocr_carea' id='block_1_73' title="bbox 16 1935 756 1978">
    <p class='ocr_par' dir='ltr' id='par_1_73' title="bbox 16 1935 756 1978">
     <span class='ocr_line' id='line_1_73' title="bbox 16 1935 756 1978; baseline 0.019 -17"><span class='ocrx_word' id='word_1_524' title='bbox 16 1935 61 1962; x_wconf 76' lang='grc' dir='ltr'>ῦτα</span> <span class='ocrx_word' id='word_1_525' title='bbox 76 1938 103 1963; x_wconf 80' lang='grc' dir='ltr'>ὲν</span> <span class='ocrx_word' id='word_1_526' title='bbox 122 1939 205 1973; x_wconf 76' lang='grc' dir='ltr'>ἑαυτῇ</span> <span class='ocrx_word' id='word_1_527' title='bbox 218 1939 359 1976; x_wconf 82' lang='grc' dir='ltr'>διηπόρει,</span> <span class='ocrx_word' id='word_1_528' title='bbox 379 1944 426 1969; x_wconf 75' lang='grc' dir='ltr'><strong>καὶ</strong></span> <span class='ocrx_word' id='word_1_529' title='bbox 445 1943 545 1978; x_wconf 81' lang='grc' dir='ltr'>ἔλεγεν.</span> <span class='ocrx_word' id='word_1_530' title='bbox 563 1946 629 1972; x_wconf 81' lang='grc' dir='ltr'>Τότε</span> <span class='ocrx_word' id='word_1_531' title='bbox 650 1935 756 1975; x_wconf 82' lang='grc' dir='ltr'>πάλινό</span> 
     </span>
    </p>
   </div>
   <div class='ocr_carea' id='block_1_74' title="bbox 15 1982 754 2030">
    <p class='ocr_par' dir='ltr' id='par_1_74' title="bbox 15 1982 754 2030">
     <span class='ocr_line' id='line_1_74' title="bbox 15 1982 754 2030; baseline 0.019 -23"><span class='ocrx_word' id='word_1_532' title='bbox 15 1982 139 2016; x_wconf 72' lang='grc' dir='ltr'>(ἀγγελος</span> <span class='ocrx_word' id='word_1_533' title='bbox 153 1988 308 2020; x_wconf 69' lang='grc' dir='ltr'>προσφωνεῖ</span> <span class='ocrx_word' id='word_1_534' title='bbox 319 1987 386 2023; x_wconf 71' lang='grc' dir='ltr'>αὐτῇ</span> <span class='ocrx_word' id='word_1_535' title='bbox 400 1990 487 2024; x_wconf 72' lang='grc' dir='ltr'>χαρὰν</span> <span class='ocrx_word' id='word_1_536' title='bbox 502 1993 557 2022; x_wconf 84' lang='grc' dir='ltr'>τοῖς</span> <span class='ocrx_word' id='word_1_537' title='bbox 571 1993 637 2018; x_wconf 83' lang='grc' dir='ltr'>πᾶσι</span> <span class='ocrx_word' id='word_1_538' title='bbox 647 1994 754 2030; x_wconf 80' lang='grc' dir='ltr'>πιστὴν,</span> 
     </span>
    </p>
   </div>
   <div class='ocr_carea' id='block_1_75' title="bbox 15 2028 754 2075">
    <p class='ocr_par' dir='ltr' id='par_1_75' title="bbox 15 2028 754 2075">
     <span class='ocr_line' id='line_1_75' title="bbox 15 2028 754 2075; baseline 0.02 -22"><span class='ocrx_word' id='word_1_539' title='bbox 15 2036 19 2052; x_wconf 71' lang='grc' dir='ltr'><strong>ι</strong></span> <span class='ocrx_word' id='word_1_540' title='bbox 42 2028 213 2065; x_wconf 83' lang='grc' dir='ltr'>ἀδιαίρετον,</span> <span class='ocrx_word' id='word_1_541' title='bbox 231 2034 395 2068; x_wconf 74' lang='grc' dir='ltr'>προμηνιὲων</span> <span class='ocrx_word' id='word_1_542' title='bbox 418 2036 465 2062; x_wconf 77' lang='grc' dir='ltr'><strong>καὶ</strong></span> <span class='ocrx_word' id='word_1_543' title='bbox 489 2036 575 2071; x_wconf 80' lang='grc' dir='ltr'>λέγων</span> <span class='ocrx_word' id='word_1_544' title='bbox 597 2039 681 2075; x_wconf 80' lang='grc' dir='ltr'>αὐτῇ·</span> <span class='ocrx_word' id='word_1_545' title='bbox 705 2041 754 2075; x_wconf 79' lang='grc' dir='ltr'><strong>Μὴ</strong></span> 
     </span>
    </p>
   </div>
   <div class='ocr_carea' id='block_1_76' title="bbox 15 2073 752 2120">
    <p class='ocr_par' dir='ltr' id='par_1_76' title="bbox 15 2073 752 2120">
     <span class='ocr_line' id='line_1_76' title="bbox 15 2073 752 2120; baseline 0.019 -21"><span class='ocrx_word' id='word_1_546' title='bbox 15 2073 60 2100; x_wconf 77' lang='grc' dir='ltr'><strong>ἴοῦ</strong></span> <span class='ocrx_word' id='word_1_547' title='bbox 70 2094 76 2106; x_wconf 94' lang='grc'><strong>,</strong></span> <span class='ocrx_word' id='word_1_548' title='bbox 92 2077 212 2111; x_wconf 77' lang='grc' dir='ltr'>Μαριὰμ</span> <span class='ocrx_word' id='word_1_549' title='bbox 227 2077 287 2113; x_wconf 72' lang='grc' dir='ltr'><strong>[ἄλ.</strong></span> <span class='ocrx_word' id='word_1_550' title='bbox 306 2080 393 2115; x_wconf 79' lang='grc' dir='ltr'>χαρὰν</span> <span class='ocrx_word' id='word_1_551' title='bbox 409 2081 571 2118; x_wconf 83' lang='grc' dir='ltr'>ἀδιαίρετον,</span> <span class='ocrx_word' id='word_1_552' title='bbox 595 2086 642 2111; x_wconf 72' lang='grc' dir='ltr'>καὶ</span> <span class='ocrx_word' id='word_1_553' title='bbox 652 2073 752 2120; x_wconf 32' lang='grc' dir='ltr'>Ηλέγειξ</span> 
     </span>
    </p>
   </div>
   <div class='ocr_carea' id='block_1_77' title="bbox 15 2122 754 2166">
    <p class='ocr_par' dir='ltr' id='par_1_77' title="bbox 15 2122 754 2166">
     <span class='ocr_line' id='line_1_77' title="bbox 15 2122 754 2166; baseline 0.018 -19"><span class='ocrx_word' id='word_1_554' title='bbox 15 2130 18 2154; x_wconf 60' lang='grc' dir='ltr'><em>ρ</em></span> <span class='ocrx_word' id='word_1_555' title='bbox 39 2122 144 2156; x_wconf 67' lang='grc' dir='ltr'>φοϐοῦ,</span> <span class='ocrx_word' id='word_1_556' title='bbox 168 2123 315 2160; x_wconf 64' lang='grc' dir='ltr'>Μαριὰμ],</span> <span class='ocrx_word' id='word_1_557' title='bbox 335 2124 421 2160; x_wconf 72' lang='grc' dir='ltr'>εὗρες</span> <span class='ocrx_word' id='word_1_558' title='bbox 439 2128 494 2162; x_wconf 74' lang='grc' dir='ltr'>γὰρ</span> <span class='ocrx_word' id='word_1_559' title='bbox 512 2129 600 2164; x_wconf 78' lang='grc' dir='ltr'>χάριν</span> <span class='ocrx_word' id='word_1_560' title='bbox 620 2133 699 2166; x_wconf 81' lang='grc' dir='ltr'>παρὰ</span> <span class='ocrx_word' id='word_1_561' title='bbox 714 2133 754 2166; x_wconf 84' lang='grc' dir='ltr'>τῷ</span> 
     </span>
    </p>
   </div>
   <div class='ocr_carea' id='block_1_78' title="bbox 15 2165 748 2212">
    <p class='ocr_par' dir='ltr' id='par_1_78' title="bbox 15 2165 748 2212">
     <span class='ocr_line' id='line_1_78' title="bbox 15 2165 748 2212; baseline 0.018 -19"><span class='ocrx_word' id='word_1_562' title='bbox 15 2165 38 2198; x_wconf 70' lang='grc' dir='ltr'><strong>ᾖ.</strong></span> <span class='ocrx_word' id='word_1_563' title='bbox 52 2169 144 2203; x_wconf 84' lang='grc' dir='ltr'>Ἔχεις</span> <span class='ocrx_word' id='word_1_564' title='bbox 160 2169 290 2205; x_wconf 86' lang='grc' dir='ltr'>σύντομον</span> <span class='ocrx_word' id='word_1_565' title='bbox 308 2171 357 2207; x_wconf 77' lang='grc' dir='ltr'><strong>τὴν</strong></span> <span class='ocrx_word' id='word_1_566' title='bbox 379 2173 432 2199; x_wconf 85' lang='grc' dir='ltr'>τῶν</span> <span class='ocrx_word' id='word_1_567' title='bbox 454 2172 589 2210; x_wconf 73' lang='grc' dir='ltr'>ῥηθέντων</span> <span class='ocrx_word' id='word_1_568' title='bbox 603 2178 748 2212; x_wconf 79' lang='grc' dir='ltr'>ἀπόδειξιν.</span> 
     </span>
    </p>
   </div>
   <div class='ocr_carea' id='block_1_79' title="bbox 21 2213 750 2260">
    <p class='ocr_par' dir='ltr' id='par_1_79' title="bbox 21 2213 750 2260">
     <span class='ocr_line' id='line_1_79' title="bbox 21 2213 750 2260; baseline 0.018 -22"><span class='ocrx_word' id='word_1_569' title='bbox 21 2213 96 2246; x_wconf 81' lang='grc' dir='ltr'>μόνον</span> <span class='ocrx_word' id='word_1_570' title='bbox 111 2215 167 2250; x_wconf 77' lang='grc' dir='ltr'>γάρ</span> <span class='ocrx_word' id='word_1_571' title='bbox 182 2224 238 2249; x_wconf 85' lang='grc' dir='ltr'>σοι,</span> <span class='ocrx_word' id='word_1_572' title='bbox 255 2216 286 2242; x_wconf 72' lang='grc' dir='ltr'><strong>τὸ</strong></span> <span class='ocrx_word' id='word_1_573' title='bbox 301 2217 386 2253; x_wconf 83' lang='grc' dir='ltr'>μηθὲν</span> <span class='ocrx_word' id='word_1_574' title='bbox 400 2219 550 2253; x_wconf 69' lang='grc' dir='ltr'>φοϐεῖσθαι,</span> <span class='ocrx_word' id='word_1_575' title='bbox 562 2221 629 2249; x_wconf 77' lang='grc' dir='ltr'>ἀλλὰ</span> <span class='ocrx_word' id='word_1_576' title='bbox 641 2224 688 2250; x_wconf 68' lang='grc' dir='ltr'><strong>καὶ</strong></span> <span class='ocrx_word' id='word_1_577' title='bbox 701 2225 750 2260; x_wconf 82' lang='grc' dir='ltr'><strong>τῆς</strong></span> 
     </span>
    </p>
   </div>
   <div class='ocr_carea' id='block_1_80' title="bbox 15 2258 750 2304">
    <p class='ocr_par' dir='ltr' id='par_1_80' title="bbox 15 2258 750 2304">
     <span class='ocr_line' id='line_1_80' title="bbox 15 2258 750 2304; baseline 0.018 -20"><span class='ocrx_word' id='word_1_578' title='bbox 15 2258 78 2291; x_wconf 72' lang='grc' dir='ltr'>&gt;6ίας</span> <span class='ocrx_word' id='word_1_579' title='bbox 95 2260 144 2286; x_wconf 77' lang='grc' dir='ltr'><strong>τὸν</strong></span> <span class='ocrx_word' id='word_1_580' title='bbox 162 2261 262 2296; x_wconf 82' lang='grc' dir='ltr'>τρόπον</span> <span class='ocrx_word' id='word_1_581' title='bbox 281 2263 442 2300; x_wconf 82' lang='grc' dir='ltr'>αίνίττομαι.</span> <span class='ocrx_word' id='word_1_582' title='bbox 459 2266 498 2291; x_wconf 85' lang='grc' dir='ltr'><strong>Δι’</strong></span> <span class='ocrx_word' id='word_1_583' title='bbox 513 2267 579 2301; x_wconf 76' lang='grc' dir='ltr'>ἐμοῦ</span> <span class='ocrx_word' id='word_1_584' title='bbox 597 2268 652 2304; x_wconf 77' lang='grc' dir='ltr'>γὰρ</span> <span class='ocrx_word' id='word_1_585' title='bbox 666 2258 750 2297; x_wconf 75' lang='grc' dir='ltr'>πᾶσαι</span> 
     </span>
    </p>
   </div>
   <div class='ocr_carea' id='block_1_81' title="bbox 15 2303 751 2347">
    <p class='ocr_par' dir='ltr' id='par_1_81' title="bbox 15 2303 751 2347">
     <span class='ocr_line' id='line_1_81' title="bbox 15 2303 751 2347; baseline 0.016 -17"><span class='ocrx_word' id='word_1_586' title='bbox 15 2303 135 2339; x_wconf 77' lang='grc' dir='ltr'>οὐράνιαι</span> <span class='ocrx_word' id='word_1_587' title='bbox 149 2305 276 2341; x_wconf 79' lang='grc' dir='ltr'>δυνάμεις</span> <span class='ocrx_word' id='word_1_588' title='bbox 286 2326 293 2338; x_wconf 87' lang='grc'><strong>,</strong></span> <span class='ocrx_word' id='word_1_589' title='bbox 306 2307 336 2333; x_wconf 78' lang='grc' dir='ltr'>σὲ</span> <span class='ocrx_word' id='word_1_590' title='bbox 350 2308 398 2343; x_wconf 84' lang='grc' dir='ltr'><strong>τὴν</strong></span> <span class='ocrx_word' id='word_1_591' title='bbox 415 2309 495 2343; x_wconf 85' lang='grc' dir='ltr'>ἁγίαν</span> <span class='ocrx_word' id='word_1_592' title='bbox 509 2311 644 2347; x_wconf 77' lang='grc' dir='ltr'>Παρθένον</span> <span class='ocrx_word' id='word_1_593' title='bbox 660 2314 751 2342; x_wconf 63' lang='grc' dir='ltr'>ὰσπέι»</span> 
     </span>
    </p>
   </div>
   <div class='ocr_carea' id='block_1_82' title="bbox 15 2350 750 2388">
    <p class='ocr_par' dir='ltr' id='par_1_82' title="bbox 15 2350 750 2388">
     <span class='ocr_line' id='line_1_82' title="bbox 15 2350 750 2388; baseline 0.016 -13"><span class='ocrx_word' id='word_1_594' title='bbox 15 2357 54 2375; x_wconf 85' lang='grc' dir='ltr'><strong>ται</strong></span> <span class='ocrx_word' id='word_1_595' title='bbox 65 2359 72 2365; x_wconf 90' lang='grc'><strong><em>-</em></strong></span> <span class='ocrx_word' id='word_1_596' title='bbox 87 2350 170 2382; x_wconf 77' lang='grc' dir='ltr'>αὐτὸς</span> <span class='ocrx_word' id='word_1_597' title='bbox 183 2351 210 2378; x_wconf 80' lang='grc' dir='ltr'><strong>δὲ</strong></span> <span class='ocrx_word' id='word_1_598' title='bbox 228 2352 325 2387; x_wconf 75' lang='grc' dir='ltr'>μᾶλλον</span> <span class='ocrx_word' id='word_1_599' title='bbox 340 2354 354 2379; x_wconf 73' lang='grc' dir='ltr'>ὁ</span> <span class='ocrx_word' id='word_1_600' title='bbox 373 2355 507 2388; x_wconf 72' lang='grc' dir='ltr'>κυριεύων</span> <span class='ocrx_word' id='word_1_601' title='bbox 523 2357 617 2384; x_wconf 86' lang='grc' dir='ltr'>πασῶν</span> <span class='ocrx_word' id='word_1_602' title='bbox 638 2359 690 2386; x_wconf 81' lang='grc' dir='ltr'><strong>τῶν</strong></span> <span class='ocrx_word' id='word_1_603' title='bbox 705 2361 750 2387; x_wconf 78' lang='grc' dir='ltr'><strong>οὺ-</strong></span> 
     </span>
    </p>
   </div>
   <div class='ocr_carea' id='block_1_83' title="bbox 15 2394 746 2441">
    <p class='ocr_par' dir='ltr' id='par_1_83' title="bbox 15 2394 746 2441">
     <span class='ocr_line' id='line_1_83' title="bbox 15 2394 746 2441; baseline 0.016 -20"><span class='ocrx_word' id='word_1_604' title='bbox 15 2394 62 2422; x_wconf 60' lang='lat' dir='ltr'><strong>&quot;:th</strong></span> <span class='ocrx_word' id='word_1_605' title='bbox 75 2396 227 2432; x_wconf 80' lang='grc' dir='ltr'>δυνάμεων,</span> <span class='ocrx_word' id='word_1_606' title='bbox 248 2398 302 2424; x_wconf 79' lang='grc' dir='ltr'>ἀπὸ</span> <span class='ocrx_word' id='word_1_607' title='bbox 323 2399 413 2435; x_wconf 74' lang='grc' dir='ltr'>πάσης</span> <span class='ocrx_word' id='word_1_608' title='bbox 431 2400 479 2436; x_wconf 75' lang='grc' dir='ltr'>τῆς</span> <span class='ocrx_word' id='word_1_609' title='bbox 496 2401 622 2435; x_wconf 73' lang='grc' dir='ltr'>κτίσεως,</span> <span class='ocrx_word' id='word_1_610' title='bbox 651 2405 680 2431; x_wconf 81' lang='grc' dir='ltr'>σὲ</span> <span class='ocrx_word' id='word_1_611' title='bbox 697 2406 746 2441; x_wconf 80' lang='grc' dir='ltr'><strong>τὴν</strong></span> 
     </span>
    </p>
   </div>
   <div class='ocr_carea' id='block_1_84' title="bbox 15 2441 749 2484">
    <p class='ocr_par' dir='ltr' id='par_1_84' title="bbox 15 2441 749 2484">
     <span class='ocr_line' id='line_1_84' title="bbox 15 2441 749 2484; baseline 0.016 -18"><span class='ocrx_word' id='word_1_612' title='bbox 15 2448 43 2469; x_wconf 78' lang='grc' dir='ltr'><strong>αν</strong></span> <span class='ocrx_word' id='word_1_613' title='bbox 56 2441 102 2468; x_wconf 80' lang='grc' dir='ltr'>καὶ</span> <span class='ocrx_word' id='word_1_614' title='bbox 115 2442 284 2477; x_wconf 73' lang='grc' dir='ltr'>παγκόσμιον</span> <span class='ocrx_word' id='word_1_615' title='bbox 295 2443 450 2471; x_wconf 76' lang='grc' dir='ltr'>ἐκλέλεκται</span> <span class='ocrx_word' id='word_1_616' title='bbox 459 2453 466 2460; x_wconf 73' lang='grc'><strong><em>⁸</em></strong></span> <span class='ocrx_word' id='word_1_617' title='bbox 480 2446 526 2472; x_wconf 78' lang='grc' dir='ltr'><strong>καὶ</strong></span> <span class='ocrx_word' id='word_1_618' title='bbox 537 2447 579 2474; x_wconf 60' lang='grc' dir='ltr'><strong>διὰ</strong></span> <span class='ocrx_word' id='word_1_619' title='bbox 604 2449 653 2484; x_wconf 84' lang='grc' dir='ltr'><strong>τῆς</strong></span> <span class='ocrx_word' id='word_1_620' title='bbox 668 2450 749 2484; x_wconf 86' lang='grc' dir='ltr'>ἁγίας</span> 
     </span>
    </p>
   </div>
   <div class='ocr_carea' id='block_1_85' title="bbox 23 2486 748 2532">
    <p class='ocr_par' dir='ltr' id='par_1_85' title="bbox 23 2486 748 2532">
     <span class='ocr_line' id='line_1_85' title="bbox 23 2486 748 2532; baseline 0.015 -20"><span class='ocrx_word' id='word_1_621' title='bbox 23 2486 106 2522; x_wconf 81' lang='grc' dir='ltr'>ἁγνῆς</span> <span class='ocrx_word' id='word_1_622' title='bbox 116 2507 123 2519; x_wconf 90' lang='grc'><strong>,</strong></span> <span class='ocrx_word' id='word_1_623' title='bbox 139 2488 186 2514; x_wconf 76' lang='grc' dir='ltr'><strong>καὶ</strong></span> <span class='ocrx_word' id='word_1_624' title='bbox 201 2488 322 2524; x_wconf 75' lang='grc' dir='ltr'>καθαρᾶς</span> <span class='ocrx_word' id='word_1_625' title='bbox 332 2509 338 2521; x_wconf 90' lang='grc'><strong>,</strong></span> <span class='ocrx_word' id='word_1_626' title='bbox 352 2491 398 2517; x_wconf 75' lang='grc' dir='ltr'>καὶ</span> <span class='ocrx_word' id='word_1_627' title='bbox 410 2491 541 2526; x_wconf 78' lang='grc' dir='ltr'>ἀμιάντου</span> <span class='ocrx_word' id='word_1_628' title='bbox 555 2501 600 2520; x_wconf 86' lang='grc' dir='ltr'><strong>σου</strong></span> <span class='ocrx_word' id='word_1_629' title='bbox 614 2497 731 2532; x_wconf 84' lang='grc' dir='ltr'>γαστρὸς</span> <span class='ocrx_word' id='word_1_630' title='bbox 740 2517 748 2531; x_wconf 87' lang='grc'><strong>,</strong></span> 
     </span>
    </p>
   </div>
   <div class='ocr_carea' id='block_1_86' title="bbox 15 2532 747 2576">
    <p class='ocr_par' dir='ltr' id='par_1_86' title="bbox 15 2532 747 2576">
     <span class='ocr_line' id='line_1_86' title="bbox 15 2532 747 2576; baseline 0.015 -18"><span class='ocrx_word' id='word_1_631' title='bbox 15 2532 158 2565; x_wconf 73' lang='grc' dir='ltr'>κυτιστικδς</span> <span class='ocrx_word' id='word_1_632' title='bbox 180 2535 352 2571; x_wconf 80' lang='grc' dir='ltr'>μαργαρίτης</span> <span class='ocrx_word' id='word_1_633' title='bbox 374 2537 535 2572; x_wconf 76' lang='grc' dir='ltr'>προέρχεται</span> <span class='ocrx_word' id='word_1_634' title='bbox 555 2540 595 2570; x_wconf 83' lang='grc' dir='ltr'>εἰς</span> <span class='ocrx_word' id='word_1_635' title='bbox 612 2542 747 2576; x_wconf 80' lang='grc' dir='ltr'>σωτηρίαν</span> 
     </span>
    </p>
   </div>
   <div class='ocr_carea' id='block_1_87' title="bbox 15 2579 748 2625">
    <p class='ocr_par' dir='ltr' id='par_1_87' title="bbox 15 2579 748 2625">
     <span class='ocr_line' id='line_1_87' title="bbox 15 2579 748 2625; baseline 0.012 -20"><span class='ocrx_word' id='word_1_636' title='bbox 15 2585 52 2612; x_wconf 69' lang='grc' dir='ltr'><strong>της</strong></span> <span class='ocrx_word' id='word_1_637' title='bbox 71 2579 122 2614; x_wconf 80' lang='grc' dir='ltr'>τῆς</span> <span class='ocrx_word' id='word_1_638' title='bbox 140 2580 317 2616; x_wconf 79' lang='grc' dir='ltr'>οἰκουμένης·</span> <span class='ocrx_word' id='word_1_639' title='bbox 343 2582 437 2618; x_wconf 78' lang='grc' dir='ltr'>ἐπειδὴ</span> <span class='ocrx_word' id='word_1_640' title='bbox 461 2584 550 2619; x_wconf 72' lang='grc' dir='ltr'>πάσης</span> <span class='ocrx_word' id='word_1_641' title='bbox 576 2585 748 2625; x_wconf 68' lang='grc' dir='ltr'>ἀνθρωπίνης</span> 
     </span>
    </p>
   </div>
   <div class='ocr_carea' id='block_1_88' title="bbox 15 2624 746 2670">
    <p class='ocr_par' dir='ltr' id='par_1_88' title="bbox 15 2624 746 2670">
     <span class='ocr_line' id='line_1_88' title="bbox 15 2624 746 2670; baseline 0.015 -20"><span class='ocrx_word' id='word_1_642' title='bbox 15 2631 68 2656; x_wconf 66' lang='lat' dir='ltr'><strong>rem;</strong></span> <span class='ocrx_word' id='word_1_643' title='bbox 162 2626 305 2662; x_wconf 81' lang='grc' dir='ltr'>κτίσεως),</span> <span class='ocrx_word' id='word_1_644' title='bbox 319 2627 366 2654; x_wconf 80' lang='grc' dir='ltr'>καὶ</span> <span class='ocrx_word' id='word_1_645' title='bbox 385 2628 417 2654; x_wconf 76' lang='grc' dir='ltr'><strong>σὺ</strong></span> <span class='ocrx_word' id='word_1_646' title='bbox 437 2629 452 2663; x_wconf 86' lang='grc' dir='ltr'>ἡ</span> <span class='ocrx_word' id='word_1_647' title='bbox 475 2629 557 2663; x_wconf 81' lang='grc' dir='ltr'>ἁγία,</span> <span class='ocrx_word' id='word_1_648' title='bbox 574 2631 728 2670; x_wconf 74' lang='grc' dir='ltr'>ἐνδοξοτέρα</span> <span class='ocrx_word' id='word_1_649' title='bbox 739 2655 746 2667; x_wconf 85' lang='grc'><strong>,</strong></span> 
     </span>
    </p>
   </div>
   <div class='ocr_carea' id='block_1_89' title="bbox 22 2668 749 2714">
    <p class='ocr_par' dir='ltr' id='par_1_89' title="bbox 22 2668 749 2714">
     <span class='ocr_line' id='line_1_89' title="bbox 22 2668 749 2714; baseline 0.012 -19"><span class='ocrx_word' id='word_1_650' title='bbox 22 2668 209 2706; x_wconf 76' lang='grc' dir='ltr'>καθαρωτέρα,</span> <span class='ocrx_word' id='word_1_651' title='bbox 225 2671 272 2698; x_wconf 78' lang='grc' dir='ltr'>καὶ</span> <span class='ocrx_word' id='word_1_652' title='bbox 285 2672 418 2707; x_wconf 76' lang='grc' dir='ltr'>ὁσιωτέρα</span> <span class='ocrx_word' id='word_1_653' title='bbox 436 2673 613 2710; x_wconf 84' lang='grc' dir='ltr'>γεγέννησαι·</span> <span class='ocrx_word' id='word_1_654' title='bbox 630 2668 749 2714; x_wconf 82' lang='grc' dir='ltr'>λαμπρο-</span> 
     </span>
    </p>
   </div>
   <div class='ocr_carea' id='block_1_90' title="bbox 15 2715 748 2755">
    <p class='ocr_par' dir='ltr' id='par_1_90' title="bbox 15 2715 748 2755">
     <span class='ocr_line' id='line_1_90' title="bbox 15 2715 748 2755; baseline 0.012 -15"><span class='ocrx_word' id='word_1_655' title='bbox 15 2721 43 2738; x_wconf 73' lang='grc' dir='ltr'><strong>αν</strong></span> <span class='ocrx_word' id='word_1_656' title='bbox 61 2715 109 2749; x_wconf 77' lang='grc' dir='ltr'>μὲν</span> <span class='ocrx_word' id='word_1_657' title='bbox 123 2715 193 2751; x_wconf 79' lang='grc' dir='ltr'>ὑπὲρ</span> <span class='ocrx_word' id='word_1_658' title='bbox 213 2716 288 2751; x_wconf 82' lang='grc' dir='ltr'>χιόνα</span> <span class='ocrx_word' id='word_1_659' title='bbox 298 2715 402 2751; x_wconf 72' lang='grc' dir='ltr'><strong>⁴ἕχουετιι</strong></span> <span class='ocrx_word' id='word_1_660' title='bbox 424 2717 471 2752; x_wconf 79' lang='grc' dir='ltr'><strong>τὴν</strong></span> <span class='ocrx_word' id='word_1_661' title='bbox 492 2718 625 2753; x_wconf 76' lang='grc' dir='ltr'>διάνοιαν,</span> <span class='ocrx_word' id='word_1_662' title='bbox 648 2723 748 2755; x_wconf 82' lang='grc' dir='ltr'>παντὸς</span> 
     </span>
    </p>
   </div>
   <div class='ocr_carea' id='block_1_91' title="bbox 28 2803 640 2846">
    <p class='ocr_par' dir='ltr' id='par_1_91' title="bbox 28 2803 640 2846">
     <span class='ocr_line' id='line_1_91' title="bbox 28 2803 640 2846; baseline 0.011 -14"><span class='ocrx_word' id='word_1_663' title='bbox 28 2803 92 2833; x_wconf 87' lang='lat' dir='ltr'><strong>Luc.</strong></span> <span class='ocrx_word' id='word_1_664' title='bbox 107 2814 126 2841; x_wconf 83' lang='grc' dir='ltr'><strong>ι,</strong></span> <span class='ocrx_word' id='word_1_665' title='bbox 138 2807 183 2835; x_wconf 74' lang='grc'><strong>28.</strong></span> <span class='ocrx_word' id='word_1_666' title='bbox 223 2808 233 2823; x_wconf 83' lang='grc'><strong>¹</strong></span> <span class='ocrx_word' id='word_1_667' title='bbox 250 2807 316 2836; x_wconf 88' lang='lat' dir='ltr'><strong>Gen.</strong></span> <span class='ocrx_word' id='word_1_668' title='bbox 334 2817 374 2837; x_wconf 86' lang='grc' dir='ltr'>ιιι.</span> <span class='ocrx_word' id='word_1_669' title='bbox 414 2810 424 2826; x_wconf 89' lang='grc'><strong><em>³</em></strong></span> <span class='ocrx_word' id='word_1_670' title='bbox 441 2810 460 2838; x_wconf 91' lang='lat' dir='ltr'><strong>ll</strong></span> <span class='ocrx_word' id='word_1_671' title='bbox 477 2811 537 2839; x_wconf 87' lang='lat' dir='ltr'><strong>Cor.</strong></span> <span class='ocrx_word' id='word_1_672' title='bbox 553 2819 582 2846; x_wconf 84' lang='grc' dir='ltr'><strong>ιι,</strong></span> <span class='ocrx_word' id='word_1_673' title='bbox 600 2811 640 2839; x_wconf 80' lang='lat' dir='ltr'><strong>ll.</strong></span> 
     </span>
    </p>
   </div>
   <div class='ocr_carea' id='block_1_92' title="bbox 811 1531 1596 1571">
    <p class='ocr_par' dir='ltr' id='par_1_92' title="bbox 811 1531 1596 1571">
     <span class='ocr_line' id='line_1_92' title="bbox 811 1531 1596 1571; baseline 0.011 -15"><span class='ocrx_word' id='word_1_674' title='bbox 811 1531 966 1565; x_wconf 86' lang='lat' dir='ltr'><strong>promissio,</strong></span> <span class='ocrx_word' id='word_1_675' title='bbox 982 1539 1064 1565; x_wconf 91' lang='lat' dir='ltr'><strong>quam</strong></span> <span class='ocrx_word' id='word_1_676' title='bbox 1076 1539 1108 1558; x_wconf 80' lang='lat' dir='ltr'><strong>ex</strong></span> <span class='ocrx_word' id='word_1_677' title='bbox 1123 1532 1282 1560; x_wconf 84' lang='lat' dir='ltr'><strong>daemoniaci</strong></span> <span class='ocrx_word' id='word_1_678' title='bbox 1295 1536 1427 1569; x_wconf 80' lang='lat' dir='ltr'><strong>serpentis</strong></span> <span class='ocrx_word' id='word_1_679' title='bbox 1439 1537 1596 1571; x_wconf 87' lang='lat' dir='ltr'><strong>operatione</strong></span> 
     </span>
    </p>
   </div>
   <div class='ocr_carea' id='block_1_93' title="bbox 810 1577 1594 1617">
    <p class='ocr_par' dir='ltr' id='par_1_93' title="bbox 810 1577 1594 1617">
     <span class='ocr_line' id='line_1_93' title="bbox 810 1577 1594 1617; baseline 0.01 -14"><span class='ocrx_word' id='word_1_680' title='bbox 810 1578 1002 1612; x_wconf 48' lang='lat' dir='ltr'><strong>susceperat?</strong></span> <span class='ocrx_word' id='word_1_681' title='bbox 1034 1577 1162 1613; x_wconf 87' lang='lat' dir='ltr'><strong>Nunquid</strong></span> <span class='ocrx_word' id='word_1_682' title='bbox 1198 1587 1295 1607; x_wconf 80' lang='lat' dir='ltr'><strong>rursus</strong></span> <span class='ocrx_word' id='word_1_683' title='bbox 1322 1582 1350 1608; x_wconf 81' lang='lat' dir='ltr'><strong>in</strong></span> <span class='ocrx_word' id='word_1_684' title='bbox 1375 1582 1496 1617; x_wconf 85' lang='lat' dir='ltr'><strong>angelum</strong></span> <span class='ocrx_word' id='word_1_685' title='bbox 1527 1584 1594 1610; x_wconf 80' lang='lat' dir='ltr'><strong>lucis</strong></span> 
     </span>
    </p>
   </div>
   <div class='ocr_carea' id='block_1_94' title="bbox 812 1621 1596 1663">
    <p class='ocr_par' dir='ltr' id='par_1_94' title="bbox 812 1621 1596 1663">
     <span class='ocr_line' id='line_1_94' title="bbox 812 1621 1596 1663; baseline 0.014 -17"><span class='ocrx_word' id='word_1_686' title='bbox 812 1621 1098 1656; x_wconf 71' lang='grc' dir='ltr'><strong>ιταηδῇ9υ1·αιιι8’ῐηίιίἱ</strong></span> <span class='ocrx_word' id='word_1_687' title='bbox 1115 1629 1208 1651; x_wconf 85' lang='lat' dir='ltr'><strong>auctor</strong></span> <span class='ocrx_word' id='word_1_688' title='bbox 1223 1625 1328 1653; x_wconf 70' lang='lat' dir='ltr'><strong>dmmon</strong></span> <span class='ocrx_word' id='word_1_689' title='bbox 1339 1626 1357 1658; x_wconf 76' lang='grc'>³,</span> <span class='ocrx_word' id='word_1_690' title='bbox 1377 1630 1404 1654; x_wconf 88' lang='lat' dir='ltr'><strong>et</strong></span> <span class='ocrx_word' id='word_1_691' title='bbox 1421 1635 1481 1655; x_wconf 89' lang='lat' dir='ltr'><strong>meo</strong></span> <span class='ocrx_word' id='word_1_692' title='bbox 1495 1635 1596 1663; x_wconf 89' lang='lat' dir='ltr'><strong>sponso</strong></span> 
     </span>
    </p>
   </div>
   <div class='ocr_carea' id='block_1_95' title="bbox 809 1667 1595 1708">
    <p class='ocr_par' dir='ltr' id='par_1_95' title="bbox 809 1667 1595 1708">
     <span class='ocr_line' id='line_1_95' title="bbox 809 1667 1595 1708; baseline 0.013 -16"><span class='ocrx_word' id='word_1_693' title='bbox 809 1674 887 1693; x_wconf 88' lang='lat' dir='ltr'><strong>suam</strong></span> <span class='ocrx_word' id='word_1_694' title='bbox 916 1667 992 1694; x_wconf 85' lang='lat' dir='ltr'><strong>valde</strong></span> <span class='ocrx_word' id='word_1_695' title='bbox 1014 1668 1171 1702; x_wconf 87' lang='lat' dir='ltr'><strong>pudicitiam</strong></span> <span class='ocrx_word' id='word_1_696' title='bbox 1197 1670 1335 1704; x_wconf 83' lang='lat' dir='ltr'><strong>invidens,</strong></span> <span class='ocrx_word' id='word_1_697' title='bbox 1356 1672 1509 1708; x_wconf 84' lang='lat' dir='ltr'><strong>blandoque</strong></span> <span class='ocrx_word' id='word_1_698' title='bbox 1532 1682 1595 1702; x_wconf 88' lang='lat' dir='ltr'><strong>eum</strong></span> 
     </span>
    </p>
   </div>
   <div class='ocr_carea' id='block_1_96' title="bbox 809 1711 1595 1750">
    <p class='ocr_par' dir='ltr' id='par_1_96' title="bbox 809 1711 1595 1750">
     <span class='ocr_line' id='line_1_96' title="bbox 809 1711 1595 1750; baseline 0.011 -12"><span class='ocrx_word' id='word_1_699' title='bbox 809 1719 934 1739; x_wconf 85' lang='lat' dir='ltr'><strong>sermone</strong></span> <span class='ocrx_word' id='word_1_700' title='bbox 959 1712 1074 1740; x_wconf 78' lang='lat' dir='ltr'><strong>fortasse</strong></span> <span class='ocrx_word' id='word_1_701' title='bbox 1096 1711 1274 1750; x_wconf 71' lang='lat' dir='ltr'><strong>oppugnaris,</strong></span> <span class='ocrx_word' id='word_1_702' title='bbox 1296 1721 1323 1743; x_wconf 90' lang='lat' dir='ltr'><strong>et</strong></span> <span class='ocrx_word' id='word_1_703' title='bbox 1345 1725 1400 1744; x_wconf 86' lang='lat' dir='ltr'><strong>non</strong></span> <span class='ocrx_word' id='word_1_704' title='bbox 1429 1719 1521 1746; x_wconf 85' lang='lat' dir='ltr'><strong>valens</strong></span> <span class='ocrx_word' id='word_1_705' title='bbox 1543 1720 1595 1747; x_wconf 91' lang='lat' dir='ltr'><strong>viri</strong></span> 
     </span>
    </p>
   </div>
   <div class='ocr_carea' id='block_1_97' title="bbox 810 1760 1594 1800">
    <p class='ocr_par' dir='ltr' id='par_1_97' title="bbox 810 1760 1594 1800">
     <span class='ocr_line' id='line_1_97' title="bbox 810 1760 1594 1800; baseline 0.011 -16"><span class='ocrx_word' id='word_1_706' title='bbox 810 1761 929 1785; x_wconf 87' lang='lat' dir='ltr'><strong>mentem</strong></span> <span class='ocrx_word' id='word_1_707' title='bbox 948 1763 1076 1794; x_wconf 87' lang='lat' dir='ltr'><strong>tanquam</strong></span> <span class='ocrx_word' id='word_1_708' title='bbox 1091 1760 1238 1788; x_wconf 79' lang='lat' dir='ltr'><strong>ﬁrmiorem</strong></span> <span class='ocrx_word' id='word_1_709' title='bbox 1254 1762 1389 1797; x_wconf 88' lang='lat' dir='ltr'><strong>decipere,</strong></span> <span class='ocrx_word' id='word_1_710' title='bbox 1405 1764 1438 1791; x_wconf 89' lang='lat' dir='ltr'><strong>ad</strong></span> <span class='ocrx_word' id='word_1_711' title='bbox 1459 1772 1502 1792; x_wconf 91' lang='lat' dir='ltr'><strong>me</strong></span> <span class='ocrx_word' id='word_1_712' title='bbox 1516 1767 1594 1800; x_wconf 90' lang='lat' dir='ltr'><strong>quasi</strong></span> 
     </span>
    </p>
   </div>
   <div class='ocr_carea' id='block_1_98' title="bbox 808 1803 1592 1842">
    <p class='ocr_par' dir='ltr' id='par_1_98' title="bbox 808 1803 1592 1842">
     <span class='ocr_line' id='line_1_98' title="bbox 808 1803 1592 1842; baseline 0.013 -13"><span class='ocrx_word' id='word_1_713' title='bbox 808 1803 944 1831; x_wconf 80' lang='lat' dir='ltr'><strong>teneriore</strong></span> <span class='ocrx_word' id='word_1_714' title='bbox 960 1804 1115 1832; x_wconf 85' lang='lat' dir='ltr'><strong>decoratam</strong></span> <span class='ocrx_word' id='word_1_715' title='bbox 1133 1812 1223 1834; x_wconf 86' lang='lat' dir='ltr'><strong>mente</strong></span> <span class='ocrx_word' id='word_1_716' title='bbox 1245 1809 1376 1842; x_wconf 86' lang='lat' dir='ltr'><strong>accessit;</strong></span> <span class='ocrx_word' id='word_1_717' title='bbox 1394 1814 1420 1836; x_wconf 90' lang='lat' dir='ltr'><strong>et</strong></span> <span class='ocrx_word' id='word_1_718' title='bbox 1435 1810 1507 1838; x_wconf 89' lang='lat' dir='ltr'><strong>istud</strong></span> <span class='ocrx_word' id='word_1_719' title='bbox 1525 1812 1592 1838; x_wconf 93' lang='lat' dir='ltr'><strong>mihi</strong></span> 
     </span>
    </p>
   </div>
   <div class='ocr_carea' id='block_1_99' title="bbox 807 1849 1594 1892">
    <p class='ocr_par' dir='ltr' id='par_1_99' title="bbox 807 1849 1594 1892">
     <span class='ocr_line' id='line_1_99' title="bbox 807 1849 1594 1892; baseline 0.014 -18"><span class='ocrx_word' id='word_1_720' title='bbox 807 1855 852 1874; x_wconf 79' lang='lat' dir='ltr'><strong>ave</strong></span> <span class='ocrx_word' id='word_1_721' title='bbox 876 1849 1048 1878; x_wconf 88' lang='lat' dir='ltr'><strong>invenustum</strong></span> <span class='ocrx_word' id='word_1_722' title='bbox 1061 1852 1088 1878; x_wconf 90' lang='lat' dir='ltr'><strong>in</strong></span> <span class='ocrx_word' id='word_1_723' title='bbox 1102 1857 1241 1886; x_wconf 89' lang='lat' dir='ltr'><strong>posterum</strong></span> <span class='ocrx_word' id='word_1_724' title='bbox 1258 1854 1530 1891; x_wconf 86' lang='lat' dir='ltr'><strong>intonuit?Nunquid</strong></span> <span class='ocrx_word' id='word_1_725' title='bbox 1545 1865 1594 1892; x_wconf 91' lang='lat' dir='ltr'><strong>per</strong></span> 
     </span>
    </p>
   </div>
   <div class='ocr_carea' id='block_1_100' title="bbox 807 1895 1595 1933">
    <p class='ocr_par' dir='ltr' id='par_1_100' title="bbox 807 1895 1595 1933">
     <span class='ocr_line' id='line_1_100' title="bbox 807 1895 1595 1933; baseline 0.011 -12"><span class='ocrx_word' id='word_1_726' title='bbox 807 1895 923 1922; x_wconf 90' lang='lat' dir='ltr'><strong>ironiam</strong></span> <span class='ocrx_word' id='word_1_727' title='bbox 947 1896 1110 1924; x_wconf 75' lang='lat' dir='ltr'><strong>beatificatio</strong></span> <span class='ocrx_word' id='word_1_728' title='bbox 1126 1903 1206 1933; x_wconf 88' lang='lat' dir='ltr'><strong>atque</strong></span> <span class='ocrx_word' id='word_1_729' title='bbox 1223 1899 1351 1927; x_wconf 88' lang='lat' dir='ltr'><strong>salutatio</strong></span> <span class='ocrx_word' id='word_1_730' title='bbox 1379 1901 1425 1929; x_wconf 91' lang='lat' dir='ltr'><strong>illa</strong></span> <span class='ocrx_word' id='word_1_731' title='bbox 1444 1901 1514 1929; x_wconf 83' lang='lat' dir='ltr'><strong>facta</strong></span> <span class='ocrx_word' id='word_1_732' title='bbox 1531 1903 1595 1930; x_wconf 77' lang='lat' dir='ltr'><strong>est?</strong></span> 
     </span>
    </p>
   </div>
   <div class='ocr_carea' id='block_1_101' title="bbox 806 1940 1592 1984">
    <p class='ocr_par' dir='ltr' id='par_1_101' title="bbox 806 1940 1592 1984">
     <span class='ocr_line' id='line_1_101' title="bbox 806 1940 1592 1984; baseline 0.011 -17"><span class='ocrx_word' id='word_1_733' title='bbox 806 1940 932 1976; x_wconf 87' lang='lat' dir='ltr'><strong>Nunquid</strong></span> <span class='ocrx_word' id='word_1_734' title='bbox 952 1950 1085 1970; x_wconf 89' lang='lat' dir='ltr'><strong>venenum</strong></span> <span class='ocrx_word' id='word_1_735' title='bbox 1103 1944 1154 1971; x_wconf 88' lang='lat' dir='ltr'><strong>sub</strong></span> <span class='ocrx_word' id='word_1_736' title='bbox 1168 1945 1247 1972; x_wconf 84' lang='lat' dir='ltr'><strong>melle</strong></span> <span class='ocrx_word' id='word_1_737' title='bbox 1262 1947 1448 1974; x_wconf 84' lang='lat' dir='ltr'><strong>occultatum?</strong></span> <span class='ocrx_word' id='word_1_738' title='bbox 1463 1948 1592 1984; x_wconf 82' lang='lat' dir='ltr'><strong>Nunquid</strong></span> 
     </span>
    </p>
   </div>
   <div class='ocr_carea' id='block_1_102' title="bbox 806 1988 1590 2030">
    <p class='ocr_par' dir='ltr' id='par_1_102' title="bbox 806 1988 1590 2030">
     <span class='ocr_line' id='line_1_102' title="bbox 806 1988 1590 2030; baseline 0.014 -16"><span class='ocrx_word' id='word_1_739' title='bbox 806 1988 888 2015; x_wconf 82' lang='lat' dir='ltr'><strong>verba</strong></span> <span class='ocrx_word' id='word_1_740' title='bbox 906 1989 1014 2023; x_wconf 86' lang='lat' dir='ltr'><strong>quidem</strong></span> <span class='ocrx_word' id='word_1_741' title='bbox 1032 1989 1121 2017; x_wconf 80' lang='lat' dir='ltr'><strong>fausta</strong></span> <span class='ocrx_word' id='word_1_742' title='bbox 1138 1992 1307 2026; x_wconf 90' lang='lat' dir='ltr'><strong>nuntiantis;</strong></span> <span class='ocrx_word' id='word_1_743' title='bbox 1324 1998 1352 2020; x_wconf 91' lang='lat' dir='ltr'><strong>at</strong></span> <span class='ocrx_word' id='word_1_744' title='bbox 1368 2002 1467 2030; x_wconf 84' lang='lat' dir='ltr'><strong>scopas</strong></span> <span class='ocrx_word' id='word_1_745' title='bbox 1482 2001 1524 2023; x_wconf 91' lang='lat' dir='ltr'><strong>est</strong></span> <span class='ocrx_word' id='word_1_746' title='bbox 1543 1997 1590 2024; x_wconf 85' lang='lat' dir='ltr'><strong>de-</strong></span> 
     </span>
    </p>
   </div>
   <div class='ocr_carea' id='block_1_103' title="bbox 805 2035 1591 2077">
    <p class='ocr_par' dir='ltr' id='par_1_103' title="bbox 805 2035 1591 2077">
     <span class='ocr_line' id='line_1_103' title="bbox 805 2035 1591 2077; baseline 0.014 -18"><span class='ocrx_word' id='word_1_747' title='bbox 805 2035 970 2069; x_wconf 76' lang='lat' dir='ltr'><strong>przcdanus?</strong></span> <span class='ocrx_word' id='word_1_748' title='bbox 994 2035 1137 2068; x_wconf 89' lang='lat' dir='ltr'><strong>Quomodo</strong></span> <span class='ocrx_word' id='word_1_749' title='bbox 1160 2038 1231 2064; x_wconf 88' lang='lat' dir='ltr'><strong>enim</strong></span> <span class='ocrx_word' id='word_1_750' title='bbox 1249 2046 1331 2073; x_wconf 89' lang='lat' dir='ltr'><strong>quam</strong></span> <span class='ocrx_word' id='word_1_751' title='bbox 1354 2041 1507 2069; x_wconf 55' lang='lat' dir='ltr'><strong>non&#39;novit</strong></span> <span class='ocrx_word' id='word_1_752' title='bbox 1528 2042 1591 2077; x_wconf 83' lang='lat' dir='ltr'><strong>ipse</strong></span> 
     </span>
    </p>
   </div>
   <div class='ocr_carea' id='block_1_104' title="bbox 805 2079 1590 2120">
    <p class='ocr_par' dir='ltr' id='par_1_104' title="bbox 805 2079 1590 2120">
     <span class='ocr_line' id='line_1_104' title="bbox 805 2079 1590 2120; baseline 0.013 -15"><span class='ocrx_word' id='word_1_753' title='bbox 805 2080 922 2106; x_wconf 87' lang='lat' dir='ltr'><strong>salutat?</strong></span> <span class='ocrx_word' id='word_1_754' title='bbox 948 2079 1010 2108; x_wconf 63' lang='lat' dir='ltr'><strong>Haec</strong></span> <span class='ocrx_word' id='word_1_755' title='bbox 1033 2082 1103 2116; x_wconf 88' lang='lat' dir='ltr'><strong>apud</strong></span> <span class='ocrx_word' id='word_1_756' title='bbox 1126 2090 1154 2110; x_wconf 87' lang='lat' dir='ltr'><strong>se</strong></span> <span class='ocrx_word' id='word_1_757' title='bbox 1173 2083 1256 2111; x_wconf 89' lang='lat' dir='ltr'><strong>dubia</strong></span> <span class='ocrx_word' id='word_1_758' title='bbox 1277 2085 1442 2120; x_wconf 80' lang='lat' dir='ltr'><strong>cogitatione</strong></span> <span class='ocrx_word' id='word_1_759' title='bbox 1464 2088 1590 2115; x_wconf 82' lang='lat' dir='ltr'><strong>versabat</strong></span> 
     </span>
    </p>
   </div>
   <div class='ocr_carea' id='block_1_105' title="bbox 804 2126 1588 2164">
    <p class='ocr_par' dir='ltr' id='par_1_105' title="bbox 804 2126 1588 2164">
     <span class='ocr_line' id='line_1_105' title="bbox 804 2126 1588 2164; baseline 0.011 -13"><span class='ocrx_word' id='word_1_760' title='bbox 804 2129 886 2160; x_wconf 88' lang='lat' dir='ltr'><strong>atque</strong></span> <span class='ocrx_word' id='word_1_761' title='bbox 899 2126 1014 2154; x_wconf 88' lang='lat' dir='ltr'><strong>dicebat.</strong></span> <span class='ocrx_word' id='word_1_762' title='bbox 1031 2127 1106 2155; x_wconf 86' lang='lat' dir='ltr'><strong>Tunc</strong></span> <span class='ocrx_word' id='word_1_763' title='bbox 1121 2136 1217 2156; x_wconf 84' lang='lat' dir='ltr'><strong>rursus</strong></span> <span class='ocrx_word' id='word_1_764' title='bbox 1231 2129 1360 2164; x_wconf 87' lang='lat' dir='ltr'><strong>gaudium</strong></span> <span class='ocrx_word' id='word_1_765' title='bbox 1376 2131 1481 2158; x_wconf 85' lang='lat' dir='ltr'><strong>cunctis</strong></span> <span class='ocrx_word' id='word_1_766' title='bbox 1499 2133 1588 2160; x_wconf 68' lang='lat' dir='ltr'><strong>credi&lt;</strong></span> 
     </span>
    </p>
   </div>
   <div class='ocr_carea' id='block_1_106' title="bbox 767 2171 1587 2214">
    <p class='ocr_par' dir='ltr' id='par_1_106' title="bbox 767 2171 1587 2214">
     <span class='ocr_line' id='line_1_106' title="bbox 767 2171 1587 2214; baseline 0.013 -18"><span class='ocrx_word' id='word_1_767' title='bbox 767 2184 789 2211; x_wconf 70' lang='grc' dir='ltr'><strong>Β</strong></span> <span class='ocrx_word' id='word_1_768' title='bbox 803 2171 861 2209; x_wconf 51' lang='grc' dir='ltr'>Μία</span> <span class='ocrx_word' id='word_1_769' title='bbox 871 2176 953 2206; x_wconf 80' lang='lat' dir='ltr'><strong>atque</strong></span> <span class='ocrx_word' id='word_1_770' title='bbox 976 2172 1152 2202; x_wconf 87' lang='lat' dir='ltr'><strong>indubitabile</strong></span> <span class='ocrx_word' id='word_1_771' title='bbox 1168 2176 1347 2211; x_wconf 78' lang='lat' dir='ltr'><strong>archangelus</strong></span> <span class='ocrx_word' id='word_1_772' title='bbox 1361 2178 1411 2212; x_wconf 82' lang='lat' dir='ltr'><strong>ipsi</strong></span> <span class='ocrx_word' id='word_1_773' title='bbox 1427 2180 1587 2214; x_wconf 86' lang='lat' dir='ltr'><strong>annuntiat,</strong></span> 
     </span>
    </p>
   </div>
   <div class='ocr_carea' id='block_1_107' title="bbox 803 2218 1589 2257">
    <p class='ocr_par' dir='ltr' id='par_1_107' title="bbox 803 2218 1589 2257">
     <span class='ocr_line' id='line_1_107' title="bbox 803 2218 1589 2257; baseline 0.011 -13"><span class='ocrx_word' id='word_1_774' title='bbox 803 2222 830 2245; x_wconf 91' lang='lat' dir='ltr'><strong>et</strong></span> <span class='ocrx_word' id='word_1_775' title='bbox 850 2218 916 2246; x_wconf 90' lang='lat' dir='ltr'><strong>dicit</strong></span> <span class='ocrx_word' id='word_1_776' title='bbox 930 2228 937 2246; x_wconf 91' lang='lat'>:</span> <span class='ocrx_word' id='word_1_777' title='bbox 954 2218 995 2246; x_wconf 87' lang='lat' dir='ltr'><strong>Ne</strong></span> <span class='ocrx_word' id='word_1_778' title='bbox 1012 2220 1104 2248; x_wconf 69' lang='lat' dir='ltr'><strong>timeas</strong></span> <span class='ocrx_word' id='word_1_779' title='bbox 1115 2220 1164 2256; x_wconf 84' lang='lat' dir='ltr'><strong>[aL</strong></span> <span class='ocrx_word' id='word_1_780' title='bbox 1179 2222 1307 2257; x_wconf 77' lang='lat' dir='ltr'><strong>gaudium</strong></span> <span class='ocrx_word' id='word_1_781' title='bbox 1324 2224 1487 2251; x_wconf 85' lang='lat' dir='ltr'><strong>indivisibile</strong></span> <span class='ocrx_word' id='word_1_782' title='bbox 1503 2226 1526 2253; x_wconf 91' lang='lat' dir='ltr'><strong>ei</strong></span> <span class='ocrx_word' id='word_1_783' title='bbox 1540 2234 1589 2253; x_wconf 89' lang='lat' dir='ltr'><strong>an-</strong></span> 
     </span>
    </p>
   </div>
   <div class='ocr_carea' id='block_1_108' title="bbox 802 2266 1588 2304">
    <p class='ocr_par' dir='ltr' id='par_1_108' title="bbox 802 2266 1588 2304">
     <span class='ocr_line' id='line_1_108' title="bbox 802 2266 1588 2304; baseline 0.011 -13"><span class='ocrx_word' id='word_1_784' title='bbox 802 2266 919 2298; x_wconf 85' lang='lat' dir='ltr'><strong>nuntiat,</strong></span> <span class='ocrx_word' id='word_1_785' title='bbox 938 2273 970 2292; x_wconf 94' lang='lat' dir='ltr'><strong>ac</strong></span> <span class='ocrx_word' id='word_1_786' title='bbox 983 2266 1048 2294; x_wconf 83' lang='lat' dir='ltr'><strong>dicit</strong></span> <span class='ocrx_word' id='word_1_787' title='bbox 1073 2275 1080 2292; x_wconf 92' lang='lat'><strong>:</strong></span> <span class='ocrx_word' id='word_1_788' title='bbox 1113 2267 1153 2294; x_wconf 84' lang='lat' dir='ltr'><strong>Ne</strong></span> <span class='ocrx_word' id='word_1_789' title='bbox 1177 2268 1290 2304; x_wconf 81' lang='lat' dir='ltr'><strong>timeas],</strong></span> <span class='ocrx_word' id='word_1_790' title='bbox 1321 2269 1410 2297; x_wconf 84' lang='lat' dir='ltr'><strong>Maria</strong></span> <span class='ocrx_word' id='word_1_791' title='bbox 1433 2280 1442 2298; x_wconf 88' lang='lat'><strong><em>:</em></strong></span> <span class='ocrx_word' id='word_1_792' title='bbox 1467 2272 1588 2300; x_wconf 71' lang='lat' dir='ltr'><strong>invenisti</strong></span> 
     </span>
    </p>
   </div>
   <div class='ocr_carea' id='block_1_109' title="bbox 801 2312 1587 2347">
    <p class='ocr_par' dir='ltr' id='par_1_109' title="bbox 801 2312 1587 2347">
     <span class='ocr_line' id='line_1_109' title="bbox 801 2312 1587 2347; baseline 0.011 -9"><span class='ocrx_word' id='word_1_793' title='bbox 801 2312 871 2338; x_wconf 79' lang='lat' dir='ltr'><strong>enim</strong></span> <span class='ocrx_word' id='word_1_794' title='bbox 888 2312 1000 2347; x_wconf 82' lang='lat' dir='ltr'><strong>gratiam</strong></span> <span class='ocrx_word' id='word_1_795' title='bbox 1014 2313 1084 2347; x_wconf 81' lang='lat' dir='ltr'><strong>apud</strong></span> <span class='ocrx_word' id='word_1_796' title='bbox 1100 2314 1183 2340; x_wconf 85' lang='lat' dir='ltr'><strong>Deum</strong></span> <span class='ocrx_word' id='word_1_797' title='bbox 1193 2314 1212 2341; x_wconf 70' lang='grc'><strong>⁵.</strong></span> <span class='ocrx_word' id='word_1_798' title='bbox 1226 2314 1314 2343; x_wconf 85' lang='lat' dir='ltr'><strong>llabcs</strong></span> <span class='ocrx_word' id='word_1_799' title='bbox 1329 2317 1436 2344; x_wconf 85' lang='lat' dir='ltr'><strong>brevem</strong></span> <span class='ocrx_word' id='word_1_800' title='bbox 1451 2317 1587 2347; x_wconf 87' lang='lat' dir='ltr'><strong>dictorum</strong></span> 
     </span>
    </p>
   </div>
   <div class='ocr_carea' id='block_1_110' title="bbox 802 2357 1586 2399">
    <p class='ocr_par' dir='ltr' id='par_1_110' title="bbox 802 2357 1586 2399">
     <span class='ocr_line' id='line_1_110' title="bbox 802 2357 1586 2399; baseline 0.011 -15"><span class='ocrx_word' id='word_1_801' title='bbox 802 2357 1071 2386; x_wconf 74' lang='lat' dir='ltr'><strong>demonstrationem.</strong></span> <span class='ocrx_word' id='word_1_802' title='bbox 1086 2359 1144 2386; x_wconf 86' lang='lat' dir='ltr'><strong>Non</strong></span> <span class='ocrx_word' id='word_1_803' title='bbox 1169 2361 1256 2388; x_wconf 90' lang='lat' dir='ltr'><strong>solum</strong></span> <span class='ocrx_word' id='word_1_804' title='bbox 1272 2362 1345 2389; x_wconf 90' lang='lat' dir='ltr'><strong>enim</strong></span> <span class='ocrx_word' id='word_1_805' title='bbox 1363 2364 1410 2390; x_wconf 92' lang='lat' dir='ltr'><strong>tibi</strong></span> <span class='ocrx_word' id='word_1_806' title='bbox 1431 2365 1503 2399; x_wconf 92' lang='lat' dir='ltr'><strong>quod</strong></span> <span class='ocrx_word' id='word_1_807' title='bbox 1520 2366 1586 2394; x_wconf 91' lang='lat' dir='ltr'><strong>nihil</strong></span> 
     </span>
    </p>
   </div>
   <div class='ocr_carea' id='block_1_111' title="bbox 802 2403 1585 2439">
    <p class='ocr_par' dir='ltr' id='par_1_111' title="bbox 802 2403 1585 2439">
     <span class='ocr_line' id='line_1_111' title="bbox 802 2403 1585 2439; baseline 0.013 -10"><span class='ocrx_word' id='word_1_808' title='bbox 802 2403 952 2431; x_wconf 88' lang='lat' dir='ltr'><strong>timendum</strong></span> <span class='ocrx_word' id='word_1_809' title='bbox 966 2409 1017 2437; x_wconf 88' lang='lat' dir='ltr'><strong>est,</strong></span> <span class='ocrx_word' id='word_1_810' title='bbox 1033 2405 1078 2432; x_wconf 86' lang='lat' dir='ltr'><strong>sed</strong></span> <span class='ocrx_word' id='word_1_811' title='bbox 1094 2409 1120 2432; x_wconf 90' lang='lat' dir='ltr'><strong>et</strong></span> <span class='ocrx_word' id='word_1_812' title='bbox 1133 2405 1238 2434; x_wconf 81' lang='lat' dir='ltr'><strong>ﬁduciae</strong></span> <span class='ocrx_word' id='word_1_813' title='bbox 1252 2408 1384 2436; x_wconf 88' lang='lat' dir='ltr'><strong>rationem</strong></span> <span class='ocrx_word' id='word_1_814' title='bbox 1398 2410 1491 2438; x_wconf 90' lang='lat' dir='ltr'><strong>innuo.</strong></span> <span class='ocrx_word' id='word_1_815' title='bbox 1516 2411 1585 2439; x_wconf 82' lang='lat' dir='ltr'><strong>Nam</strong></span> 
     </span>
    </p>
   </div>
   <div class='ocr_carea' id='block_1_112' title="bbox 800 2451 1584 2487">
    <p class='ocr_par' dir='ltr' id='par_1_112' title="bbox 800 2451 1584 2487">
     <span class='ocr_line' id='line_1_112' title="bbox 800 2451 1584 2487; baseline 0.01 -11"><span class='ocrx_word' id='word_1_816' title='bbox 800 2453 905 2477; x_wconf 69' lang='lat' dir='ltr'><strong>cunctae</strong></span> <span class='ocrx_word' id='word_1_817' title='bbox 926 2457 974 2485; x_wconf 90' lang='lat' dir='ltr'><strong>per</strong></span> <span class='ocrx_word' id='word_1_818' title='bbox 988 2458 1031 2478; x_wconf 92' lang='lat' dir='ltr'><strong>me</strong></span> <span class='ocrx_word' id='word_1_819' title='bbox 1044 2451 1168 2479; x_wconf 75' lang='lat' dir='ltr'><strong>caelestes</strong></span> <span class='ocrx_word' id='word_1_820' title='bbox 1184 2457 1330 2487; x_wconf 87' lang='lat' dir='ltr'><strong>potestates</strong></span> <span class='ocrx_word' id='word_1_821' title='bbox 1347 2460 1373 2481; x_wconf 83' lang='lat' dir='ltr'><strong>te</strong></span> <span class='ocrx_word' id='word_1_822' title='bbox 1386 2461 1507 2483; x_wconf 88' lang='lat' dir='ltr'><strong>sanctam</strong></span> <span class='ocrx_word' id='word_1_823' title='bbox 1525 2456 1584 2484; x_wconf 85' lang='lat' dir='ltr'><strong>Vir-</strong></span> 
     </span>
    </p>
   </div>
   <div class='ocr_carea' id='block_1_113' title="bbox 803 2495 1583 2534">
    <p class='ocr_par' dir='ltr' id='par_1_113' title="bbox 803 2495 1583 2534">
     <span class='ocr_line' id='line_1_113' title="bbox 803 2495 1583 2534; baseline 0.01 -12"><span class='ocrx_word' id='word_1_824' title='bbox 803 2495 893 2530; x_wconf 80' lang='lat' dir='ltr'><strong>ginem</strong></span> <span class='ocrx_word' id='word_1_825' title='bbox 915 2497 1034 2524; x_wconf 88' lang='lat' dir='ltr'><strong>salutant</strong></span> <span class='ocrx_word' id='word_1_826' title='bbox 1055 2506 1061 2524; x_wconf 94' lang='lat'><strong>:</strong></span> <span class='ocrx_word' id='word_1_827' title='bbox 1084 2498 1149 2533; x_wconf 87' lang='lat' dir='ltr'><strong>quin</strong></span> <span class='ocrx_word' id='word_1_828' title='bbox 1167 2502 1194 2525; x_wconf 91' lang='lat' dir='ltr'><strong>et</strong></span> <span class='ocrx_word' id='word_1_829' title='bbox 1214 2499 1270 2534; x_wconf 86' lang='lat' dir='ltr'><strong>ipse</strong></span> <span class='ocrx_word' id='word_1_830' title='bbox 1290 2500 1439 2528; x_wconf 66' lang='lat' dir='ltr'><strong>caelestium</strong></span> <span class='ocrx_word' id='word_1_831' title='bbox 1460 2503 1583 2530; x_wconf 76' lang='lat' dir='ltr'><strong>ninnium</strong></span> 
     </span>
    </p>
   </div>
   <div class='ocr_carea' id='block_1_114' title="bbox 803 2543 1583 2580">
    <p class='ocr_par' dir='ltr' id='par_1_114' title="bbox 803 2543 1583 2580">
     <span class='ocr_line' id='line_1_114' title="bbox 803 2543 1583 2580; baseline 0.01 -13"><span class='ocrx_word' id='word_1_832' title='bbox 803 2545 965 2575; x_wconf 86' lang='lat' dir='ltr'><strong>potestatum</strong></span> <span class='ocrx_word' id='word_1_833' title='bbox 980 2543 1150 2578; x_wconf 86' lang='lat' dir='ltr'><strong>dominator,</strong></span> <span class='ocrx_word' id='word_1_834' title='bbox 1171 2552 1204 2572; x_wconf 82' lang='lat' dir='ltr'><strong>ex</strong></span> <span class='ocrx_word' id='word_1_835' title='bbox 1219 2546 1293 2572; x_wconf 94' lang='lat' dir='ltr'><strong>omni</strong></span> <span class='ocrx_word' id='word_1_836' title='bbox 1311 2551 1451 2580; x_wconf 84' lang='lat' dir='ltr'><strong>creatura,</strong></span> <span class='ocrx_word' id='word_1_837' title='bbox 1476 2552 1501 2577; x_wconf 93' lang='lat' dir='ltr'><strong>te</strong></span> <span class='ocrx_word' id='word_1_838' title='bbox 1519 2555 1583 2575; x_wconf 87' lang='lat' dir='ltr'><strong>san-</strong></span> 
     </span>
    </p>
   </div>
   <div class='ocr_carea' id='block_1_115' title="bbox 797 2587 1582 2628">
    <p class='ocr_par' dir='ltr' id='par_1_115' title="bbox 797 2587 1582 2628">
     <span class='ocr_line' id='line_1_115' title="bbox 797 2587 1582 2628; baseline 0.011 -15"><span class='ocrx_word' id='word_1_839' title='bbox 797 2587 946 2615; x_wconf 88' lang='lat' dir='ltr'><strong>ctissimam</strong></span> <span class='ocrx_word' id='word_1_840' title='bbox 965 2593 991 2616; x_wconf 93' lang='lat' dir='ltr'><strong>et</strong></span> <span class='ocrx_word' id='word_1_841' title='bbox 1010 2591 1212 2618; x_wconf 88' lang='lat' dir='ltr'><strong>ornatissimam</strong></span> <span class='ocrx_word' id='word_1_842' title='bbox 1237 2593 1329 2627; x_wconf 87' lang='lat' dir='ltr'><strong>elegit;</strong></span> <span class='ocrx_word' id='word_1_843' title='bbox 1349 2597 1376 2620; x_wconf 90' lang='lat' dir='ltr'><strong>ct</strong></span> <span class='ocrx_word' id='word_1_844' title='bbox 1391 2602 1438 2628; x_wconf 87' lang='lat' dir='ltr'><strong>per</strong></span> <span class='ocrx_word' id='word_1_845' title='bbox 1458 2599 1582 2622; x_wconf 87' lang='lat' dir='ltr'><strong>sanctum</strong></span> 
     </span>
    </p>
   </div>
   <div class='ocr_carea' id='block_1_116' title="bbox 797 2638 1581 2674">
    <p class='ocr_par' dir='ltr' id='par_1_116' title="bbox 797 2638 1581 2674">
     <span class='ocr_line' id='line_1_116' title="bbox 797 2638 1581 2674; baseline 0.009 -13"><span class='ocrx_word' id='word_1_846' title='bbox 797 2642 829 2662; x_wconf 89' lang='lat' dir='ltr'><strong>ac</strong></span> <span class='ocrx_word' id='word_1_847' title='bbox 840 2639 1062 2670; x_wconf 90' lang='lat' dir='ltr'><strong>castum,purum</strong></span> <span class='ocrx_word' id='word_1_848' title='bbox 1076 2641 1158 2672; x_wconf 82' lang='lat' dir='ltr'><strong>atque</strong></span> <span class='ocrx_word' id='word_1_849' title='bbox 1174 2638 1344 2673; x_wconf 85' lang='lat' dir='ltr'><strong>impollutum</strong></span> <span class='ocrx_word' id='word_1_850' title='bbox 1358 2645 1478 2668; x_wconf 87' lang='lat' dir='ltr'><strong>ventrem</strong></span> <span class='ocrx_word' id='word_1_851' title='bbox 1493 2645 1581 2674; x_wconf 87' lang='lat' dir='ltr'><strong>tuum,</strong></span> 
     </span>
    </p>
   </div>
   <div class='ocr_carea' id='block_1_117' title="bbox 797 2678 1581 2717">
    <p class='ocr_par' dir='ltr' id='par_1_117' title="bbox 797 2678 1581 2717">
     <span class='ocr_line' id='line_1_117' title="bbox 797 2678 1581 2717; baseline 0.009 -11"><span class='ocrx_word' id='word_1_852' title='bbox 797 2678 978 2715; x_wconf 81' lang='lat' dir='ltr'><strong>fulgidissima</strong></span> <span class='ocrx_word' id='word_1_853' title='bbox 997 2682 1144 2717; x_wconf 87' lang='lat' dir='ltr'><strong>margarita</strong></span> <span class='ocrx_word' id='word_1_854' title='bbox 1166 2683 1192 2710; x_wconf 90' lang='lat' dir='ltr'><strong>in</strong></span> <span class='ocrx_word' id='word_1_855' title='bbox 1215 2685 1330 2712; x_wconf 85' lang='lat' dir='ltr'><strong>salutem</strong></span> <span class='ocrx_word' id='word_1_856' title='bbox 1346 2686 1428 2713; x_wconf 84' lang='lat' dir='ltr'><strong>totius</strong></span> <span class='ocrx_word' id='word_1_857' title='bbox 1446 2690 1581 2713; x_wconf 85' lang='lat' dir='ltr'><strong>terrarum</strong></span> 
     </span>
    </p>
   </div>
   <div class='ocr_carea' id='block_1_118' title="bbox 797 2724 1581 2766">
    <p class='ocr_par' dir='ltr' id='par_1_118' title="bbox 797 2724 1581 2766">
     <span class='ocr_line' id='line_1_118' title="bbox 797 2724 1581 2766; baseline 0.013 -15"><span class='ocrx_word' id='word_1_858' title='bbox 797 2724 874 2753; x_wconf 87' lang='lat' dir='ltr'><strong>orbis</strong></span> <span class='ocrx_word' id='word_1_859' title='bbox 897 2727 1088 2762; x_wconf 80' lang='lat' dir='ltr'><strong>progreditur;</strong></span> <span class='ocrx_word' id='word_1_860' title='bbox 1114 2730 1242 2765; x_wconf 76' lang='lat' dir='ltr'><strong>quoniam</strong></span> <span class='ocrx_word' id='word_1_861' title='bbox 1265 2737 1290 2759; x_wconf 89' lang='lat' dir='ltr'><strong>ct</strong></span> <span class='ocrx_word' id='word_1_862' title='bbox 1315 2735 1342 2758; x_wconf 93' lang='lat' dir='ltr'><strong>tu</strong></span> <span class='ocrx_word' id='word_1_863' title='bbox 1370 2737 1479 2766; x_wconf 86' lang='lat' dir='ltr'><strong>sancta,</strong></span> <span class='ocrx_word' id='word_1_864' title='bbox 1506 2733 1581 2761; x_wconf 84' lang='lat' dir='ltr'><strong>omni</strong></span> 
     </span>
    </p>
   </div>
   <div class='ocr_carea' id='block_1_119' title="bbox 680 2811 866 2848">
    <p class='ocr_par' dir='ltr' id='par_1_119' title="bbox 680 2811 866 2848">
     <span class='ocr_line' id='line_1_119' title="bbox 680 2811 866 2848; baseline 0.016 -10"><span class='ocrx_word' id='word_1_865' title='bbox 680 2812 691 2829; x_wconf 74' lang='grc' dir='ltr'>δ</span> <span class='ocrx_word' id='word_1_866' title='bbox 702 2811 767 2841; x_wconf 90' lang='lat' dir='ltr'><strong>Luc.</strong></span> <span class='ocrx_word' id='word_1_867' title='bbox 785 2821 805 2848; x_wconf 88' lang='grc' dir='ltr'><strong>ι,</strong></span> <span class='ocrx_word' id='word_1_868' title='bbox 822 2813 866 2841; x_wconf 75' lang='lat'><strong>30.</strong></span> 
     </span>
    </p>
   </div>
  </div>
