1844 3047
51 112 104 140 illi!

48 174 174 202 ἧαιώσατο.
196 170 271 207 Εἷχεν
293 173 341 207 μὲν
357 172 405 199 καὶ
425 173 442 209 ὴ
458 174 551 210 πρώτη
568 174 684 211 διαθήκη
701 166 810 201 δικαιῶ-
825 175 848 203 Δ

48 229 109 257 ματα
126 218 254 254 λατρείας,
278 218 315 250 ὡς
339 219 385 245 ἐπὶ
405 216 452 246 τοῦ
474 220 643 256 προπάτορος
674 221 808 256 Ἀϐραὰμ,

46 267 93 294 ἀλλ’
114 266 140 293 ὲν
159 265 244 296 πόνοις
270 265 400 301 σαρκίνης
423 266 568 301 ἀλγηδόνος
589 267 632 294 διὰ
648 268 808 304 περιτομῆς,

46 312 114 347 μέχρι
119 310 214 346 χρόνων
222 319 251 336 συ
256 310 329 346 μπλη
334 309 449 346 ρώσεως.
459 311 548 346 Νόμος
554 312 666 343 ἐκείνοις
677 312 720 338 διὰ
732 313 811 340 Μωῦ-

45 358 102 389 σέως
116 358 152 388 εἰς
175 356 294 383 παιδείαν
318 356 413 393 ἐδόθη·
438 359 504 392 ἡμῖν
525 358 554 384 δὲ
573 359 590 393 ἡ
613 358 702 394 χάρις,
725 359 772 386 καὶ
791 361 808 395 ὴ

44 404 142 439 ἀλήθεια
154 403 194 430 διὰ
210 402 295 438 Ἰησοῦ
309 403 427 439 Χριστοῦ
439 403 587 440 δεδώρηται
602 404 662 440 [ἀλ.
678 405 808 442 ὲγένετο].

43 450 140 476 Πάντων
155 450 216 485 ἡμῖν
227 448 281 475 τῶν
297 449 406 483 ἀγαθῶν
420 449 490 486 ἀρχὴ
507 450 617 484 γέγονεν
631 451 645 476 ὁ
659 449 808 485 Εὑαγγελι-

44 494 99 529 σμὸς
112 494 157 530 τῆς
168 494 388 529 κεχαριτωμένης
401 494 520 530 Μαρίας,
537 495 553 530 ἡ
566 494 752 530 πολυύμνητος
762 495 809 522 τοῦ

42 540 152 575 Σωτῆρος
164 539 311 575 οἰκονομία,
329 540 346 574 ὴ
361 539 451 571 ἔνθεος
466 540 548 566 αὑτοῦ
564 541 610 566 καὶ
625 540 810 576 ὑπερκᾶσμιος

41 584 189 612 διδασκαλία.
212 585 348 611 Ἐντεῦθεν
368 586 433 621 ἡμῖν
450 585 638 613 ἀνατέλλουσιν
653 587 699 613 τοῦ
714 587 808 623 νοεροῦ

42 631 116 665 φωτὸς
139 632 166 657 αἱ
188 632 304 663 ἀκτῖνες.
326 632 464 659 Ἐντεῦθεν
489 633 668 669 ἀναὸρύουσιν
693 636 759 670 ἡμῖν
780 637 808 662 αἱ

42 678 115 712 πηγαὶ
124 677 171 712 τῆς
186 677 289 712 σοφίας,
303 678 349 704 καὶ
363 678 412 713 τῆς
425 678 583 711 ἀθανασίας,
598 679 680 715 διειδῆ
696 680 742 707 καὶ
759 689 809 707 κα-

40 722 100 758 θαρὰ
110 723 246 758 ὲκχέουσαι
260 723 310 758 τῆς
322 724 462 756 εὐσεϐείας
476 724 509 751 τὰ
525 725 643 760 νάματα.
667 726 814 754 Ἐντεῦθεν

39 769 94 804 ἡμῖν
108 769 343 804 ἀπαστράπτουσιν
367 770 391 796 οἱ
413 769 544 806 θησαυροὶ
564 771 614 806 τῆς
634 771 806 806 θεογνωσίας.

39 817 89 851 Ζωὴ
106 815 156 852 γὰρ
171 815 239 852 αὕτη
260 817 334 844 ἐστὶν
356 817 473 849 αἰώνιος,
498 818 540 845 ἵνα
561 817 740 854 γινώσκωμεν
762 820 808 846 τὸν

38 860 147 896 ἀληθινὸν
168 861 242 893 Θεὸν,
264 862 311 888 καὶ
332 862 361 888 ὃν
384 862 542 889 ἀπέστειλεν
559 862 662 899 Ἰησοῦν
677 864 805 900 Χριστόν.

38 907 83 932 Καὶ
103 907 194 933 πάλιν·
223 907 367 942 Ἐρευνᾶτε
387 908 437 939 τὰς
456 909 577 944 Γραφάς,
601 910 641 936 ὅτι
664 911 693 936 ὲν
714 910 808 942 αὐταῖς

36 953 151 988 εὑρήσετε
175 953 246 989 ζωὴν
268 953 376 980 αἰώνιον
401 953 461 989 [ἄλ.
484 954 588 981 δοκεῖτε
607 955 679 990 ζωὴν
701 954 808 982 αἰώνιον

36 997 117 1034 item].
135 999 180 1026 Διὰ
194 999 273 1026 τοῦτο
289 999 353 1035 γὰρ,
370 1002 425 1032 τοῖς
441 1001 571 1035 ἐρευνῶσι
597 1001 631 1028 τὰ
653 1001 711 1028 θεῖα
730 1002 808 1037 λόγια

35 1044 237 1071 ἀνακαλύπτεται
254 1046 268 1071 ὁ
291 1045 426 1082 θησαυρὸς
443 1047 493 1082 τῆς
511 1047 559 1074 τοῦ
581 1047 649 1074 Θεοῦ
670 1048 805 1082 γνώσεως.

35 1090 162 1125 θησαυρὸν
188 1092 254 1126 ἡμῖν
278 1092 388 1126 ἥπλωσε
414 1093 532 1128 σήμερον
554 1093 605 1128 τῆς
631 1093 807 1120 θεοπνεύστου

37 1134 52 1159 Γ
53 1136 133 1171 ραφῆς
150 1137 162 1162 ὁ
180 1136 368 1172 Παράκλητος.
392 1138 533 1174 Θησαυρὸς
548 1138 576 1165 δὲ
596 1139 662 1174 ἡμῖν
680 1139 749 1166 ἔστω
765 1148 807 1166 σο-

35 1180 126 1217 φίας,ή
147 1184 302 1220 προφητικὴ
315 1184 435 1218 γλῶσσα,
450 1186 498 1212 καὶ
519 1186 534 1221 ἡ
551 1185 715 1221 ἀποστολικὴ
734 1185 807 1212 διδα-

35 1226 119 1253 σκαλία
130 1235 137 1242 ·
153 1228 182 1254 οὐ
202 1228 258 1263 γὰρ
279 1229 336 1256 ἐστι
354 1230 437 1264 χωρὶς
453 1230 535 1265 νόμου
551 1230 598 1257 καὶ
618 1230 775 1266 προφητῶν,
790 1230 807 1266 ἢ

32 1271 216 1306 εὐαγγελιστῶν
231 1274 292 1310 [ἄλ.
302 1276 551 1312 Εὖαγγελῐων’],καὶ
557 1277 722 1308 ἀποστόλων,
736 1276 807 1312 ἔχειν

32 1318 74 1353 τὴν
90 1319 184 1356 ἀκριϐῆ
201 1321 252 1356 τῆς
270 1322 406 1358 σωτηρίας
423 1322 526 1349 ἐλπίδα.
543 1322 592 1349 Διά
614 1322 667 1358 γὰρ
684 1323 732 1358 τῆς
753 1323 808 1350 τῶν

32 1364 105 1397 ἁγίων
123 1366 270 1402 προφητῶν
298 1368 346 1394 καὶ
361 1368 517 1394 ἀποστόλων
538 1367 661 1403 γλώττης
677 1369 690 1395 ὁ
706 1368 807 1404 Κύριος

32 1410 98 1444 ἡμῶν
115 1411 272 1446 φθέγγεται,
289 1413 336 1439 καὶ
354 1415 414 1445 ταῖς
428 1413 482 1440 τῶν
496 1414 581 1448 ἁγίων
596 1415 699 1448 φωναῖς
712 1415 726 1441 ὁ
740 1414 806 1447 Θεὸς

31 1455 261 1490 ὲγκαλλωπίζεται,
286 1459 316 1485 οὺ
343 1459 393 1494 τῆς
414 1460 512 1492 λέξεως
534 1459 662 1495 χρῄζων,’
680 1459 748 1486 ἀλλὰ
772 1462 804 1496 τῇ

31 1499 134 1529 διαθέσει
151 1504 264 1540 χαίρων,
284 1505 360 1531 οὐδὲν
383 1505 412 1537 ἐξ
427 1505 578 1540 ἀνθρώπων
598 1506 805 1542 καρπούμενος,
820 1522 841 1550 C

31 1547 87 1574 ἀλλὰ
98 1550 128 1584 τῇ
143 1550 295 1586 εὐγνώμονι
316 1550 388 1586 ψυχῇ
403 1551 457 1578 τῶν
472 1551 581 1578 δικαίων
595 1552 805 1588 ἐπαναπαυόμε-

31 1602 75 1625 νος.
96 1596 130 1621 Οὐ
147 1596 201 1632 γὰρ
221 1597 251 1629 ἐξ
269 1593 306 1623 ὧν
322 1599 402 1632 ἡμεῖς
422 1597 606 1633 φθεγγόμεθα,
627 1598 744 1633 Χριστὸς
760 1608 807 1634 με-

31 1641 170 1675 γαλύνεται,
189 1643 248 1670 ἀλλ’
261 1644 290 1676 ἐξ
302 1640 338 1670 ὧν
350 1644 393 1669 εὺε
399 1644 576 1679 ργετούμεθα,
589 1645 639 1680 τὴν
649 1645 807 1680 εὐεργεσίαν

31 1685 192 1723 εὐγνωμόνως
210 1690 382 1725 κηρύττομεν
392 1697 398 1704 ·
418 1690 466 1724 οὐχ
481 1690 524 1716 ἵνα
538 1690 587 1725 τῆς
600 1690 677 1723 ἀξίας
696 1690 808 1725 ὲφικνώ‹

31 1733 96 1766 μεθα,
114 1734 169 1760 ἀλλ’
187 1735 232 1762 ἵνα
254 1734 303 1771 τὴν
318 1735 389 1762 κατά
407 1735 520 1770 δύναμιν
541 1735 649 1771 ὀφειλὴν
671 1736 807 1763 ἀποτίσω-

31 1787 78 1811 sev.
96 1779 176 1807 Ὅταν
187 1780 215 1806 δὲ
238 1780 454 1814 ἀναγινώσκεται
471 1781 501 1807 τὸ
514 1780 688 1815 Εὑαγγέλιον,
704 1782 719 1817 ἢ
741 1782 807 1808 ἀπο-

31 1823 145 1859 ῖτολικδν,
161 1825 198 1862 μὴ
210 1827 334 1862 προσχῇς
343 1827 376 1861 τῇ
393 1825 486 1861 βίϐλῳ,
501 1826 516 1861 ἥ
530 1826 569 1861 τῷ
579 1826 803 1860 ἀναγινώσκοντιε

31 1869 83 1896 ίλλὰ
98 1871 135 1906 τῷ
150 1872 198 1898 ἀπ’
226 1871 342 1906 οὐρανοῦ
358 1870 535 1907 φθεγγομένῳ
557 1871 625 1906 Θεῷ.
643 1872 737 1904 Βίϐλος
758 1873 806 1908 μὲν

31 1913 123 1950 ζάρίτδ
142 1917 300 1952 ὁρώμενον·
322 1917 438 1952 Χριστὸς
463 1916 502 1948 δὲ,
526 1916 556 1942 τὸ
579 1916 803 1952 θεολογούμενον·

31 1961 217 1996 ῑὺαγγελίζεται
233 1963 323 1989 τοίνυν
336 1964 400 1998 ἡμῖν
415 1962 464 1998 τὴν
478 1962 664 1998 πολυύμνητον
681 1962 727 1989 τοῦ
746 1963 804 1989 Σω-

31 2006 94 2042 τῆρος
117 2009 291 2044 οἰκονομίανσ
316 2009 356 2035 ὅτι
377 2009 444 2041 Θεὸς
467 2008 514 2041 ὢν,
535 2009 579 2035 διὰ
603 2009 805 2045 φιλανθρωπίαν

31 2052 153 2089 ίνθρωπος
172 2055 285 2089 γέγονεν
296 2063 304 2070 ·
319 2055 348 2081 οὺ
361 2054 409 2090 τὴν
431 2054 592 2090 προαιώνιον
608 2055 686 2088 ἀξίαν
706 2055 804 2082 ἀποθέ-

31 2107 102 2131 ιενος,
119 2100 187 2127 ἀλλά
205 2100 255 2136 τὴν
279 2101 415 2136 σωτηρίαν
434 2101 591 2135 οἰκονομίαν
609 2101 802 2136 ἐνδυσάμενος·

33 2145 217 2179 ὑαγγελίξεται
237 2147 303 2182 ἡμῖν
329 2146 377 2182 τὴν
405 2146 590 2182 πολυύμνητον
610 2146 657 2172 τοῦ
680 2147 804 2182 Σωτῆρος

469 111 609 140 HOMILIA
628 113 651 140 11
669 113 702 140 ΙΝ
721 112 932 141 ANNUNTIAT.
955 113 1045 140 Villii.
1069 114 1212 142 MARI.E.'

1584 122 1651 150 Hii!

862 175 888 200 in
900 175 1003 201 dolores
1015 180 1038 201 et
1048 176 1157 206 luctum.
1167 181 1191 203 ει
1203 177 1325 204 lwtitiam
1338 186 1428 206 eorum
1441 181 1468 206 in
1481 181 1617 209 tristitiam
1630 184 1650 216 ⁷,

862 220 989 248 Nostrum
1003 229 1086 256 porro
1102 222 1204 249 luctum
1223 223 1352 253 Dominus
1368 230 1472 258 noster,
1486 234 1534 261 per
1545 227 1651 257 fructus

861 265 1028 300 pmniteutiat
1045 267 1071 293 in
1086 267 1214 302 gaudium
1226 275 1256 296 se
1266 276 1463 298 conversurum
1473 272 1617 302 allirmavit
1627 275 1649 302 '.

862 310 961 338 Habuit
973 312 1082 346 quidem
1103 317 1130 340 et
1145 313 1262 347 primum
1279 319 1471 343 testamentum
1486 318 1650 352 justiiicato-

861 357 1055 390 rioscultus,ut
1067 360 1093 385 in
1102 359 1191 393 primo
1203 364 1280 394 patre
1293 361 1441 395 Abraham;
1452 371 1546 391 verum
1561 365 1586 392 in
1600 367 1654 394 do—

861 403 945 430 lorem
952 404 1042 431 carnri
1051 404 1190 432 cruciatus
1197 413 1246 440 per
1258 407 1508 441 circumcisionem,
1520 419 1605 445 usque
1621 414 1653 439 uel

860 449 1183 484 temporaexpletionis’.
1197 450 1253 478 Lex
1269 452 1322 479 illis
1338 461 1385 488 per
1395 453 1513 490 Moysem
1531 457 1593 484 data
1612 463 1652 485 est

859 494 893 521 ad
919 495 1142 530 correptionem;
1170 497 1249 525 nobis
1278 504 1368 526 autem
1390 502 1476 534 gratia
1498 508 1526 529 et
1549 504 1651 531 veritas

859 547 907 574 per
930 539 1022 567 Iesum
1045 540 1186 569 Christum
1212 550 1343 571 concessa
1366 550 1409 572 est
1426 545 1475 581 [αι.
1493 547 1562 575 facta
1583 547 1646 584 esi].

859 585 1026 614 Cunctorum
1049 587 1127 615 nobis
1147 588 1281 615 bonorum
1307 590 1471 625 principium
1493 594 1648 621 Annuntia-

858 632 896 660 tio
915 632 1006 660 Mariae
1020 634 1105 668 gratia
1120 634 1207 668 plenae
1221 636 1335 669 exstitit,
1352 637 1540 666 laudatissima
1553 639 1648 666 Salva-

859 677 926 704 toris
957 678 1141 712 dispensatio,
1163 679 1310 715 divinaque
1326 681 1386 715 ejus
1411 687 1492 717 atque
1514 685 1648 712 altissima

860 723 978 751 cwlestis
1013 724 1148 751 doctrina.
1183 724 1254 753 Hinc
1291 727 1371 754 nobis
1406 729 1536 763 spiritalis
1578 731 1647 759 lucis

858 770 1020 797 exoriuntur
1043 771 1123 798 radii.
1160 771 1229 799 Hine
1258 772 1337 800 nobis
1365 774 1505 808 sapientia:
1535 781 1563 803 el.
1598 778 1650 804 im-

861 815 1035 842 mortalitatis
1056 816 1210 843 scaturiunt
1229 816 1316 845 lentes
1330 827 1336 850 ;
1352 819 1398 853 qui
1418 819 1544 854 limpidus
1558 829 1590 848 ac
1602 830 1650 857 pu-

861 868 905 887 ros
933 860 1006 887 rivos
1029 861 1136 896 pictatis
1147 862 1300 889 eﬂ'undunt.
1314 862 1383 891 Hinc
1395 865 1475 892 nobis
1488 866 1586 895 divinae
1600 875 1647 894 co-

860 906 988 940 gnitionis
1010 907 1184 942 resplendent
1204 909 1335 936 thesauri.
1362 909 1425 938 llaec
1446 912 1518 938 enim
1541 914 1595 940 vita
1607 919 1650 941 est

859 956 969 983 aeterna,
998 958 1026 980 υῑ
1053 962 1251 988 cognoscamus
1279 963 1373 983 verum
1393 957 1489 989 Deum,
1515 964 1541 986 et
1565 968 1646 994 quem

860 998 934 1025 misit
968 998 1060 1026 Jesum
1076 1000 1214 1028 Christum
1230 1001 1262 1028 ‘°.
1281 1001 1315 1028 Et
1340 1011 1435 1030 rursus
1457 1013 1464 1030 :
1482 1003 1649 1032 Sci-utamini

860 1043 1016 1078 Scripturas
1042 1054 1049 1071 ι
1077 1046 1205 1080 quoniatn
1228 1047 1253 1073 in
1267 1048 1301 1074 iis
1321 1049 1464 1076 invenietis
1478 1049 1559 1076 vitam
1572 1056 1650 1078 atter-

859 1098 921 1116 nam
934 1090 982 1126 [aL
991 1091 1091 1125 putatis
1101 1093 1179 1130 vitam
1191 1098 1319 1120 aeternam
1333 1094 1443 1130 habere]
1454 1095 1486 1122 “.
1504 1095 1649 1130 Propterea

858 1136 930 1162 enim
956 1128 1156 1164 scrulatoribus
1174 1137 1329 1165 divinorum
1351 1140 1522 1174 eloquiorum
1536 1142 1648 1169 thesau-

859 1191 907 1209 rus
919 1182 1018 1209 divina:
1033 1183 1170 1210 revclatur
1184 1184 1359 1218 cognitionis.
1381 1180 1551 1214 Tltesaurum
1567 1188 1648 1216 nobis

859 1228 939 1255 hodie
965 1236 980 1255 a
996 1227 1051 1255 Deo
1067 1229 1203 1263 inspirata:
1219 1229 1366 1264 Scriptura:
1386 1230 1544 1259 Paracletus
1559 1232 1648 1266 expli-

858 1274 938 1301 cavit.
955 1274 1114 1302 Thesaurus
1134 1283 1214 1310 porro
1236 1276 1377 1310 sapientim
1399 1277 1478 1304 nobis
1505 1278 1541 1304 sit
1556 1279 1648 1313 lingua

859 1320 1026 1354 prophetica,
1044 1325 1070 1347 et
1085 1320 1208 1348 doctrina
1223 1322 1375 1356 apostolica
1397 1331 1404 1349 :
1424 1331 1477 1349 non
1494 1324 1565 1350 cnim
1582 1324 1645 1352 abs-

858 1374 912 1401 que
936 1366 994 1400 lege
1017 1370 1044 1393 et
1065 1366 1215 1400 prophetis,
1240 1371 1287 1394 aut
1301 1368 1475 1403 evangelistis
1489 1368 1536 1404 [αι.
1554 1369 1645 1396 Evan-

858 1411 966 1448 geliis],
996 1416 1077 1447 atque
1106 1412 1252 1446 apostolis,
1281 1413 1428 1447 perlectam
1449 1414 1545 1442 salutis
1571 1422 1647 1449 spem

859 1458 959 1484 habere
983 1465 1138 1492 possumus.
1163 1457 1230 1485 Nam
1252 1466 1299 1493 per
1321 1464 1480 1486 sanctorum
1498 1460 1646 1494 propheta-

859 1511 917 1529 rum
940 1507 968 1530 et
992 1504 1178 1538 apostolorum
1200 1504 1320 1539 linguam
1342 1505 1474 1532 Dominus
1489 1511 1582 1533 noster
1608 1507 1645 1533 lo-

857 1549 951 1584 quitur
962 1569 968 1580 .
983 1555 1010 1576 et
1024 1550 1050 1576 in
1067 1554 1224 1577 sanctorum
1243 1550 1356 1577 vocibus
1368 1550 1440 1578 Deus
1455 1551 1505 1578 sibi
1521 1552 1607 1586 placet
1619 1556 1647 1579 et

858 1596 1024 1630 acquiescit;
1049 1604 1102 1622 non
1125 1596 1197 1630 quod
1218 1596 1357 1623 locutione
1385 1601 1472 1630 egeat.
1500 1598 1546 1624 sed
1571 1599 1644 1633 quod

857 1642 927 1668 bona
953 1641 1095 1669 affectione
1113 1650 1144 1668 ac
1162 1641 1341 1676 dispositione
1358 1643 1490 1677 gaudeat;
1505 1651 1558 1670 non
1572 1636 1645 1678 quod

857 1689 892 1715 ab
915 1688 1023 1715 homine
1037 1688 1155 1715 fructum
1171 1688 1254 1714 ullutn
1268 1689 1371 1723 capiat,
1390 1689 1436 1715 sed
1455 1689 1527 1724 quod
1543 1689 1570 1716 in
1584 1689 1646 1717 ani-

857 1736 955 1762 mabus
965 1734 1102 1769 justorum
1119 1734 1203 1769 gratis
1217 1735 1405 1769 conquiescat.
1423 1735 1481 1762 Non
1497 1737 1570 1763 enim
1581 1737 1646 1771 quia

857 1788 907 1807 nos
932 1780 1078 1815 loquimur,
1092 1780 1218 1808 Christus
1236 1781 1440 1815 magnilicatur;
1460 1782 1506 1808 scd
1523 1783 1585 1816 quia
1599 1783 1647 1810 be-

856 1827 961 1853 neﬁciis
981 1827 1015 1853 ab
1034 1834 1066 1853 eo
1086 1826 1229 1858 allicimur,
1245 1827 1451 1854 beneﬁcentiam
1467 1828 1552 1862 ipsius
1568 1833 1646 1863 grato

855 1871 948 1897 animo
972 1871 1169 1905 pra-dicamus;
1187 1879 1241 1898 non
1259 1877 1289 1898 ut
1308 1872 1333 1899 id
1351 1880 1399 1906 pro
1412 1872 1543 1907 dignitate
1561 1873 1645 1901 facia-

856 1925 938 1949 mus,
969 1917 1016 1944 sed
1043 1922 1074 1943 ut
1097 1917 1217 1944 debitum
1246 1925 1294 1952 pro
1321 1919 1424 1946 viribus
1445 1920 1642 1953 persolvamus.

856 1963 971 1996 Quando
987 1970 1068 1998 porro
1081 1962 1255 1997 Erangclium
1271 1963 1377 1997 legitur,
1392 1963 1433 1990 vel
1446 1964 1643 1998 apostolicum,

856 2017 910 2037 non
924 2009 993 2036 libro
1006 2009 1138 2042 attendas,
1156 2013 1203 2035 aut
1215 2008 1323 2041 lectori;
1340 2009 1385 2035 sed
1410 2009 1463 2035 Deo
1481 2018 1496 2037 e
1510 2010 1587 2037 caelis
1602 2010 1644 2037 lo-

856 2056 959 2090 quenti.
983 2053 1064 2081 Liber
1085 2054 1219 2088 siquidem
1243 2058 1285 2081 cst
1311 2054 1337 2081 id
1358 2055 1431 2088 quod
1454 2056 1591 2086 cernitur,
1616 2061 1644 2082 at

855 2101 981 2128 Christus
998 2105 1039 2127 cst
1056 2100 1082 2127 id
1097 2100 1131 2127 dc
1148 2107 1204 2135 quo
1219 2099 1362 2127 disseritur
1376 2099 1425 2136 [aL
1438 2100 1471 2126 de
1484 2108 1538 2134 quo
1551 2100 1643 2128 divina

857 2146 1060 2182 praedicantur];
1075 2146 1241 2180 evangelizat
1253 2146 1336 2180 igitur
1347 2146 1424 2173 nobis
1437 2146 1641 2173 celeberrimam

33 2192 175 2228 ἰκονομίαν,
200 2194 242 2220 ὃτι
260 2194 316 2225 τοῖς
336 2193 483 2228 κάμνουσιν
508 2193 598 2228 ἰατρὸς
618 2193 759 2228 ὲπεδήμησ

910 2196 999 2224 ratoris
1014 2194 1191 2222 oeconomiam
1213 2193 1269 2220 sive
1291 2193 1521 2228 dispensationem
1544 2203 1549 2219 :
1569 2201 1638 2228 quo-

31 2238 43 2263 -Σι
64 2239 220 2274 φαρμάκοις
241 2239 408 2275 θεραπεύων,
432 2238 500 2266 ἀλλὰ
515 2238 629 2274 νεύματι
652 2238 803 2273 φιλανθρω-

31 2283 75 2315 ῑίας
91 2284 217 2320 ἰώμενος.
239 2283 450 2319 Εὑαγγελίζεται
465 2285 530 2319 ἡμῖν
551 2284 600 2320 τὴν
614 2283 802 2319 πολυύμνητον

31 2329 57 2355 οῦ
76 2331 205 2366 Σωτῆρος
224 2330 379 2365 οἰκονομίαν
392 2338 398 2344 ·
419 2330 459 2355 ὅτι
480 2331 536 2360 τοῖς
553 2329 801 2365 πεπλανημένοιςὴ

31 2375 67 2407 δὸς
85 2377 135 2412 τῆς
152 2376 293 2412 σωτηρίας
314 2375 463 2410 ἀνεδείχθη,
480 2376 535 2406 τοῖς
548 2375 768 2410 ἀπεγνωσμένοις
785 2377 801 2411 ἡ

31 2423 141 2458 ωτήριος
155 2423 248 2458 χάρις,
262 2422 396 2457 διαφόρως
412 2421 513 2452 πάντας
530 2421 721 2456 εὑεργετοῦσα,
739 2421 802 2452 τοὺς

31 2468 235 2505 επλανημένους
248 2468 428 2504 ἀναζητοῦσα,
447 2468 508 2499 τοὺς
524 2467 730 2502 ὲσκοτισμένους
747 2475 802 2501 φω-

31 2514 127 2548 ίζουσα,
142 2516 209 2547 τοὺς
221 2514 457 2549 τεθανατωμένους
472 2513 649 2545 ζωοποιοῦσα,
667 2514 730 2544 τοὺς
744 2513 801 2539 δού-

31 2569 69 2589 tu:
86 2561 279 2597 ἐλευθεροῦσα,
292 2561 354 2591 τοὺς
376 2558 563 2594 αἰχμαλώτους
584 2558 797 2594 ἐξαγορὰζουσα,

31 2607 54 2632 αἱ
71 2609 125 2638 τοῖς
147 2608 234 2634 πᾶσιν
253 2607 318 2642 ἡμῖν
332 2605 367 2632 τὰ
386 2605 474 2632 πάντα
487 2606 607 2639 γέγονεν,
628 2604 716 2639 ήόδὺς
734 2604 796 2640 [ἅλ-

31 2653 47 2684 ὶς
65 2653 135 2689 ἦδὸν]
157 2653 297 2688 σωτηρίας
308 2660 314 2667 ·
332 2652 362 2678 οὐ
377 2651 420 2677 διὰ
438 2651 487 2687 τὴν
503 2651 640 2687 ἡμετέραν
655 2652 796 2687 εὐγνωμο-

31 2695 98 2731 Ξνην,
117 2696 188 2723 ἀλλά
210 2695 253 2722 διὰ
268 2696 317 2731 τὴν
335 2695 409 2730 αὐτῷ
430 2695 468 2731 τῷ
487 2695 618 2731 εὐεργέτῃ
640 2696 796 2732 πρέπουσαν

31 2742 170 2778 γαθὸτητα.
191 2742 284 2768 Πάντα
305 2740 358 2776 γὰρ
380 2741 506 2776 ἐποίησεν
524 2741 538 2766 ὁ
558 2741 662 2777 Σωτὴρ,
687 2742 734 2776 οὐχ
753 2742 795 2768 ἵνα

43 2832 54 2848 ⁷
66 2834 160 2860 Amos.
178 2841 238 2864 vm,
253 2833 294 2860 10.
333 2833 344 2849 ⁸
357 2832 412 2860 Jer.
426 2841 499 2860 xxxi.
536 2832 634 2862 ’Joan.
650 2842 667 2862 ι.

145 2882 286 2911 Pauor“
304 2881 362 2911 Gn.
379 2881 419 2910 Χ.

854 2243 927 2271 niam
941 2251 1002 2270 cum
1018 2243 1089 2268 Deus
1106 2244 1187 2271 esset,
1209 2240 1291 2266 nimia
1311 2239 1474 2274 benignitate
1487 2247 1534 2266 sua
1552 2239 1639 2266 factus

855 2292 897 2316 est
908 2288 1004 2319 homo;
1017 2293 1071 2312 non
1087 2284 1195 2319 quidem
1215 2283 1371 2318 dignitatem
1384 2291 1463 2318 quam
1483 2283 1517 2310 ab
1537 2288 1639 2311 πιοτηο

855 2331 967 2364 habuit,
987 2331 1124 2365 deponens
1140 2339 1146 2356 :
1172 2329 1218 2356 sed
1239 2329 1385 2355 salutarem
1402 2329 1582 2356 teconomiam
1598 2330 1640 2356 in-

853 2377 951 2408 duens,
973 2375 1139 2411 evangelizat
1165 2374 1244 2402 nobis
1271 2374 1487 2402 laudatissimam
1517 2374 1641 2402 Salvato-

855 2423 893 2450 ris
922 2421 1168 2456 dispensationem;
1190 2420 1319 2454 quoniam
1347 2420 1534 2447 laborantibus
1561 2425 1642 2455 atque

855 2468 1049 2502 a-grotantibus
1069 2461 1192 2493 medi'cus
1212 2466 1332 2497 advenit,
1352 2473 1405 2492 non
1420 2466 1575 2501 pharmaeis
1592 2475 1643 2494 cu-

854 2521 935 2546 rans,
965 2513 1010 2540 sed
1035 2516 1102 2539 nutu
1117 2511 1291 2546 benignitatis
1311 2518 1367 2538 suae
1387 2519 1498 2539 sanans.
1519 2511 1642 2548 Evange~

855 2559 917 2584 lizat
941 2557 1018 2584 nobis
1033 2556 1276 2584 celebratissimam
1297 2555 1447 2583 Salvatoris
1461 2556 1644 2591 dispensatio-

850 2610 911 2630 nem
926 2611 933 2629 :
954 2602 1017 2637 quia
1034 2601 1192 2629 errantibus
1206 2600 1293 2628 lactus
1307 2604 1348 2627 est
1360 2599 1402 2626 via
1420 2600 1528 2633 salutis,
1544 2601 1641 2635 despc-

848 2647 972 2675 rantihus
997 2646 1083 2681 gratia
1106 2645 1254 2679 salutaris,
1280 2645 1456 2672 multifariam
1475 2645 1502 2672 in
1526 2652 1641 2673 cunctos

847 2693 977 2722 beneﬁcia
1004 2692 1165 2725 conferens,
1185 2696 1309 2719 errantes
1339 2691 1498 2727 requirens,
1520 2692 1644 2719 tenebris

846 2739 1027 2769 circumfusos
1043 2738 1212 2769 illuminans,
1238 2742 1362 2765 mortuos
1379 2737 1530 2770 viviticans,
1545 2745 1639 2766 servos

708 2834 728 2850 ²⁰
744 2833 822 2862 Joau.
837 2841 890 2861 xvn
903 2853 909 2867 ,
924 2833 949 2859 5‘.
970 2856 975 2862 ,
990 2833 1008 2847 “
1024 2830 1100 2858 Joan.
1121 2838 1146 2863 ν,
1161 2830 1204 2856 59.

1461 2877 1498 2904 37
