1844 3047
51 78 133 108 ἰῗῦὸ

516 82 658 110 HOMILIA
678 83 698 110 ll
719 82 754 110 IN
774 83 986 112 ANNUNTIAT.
1008 85 1100 114 VIRG.
1118 87 1248 115 ΜΛΠΙᾸΞ.

1625 97 1693 126 “66

47 137 108 173 τὴν
126 137 263 175 ἄφθαρτον
284 139 420 167 πολιτείαν
439 141 580 177 ἐκέκτητο,
600 144 646 170 καὶ
661 143 695 170 τὰ
712 145 775 180 παρέ

963 154 978 172 ιι
995 152 1150 182 nuncupata
1167 154 1235 181 erat,
1252 151 1324 184 quod
1341 151 1504 180 illuminatio
1528 147 1691 191 interpreta-

48 183 232 220 ἀρχαγγέλου
247 185 385 221 λεχθέντα,
403 187 491 214 πίστει
505 188 621 224 ἐδέχετο,
635 190 689 216 Καὶ
704 190 765 216 τότε
783 190 853 226 μετὰ

50 231 180 267 σπουδῆς
199 233 266 268 πρὸς
287 234 336 268 τὴν
359 234 497 261 Ἐλισάϐετ
519 236 567 271 τὴν
592 236 735 270 συγγενίδα
750 237 850 272 αὐτῆς,

49 278 98 309 εἰς
116 277 167 314 τὴν
180 278 286 314 ὀρεινὴν
304 281 458 316 ἐπορεύετο.
475 282 530 310 Καὶ
541 283 722 310 εἰσελθοῦσα
736 286 779 317 είς
801 284 853 310 τὸν

48 321 148 350 οἷκον
176 323 229 351 τοῦ
255 327 397 362 Ζαχαρία,
417 328 579 361 ἠσπάσατο
605 329 662 364 τὴν
683 331 850 364 Ἐλισάϐετ,

51 370 241 406 μιμησαμένη
254 371 297 398 τὸν
308 372 432 407 ἄγγελον.
451 373 498 406 Ὠς
507 374 535 401 δὲ
545 375 679 409 ἤκουσεν
689 376 742 403 τὸν
752 377 851 404 ἀσπα-

48 416 141 450 σμὸν
154 417 208 452 τῆς
221 417 336 452 Μαρίας
348 420 368 454 ἡ
388 420 552 454 Ἐλισάϐετ,
563 421 725 456 ἐσκίρτησε
740 423 771 450 τὸ
781 424 852 458 ,βρέ-

48 472 115 497 {cog
133 465 163 491 ὲν
180 465 338 499 ἀγαλλιάσει
355 467 391 494 ἐν
403 467 441 501 τῇ
457 469 557 502 κοιλίᾳ
579 468 682 503 αὐτῆς,
696 470 745 496 καὶ
756 471 850 504 ἐπλή-

47 511 117 544 σθη
130 511 303 546 Πνεύματος
316 512 401 547 ἁγίου
414 513 433 547 ὴ
448 513 612 540 Ἐλισάϐετ.
628 515 732 542 Οὐκοῦν
747 516 764 551 ἡ
775 516 850 551 φωνὴ

46 557 105 591 τῆς
113 557 226 593 Μαρίας
239 558 384 594 ἐνήργησε,
397 560 444 586 καὶ
459 559 617 596 Πνεύματος
631 561 709 596 ἁγίου
718 562 765 597 τὴν
782 562 850 589 Ἐλι-

49 602 144 629 σάϐετ
171 604 302 639 ἐνέπλησε
410 606 583 643 ἐπλήρωσε]·
613 608 800 644 καὶ-καθάπερ
820 609 849 642 ἐξ

47 649 172 677 ἀεννάου
192 651 284 686 πηγῆς
299 651 343 678 διὰ
362 652 411 687 τῆς
434 652 556 688 γλώττης
573 654 696 690 ποταμὸν
712 657 849 691 χαρισμά-

45 704 122 727 των,
145 696 190 723 διὰ
207 697 265 732 ,τῆς
282 699 449 734 προφητείας
465 701 497 734 τῇ
521 701 658 734 συγγενίδι
680 701 846 737 ἐξέπεμψεν·

46 742 102 768 καὶ
116 744 175 774 τοῖς
189 744 252 770 ποσὶ
266 744 312 770 τοῦ
322 744 438 780 βρέφους
449 747 482 781 τῇ
491 746 588 781 γαστρὶ
601 746 760 782 δεδεμένοις,
772 748 849 774 ἅλλε-

47 788 120 815 σθαι
137 790 185 816 καὶ
205 791 319 826 σκιρτᾷν
334 792 550 827 παρεσκεύασεν.
577 793 663 829 Ὅπερ
684 791 717 828 ἦν
739 795 848 830 χορείας

906 195 959 218 tur.
978 190 1048 224 Quid
1067 193 1140 220 enim
1165 195 1310 228 splendore
1340 197 1506 233 virginitatis
1535 190 1692 231 illusirius‘.’

905 237 1077 272 Quapropter
1100 243 1127 265 et
1150 240 1265 267 virtutes
1291 241 1410 276 virgines
1431 243 1619 280 denominant,
1643 249 1691 284 qui

904 287 977 309 recte
1000 284 1135 312 essentias
1159 293 1253 313 carum
1267 287 1428 323 conjiciunt.
1446 289 1525 322 Quod
1542 292 1567 319 si
1586 297 1691 321 tantum

906 333 948 355 cst
962 328 1065 356 bonum
1081 330 1179 357 habere
1193 339 1240 358 cor
1256 333 1412 368 virginitate
1428 337 1570 370 praeditum
1581 359 1588 370 ,
1602 347 1692 373 quan-

903 378 959 400 tum
977 375 1083 402 tandem
1101 376 1154 403 erit
1168 385 1244 410 caro,
1257 386 1318 413 quin
1341 387 1404 407 cum
1429 381 1521 409 animo
1551 383 1692 419 virginita-

903 425 956 447 tem
977 421 1111 448 coluerit?
1140 422 1185 450 Sic
1210 428 1237 450 et
1262 430 1355 452 sancta
1381 425 1465 454 Maria
1489 428 1517 455 in
1533 436 1616 457 carne
1626 430 1691 458 dum

902 470 984 498 esset,
1002 466 1085 493 vitam
1101 467 1286 504 incorruptam
1309 475 1391 505 atque
1405 472 1610 502 immaculatam
1624 483 1690 510 pos-

902 510 1017 542 sidebat,
1033 519 1065 538 ae
1081 513 1163 540 verba
1177 514 1212 541 ab
1229 515 1393 550 archangclo
1407 517 1479 545 dicta
1493 519 1519 546 in
1535 519 1587 548 lide
1600 523 1691 550 susci—

900 557 1002 592 piebat.
1030 557 1162 594 Tuncque
1198 569 1260 587 cum
1291 561 1467 592 festinatione
1495 565 1529 592 ad
1551 566 1690 595 Elisaheth

905 608 1048 638 cognatam
1074 612 1152 632 suam
1177 607 1364 635 contendebat.
1384 608 1419 635 Et
1444 610 1561 645 ingressa
1582 613 1690 640 domum

904 649 1058 684 Zachariw,
1085 653 1210 679 salutavit
1238 652 1390 688 Elisabet/t,
1421 657 1547 691 angelum
1574 659 1686 688 imitata.

911 694 944 721 Ut
965 700 1055 723 autem
1077 698 1177 724 audivit
1210 699 1397 727 salutationem
1425 701 1520 730 Maria:
1539 703 1687 739 Elisabet/t,

907 743 1048 770 exsultavit
1070 744 1158 779 infans
1181 753 1236 780 prie
1248 746 1334 780 jubilo
1346 748 1373 773 in
1386 753 1459 775 utero
1473 750 1539 784 ejus,
1555 756 1580 777 et
1592 754 1689 786 repleta

899 795 937 816 est
964 789 1068 824 Spiritu
1095 796 1186 818 sancto
1203 791 1381 820 Etisabct/z“.
1403 794 1461 822 Vox
1488 796 1571 831 igitur
1596 797 1689 826 Maria:

46 832 197 869 ἓαύματος
212 834 356 870 σύμϐολον.
376 837 460 863 Ἔνθα
474 836 529 873 γὰρ
540 839 556 872 ἡ
575 839 774 874 κεχαριτωμέντ

959 844 992 863 ax
1011 836 1073 870 fuit,
1088 841 1116 864 et
1128 836 1231 872 Spiritu
1244 844 1341 866 sancto
1355 841 1467 875 replevit
1479 830 1616 870 Elisabeth
1629 853 1636 870 :
1655 852 1687 872 ac

47 881 250 916 ραγεγὲνηται,
279 884 366 918 χαρᾶς
392 883 427 910 τὰ
447 884 537 911 πάντα
560 886 746 921 πεπλήρωται.
768 887 846 913 Ἀνε-

45 924 216 960 ρώνησεδὲ
232 927 317 962 φωνῇ
320 928 437 964 μεγάλῃ
464 931 480 965 ή
505 930 654 962 Ἐλισάϐετ,
680 932 729 958 καί
744 930 843 959 εἶπεν

46 973 254 1007 Εὐλογημένη
278 974 318 1001 σὺ
340 974 375 1001 ἐν
394 975 524 1009 γυναιξὶ,
539 977 588 1003 καὶ
611 978 813 1012 εὐλογημένος
829 981 846 1006 d

44 1018 172 1052 καρπὸς
188 1019 242 1053 τῆς
258 1020 374 1053 κοιλίας
389 1028 462 1048 σου’
487 1023 536 1048 καὶ
558 1023 652 1050 πόθεν
668 1033 722 1058 μοι
736 1025 825 1052 τοῦτο
837 1046 843 1057 ,

44 1064 104 1089 ἵνα
120 1063 194 1098 ἔλθῃ
205 1065 224 1098 ἡ
236 1064 334 1100 μήτηρ
352 1066 404 1093 τοῦ
418 1068 529 1101 Κυρίου
550 1078 609 1103 μου
623 1070 698 1103 πρὸς
714 1071 772 1104 μέ;
789 1073 846 1098 Εὐ-

42 1109 208 1144 λογημένη
224 1111 264 1137 σὺ
278 1111 313 1138 ἐν
328 1112 457 1146 γυναιξί.
477 1114 513 1140 Σὺ
530 1113 584 1150 γὰρ
600 1116 695 1148 αὐταῖς
712 1118 783 1153 ἁρχὴ
797 1119 845 1153 τῆς

44 1154 234 1187 ἀναπλάσεως
258 1155 325 1192 [ἄλ.
353 1158 542 1195 ἀναστάσεως]
570 1160 694 1195 γέγονας.
717 1163 753 1189 Σὺ
772 1165 839 1199 παρ-

47 1200 154 1236 ρησίαν
169 1202 235 1237 ἡμῖν
245 1202 293 1237 τῆς
306 1203 346 1234 εἰς
362 1204 524 1238 παράδεισον
539 1206 641 1232 εἰσόδου
652 1207 780 1240 δέδωκας,
798 1211 845 1236 καὶ

46 1247 102 1283 τὴν
129 1248 244 1283 ἀρχαίαν
265 1249 359 1284 ὀδύνην
375 1249 496 1283 ὲδίωξας.
516 1251 614 1278 Οὐκέτι
634 1253 688 1289 γὰρ
710 1255 780 1289 mni:
797 1256 843 1288 σὲ,

45 1295 82 1320 τὸ
101 1295 181 1328 γένος
194 1295 247 1322 τῶν
259 1297 394 1330 γυναικῶν
410 1297 577 1330 ὀνειδίζεται.
596 1300 693 1327 Οὐκέτι
706 1302 730 1327 οἱ
748 1302 845 1338 κληρο-

47 1340 135 1375 νόμοι
155 1341 205 1376 τῆς
227 1341 300 1373 Εὔας
326 1342 469 1376 φοϐοῦνται
491 1344 539 1379 τὴν
565 1346 681 1381 ἀρχαίαν
711 1348 842 1383 κατάραν,

46 1385 116 1412 οὐδὲ
129 1385 176 1412 τοῦ
193 1387 302 1413 τοκετοῦ
317 1387 366 1423 τὴν
386 1389 478 1416 ὠδῖνα.
506 1391 612 1427 Ἐπειδὴ
626 1393 744 1427 Χριστὸς
762 1394 776 1419 ὁ
795 1394 841 1420 τοῦ

47 1431 151 1464 γένους
164 1431 242 1466 ἡμῶν
258 1433 414 1469 Λυτρωτὴς,
428 1435 442 1461 ὁ
452 1435 547 1471 Σωτὴρ
561 1436 624 1472 ὅλης
636 1437 685 1472 τῆς
700 1438 815 1472 φύσεως,
828 1441 843 1466 ὁ

47 1478 238 1512 πνευματικὸς
254 1478 350 1513 Ἀδὰμ,
363 1480 377 1505 ὁ
387 1479 433 1506 τοῦ
449 1481 541 1515 χοϊκοῦ
549 1483 599 1517 τὴν
611 1482 716 1519 πληγὴν
732 1484 843 1520 ἰασάμε-

46 1529 97 1553 νος
113 1523 146 1548 ἐκ
157 1522 207 1556 τῆς
225 1523 306 1556 ἁγίας
321 1523 438 1559 γαστρός
453 1533 500 1551 σου
518 1526 690 1562 προέρχεται.
708 1530 842 1564 Εὐλογη-

46 1567 130 1602 μένη
152 1568 193 1594 σὺ
207 1569 241 1596 ἐν
255 1569 383 1604 γυναιξὶ,
413 1571 462 1597 καὶ
477 1572 679 1607 εὐλογημένος
693 1575 708 1600 ὀ
729 1576 842 1609 καρπὸς

48 1614 110 1649 τῆς
127 1615 242 1648 κοιλίας
259 1624 327 1643 σου,
352 1616 379 1642 '0
395 1616 448 1653 γὰρ
465 1618 575 1646 πάντων
590 1619 644 1646 τῶν
666 1620 776 1654 ἀγαθῶν
791 1631 842 1656 φυ-

47 1659 185 1695 τουργὸς,
211 1660 256 1692 σδς
288 1661 392 1696 καρπὸς
419 1662 614 1690 ἀναδέδεικται.
644 1665 765 1701 Λαμπρὰ
793 1668 842 1702 μὲν

46 1705 162 1740 ὁρῶμεν
177 1707 224 1732 καὶ
240 1706 288 1742 τῆς
304 1706 416 1743 στείρας
431 1708 464 1734 τὰ
482 1709 603 1744 ῥήματα·
622 1710 799 1748 λαμπρότερα
813 1713 842 1739 δὲ

47 1751 135 1777 πάλιν
159 1751 174 1785 ή
199 1751 264 1785 ἁγία
289 1751 440 1786 ἐφθέγξατο
464 1754 613 1789 Παρθένος,
638 1758 685 1783 καὶ
709 1757 782 1794 ᾠδὴν
804 1759 843 1794 τῷ

46 1797 113 1833 Θεῷ
126 1797 310 1834 εὐχαριστίας,
331 1799 377 1825 καὶ
391 1799 515 1832 εὐωδίας,
530 1802 577 1828 καὶ
591 1802 728 1837 Θεολογίας
743 1805 842 1840 γέμου-

47 1851 103 1870 σαν
124 1843 163 1878 τῷ
178 1843 237 1879 Θεῷ
253 1845 425 1880 ἀνατίθησιν·
444 1847 513 1881 μετὰ
528 1847 583 1874 τῶν
603 1849 722 1885 ἀρχαίων
741 1850 775 1877 τὰ
795 1852 842 1879 νέα

46 1890 289 1924 καταγγέλλουσα“
307 1891 376 1926 μετὰ
392 1891 445 1918 τῶν
463 1893 511 1919 ἀπ’
526 1893 622 1926 αἰῶνος
638 1895 673 1921 τὰ
688 1897 734 1923 ἐπὶ
753 1906 843 1924 συντε-

45 1933 112 1968 λείᾳ
127 1933 181 1959 τῶν
192 1933 297 1960 αἰώνων
311 1935 491 1971 κηρύττουςα,
501 1938 546 1964 καὶ
561 1939 589 1964 ἐν
604 1938 701 1975 βραχεῖ
715 1941 753 1976 τῷ
770 1942 841 1978 λόγῳ

46 1979 353 2016 ἁνακεφαλαιωσαμένη
375 1980 422 2007 τοῦ
437 1982 554 2017 Χριστοῦ
571 1983 605 2010 τὰ
623 1986 768 2022 μυστήρια.
790 1987 840 2015 Εἷ-

45 2033 109 2052 αεν
124 2026 153 2052 δὲ
168 2027 286 2060 Μαριάμ
296 2035 302 2042 ·
324 2028 490 2062 Μεγαλύνει
512 2030 531 2064 ἠ
548 2031 633 2065 ψυχή
643 2041 703 2066 μου
716 2033 769 2060 τὸν
787 2036 842 2062 Κύ-

42 2082 125 2107 ριον.
141 2073 195 2100 Καὶ
205 2074 392 2108 ἠγαλλίασεν
401 2075 433 2102 τὸ
448 2076 566 2111 πνεῦμά
578 2087 637 2112 μου
652 2079 701 2106 ἐπὶ
718 2080 758 2113 τῷ
780 2082 840 2115 Θεῷ

45 2119 90 2151 τῷ
105 2119 218 2153 σωτῆρί
227 2129 296 2154 μου,
310 2121 403 2148 καὶτὰ
417 2121 489 2158 ἑξῆς.
510 2123 695 2152 Ἀντελάϐετο
717 2127 840 2162 Ἰσραὴλ

899 882 973 909 velut
999 890 1032 909 ex
1056 884 1168 917 perenni
1185 884 1305 919 quodam
1332 885 1420 919 fonte,
1435 887 1618 917 instrumento
1634 889 1687 916 lin-

898 936 966 963 guai,
982 928 1083 956 ﬂumen
1099 930 1296 959 charismatum
1320 940 1368 966 per
1384 934 1553 968 prophetiam
1563 941 1687 971 cognata:

897 982 955 1002 suae
967 975 1058 1002 emisit
1073 985 1078 1002 :
1098 980 1124 1002 et
1147 977 1260 1011 pedibus
1278 978 1394 1006 infantis
1412 980 1439 1006 in
1458 985 1536 1008 utero
1551 982 1686 1017 colligatis

897 1019 946 1055 Ῐαί,
962 1021 1103 1057 colligati],
1123 1022 1222 1049 saltum
1246 1028 1273 1050 et
1293 1025 1504 1053 exsultationem
1528 1029 1685 1063 suppedita-

897 1066 944 1092 vit.
971 1066 1051 1099 Quod
1076 1068 1186 1102 quidem
1211 1069 1368 1098 miraculosi
1392 1073 1502 1107 tripudii
1530 1075 1685 1110 symbolum

897 1112 1061 1148 signumque
1087 1120 1156 1141 erat.
1184 1115 1251 1142 Nam
1279 1117 1323 1144 ubi
1350 1119 1438 1148 gratia
1465 1120 1544 1154 plena
1564 1122 1684 1154 advenit.

897 1157 996 1191 gaudio
1007 1163 1105 1185 cuncta
1120 1160 1221 1194 repleta
1235 1166 1308 1187 sunt.
1333 1162 1499 1191 Exclamavit
1518 1170 1609 1193 autem
1629 1176 1686 1194 ma-

896 1211 949 1238 gna
964 1211 1023 1230 vace
1038 1203 1175 1232 Elisabeth
1191 1227 1198 1239 ,
1215 1215 1246 1232 ac
1262 1207 1331 1234 dixit
1344 1215 1352 1233 .'
1362 1208 1507 1237 Benedicta
1529 1216 1557 1238 tu
1579 1213 1605 1239 in
1628 1222 1686 1240 mu-

896 1249 1015 1281 lieribus,
1037 1255 1062 1276 et
1081 1251 1230 1279 benedictus
1245 1253 1348 1286 fructus
1367 1257 1464 1283 ventris
1486 1258 1534 1283 tui.
1562 1258 1597 1284 Et
1615 1260 1685 1286 unde

896 1296 943 1321 hoc
961 1295 1036 1328 milii,
1049 1301 1077 1322 ut
1095 1297 1181 1324 veniat
1193 1305 1277 1326 mater
1290 1300 1395 1327 Domini
1418 1303 1468 1328 mei
1482 1304 1516 1329 ad
1528 1312 1568 1330 me
1579 1305 1599 1319 ¹⁷
1612 1305 1623 1331 ?
1636 1304 1686 1332 Be-

897 1341 1001 1367 nedicta
1026 1346 1054 1367 tu
1069 1342 1097 1368 in
1114 1343 1280 1371 mulieribus.
1294 1345 1334 1373 Tu
1361 1347 1462 1382 quippe
1491 1349 1557 1383 ipsis
1582 1351 1684 1385 princi-

896 1385 970 1420 pium
998 1389 1179 1422 reparalionis
1206 1388 1254 1425 [αι.
1282 1393 1502 1430 resurrectionis]
1530 1394 1623 1423 eﬂ'eeta
1642 1404 1682 1424 es.

897 1430 937 1458 Tu
955 1432 1082 1460 ﬁduciam
1098 1434 1125 1461 in
1143 1436 1301 1469 paradisum
1319 1438 1447 1467 introitus
1464 1441 1544 1468 nobis
1572 1442 1682 1477 dedisti,

895 1482 922 1505 et
936 1479 1078 1513 antiquum
1092 1480 1212 1508 dolorem
1229 1482 1387 1519 luctumque
1404 1484 1515 1521 iugasti.
1530 1486 1590 1515 Non
1606 1489 1680 1516 enim

895 1524 1013 1558 amplius
1028 1530 1090 1560 post
1118 1531 1144 1553 te
1161 1527 1306 1555 mulierum
1324 1537 1410 1564 genus
1428 1532 1614 1567 vituperatur;
1628 1543 1683 1562 non

895 1572 1013 1607 amplius
1038 1573 1158 1601 haeredes
1174 1573 1237 1601 Evze
1256 1575 1397 1610 antiquam
1413 1578 1633 1607 maledictionem
1650 1581 1683 1607 t‘i-

896 1623 980 1651 ment,
990 1627 1078 1654 neque
1093 1624 1187 1654 partus
1202 1621 1324 1648 dolorem
1338 1623 1534 1658 reformidant;
1552 1627 1682 1660 quoniam

894 1663 1021 1692 Christus
1036 1665 1149 1693 humani
1165 1668 1272 1702 generis
1287 1667 1460 1703 Redemptor,
1478 1670 1605 1699 Salvator
1621 1673 1682 1699 uni--

895 1716 979 1736 versa:
1009 1715 1123 1743 naturae,
1150 1713 1280 1746 spiritalis
1313 1714 1411 1747 Adam,
1437 1717 1536 1742 terreni
1565 1717 1683 1745 hominis
1734 1716 1736 1719 ’

894 1755 994 1783 vulnus
1011 1764 1121 1789 curans,
1140 1766 1173 1785 ex
1191 1764 1286 1786 sancto
1314 1765 1360 1787 tuo
1382 1766 1460 1789 utero
1481 1764 1613 1797 procedit.
1630 1764 1682 1791 Be-

894 1802 998 1828 nedicta
1013 1807 1041 1828 tu
1063 1803 1090 1830 in
1108 1805 1273 1838 mulieribus,
1285 1811 1309 1832 et
1326 1806 1477 1835 benedictus
1501 1809 1604 1843 fructus
1624 1819 1680 1838 ven-

895 1847 943 1873 tris
974 1848 1024 1875 tui.
1048 1847 1176 1876 Omnium
1204 1851 1278 1878 enim
1299 1852 1433 1880 bonorum
1460 1854 1597 1889 plantator
1619 1861 1682 1884 tuus

893 1891 999 1919 fructus
1023 1893 1136 1922 elfectus
1165 1900 1216 1922 est.
1243 1895 1381 1924 Praeclara
1407 1898 1519 1933 quidem
1547 1901 1681 1934 videmus,

893 1940 975 1967 etiam
991 1941 1092 1969 sterilis
1108 1942 1247 1970 Elisabeth
1273 1944 1373 1978 verba;
1390 1951 1417 1972 at
1437 1946 1585 1975 illustriora
1598 1949 1680 1977 vicis-

897 1986 950 2013 sim
978 1988 1154 2015 sanctissima
1182 1990 1324 2024 prolocuta
1339 1996 1380 2019 est
1396 1991 1490 2028 Virgo,
1504 1999 1530 2021 et
1543 1996 1680 2023 canticum

893 2031 948 2059 Deo
984 2034 1135 2068 gratiarum
1174 2036 1307 2069 actionis,
1344 2038 1464 2074 bonique
1500 2041 1612 2074 odoris,
1649 2051 1682 2070 ac

891 2077 1037 2114 theologia
1052 2080 1161 2114 plenum
1178 2082 1314 2116 retribuit,
1328 2091 1389 2110 cum
1408 2085 1527 2120 antiquis
1545 2094 1614 2114 nova
1632 2096 1681 2114 an—

895 2124 1037 2158 nuntians,
1061 2133 1122 2152 cum
1147 2126 1182 2153 iis
1203 2135 1264 2162 quae
1280 2136 1296 2155 a
1318 2129 1417 2156 sazculo
1439 2135 1466 2156 et
1487 2131 1521 2157 ab
1544 2131 1632 2164 initio,
1648 2141 1678 2160 ea

45 2165 159 2198 παιδὸς
174 2166 277 2199 αὐτοῦ,
289 2167 463 2201 μνησθῆναι
482 2169 588 2202 ἐλέους
601 2171 694 2198 αὑτοῦ
706 2192 713 2204 ,
737 2181 773 2200 κα

951 2177 955 2194 ι
993 2169 1021 2196 in
1049 2171 1213 2198 seculorum
1254 2174 1492 2202 consummatione
1521 2176 1679 2204 acciderunt

45 2212 134 2239 ἔθετο
151 2211 205 2247 [ἄλ.
225 2211 347 2248 διέθετο]
365 2213 508 2248 διαθήκης
523 2215 563 2248 τῷ
584 2216 721 2252 Ἀϐραὰμ,
740 2221 788 2247 καὶ
800 2213 839 2254 τῷ

45 2257 199 2292 σπέρματι
211 2257 314 2290 αὐτοῦ,
331 2258 386 2292 ἕως
399 2259 515 2292 αἰῶνος.
531 2262 649 2296 θεωρεῖς
666 2263 725 2296 πῶς
740 2266 756 2300 ἡ
775 2266 839 2300 ἁγία

48 2302 199 2338 Παρθένος,
212 2303 258 2330 καὶ
274 2304 322 2340 τὴν
337 2306 536 2340 πατριαρχικὴν
554 2307 720 2343 ὑπερέϐαλεν
736 2310 838 2338 τελειό-

46 2358 131 2384 τητα,
148 2350 194 2376 καὶ
208 2350 310 2385 βεϐαιοῖ
324 2351 373 2386 τὴν
395 2351 464 2387 πρὸς
488 2352 612 2388 Ἀϐραὰμ
629 2354 674 2381 τοῦ
697 2355 764 2382 Θεοῦ
782 2357 838 2385 δια-

47 2395 139 2431 Θήκην
149 2415 156 2427 ,
182 2395 305 2430 λέγοντος
315 2405 321 2412 ·
349 2398 430 2430 Αῦτη
446 2399 464 2431 ὴ
480 2397 605 2433 διαθήκη
615 2421 622 2433 ,
644 2400 684 2434 ἣν
698 2401 839 2436 διαθήσο-

43 2450 103 2476 μαι
129 2442 284 2476 ἀναμέσον
308 2442 381 2477 ἐμοῦ
399 2443 449 2469 καὶ
471 2443 538 2470 σοῦ.
572 2445 618 2471 Διὸ
645 2446 728 2473 ἐλθὼν
759 2450 839 2484 κυροῖ

46 2488 120 2524 ίᾶλ.
136 2488 251 2524 πληροῖ]
269 2489 402 2524 τὴνπρὸς
430 2489 556 2526 Ἀϐραὰμ
574 2491 717 2529 διαθήκην,
741 2503 838 2529 μυστι-

47 2533 109 2565 κῶς
132 2533 162 2560 τὸ
182 2535 294 2570 σημεῖον
315 2535 364 2570 τῆς
381 2536 529 2571 περιτομῆς
551 2537 765 2573 ἀναδεξάμενος,
789 2541 836 2567 καὶ

47 2580 188 2615 πλήρωμα
213 2579 294 2615 νόμου
326 2582 371 2608 καὶ
410 2582 557 2618 προφητῶν
582 2584 737 2618 γενόμενος.
763 2586 835 2612 Ταύ-

47 2633 99 2659 της
115 2622 162 2651 οὖν
184 2625 235 2660 τῆς
261 2626 429 2661 προφητείας
454 2627 514 2662 [ἰὶλ.
546 2628 648 2664 ταύτην
679 2628 726 2657 οὖν
748 2631 837 2668 ᾠδὴν]

46 2671 100 2707 τὴν
131 2670 202 2706 ᾠδὴν
223 2671 239 2706 ὴ
262 2671 327 2706 ἁγία
359 2672 488 2704 Θεοτόκος
522 2673 559 2708 τῷ
591 2674 650 2710 Θεῷ
678 2676 836 2712 ἀνέπεμπεν

47 2717 117 2751 ιᾶλ.
145 2717 307 2753 ὰπένειμε],
337 2718 468 2753 λέγουσα·
498 2721 667 2755 Μεγαλύνει
699 2723 717 2756 ἡ
749 2724 834 2758 ψυχή

892 2215 1059 2249 praedicans,
1094 2217 1241 2252 brevique,
1258 2226 1384 2246 sermone
1421 2220 1523 2248 Christi
1548 2224 1679 2258 mysteria

892 2263 1049 2288 summatim
1069 2263 1267 2297 perstringens.
1284 2265 1328 2290 Ait
1346 2270 1436 2292 autem
1452 2266 1539 2294 Maria
1551 2276 1560 2294 :
1572 2268 1679 2303 Magni—

890 2308 953 2342 ﬁcat
979 2310 1070 2337 anima
1099 2319 1156 2337 mea
1186 2310 1337 2338 Dominum.
1352 2312 1386 2339 Et
1412 2315 1552 2341 exsultavit
1569 2316 1678 2350 spiritus

890 2362 962 2380 meus
986 2354 1014 2381 in
1035 2355 1090 2382 Deo
1111 2355 1225 2382 salutari
1240 2365 1306 2388 meo,
1318 2363 1343 2384 et
1356 2366 1417 2392 qua:
1438 2365 1600 2394 sequuntur.
1615 2360 1680 2388 Sus-

890 2402 956 2435 cepit
987 2401 1074 2428 Israel
1087 2409 1196 2436 puerum
1212 2411 1300 2436 suum,
1320 2405 1474 2432 recordatus
1490 2406 1679 2434 misericordiw

889 2455 943 2473 sum
956 2467 964 2479 ,
985 2456 1016 2474 ac
1038 2448 1187 2475 testamenti
1210 2449 1280 2483 quod
1300 2450 1428 2485 disposuit
1459 2459 1518 2478 cum
1543 2452 1677 2479 Abraham

888 2497 912 2518 et
929 2493 1025 2519 semine
1037 2494 1092 2528 ejus
1107 2495 1134 2521 in
1146 2495 1245 2522 stvcula
1258 2496 1290 2523 ‘3.
1305 2495 1382 2524 Vides
1397 2505 1451 2532 quo
1467 2503 1546 2533 pacto
1560 2500 1677 2526 sanctis-

889 2539 958 2566 sima
974 2539 1058 2575 Virgo
1086 2542 1168 2568 etiam
1193 2542 1404 2576 patriarchicam
1431 2546 1600 2579 superaverit
1613 2553 1675 2580 per-

888 2585 1316 2624 rectionem,eonﬁrmaveritque
1343 2594 1536 2618 testamentum
1564 2591 1612 2619 Dei
1642 2592 1677 2619 ad

890 2632 1040 2665 Abraham,
1055 2633 1170 2661 dicentis
1188 2644 1195 2661 :
1214 2635 1272 2662 Hoc
1285 2641 1324 2663 est
1338 2638 1610 2673 testamentum,quod
1621 2643 1676 2665 sta-

892 2684 965 2706 tuam
989 2681 1058 2708 inter
1079 2689 1118 2707 me
1135 2687 1160 2708 et
1179 2688 1204 2709 te
1215 2683 1247 2710 ¹-⁴¹.
1265 2683 1383 2719 Ideoque
1403 2685 1528 2719 veniens,
1542 2694 1622 2714 suum
1643 2687 1676 2713 ad

890 2725 1026 2754 Abraham
1055 2728 1199 2755 confirmat
1221 2729 1270 2764 [αι.
1296 2731 1436 2768 adimplet]
1473 2737 1676 2767 testamentum,

85 2809 106 2824 ”
119 2807 185 2835 Luc.
202 2817 220 2842 ι,
235 2809 280 2843 40,
295 2810 338 2837 Μ.
381 2811 400 2826 ¹⁷
414 2810 479 2839 ibid.
499 2812 541 2846 4‘2,
558 2813 601 2840 .55.
644 2815 666 2831 ¹θ
682 2815 749 2843 Ibid.
766 2816 800 2843 46

647 2815 666 2831 ιθ
682 2815 749 2843 ibid.
766 2816 800 2843 46
815 2824 890 2853 seqq.
932 2821 952 2836 ‘9
966 2820 1033 2849 Gen.
1048 2830 1113 2856 xvu,
1129 2823 1157 2849 il
1170 2823 1266 2856 ;Rom.
1282 2832 1318 2858 tv,
1333 2824 1375 2852 il.
