1844 3047
35 153 100 181 1169

480 151 621 178 HOMILIA
640 149 662 177 ll
679 150 712 177 IN
732 149 943 177 ANNUNTIAT.
962 149 1053 178 VIRG.
1073 149 1204 178 MANE.

1584 127 1652 176 “.70

33 214 78 241 καὶ
93 213 141 248 τὴν
157 211 288 247 διαθήκην
305 211 354 246 τὴν
370 210 438 246 πρὸς
459 212 522 243 τοὺς
537 211 657 246 πατέρας
674 210 761 247 πληρᾶ

922 210 988 238 'ibus
1013 212 1191 239 constitutum
1227 211 1372 246 adimplere
1390 209 1517 238 Christus
1539 209 1650 241 volens,

33 262 191 298 βουλόμενος
214 262 228 287 ὀ
246 259 371 295 Χριστὸς,
398 259 546 293 cupatron
569 258 633 285 ποτὲ
659 259 706 293 μὲν
735 258 816 284 ἐκλι-

34 317 95 341 νεν,
119 308 169 334 καὶ
197 306 315 340 κατέϐη.
343 307 434 338 Οὖτως
456 306 483 333 δὲ
511 307 548 337 ὡς
573 305 714 342 χωροῦμεν
737 305 817 340 ἡμεῖς

34 354 226 389 ἐμφανίζεται,
253 355 295 380 ἴνα
320 354 381 380 [δεῖν
398 353 489 385 αὑτὸν,
506 353 553 380 καὶ¹
575 351 745 388 ψηλαφῆσαι,
770 351 817 377 καὶ

35 400 144 427 ἀκοῦσαι
158 400 301 432 λαλοῦντος
323 399 485 435 ἰσχύσωμεν.
503 399 557 425 Καὶ
571 398 616 425 διὰ
629 398 707 425 τοῦτο
723 398 736 424 ό
751 397 817 429 Θεὸς

35 445 114 479 Λόγος
124 446 215 481 σάρκα
228 445 273 472 καὶ
287 445 387 472 τέλειον
400 444 539 480 ἄνθρωπον
553 444 584 470 ὲκ
598 443 725 478 γυναικὸς
738 442 817 477 ἁγίας

35 491 168 528 Παρθένου
188 491 332 518 ἀναλαϐεῖν
351 491 529 527 κατηξίωσεν,
547 491 594 518 καὶ
619 490 750 526 ἐγεννήθη
772 490 817 517 ἄν-

35 538 147 573 θρωπος,
166 539 210 565 ἵνα
227 538 321 574 ἐκτίσῃ
343 538 374 564 τὺ
389 537 522 575 ἡμέτερον
542 537 666 572 διρλημα,
685 537 732 564 καὶ
749 536 816 572 πλη-

35 583 105 620 ρώσῃ
125 583 221 619 μέχρις
244 583 351 615 ἑαυτοῦ,
375 585 425 618 τῆς
447 583 515 619 πρὸς
537 583 661 620 ’Δῦραὰμ
673 583 814 619 διαθήκης,

35 629 180 665 περιτομῆς
194 639 224 656 τε
238 630 285 656 καὶ
296 629 349 656 τῶν
361 629 459 666 ἑφεξῆς
471 630 592 665 νομίμων
606 630 639 657 τὰ
652 630 813 666 ἐντάλματα.

34 676 105 702 Μετὰ
125 675 153 701 δὲ
176 677 240 708 τοὺς
262 676 358 710 λόγους
375 675 495 708 τούτους,
514 677 529 712 ἡ
548 676 612 710 ἁγία
628 677 763 712 Παρθένος
776 677 816 707 είς

33 722 78 756 τὴν
107 720 235 757 Ναζαρὲτ
256 722 411 758 ἐπορεύετο·
438 722 541 749 ἐκεῖθεν
569 722 597 749 δὲ
623 723 702 749 πάλιν
729 723 816 758 δόγμα

34 766 166 802 Καίσαρος
198 768 237 798 εἰς
259 767 310 803 τὴν
335 767 458 803 Βηθλεὲμ
480 768 600 794 ἀνελθεῖν
625 768 708 803 αὐτὴν
728 777 814 804 παρε-

34 811 169 838 σκεύασεν·
198 812 267 847 αὕτη
288 813 315 839 δὲ
339 813 376 845 ὡς
399 813 453 840 ἀπὸ
471 813 520 849 τῆς
542 813 683 849 βασιλικῆς
698 815 814 850 πατριᾶς

34 859 254 894 προϋπάρχουσα,
271 860 310 890 εἰς
321 859 369 895 τὴν
385 859 525 896 βασιλικὴν
538 860 584 886 τοῦ
598 860 680 887 Δαϐὶδ
698 860 814 896 πατριὰν

35 904 98 939 μετὰ
119 905 218 941 Ἰωσὴφ
242 905 290 932 τοῦ
315 905 469 942 μνηστῆρος
493 906 641 934 ἐστέλλετο.
656 907 711 933 Καὶ
725 906 754 933 τὸ
768 906 814 934 τοῦ

34 950 126 982 παντὸς
150 951 280 978 ἐπέκεινα
311 951 448 987 θαύματος
483 952 623 988 ἠκολούθει
657 954 813 990 μυστήριον.

34 998 163 1033 Παρθένος
185 998 326 1030 τίκτουσα,
352 999 399 1025 καὶ
422 1000 501 1035 χερσὶ
520 999 688 1034 βαστάζουσα
702 1001 748 1027 τὸν

36 1052 93 1078 ματι
112 1045 202 1071 πᾶσαν
221 1045 270 1080 τὴν
296 1045 383 1072 κτίσιν
404 1045 582 1081 βαστάζοντα.
605 1047 660 1074 Καὶ
684 1046 754 1073 οὐδὲ
768 1049 816 1074 τό-

34 1098 84 1123 πος
105 1089 143 1124 ῆν
167 1092 271 1124 αὐτοῖς
294 1092 329 1118 ἐν
354 1092 394 1125 τῷ
422 1094 616 1128 καταλύματι.
650 1093 737 1120 Τόπον
765 1094 816 1121 οὐκ

34 1134 97 1170 εἶχεν
109 1138 122 1163 ὁ
136 1138 226 1164 πᾶσαν
247 1138 295 1174 τῆν
312 1138 362 1174 γὴν
381 1139 419 1174 τῷ
439 1140 539 1175 ῥήματι
571 1139 747 1175 θεμελιώσας.
763 1140 814 1167 Γά-

34 1182 104 1209 λακτι
124 1183 260 1219 τρέξουσα
282 1183 325 1210 τὸν
348 1185 437 1211 πᾶσαν
460 1185 542 1220 πνοὴν
558 1185 751 1221 διατρέφοντα,
767 1186 815 1213 καὶ

34 1228 217 1262 ζωογονοῦντα,
236 1229 406 1265 Σπαργάνοις
419 1230 554 1265 δεσμοῦσα
581 1230 626 1257 τὸν
642 1231 713 1266 λόγῳ
725 1231 814 1258 πᾶσαν

35 1274 77 1308 τὴν
97 1274 183 1300 κτίσιν
211 1274 386 1310 δεσμεύοντα.
414 1275 458 1302 Ἑν
486 1276 572 1312 φάτνῃ
603 1276 739 1303 ἀνέκλινεν
769 1277 814 1304 τὸν

36 1320 76 1346 ἐπὶ
88 1320 218 1356 καθέδρας
231 1330 261 1356 χε
267 1321 363 1357 ρουϐὶμ
377 1322 568 1357 ὲποχούμενον,
582 1322 641 1354 Φῶς
655 1322 683 1356 ἐξ
699 1321 813 1358 οὐρανοῦ

36 1367 193 1402 περιέλαμπε
222 1367 268 1394 τὸν
282 1368 372 1394 πᾶσαν
386 1367 434 1404 τὴν
451 1369 538 1395 κτίσιν
554 1368 717 1403 φωτίσαντα.
730 1369 815 1404 Στρα-

35 1415 83 1440 τιαὶ
95 1415 214 1449 οὐράνιαι
224 1414 411 1448 δοξολογοῦσαι
422 1414 589 1450 παρίσταντο
597 1415 636 1450 τῷ
646 1415 698 1451 πρὸ
709 1414 814 1443 αἰώνων

37 1459 60 1484 ἐν
77 1459 194 1495 οὐρανοῖς
214 1459 396 1494 δοξαζομένῳ.
421 1459 520 1495 Ἀστὴρ
539 1460 675 1495 δᾳδουχῶν
692 1460 813 1496 κατεμή-

36 1514 89 1531 νυεν
104 1506 162 1538 τοὺς
177 1507 209 1532 ὲκ
225 1506 279 1540 γῆς
295 1504 435 1541 πόρρωθεν
449 1505 574 1537 ἐλθόντας
589 1506 656 1541 πρὸς
671 1506 715 1533 τὸν
731 1506 813 1538 ὅντως

869 257 946 284 caelos
960 257 1068 284 tandem
1090 257 1269 290 ἱηεΙὶηαυὶι,κι
1289 256 1422 284 descendit
1436 257 1468 283 ".
1488 255 1534 287 Sic
1562 260 1650 283 autetn

867 303 1016 330 secundum
1031 304 1209 337 capacitatem
1225 308 1345 330 nostram
1366 311 1396 331 se
1421 302 1499 330 nobis
1521 301 1650 331 ostendit,

869 353 898 376 ut
911 349 999 383 ipsum
1015 349 1106 377 videre
1132 357 1164 377 ac
1179 354 1306 386 tangere,
1329 354 1356 377 et
1378 349 1532 384 loquentem
1559 348 1651 375 audire

868 396 1015 430 possimus.
1041 396 1078 423 Εἰ·
1096 402 1236 431 propterea
1263 396 1333 424 Deus
1355 395 1472 423 Verbum
1499 402 1608 422 carnem
1626 399 1651 421 ct

869 441 1015 476 perfectam
1032 442 1179 469 humanam
1196 448 1321 470 naturam
1344 450 1376 469 ex
1398 442 1510 469 muliere
1535 441 1651 469 sanctis-

867 488 938 515 sima
957 487 1065 523 Virgine
1078 496 1218 516 assumere
1228 488 1357 524 dignatus
1368 493 1420 522 est,
1435 493 1462 516 et
1477 488 1559 516 homo
1571 492 1651 516 natus

867 539 919 566 est.
934 539 964 561 ut
978 535 1097 562 debitum
1113 540 1239 563 nostrum
1261 536 1437 570 persolveret,
1460 540 1486 562 et
1503 543 1591 570 usque
1615 535 1651 562 ad

867 587 897 607 se
913 580 1011 615 ipsum,
1031 585 1221 609 testamentum
1237 590 1298 608 cum
1311 581 1449 608 Abraham
1476 581 1650 616 dispositum,

867 627 1095 660 circutncisionis,
1121 635 1154 655 ac
1172 632 1332 655 cancrorum
1351 628 1478 663 legalium
1502 631 1651 663 prmecpto-

867 680 928 700 rum
941 673 1100 708 adimplerct
1118 674 1151 701 ³ο.
1171 673 1235 701 Post
1253 674 1302 701 hos
1325 681 1407 709 porro
1428 681 1569 702 sermones
1589 681 1652 701 cou-

866 719 948 747 eessit
974 720 1002 746 in
1031 719 1165 747 Nazareth
1192 721 1366 748 sanctissima
1381 719 1479 755 Virgo;
1501 719 1563 747 inde
1586 727 1651 747 vero

866 774 964 794 rursus
976 767 1003 794 in
1019 766 1174 794 Detltlehem
1187 775 1234 801 per
1245 767 1364 795 edictum
1379 767 1494 794 Ctesaris
1505 766 1652 794 ascendere

866 817 960 840 coacta
978 818 1039 845 est;
1055 814 1113 848 ipsa
1131 818 1221 841 autem
1239 819 1369 848 tanquam
1397 821 1430 841 ex
1454 813 1527 848 regia
1544 812 1647 840 familia

866 859 1025 894 procedens,
1049 860 1076 887 in
1101 860 1203 896 regiam
1229 860 1312 887 David
1337 860 1450 895 patriam
1471 867 1533 887 eutn
1552 859 1657 893 Joseplr

866 914 969 941 sponso
981 907 1148 934 mittebatur.
1162 906 1361 943 Etmysterium
1379 907 1450 942 quod
1471 914 1552 933 omne
1573 907 1652 933 mira-

866 952 957 980 culum
983 957 1093 988 superat
1114 958 1288 980 consecutum
1316 957 1358 980 est
1375 959 1382 979 :
1397 952 1479 988 Virgo
1511 953 1600 988 parit,
1626 957 1655 979 et

866 998 992 1025 manibus
1005 1003 1093 1034 gestat
1104 1006 1166 1026 eum
1179 998 1226 1033 qui
1253 998 1336 1026 verbo
1362 1006 1407 1026 res
1428 1006 1524 1025 omnes
1545 1001 1652 1025 creatas

865 1048 962 1078 gestat.
976 1043 1066 1079 Neque
1081 1044 1151 1071 locus
1166 1049 1222 1071 erat
1240 1046 1277 1072 eis
1295 1045 1322 1071 in
1337 1045 1480 1072 diversorio
1492 1046 1525 1072 ³¹.
1548 1044 1650 1072 Locum

865 1096 920 1116 non
937 1089 1073 1121 habebat.
1098 1089 1144 1124 qui
1172 1095 1256 1117 totam
1281 1094 1381 1117 terram
1406 1091 1489 1118 verbo
1515 1090 1649 1118 fundavit.

865 1133 947 1161 Lacte
964 1134 1039 1170 virgo
1056 1139 1141 1161 mater
1152 1135 1280 1169 pascebat
1293 1143 1367 1168 eum,
1381 1136 1426 1170 qui
1441 1143 1550 1162 omnent
1566 1135 1650 1162 nutrit

864 1180 1011 1215 vivumque
1041 1181 1166 1215 producit
1195 1181 1331 1216 spiritum.
1364 1181 1474 1209 Fasciis.
1497 1182 1651 1209 involvebat

864 1234 938 1258 eum,
955 1227 1002 1261 qui
1019 1227 1102 1255 verbo
1113 1235 1221 1255 omnem
1237 1228 1302 1262 ligat
1315 1233 1479 1256 creaturam.
1503 1228 1531 1256 In
1555 1236 1653 1264 praese-

864 1272 909 1307 pio
921 1272 1070 1299 reclinabat
1084 1280 1157 1305 eum,
1172 1273 1220 1308 qui
1244 1273 1271 1300 in
1297 1274 1425 1301 cathedra
1454 1282 1535 1309 supra
1556 1275 1652 1302 cheru-

864 1319 919 1345 bim
934 1318 1043 1345 vehitur
1059 1319 1092 1346 ".
1117 1318 1175 1346 Lux
1195 1327 1210 1346 e
1232 1319 1308 1346 cozlis
1330 1319 1555 1355 circumfulgcbat
1576 1329 1649 1352 eum.

863 1365 911 1399 qui
927 1372 1035 1391 omnem
1049 1365 1184 1392 illuminat
1198 1370 1362 1392 creaturam.
1373 1365 1503 1393 leestes
1514 1366 1650 1394 exercitus

864 1410 1047 1445 gloriﬁcantes
1068 1411 1233 1438 assistebant
1251 1411 1287 1444 ei,
1303 1411 1349 1446 qui
1363 1417 1426 1438 ante
1446 1412 1544 1440 saecula
1567 1413 1650 1448 glori-

863 1456 999 1484 ﬁcaturin
1011 1458 1097 1485 caelis.
1114 1458 1196 1485 Stella
1224 1458 1374 1493 praelucens
1394 1458 1523 1486 ducatum
1541 1464 1651 1494 praesta-

864 1503 910 1529 bat
922 1503 961 1530 eis
974 1503 1007 1536 ³³,
1023 1503 1070 1538 qui
1086 1511 1119 1530 ex
1132 1504 1292 1539 longinquis
1303 1509 1433 1532 venerant
1447 1505 1602 1539 regionibus
1615 1507 1649 1533 ad

37 1551 163 1587 ἀνατολήν.
185 1553 231 1586 Ἐξ
245 1552 480 1588 ’Λνατηλῶνῆκασι
497 1552 713 1588 δωροφοροῦντες
728 1553 765 1588 τῷ

922 1557 926 1574 ι
941 1549 987 1583 qui
998 1556 1062 1576 “rere
1077 1550 1169 1576 oriens
1180 1554 1248 1577 erat.
1268 1550 1307 1577 Ex
1320 1551 1432 1580 Oriente
1446 1550 1570 1585 veniunt,
1590 1560 1650 1579 mu-

37 1598 100 1632 ἡμᾶς
115 1598 314 1634 πτωχεύσαντι·
328 1599 344 1633 ἠ
360 1598 387 1624 δὲ
401 1598 466 1633 ἁγία
480 1598 609 1630 Θεοτόκος
625 1601 765 1634 συνετήρει
777 1599 812 1626 τὰ

39 1643 135 1678 ᾷήματα
157 1643 253 1675 ταῦταέ
279 1642 470 1678 συμϐάλλουσα
492 1643 520 1668 ὲν
543 1644 576 1678 τῇ
599 1643 697 1678 καρδίᾳ
716 1643 810 1678 αὐτῆς,

37 1687 69 1718 ὡς
90 1688 153 1714 ὅλων
178 1689 235 1715 τῶν
262 1688 418 1724 μυστηρίων
441 1687 601 1724 ὑπάρχουσα
626 1688 739 1723 δοχεῖον.
761 1688 811 1715 Σοῦ

39 1732 89 1765 μὲν,
102 1730 122 1760 ὦ
142 1734 262 1768 παναγία
276 1733 408 1769 Παρθένε,
427 1732 561 1768 ἁνὼτερος
575 1733 664 1769 πάσης
675 1733 812 1769 εὐφημίας

37 1779 48 1803 ὁ
61 1778 169 1812 ἔπαινος,
186 1779 231 1806 διὰ
246 1780 291 1806 τὸν
305 1781 337 1806 ὲκ
348 1779 394 1806 σοῦ
406 1778 472 1805 Θεὸν
487 1779 575 1815 σάρκα
588 1778 748 1814 φορέσαντα,
766 1779 812 1805 καὶ¹

37 1825 184 1860 γεννηθέντα
208 1826 361 1861 ἄνθρωπον.
386 1826 431 1852 Σοὶ
455 1827 529 1853 πᾶσα
547 1825 626 1860 φύσις
646 1826 812 1860 ἐπουρανίων

38 1870 77 1896 καὶ
89 1872 221 1907 ἐπιγείων,
241 1873 288 1899 καὶ
302 1872 484 1908 καταχθονίων
500 1872 556 1907 [Im
578 1871 754 1907 ὑποχθονίων]
769 1872 813 1898 σέ-

38 1915 80 1949 6ας
93 1920 237 1955 προσφέρει
250 1918 280 1945 τὸ
297 1918 459 1954 πρόσφορον.
474 1919 509 1945 Σὺ
524 1917 578 1954 γὰρ
592 1917 698 1953 ἀληθῶς
719 1917 812 1951 θρόνος

38 1964 180 1998 χτρουὸικὸς
202 1965 382 1996 ἀναδέδειξαι.
398 1965 433 1990 Σὺ
456 1965 485 1991 ἐν
501 1965 557 1996 τοῖς
576 1963 670 1999 ἄκροις
683 1963 737 1990 τῶν
751 1972 812 1999 νοη-

37 2008 83 2034 τῶν
99 2009 155 2044 [tu
168 2010 256 2046 νότουι
272 2010 422 2045 βασιλειῶν,
446 2009 533 2044 φωτὸς
552 2011 721 2045 ἀπαύγασμα
742 2010 812 2036 ἀπα-

39 2052 186 2089 στράπτὲις⁸
212 2056 277 2083 ἔνθα
300 2055 440 2088 δοξάζεται
464 2055 557 2092 Πατὴρ
583 2056 598 2082 ὁ
625 2056 750 2092 ἄναρχος,
780 2053 810 2083 οὗ

38 2099 79 2134 τὴν
100 2100 208 2137 δύναμιν
231 2101 310 2137 ἔσχες
333 2101 554 2134 ὲπισκιάξουσαν·
584 2103 774 2138 προσκυνεῖται
796 2103 810 2129 ὁ

39 2143 107 2176 Υἱὸς.
124 2146 152 2173 ὃν
167 2147 238 2174 κατὰ
255 2148 343 2183 σάρκα
365 2147 396 2173 σὺ
412 2147 533 2178 τέτοκας-
556 2147 732 2181 δοξολογεῖται
748 2146 807 2183 [ἄλ.

38 2189 173 2228 δοξάζεταιῖ
187 2193 298 2228 Πνεῦμα
311 2193 342 2219 τὸ
360 2193 446 2227 ἆγιον,
463 2193 531 2228 ὅπερ
547 2193 576 2219 ὲν
589 2194 621 2228 τῇ
638 2193 734 2228 γαστρί
749 2201 807 2224 σου,

863 1602 929 1622 nera
945 1594 1096 1622 deferentes
1108 1596 1131 1623 ei
1152 1597 1198 1631 qui
1223 1605 1327 1632 pauper
1351 1603 1461 1634 propter
1487 1607 1537 1626 nos
1560 1598 1648 1626 factus

861 1646 902 1667 est
913 1641 945 1668 “.
962 1641 1140 1670 Sanctissima
1158 1651 1240 1678 porro
1254 1643 1301 1671 Dei
1322 1644 1446 1671 Genitrix
1471 1644 1650 1672 conservabat

862 1687 953 1714 omnia
967 1688 1048 1715 verba
1064 1689 1132 1721 haec,
1146 1689 1290 1717 conferens
1303 1690 1330 1717 in
1354 1690 1437 1718 corde
1456 1699 1506 1718 suo
1519 1691 1561 1724 ³⁶;
1578 1691 1650 1718 velut

862 1741 922 1768 quae
953 1734 1074 1762 omnium
1099 1737 1291 1771 mysteriorum
1315 1744 1364 1764 vas
1387 1744 1419 1764 ac
1441 1738 1645 1772 receptaculum

862 1784 943 1806 esset.
960 1779 1018 1807 Tua
1034 1789 1109 1813 sane,
1125 1790 1141 1809 ο
1154 1782 1329 1810 sanctissima
1345 1782 1442 1818 Virgo,
1463 1783 1524 1810 laus
1538 1791 1647 1810 omnetn

862 1833 975 1860 prorsus
989 1827 1095 1854 laudem
1108 1848 1115 1860 ,
1136 1833 1245 1864 propter
1267 1828 1352 1856 Deum
1374 1837 1406 1857 ex
1427 1834 1453 1856 te
1477 1829 1647 1857 incarnatum

862 1880 894 1899 ac
907 1872 1044 1900 hominem
1062 1878 1166 1907 natum,
1181 1874 1297 1902 excedit.
1318 1874 1379 1902 Tibi
1397 1875 1489 1903 omnis
1510 1880 1647 1909 creatura,

861 1918 889 1945 in
903 1919 979 1946 ctelis
999 1927 1030 1946 ac
1047 1919 1127 1947 terris
1141 1925 1165 1947 et
1183 1920 1254 1955 apud
1274 1919 1390 1953 inferos,
1421 1922 1599 1949 reverentiam
1617 1929 1650 1950 ac

861 1965 964 1992 cultum
979 1965 1185 1993 convenientem
1201 1966 1289 1994 olTert.
1310 1966 1350 1994 Tu
1366 1967 1440 1994 enim
1454 1975 1516 1994 vere
1533 1967 1650 1994 thronus

861 2012 972 2039 evasisti
986 2012 1161 2040 cherubicus.
1178 2012 1219 2040 Tu
1236 2013 1263 2040 in
1286 2014 1401 2041 summis
1419 2013 1587 2048 spiritalibus
1610 2022 1650 2040 re-

862 2058 922 2092 guis
935 2057 986 2094 [aL
998 2058 1025 2084 in
1041 2059 1177 2093 supremis
1194 2059 1279 2087 austri
1295 2060 1411 2096 regnis],
1424 2060 1493 2088 lucis
1504 2061 1648 2095 splendore

861 2109 991 2130 coruscas
1013 2111 1019 2129 :
1043 2103 1088 2131 ubi
1111 2104 1278 2138 gloriﬁcatur
1301 2104 1380 2132 Pater
1406 2105 1495 2132 omnis
1521 2106 1651 2140 principii,

860 2149 1079 2183 experspcujus
1104 2150 1313 2176 obumbrantem
1339 2150 1457 2177 habuisti
1481 2151 1647 2185 potentiam;

861 2195 991 2221 adoratur
1007 2193 1104 2226 Filius,
1120 2202 1201 2229 quem
1215 2193 1365 2221 secundum
1377 2201 1487 2222 carnem
1501 2194 1646 2229 peperisti;

37 2235 78 2270 τὴν
92 2238 210 2274 γέννησιν
231 2239 286 2274 τοῦδ
300 2239 417 2274 μεγάλου
432 2238 566 2270 Βασιλέως
586 2238 747 2274 ἐνήργησεν.
763 2258 765 2264 .

917 2240 1016 2267 :bratur
1040 2239 1089 2276 [αι.
1112 2238 1290 2275 gloriﬁcatur]
1309 2239 1428 2274 Spiritus
1453 2244 1574 2273 sanctus,
1600 2240 1645 2275 qui

39 2282 88 2313 σοῦ,
101 2286 313 2321 κεχαριτωμένη,
328 2285 413 2321 Τριὰς
430 2285 494 2319 ἁγία
518 2285 564 2312 καὶ
577 2284 717 2320 ὁμοούσιος
731 2285 759 2310 ὲν
770 2283 808 2319 τῷ

39 2327 120 2364 κόσμῳ
133 2331 301 2366 γνωρίζεται.
319 2330 395 2357 Μετὰ
413 2329 459 2356 σοῦ
469 2350 476 2362 ,
492 2330 539 2356 καὶ
556 2331 627 2365 ἡμᾶς
642 2329 809 2362 καταξίωσον

40 2376 168 2409 μετασχεῖν
198 2375 248 2410 τῆς
275 2375 379 2407 τελείας
406 2384 453 2402 σου
483 2374 614 2410 χάριτος,
639 2375 667 2400 ὲν
699 2373 809 2410 Χριστῷ

44 2419 118 2455 ’1ησοῦ
141 2423 178 2458 τῷ
202 2425 296 2460 Κυρίῳ
435 2423 494 2459 μεθ’
508 2419 549 2454 οὗ,
570 2422 608 2458 τῷ
625 2423 712 2459 Πατρὶ
734 2421 807 2454 δόξα,

39 2464 87 2499 ἅμα
106 2476 133 2494 τε
158 2469 196 2504 τῷ
213 2471 284 2506 ἁγίῳ
308 2470 463 2505 Πνεύματι-
488 2469 534 2496 νῦν
555 2469 601 2495 καὶ
624 2469 683 2501 ἀεὶ,
697 2469 744 2496 καὶ
769 2469 808 2499 εἰς

39 2511 125 2544 αἰῶνας
149 2514 200 2541 τῶν
225 2515 339 2542 αἰώνων.
359 2515 444 2550 Ἀμήν
462 2513 522 2550 [ἄλ.
538 2510 560 2548 ᾧ
580 2515 596 2549 ὴ
620 2514 691 2546 δόξα,
714 2514 759 2541 καὶ
778 2514 808 2540 τὸ

40 2557 134 2592 κράτος,
150 2561 189 2593 εἰς
205 2562 266 2594 τοὺς
280 2561 381 2593 αἰῶνας
394 2561 447 2588 τῶν
459 2560 572 2588 αἰώνων.
592 2560 701 2596 Ἀμήν].

70 2683 90 2719 fl
102 2683 168 2712 Psal.
184 2695 248 2719 xvu,
263 2688 305 2715 10.

43 2713 59 2729 ’³
72 2717 157 2747 “uult.
170 2713 200 2750 ηζ
220 2713 367 2751 ⁷’ίίιΙόοικ
383 2713 495 2757 νὶιιζῡῖ
517 2713 550 2738 ἶί
561 2713 627 2751 ιιι.
636 2713 676 2756 ιιξ
686 2713 730 2750 51'.

363 2688 385 2704 ³⁸
398 2687 465 2715 (ἔνη.
481 2696 550 2719 xvn;
580 2686 650 2715 Psal.
664 2695 725 2720 crv;
753 2687 833 2716 Rom.
848 2696 874 2716 tv
889 2696 896 2722 ;
919 2687 978 2715 Act.
992 2695 1040 2714 vn.

861 2287 888 2313 in
909 2290 957 2313 tuo
972 2291 1050 2313 utero
1067 2286 1237 2313 nativitatem
1259 2285 1349 2320 magni
1376 2285 1455 2321 Regis
1471 2287 1584 2321 peregit.
1597 2286 1648 2314 Per

860 2333 897 2363 te,
913 2337 930 2357 0
952 2331 1039 2366 gratia
1065 2330 1155 2364 plena,
1174 2329 1295 2357 Trinitas
1311 2335 1404 2357 sancta
1421 2335 1448 2358 et
1467 2332 1648 2359 consubstan-

860 2376 932 2404 tialis
957 2377 984 2403 in
1011 2377 1114 2404 mundo
1135 2377 1322 2412 cognoscitur.
1346 2376 1459 2408 Tecum,
1486 2381 1513 2404 et
1536 2385 1586 2406 nos
1607 2378 1649 2406 di-

860 2430 944 2457 gnare
961 2423 1106 2457 participes
1122 2422 1227 2450 edicere
1253 2422 1380 2457 perfectae
1406 2427 1458 2450 tua:
1485 2425 1592 2459 gratiae,
1619 2424 1646 2452 in

862 2468 972 2496 Christo
987 2469 1051 2496 Jesu
1073 2469 1189 2497 Domino
1204 2474 1297 2496 nostro
1312 2479 1319 2496 :
1334 2478 1395 2497 cum
1416 2478 1481 2505 quo,
1497 2470 1570 2498 Patri
1586 2471 1646 2506 glo-

862 2515 912 2547 ria,
926 2515 1062 2550 simulque
1084 2515 1198 2550 Spiritui
1223 2522 1327 2549 sancto,
1342 2523 1414 2543 nunc
1435 2522 1461 2544 et
1480 2523 1599 2551 semper,
1619 2521 1651 2544 et

861 2560 889 2588 in
905 2561 1001 2588 saecula
1024 2561 1199 2589 saeculorum.
1215 2560 1301 2589 Amen
1325 2561 1373 2598 [aL
1397 2563 1440 2590 cui
1459 2563 1544 2598 gloria
1557 2567 1583 2590 et
1598 2569 1646 2598 po-

860 2607 956 2640 tentia,
970 2607 996 2634 in
1010 2607 1108 2634 saecula
1120 2607 1292 2635 saeculorum.
1305 2607 1414 2644 Amen].

1097 2687 1118 2702 “
1138 2686 1204 2715 Luc.
1224 2695 1254 2719 ll,
1271 2686 1295 2713 7.
1354 2687 1375 2703 "
1397 2686 1468 2715 Psal.
1494 2694 1592 2720 Lxxtx,
1616 2687 1644 2714 2.
