1844 3047
22 119 79 148 Ηπ
496 115 641 145 llOMlLlA
659 115 692 143 IV
713 115 745 143 IN
761 115 826 144 SAN

830 115 897 144 CTA
916 115 1146 144 TIIEOPIIANIA.
1563 117 1576 143 1
1585 117 1634 145 173

21 179 98 207 ιοιπδν
122 180 137 206 6
161 179 273 214 ἄγγελος
303 178 451 214 ἐξεπλήρου
479 178 510 205 τὸ
537 178 716 214 προσταχθὲν,
744 187 768 206 κε

861 179 929 206 ralia
944 179 1032 213 plena,
1053 178 1182 206 Dominus
1201 182 1286 206 tecum
1299 179 1332 206 ⁸⁸.
1358 178 1417 206 Non
1438 178 1555 213 amplius
1575 178 1636 205 dia-

21 226 74 258 τρὺς
85 225 132 261 τὴν
146 225 282 262 Παρθένον
307 224 444 256 εἰσελθὼν,
468 224 580 260 ἐϐόησεν
605 225 673 261 πρὸς
695 225 789 261 αὐτὴν,

21 273 100 306 λέγων⁹
111 271 208 305 Χαῖρε,
226 270 456 306 κεχαριτωμένη,
473 272 490 297 ό
511 271 618 305 Κύριος
627 272 702 306 μετὰ
720 271 789 298 σοῦ.

21 317 102 344 hius-tt.
117 319 131 344 6
141 316 260 348 διάϐολος
275 317 346 344 κατὰ
368 317 425 344 σοῦ·
440 317 506 343 ὅπου
525 317 579 353 γὰρ
601 316 631 343 τὸ
658 317 790 353 πρότερον

21 364 120 400 ῖτρωσεν
129 364 144 390 6
158 363 296 398 πολέμιος,
305 364 362 390 ἐκεῖ
373 363 481 399 πρῶτον
491 363 538 390 νῦν
548 364 561 390 6
578 363 669 399 ἰατρὸς
678 364 728 399 τῆς
741 373 790 400 σω-

21 410 100 445 εηρίας
112 410 161 445 τὴν
179 409 351 446 ἓμπλαστρον
365 409 529 446 ἐπιτίθησιν.
551 409 631 436 Ὅθεν
651 409 761 445 ἐξῆλθεν
775 411 789 436 ὁ

20 457 126 488 δάνατος,
143 455 245 482 ἐκεῖθεν
260 457 277 491 ὴ
292 455 348 491 ζωὴ
362 457 411 491 τὴν
427 456 527 483 εἴσοδον
551 457 722 492 ἐτεκτήνατο.
739 456 788 482 Διά

20 502 128 536 ςυναικὸς
142 502 233 538 ὲρρύει
248 502 282 529 τὰ
295 502 394 537 φαῦλα,
407 503 453 529 καὶ
468 502 512 529 διὰ
527 503 655 537 γυναικὸς
669 501 788 538 πηγάζει

20 550 40 576 ςὰ
51 549 196 584 κρείττονα.
214 549 312 583 Χαῖρε,
330 549 559 583 κεχαριτωμένη.
580 549 636 584 Μὴ,
651 549 689 580 ὡς
715 549 788 575 αἰτία

20 596 158 631 ιαταδίκης,
174 596 312 631 αἱσχύνου.
340 596 440 631 Μήτηρ
464 595 518 632 γὰρ
529 595 576 623 τοῦ
593 595 788 622 καταδικάσαν-

20 650 48 673 ος
61 642 105 668 καὶ
121 641 307 677 λεδ-τρώσαντος
333 641 406 678 γίνῃ.
435 643 532 678 Χαῖρε,
554 642 601 668 τοῦ
626 641 787 677 χηρεύοντος

19 688 111 723 ιόσμου,
127 688 281 724 νυμφοτόκε
296 687 422 723 ἀμίαντε.
438 687 534 724 Χαῖρε,
549 689 565 722 ἡ
584 689 613 714 ὲν
630 689 722 724 μήτρᾳ
740 688 786 715 τὸν

19 734 51 769 ἧς
67 735 166 770 μητρὸς
189 734 323 769 βυθίσασα
353 734 477 761 θάνατον.
503 735 599 770 Χαῖρε,
625 736 639 761 6
666 735 786 770 ἔμψυχος

19 781 62 812 ub;
77 781 121 807 τοῦ
143 781 220 807 Θεοῦ.
245 782 343 816 Χαῖρε.
372 782 488 817 οὐρανοῦ
504 783 552 808 δια)⁸
572 782 624 817 γῆς
641 782 785 817 ἰσόρροπον

20 826 106 862 ίκημα.
120 827 218 863 Χαῖρε,
229 828 280 862 τῆς
307 828 451 863 ἀχωρήτου
468 827 575 862 φύσεως
587 828 688 862 χωρίον
705 826 785 862 εὐρύ-

21 881 91 908 ωρον.
115 873 196 901 Ἀλλὰ
205 874 308 900 τούτων
322 874 408 906 οὕτως
425 874 551 910 ἐχόντων,
569 874 670 910 ἐπέστη
686 873 720 900 δι’
735 874 783 900 αὺ-

19 917 46 951 ἦς
56 919 108 949 τοῖς
120 918 277 945 ἀσθενοῦσιν
303 920 317 946 6
338 919 440 955 ἰατρός·
467 921 524 951 τοῖς
543 920 571 945 ὲν
593 919 783 955 σκότει,καθη-

18 963 95 995 ιένοις.
122 965 136 990 ὁ
149 964 224 999 ἥλιος
237 965 285 1000 τῆς
311 965 493 1001 δικαιοσύνης·
511 967 592 992 πᾶσιν
616 966 644 993 δὲ
659 968 715 998 τοῖς
727 975 782 1001 χει-

18 1008 167 1043 ιαζομένοις,
181 1011 198 1045 ή
216 1009 323 1046 ἄγκυρα
338 1011 385 1038 καὶ
400 1012 414 1037 ὁ
429 1011 594 1047 ἀχείμαστος
610 1011 701 1048 λιμήν.
720 1013 781 1044 Τοῖς

19 1053 155 1082 διάλλακτα
171 1057 344 1092 μισουμένοις
360 1057 472 1089 δούλοις,
488 1059 502 1085 6
517 1058 654 1094 Δεσπότης
670 1058 778 1093 ἐτέχθη,

18 1099 42 1125 αὶ
54 1100 100 1135 τῆς
114 1102 224 1137 εἰρήνης
238 1103 252 1128 6
268 1102 426 1138 σύνδεσμος,
442 1104 456 1130 6
470 1103 607 1140 λυτρωτὴς
617 1106 672 1135 τοῖς
683 1105 780 1139 αἰχμα-

18 1144 84 1178 ώτοις
109 1147 211 1179 δούλοις
238 1148 421 1184 ἐπεδήμησεν,
445 1150 501 1181 τοῖς
528 1149 740 1186 πολεμουμένοις
761 1151 777 1186 ἡ

18 1192 94 1228 ἱρήνη.
111 1194 208 1228 Αὐτὸς
231 1195 286 1230 γάρ
301 1196 386 1223 ἐστιν
417 1197 435 1230 ἡ
453 1195 557 1230 εἰρήνη
577 1196 670 1231 ἡμῶν·
682 1194 716 1232 ἧς
734 1196 781 1231 γέ·

17 1247 63 1264 otto
79 1239 181 1272 πάντας
197 1241 345 1269 ἀπολαύειν
358 1243 442 1278 ἡμᾶς,
458 1242 562 1279 χάριτι,
574 1243 620 1269 καὶ
633 1242 781 1279 φιλανθρω-

801 857 821 884 Β

843 225 921 252 bolus
936 225 988 252 erit
1005 229 1099 252 contra
1115 229 1158 258 te;
1180 233 1242 252 nam
1261 225 1306 252 ubi
1321 229 1401 251 antea
1418 224 1503 251 hostis
1518 224 1560 251 ille
1572 224 1633 251 vul-

842 279 894 298 nus
911 271 1017 302 inﬂixit,
1035 271 1089 298 illic
1105 271 1223 309 primum
1239 279 1312 298 nunc
1327 271 1449 298 medicus
1463 270 1562 297 salutis
1574 277 1633 296 mc-

841 319 1024 346 dicamentum
1040 317 1159 344 adhibet.
1177 317 1255 344 Unde
1267 325 1340 344 mors
1362 316 1470 351 prodiit,
1494 315 1556 342 inde
1577 315 1630 342 vita

841 364 891 391 sibi
913 364 1066 399 ingressum
1082 364 1198 399 paravit.
1224 363 1275 390 Per
1300 363 1441 390 mulierem
1464 362 1534 388 mala
1551 361 1632 388 ﬂuxe-

841 414 921 442 runt,
946 414 972 436 et
996 418 1043 445 per
1065 410 1204 437 mulierem
1221 409 1290 436 bona
1307 414 1444 436 emanant.
1458 409 1519 440 Ave,
1543 409 1631 443 gratia

840 456 928 491 plana.
946 455 995 487 Ne,
1014 456 1086 491 quod
1102 456 1199 483 mulier
1219 456 1402 483 damnationis
1418 463 1500 482 causa
1518 454 1629 482 exstite-

840 503 885 535 rit,
903 503 1049 530 erubescas
1067 502 1188 530 :Judicis
1198 503 1270 529 enim
1283 507 1309 529 et
1322 502 1512 536 Redemptoris
1528 506 1555 528 tu
1573 508 1631 528 ma-

839 554 879 577 ter
895 549 960 577 eris.
984 548 1050 582 Ave,
1067 548 1250 581 immaculata,
1270 549 1372 576 viduali
1387 548 1461 575 orbis
1479 556 1578 583 sponsa
1594 547 1632 575 si—

839 595 897 623 mul
913 599 940 622 et
963 600 1059 622 mater.
1075 594 1141 627 Ave,
1157 603 1217 630 quae
1233 595 1258 621 in
1277 599 1322 622 tuo
1349 600 1425 622 utero
1448 594 1542 621 matris
1568 594 1630 622 Evte

839 647 956 668 mortem
977 639 1141 668 demcrsisti.
1168 639 1392 669 Ave.animalum
1418 639 1464 667 Dei
1487 640 1628 674 templum.

836 687 904 717 Ave,
917 687 977 715 coeli
1003 691 1031 714 et
1051 690 1130 714 terra:
1146 686 1310 721 atquivaleus
1328 687 1494 722 dignumque
1515 687 1629 714 domici-

836 734 914 761 lium.
939 734 1120 767 Ave,naturaa
1143 733 1216 760 illius
1238 733 1521 768 incomprehensibilis
1545 742 1630 768 capa-

837 780 980 808 cissimum
1005 779 1215 814 receptaculum.
1241 779 1363 814 Cumque
1387 780 1444 806 haec
1469 781 1504 806 ita
1527 787 1556 806 se
1579 780 1628 807 ha-

835 827 926 860 beant,
945 826 1021 854 adest
1033 833 1080 860 per
1094 833 1154 853 eam
1172 825 1365 860 aegrotantibus
1381 826 1518 858 medicus;
1543 826 1568 852 in
1589 831 1627 854 tc-

836 875 928 902 nehris
941 873 1109 905 sedentibus,
1124 872 1163 900 sol
1175 873 1302 907 iustitiae;
1323 873 1428 900 cunctis
1446 880 1508 899 rem
1525 877 1628 907 tempe-

835 925 905 948 state
914 920 1033 954 jactatis,
1045 919 1163 946 anchora
1174 923 1322 953 portusque
1331 918 1493 945 tutissimus.
1507 917 1627 946 Inimicis
1648 941 1651 943 _

834 971 861 994 et
876 965 931 994 Deo
954 966 1049 994 invisis
1064 966 1150 994 servis
1171 965 1303 992 Dominus
1322 969 1401 992 natus
1418 970 1475 997 est,
1498 965 1627 1000 pacisque

835 1013 973 1040 vinculum
996 1012 1094 1045 factus,
1115 1012 1229 1047 captivis
1250 1012 1384 1044 liberatio,
1398 1017 1424 1039 et
1448 1011 1517 1038 bello
1533 1012 1626 1046 exagiu

833 1059 896 1086 tatis
911 1058 1072 1093 paciﬁcatio.
1096 1057 1154 1092 Ipse
1169 1058 1239 1084 enim
1263 1063 1301 1084 est
1321 1066 1373 1092 pax
1388 1063 1479 1084 nostra
1498 1058 1519 1073 ⁸³
1541 1067 1546 1084 :
1570 1065 1623 1091 qua

832 1104 941 1139 quidem
965 1112 1050 1139 pace,
1077 1104 1182 1132 utinam
1204 1104 1368 1131 concedatur
1392 1105 1470 1131 noizis
1496 1104 1625 1131 omnibus

832 1152 897 1185 frui,
909 1152 995 1187 gratia
1010 1156 1037 1180 et
1053 1152 1219 1186 benignitate
1233 1151 1339 1178 Domini
1359 1152 1446 1178 nostri
1467 1150 1531 1178 Jcsn
1546 1150 1623 1178 Chri-

831 1198 865 1224 sti
881 1206 888 1225 ι
903 1198 947 1225 cui
964 1198 1059 1232 gloria,
1072 1198 1155 1226 decus
1167 1203 1194 1226 et
1210 1197 1364 1232 imperium,
1378 1205 1450 1224 nunc
1464 1201 1491 1224 et
1504 1204 1621 1231 semper,

832 1247 858 1270 et
878 1244 905 1270 in
920 1245 1011 1270 omnia
1031 1244 1129 1271 sateula
1149 1244 1322 1271 smculornm.
1344 1243 1440 1270 Amen.

17 1284 44 1319 ‘2';
56 1286 99 1312 τοῦ
118 1287 221 1323 Κυρίου
251 1289 330 1324 ἡμῶν
349 1290 435 1326 Ἰησοῦ
456 1291 584 1325 Χριστοῦ·
649 1293 666 1327 ὴ
689 1290 762 1324 δόξα.
778 1291 855 1327 τιμὴ,
871 1292 959 1319 καὶτὸ
983 1292 1110 1328 κράτοςἸ
1125 1291 1172 1319 νῦν
1195 1291 1242 1319 καὶ
1257 1291 1311 1323 ἀεὶ,
1339 1291 1386 1318 καὶ
1409 1291 1447 1322 εἰς
1469 1291 1532 1321 τοὺς
1553 1290 1622 1317 παν-

17 1340 42 1364 ις
58 1334 153 1368 αἰῶνας
171 1336 226 1363 τῶν
243 1337 359 1364 αἰώνων.
377 1339 472 1375 Ἀμήν.

17 1402 93 1411 ~—

618 1479 885 1526 HOMILIA
925 1481 1009 1526 IV.

347 1575 383 1605 In
412 1577 517 1606 sancta
545 1575 844 1614 Theophania.sivc
867 1576 906 1606 de
932 1575 1047 1607 Christi
1070 1576 1237 1615 baptismo.

16 1707 43 1734 of}
56 1710 144 1748 αὐτοῦ
157 1711 194 1748 ἐξ·
207 1712 302 1746 ἁγίοις
314 1712 428 1745 Πατρός
441 1713 523 1747 ἡμῶν
535 1714 699 1747 Γρηγορίου
711 1715 772 1741 ἐπι-
787 1718 808 1748 c

23 1746 130 1784 ιζιςόπου
145 1746 202 1784 τῆς
217 1746 525 1784 ΔΝερκαίσαριιῖίαςτοῦ
542 1746 770 1784 Θαιπνιάτουργοῦ

124 1783 169 1815 εις
192 1782 228 1809 τὰ
251 1782 319 1818 (ira:
345 1782 492 1818 Θεοφάνια
514 1783 569 1820 [ἄλ.
590 1781 633 1817 sic
647 1785 683 1811 τὰ
695 1781 771 1820 ’ἅγια

23 1823 96 1848 gmw
103 1823 118 1848 ι.

23 1873 126 1910 Ἄνδρες
149 1875 330 1911 φιλόχριστοι,
348 1877 395 1903 καὶ
410 1876 553 1911 φιλόξενοι,
575 1877 621 1904 καὶ
646 1877 770 1911 φιλάδελ-

16 1929 38 1950 ›ι,
55 1920 243 1957 ξενοδοχήσατε
262 1922 311 1958 τὴν
331 1921 401 1958 ἐμὴν
421 1922 557 1956 γλῶσσαν,
581 1923 628 1949 καὶ
649 1924 769 1959 τήμερον

16 1968 42 1993 .l.
58 1968 199 2004 σήμερονῙ,
216 1969 262 1995 καὶ
276 1969 326 2000 τὰς
339 1967 423 2000 ἀκοὰς
444 1968 520 2004 ὑμῶν
539 1968 576 2000 ὡς
596 1968 684 2000 πύλας
702 1970 768 1996 ἁνα-

16 2011 153 2044 πάσαντες,
171 2013 284 2044 ταύταις
303 2013 349 2039 τὸν
368 2013 433 2048 ἐμὸν
450 2012 528 2047 λόγον
546 2013 707 2044 ὲνοικίσατε,
722 2014 769 2039 καὶ

16 2056 86 2089 Ξασθε
108 2060 174 2094 παρ’
195 2059 261 2094 ἐμοῦ
283 2059 313 2085 τὸ
335 2059 468 2094 σωτήριον
489 2059 630 2094 κήρυγμα,
647 2060 715 2095 ὅπερ
740 2060 768 2086 ὲν

16 2114 19 2127 ι
43 2104 158 2140 Ἰορδάνῃ
180 2104 296 2140 ποταμῷ
316 2106 364 2141 τῆς
388 2105 561 2137 καταδύσεως
583 2105 629 2132 τοῦ
649 2105 766 2141 Χριστοῦ

16 2158 102 2182 γονεν·
119 2152 162 2178 ἵνα
182 2151 228 2178 τὸν
253 2151 378 2178 τοσοῦτον
397 2153 462 2187 ἡμῖν
484 2151 694 2186 συγκαταόάντα
718 2154 767 2178 Δε-

16 2196 77 2232 ῖότην
95 2197 176 2224 πλέον
192 2197 338 2233 ποθήσητε.
354 2198 385 2224 ΕΞ
407 2198 461 2233 γὰρ
477 2198 524 2224 καὶ
541 2198 590 2234 τῆς
613 2198 659 2225 τοῦ
676 2198 767 2234 Σωτῆ-

16 2249 25 2272 ;
37 2242 210 2277 Ἐπιφανείας
222 2244 239 2279 ἡ
251 2244 402 2279 πανήγυρις
417 2242 612 2278 παρελήλυθεν,
627 2243 682 2270 ἀλλ’
693 2245 709 2280 ἡ
719 2244 766 2279 χά-

16 2288 113 2324 ςαΰτῆς
140 2289 215 2324 μένει
238 2288 281 2315 διὰ
301 2289 411 2320 παντός.
437 2289 698 2326 Κατατρυφήσωμεν
718 2289 765 2317 οὖν

16 2332 83 2368 ύτης,
103 2335 252 2370 ἀπλήστοις
266 2335 364 2370 ψυχαῖς
376 2343 382 2349 ·
400 2335 469 2371 καλὴ
481 2335 535 2371 γὰρ
548 2336 595 2363 ὲπὶ
611 2337 664 2363 τῶν
682 2346 765 2373 σωτη-

16 2387 40 2404 υν
55 2381 224 2415 πραγμάτων
241 2382 256 2416 ἡ
273 2381 419 2416 ἀπληστία,
435 2382 516 2417 καλή.
532 2383 586 2409 Καὶ
597 2383 684 2413 δεῦτε.
696 2384 764 2410 πάν·
779 2393 803 2423 D

16 2433 19 2453 :
39 2426 68 2451 ἐκ
87 2426 135 2461 τῆς
151 2427 295 2458 Γαλιλαίας
316 2428 355 2459 εἰς
378 2428 427 2463 τὴν
449 2429 587 2460 Ἰουδαίαν,
603 2429 759 2465 συνεξορμί-

17 2478 61 2503 μεν
81 2471 120 2506 τῷ
143 2472 269 2508 Χριστῷ·
289 2473 424 2509 μακάριος
445 2473 498 2510 γὰρ
519 2476 533 2501 6
555 2475 701 2502 συνοδεύων
723 2477 756 2511 τῇ

16 2513 22 2539 Ξ
42 2515 88 2550 τῆς
107 2517 189 2552 ζωῆς.
206 2518 300 2549 Δεῦτε,
318 2521 374 2550 τοῖς
386 2519 436 2554 τῆς
453 2519 572 2552 διανοίας
589 2521 661 2554 ποσὶ,
676 2530 758 2548 κατα-

16 2560 94 2595 Ξωμεν
108 2563 154 2590 τὸν
172 2564 317 2600 Ἰορδάνην,
335 2567 382 2593 καὶ
396 2567 442 2593 τὸν
458 2567 611 2603 Βαπτιστὴν
632 2567 756 2605 Ἰωάννην

16 2608 132 2639 Ιττίξοντα
155 2610 263 2646 ἴδωμεν,
282 2612 328 2639 τὸν
351 2613 536 2649 βαπτίσματος
561 2614 598 2650 μὴ
619 2614 754 2650 δεόμενον,

36 2654 80 2681 τοῦ
104 2655 290 2692 βαπτίσματος
313 2659 377 2694 ἡμῖν
404 2660 453 2695 τὴν
481 2661 560 2696 χάριν
585 2660 751 2696 δωρήσηται.

16 2698 60 2731 ἥτε.
77 2700 237 2738 Θεασώμεθα
254 2704 303 2740 τῆς
325 2706 459 2742 ἡμετέρας
479 2707 683 2742 ἁναγεννήσεως
705 2708 755 2744 τὴν

16 2744 57 2773 όνα
70 2750 327 2786 σκιαγραφουμένην
341 2752 370 2777 ὲν
381 2752 494 2784 ἐκείνοις
508 2755 563 2785 τοῖς
580 2752 667 2781 ὕδασι.
687 2754 754 2781 Τότε

16 2833 24 2846 ⁸
36 2833 97 2863 Luc.
114 2845 132 2868 ι,
150 2837 194 2866 28.
238 2839 257 2854 δ”
276 2839 373 2874 Ephcs.
390 2848 420 2873 ll,
438 2841 476 2868 lt.

826 1715 952 1750 Ejusdem
968 1715 1052 1750 sancti
1076 1713 1164 1740 Patris
1183 1714 1267 1740 nostri
1282 1713 1402 1748 Gregorii
1415 1713 1528 1750 episcgpi
1546 1713 1618 1740 Neo-

859 1758 979 1777 cwsnrt'w
995 1749 1187 1784 Thaumaturgi
1201 1757 1285 1776 sermo
1295 1769 1302 1780 ,
1326 1750 1353 1775 in
1367 1755 1459 1775 murta
1477 1749 1613 1783 Theopha-

858 1787 902 1812 niu
919 1785 1012 1821 [al.th
1029 1784 1066 1821 Sa
1084 1783 1209 1821 lautitia],
1224 1784 1251 1810 id
1269 1789 1317 1817 est,
1331 1785 1364 1811 de
1379 1784 1425 1811 Dei
1439 1786 1613 1819 apparitione,

857 1822 909 1848 sive
921 1820 955 1847 de
967 1820 1067 1848 Christi
1084 1820 1224 1854 baptismo.

860 1877 916 1905 Viri
929 1877 1039 1904 Christo
1051 1876 1140 1904 dilecti
1161 1879 1187 1902 et
1212 1875 1405 1910 hospitalitatis
1420 1880 1501 1911 alque
1516 1875 1612 1903 fratcr-

821 1925 913 1952 nitatis
929 1928 1068 1951 amatores
1079 1944 1087 1955 ,
1106 1924 1216 1950 auditus
1229 1923 1312 1950 vestri
1330 1922 1447 1957 hospitio
1461 1923 1610 1949 etiamnum

820 1969 900 1997 hodie
922 1969 1041 2003 linguam
1057 1976 1145 1996 meatu
1171 1968 1302 2002 excipite,
1328 1969 1494 2002 auribusque
1515 1970 1611 1995 vestris

818 2020 957 2051 portarum
979 2015 1064 2042 instar
1080 2014 1190 2049 apertis,
1210 2023 1298 2042 meum
1310 2015 1378 2040 intra
1394 2022 1440 2041 eas
1457 2022 1610 2040 sermonem

821 2061 974 2093 admittite;
994 2066 1021 2089 et
1041 2061 1188 2088 salutarem
1207 2069 1221 2087 a
1239 2069 1282 2088 me
1302 2061 1519 2095 prtedicationem
1543 2061 1611 2086 acci-

819 2109 883 2142 pite,
909 2108 1089 2136 demersionis
1111 2107 1224 2136 Christi.
1249 2115 1308 2141 qua:
1332 2107 1358 2133 in
1380 2105 1498 2133 Iordane
1526 2106 1629 2134 ﬂuvio.

819 2153 889 2182 facta
905 2160 947 2181 est
960 2163 967 2181 :
981 2159 1011 2181 ut
1026 2153 1170 2180 Dominum
1188 2153 1233 2187 qui
1250 2159 1335 2187 uSque
1348 2152 1416 2178 adeo
1430 2151 1506 2178 nobis
1521 2151 1609 2178 indul-

817 2205 878 2236 get,
902 2200 1034 2228 adametis
1059 2200 1255 2227 vehementius.
1283 2198 1350 2225 Nam
1378 2200 1428 2225 etsi
1452 2197 1610 2232 Epiphania:

817 2248 874 2275 sive
890 2246 1070 2282 apparitionis
1086 2245 1327 2273 Salvatorisnostri
1340 2244 1481 2272 celebritas
1494 2249 1605 2278 praeter-

817 2293 896 2326 ierit,
922 2293 1008 2328 gratia
1032 2297 1122 2319 talnen
1148 2292 1231 2327 ipsius
1258 2299 1363 2326 semper
1390 2295 1489 2317 manet.
1517 2290 1606 2323 Quare

816 2339 1018 2368 insatiabilibus
1048 2339 1148 2366 animis
1170 2337 1360 2373 perfruantur,
1383 2345 1415 2364 ac
1443 2337 1606 2364 delectemur

816 2394 865 2419 ea;
887 2394 949 2413 nam
972 2386 1042 2414 bona
1063 2385 1089 2412 in
1106 2385 1187 2412 rebus
1201 2384 1366 2411 salutaribus
1382 2388 1423 2410 est
1444 2383 1605 2410 insatiabili-

812 2437 864 2464 las,
881 2433 952 2459 bona
965 2433 1086 2467 inquam.
1104 2430 1198 2458 Venite
1214 2431 1295 2466 igitur
1305 2430 1394 2457 cuncti
1411 2437 1444 2456 ex
1455 2429 1563 2457 Galilma
1577 2432 1604 2456 in

811 2477 944 2512 Iudaeam,
958 2483 985 2506 et
998 2487 1050 2506 una
1062 2487 1122 2506 cum
1133 2478 1243 2506 Christo
1255 2484 1394 2504 exeamus.
1409 2475 1508 2503 Beatus
1518 2476 1604 2508 enim,

811 2523 857 2558 qui
874 2524 955 2551 simul
971 2530 1031 2550 cum
1053 2524 1095 2550 via
1111 2524 1170 2550 vitae
1189 2523 1240 2550 iter
1256 2522 1330 2550 facit.
1358 2521 1470 2554 Venite,
1488 2522 1603 2556 pedi'ns

811 2570 910 2597 mentis
937 2569 1083 2597 Jordanem
1105 2575 1244 2605 petamus;
1269 2574 1295 2596 et
1322 2577 1336 2595 a
1356 2567 1460 2595 Joanne
1482 2567 1603 2602 Baptism

809 2623 872 2642 eutn
894 2615 1025 2649 baptizari
1046 2615 1258 2650 conspiciamlls,
1282 2613 1328 2649 qui
1344 2613 1479 2647 baptismo
1495 2620 1548 2638 non
1563 2613 1602 2639 in-

809 2661 898 2696 diget,
922 2666 953 2688 ut
969 2661 1097 2696 baptismi
1122 2662 1200 2690 nobis
1222 2662 1337 2697 gratiam
1364 2661 1454 2688 donet.
1483 2659 1601 2692 Venite,

808 2708 1022 2742 contemplemur
1037 2708 1249 2743 regenerationis
1259 2713 1358 2736 nostra:
1369 2707 1524 2742 imaginem,
1538 2713 1601 2741 quat

808 2754 836 2781 iu
856 2754 935 2789 aquis
952 2754 1005 2782 illis
1021 2754 1209 2782 adnmbratur.
1228 2754 1301 2782 Tum:
1314 2755 1382 2782 venit
1397 2753 1475 2781 Iesus
1493 2762 1508 2781 α
1523 2753 1600 2781 Gali-
