1844 3047
24 143 57 170 i8!
465 139 607 170 HOMILIA
626 142 659 169 IV
680 141 713 169 IN
735 141 870 168 SANCTA
890 141 1122 169 THEOPHANI‘A.

1543 137 1611 166 “82

24 201 141 238 ιθρὼποις
164 202 201 233 ὠς
219 201 294 228 αὐτοί
318 210 346 228 σε
369 201 477 237 βλέπειν
492 202 622 238 ἰσχύουσι,
646 202 752 230 λανθάνε

891 203 992 230 lumine
1009 203 1169 230 illustratus.
1191 201 1258 229 Novi
1280 207 1322 236 te,
1350 201 1478 235 Domine,
1499 207 1607 237 aperte;

24 250 55 284 εὴ
67 248 141 284 αῐγλη
157 248 207 283 τῆς
221 248 428 284 ἁστραπτούσης
439 257 486 275 σου
502 249 642 285 θεότητος;
656 249 701 284 Μὴ
716 249 770 285 γὰρ

24 294 83 329 ιειδὴ
94 293 141 330 τὴν
160 293 228 329 ἐμὴν
244 294 273 321 ἐν
288 294 330 320 σοὶ
352 293 442 330 βλέπω
458 295 574 331 μορφὴν,
591 294 770 331 παραλογίζο-

23 341 43 368 ιί
58 349 100 367 σου
113 339 160 376 τὴν
176 339 250 367 θείαν
265 340 367 372 οὐσίαν,
383 341 431 376 τὴν
445 341 558 377 ἀόρατον
578 341 624 368 καὶ
636 340 771 376 ἀκατάλη-

23 396 72 416 ιονς
91 384 153 413 οἶδά
174 394 213 419 σε,
235 386 368 418 Δέσποτα,
388 384 448 413 οἶδά
471 396 499 414 σε
521 387 630 422 σαφῶς·
650 385 709 414 οἶδά
730 396 768 418 σε,

23 434 64 470 ιρὰ
76 433 120 460 σοῦ
138 433 288 468 διδαχθείς·
304 434 392 466 οὐδεὶς
405 435 459 470 γὰρ
477 435 624 470 ἐπιγνῶναὶ
640 444 669 462 σε
692 435 770 462 δύνα-

23 490 46 510 ιι,
60 480 93 515 μὴ
110 480 158 514 τῆς
177 480 225 515 σῆς
242 479 385 507 ἀπολαύων
400 481 566 517 ὲλλάμψεως.
583 480 648 509 Οἶδὰ
667 491 705 514 σε,
726 482 770 508 Δε-

22 534 83 557 mea,
96 525 202 560 σαφῶςθ
221 523 358 562 εἶδονγάρ
373 535 401 553 σε
422 527 623 562 πνευματικῶς,
643 529 706 564 πρὶν
724 527 769 554 ἴδω

22 571 67 598 ὤτο
79 572 108 597 τὸ
123 572 188 605 φῶς.
206 572 270 598 Ὅτε
287 572 318 598 σὺ
340 573 389 607 μὲν
405 572 442 599 ὢν
457 573 516 606 ὅλος
529 573 589 609 [ἄλ.
605 574 646 600 ὅτι
668 574 699 600 σὺ
721 574 769 608 μὲν

22 626 51 648 to;
63 617 108 652 ὢν]
121 618 148 643 ἐν
160 618 215 648 τοῖς
226 618 382 653 ἀσωμάτοις
394 619 503 651 κόλποις
517 619 563 645 τοῦ
575 619 697 655 οὐρανίου
710 619 769 645 Ila—

22 663 62 695 ιὸς,
79 663 134 694 ὅλος
155 660 189 699 ἦς
208 664 237 690 ἐν
249 665 305 696 τοῖς
319 664 413 699 λαγόσι
430 665 479 700 τῆς
494 666 542 701 σῆς
558 665 654 701 δούλης
675 674 704 692 τε
724 665 770 692 καὶ

21 710 104 744 ητρός·
127 709 179 744 ἐγὼ
194 709 222 736 δὲ
242 711 271 736 ἐν
289 711 321 746 τῇ
344 711 432 746 κοιλίᾳ.
450 711 500 746 τῆς
519 711 656 737 Ἐλισὰϐετ
679 711 717 743 ὡς
740 712 768 738 ἐν

24 757 79 792 ρκτῇ
95 758 127 792 τῇ
139 756 218 791 φύσει
232 757 422 792 κατεχόμενος,
436 757 482 783 καὶ
496 757 635 792 δεδεμένος
648 758 704 788 τοῖς
715 757 768 783 τῶν

21 803 114 838 ιερὺων
138 802 246 835 ἀλύτοις
266 804 386 838 δεσμοῖς,
407 804 550 839 ἐσκίρτων,
572 803 768 839 ἐπανηγύριζον

21 858 41 883 ιν
64 850 109 885 σὴν
127 849 232 884 γένεσιν
253 849 453 886 προεορτάζων.
479 850 507 875 Ὀ
532 850 620 876 τοίνυν
646 849 698 885 πρὸ
721 849 767 876 τοῦ

821 249 874 276 vidi
889 249 960 276 enim
976 254 1001 276 te
1018 250 1043 275 in
1059 249 1166 283 spiritu,
1181 254 1326 284 antequam
1341 248 1412 276 hanc
1429 249 1515 276 lucem
1530 249 1611 284 inspi-

821 302 918 322 cerem.
945 294 1013 328 Quia
1027 299 1066 326 tu,
1083 303 1144 322 cum
1170 300 1242 322 totus
1264 295 1290 322 in
1312 295 1474 330 incorporeo
1490 296 1609 324 caelestis

821 340 909 368 Patris
933 341 994 368 sinu
1018 347 1111 372 esses,
1136 344 1210 367 totus
1232 347 1340 374 quoque
1359 340 1385 367 in
1410 346 1488 367 utero
1506 341 1616 368 ancillae

821 391 873 414 tuae
889 395 921 414 ac
941 388 1036 414 matris
1050 395 1126 419 eras;
1147 395 1197 422 ego
1212 394 1286 418 vero,
1304 388 1330 414 in
1349 392 1442 414 ventre
1460 387 1608 420 Elisabeth,

820 434 893 460 velut
914 434 940 460 in
965 442 1083 467 carcere,
1101 438 1198 460 natura
1211 434 1347 466 detentus,
1369 439 1449 468 atque
1463 434 1609 461 indissolu-

820 480 920 508 bilibus
944 480 1086 507 infantium
1102 480 1217 507 vinculis
1230 480 1406 512 constrictus,
1427 481 1607 511 exsultabant.

820 531 847 554 et
859 531 932 553 tuam
948 531 1025 553 antea
1042 527 1209 554 nativitatem
1225 527 1413 554 collaudabam
1435 534 1466 552 ac
1480 526 1608 553 'celebra-

820 573 893 599 bam.
914 571 965 605 Qui
985 572 1065 608 igitur
1081 577 1141 599 ante
1165 577 1363 611 partum‘tuum
1379 571 1521 598 adventum
1537 580 1622 606 pne--

819 616 960 650 dicabam,
977 616 1039 651 post
1058 622 1164 651 partum
1194 617 1338 643 adventum
1362 620 1437 643 tuum
1461 616 1606 650 ignorabo?

820 662 871 695 Qui
887 662 913 688 in
927 666 1003 689 utero
1020 662 1152 694 adventus
1167 662 1204 688 tui
1219 662 1313 689 doctor
1330 662 1379 693 fui,
1401 669 1473 688 nunc
1490 661 1608 694 perfecta

819 708 911 734 habita
926 707 1080 742 cognitione
1094 706 1184 734 infans
1195 708 1262 734 ero?
1282 707 1414 734 Caeterum
1432 715 1484 733 non
1498 716 1607 742 possum

820 763 872 782 non
895 759 920 781 te
944 754 1032 781 colere
1057 761 1089 782 ac
1110 753 1253 786 venerari,
1279 754 1323 788 qui
1340 754 1373 781 ab
1388 755 1461 781 omni
1486 754 1608 781 adorat-ie

819 805 954 828 crcnun-a.
983 799 1040 826 Non
1057 807 1167 834 possunt
1190 807 1243 826 non
1263 800 1409 834 prmdicare
1431 807 1504 831 eum,
1527 807 1607 833 quem

820 849 917 876 cmlum
939 848 1038 874 ducatu
1063 847 1147 874 stcllm
1169 847 1396 881 prannonstravit,
1418 851 1445 873 et
1467 851 1536 872 terra
1561 853 1610 880 per

20 894 66 921 ixou
81 883 189 930 inter,
203 883 347 930 ἐπιδημίαν
362 894 566 930 προκηρύττων,
582 895 649 930 μετὰ
661 883 706 921 τὸν
723 896 748 921 τέ

879 903 914 926 ;os
935 894 1050 929 benigne
1069 894 1192 928 excepit;
1219 894 1431 928 angelorumque
1454 893 1545 924 chori,
1573 892 1607 919 ob

20 951 39 968 ιν
51 941 96 976 τὴν
108 941 153 976 σὴν
165 942 314 977 παρουσίαν
325 941 466 976 ἁγνοήσω;
487 941 514 967 Ὀ
526 942 554 968 ἐν
567 941 642 976 νηδύϊ
652 941 703 976 τῆς
718 942 766 976 σῆς

20 987 132 1022 αρουσίας
151 987 320 1020 διδασκαλος,
339 987 463 1023 νηπιάσω
484 987 540 1018 νῦν,
564 987 631 1022 πρὸς
650 987 698 1022 τὴν
723 996 766 1013 τε-

20 1034 61 1059 ῑίαν
74 1033 231 1067 ἑπίγνωσιν;
252 1033 320 1059 Ἀλλ’
333 1033 362 1059 οὐ
374 1033 489 1068 δύναμαι
509 1033 546 1068 μὴ
560 1033 648 1060 σέϐειν
663 1042 703 1065 σε,
719 1034 764 1060 τὸν

19 1080 214 1116 ροσκυνούμενον
231 1079 305 1116 παρὰ
325 1080 413 1115 πάσης
431 1080 479 1115 τῆς
497 1080 621 1111 κτίσεως,
637 1080 666 1106 οὐ
685 1079 764 1106 δύνα-

19 1135 40 1152 αι
53 1127 85 1161 μὴ
99 1126 250 1162 κηρύττειν,
271 1127 299 1152 ὃν
319 1126 430 1162 οὐρανὸς
444 1126 487 1153 διὰ
501 1126 547 1152 τοῦ
569 1126 681 1162 ἀστέρος
701 1127 765 1153 ὑπέ-

19 1172 65 1205 ιιξε,
86 1173 129 1199 καὶ
146 1173 180 1208 γῆ
202 1173 248 1199 διὰ
270 1172 324 1198 τῶν
347 1173 439 1208 μάγων
459 1171 625 1204 ἐδεξιώσατο,
646 1172 692 1199 καὶ
711 1173 764 1200 τῶν

19 1218 104 1252 (γέλων
123 1219 146 1244 οἱ
162 1219 248 1254 χοροὶ,
262 1219 401 1254 χαίροντες
413 1218 456 1244 διὰ
473 1217 522 1253 τὴν
540 1218 589 1253 σὴν
605 1219 673 1253 πρὸς
691 1219 765 1254 ἡμᾶς

19 1264 190 1297 ιγκατάὸασιν,
207 1265 379 1300 ἀνευφήμουν
395 1265 440 1290 καὶ
455 1264 582 1299 ποιμένες
600 1264 765 1300 ἀγραυλοῦν-

18 1318 44 1342 ες,
53 1309 92 1336 τὸν
106 1310 285 1346 ἀρχιποίμενα
296 1310 350 1336 τῶν
359 1310 473 1344 λογικῶν
488 1310 630 1345 προϐάτων
645 1310 692 1336 ἁνύ
698 1319 763 1345 μνη-

18 1364 49 1382 ιν,
70 1356 104 1382 Οὐ
123 1356 249 1391 δύναμαι,
262 1356 307 1382 σοῦ
324 1355 464 1391 παρόντος,
490 1355 584 1390 σιγᾷν
603 1355 682 1390 ερον-ὴ
710 1356 764 1391 γάρ

18 1404 55 1436 μισ
66 1402 143 1436 φωνὴ
155 1402 219 1437 γὰρ,
228 1403 304 1437 φησὶ,
315 1401 448 1434 βοῶντος
461 1402 496 1428 ἐν
507 1401 544 1435 τῇ
552 1402 660 1436 ἐρήμῳ·
673 1402 765 1428 Ἑτοι-

18 1446 96 1474 dcam
110 1447 165 1481 τὴν
181 1448 254 1474 ὁδὸν
271 1448 391 1481 Κυρίου.
415 1447 484 1482 Ἐγὼ
500 1442 603 1482 χρέιάν
622 1447 681 1481 ἔχω
704 1446 763 1473 ὑπὸ

17 1493 46 1519 οῦ
63 1494 272 1527 βαπτισθῆναι,
295 1494 342 1520 καὶ
368 1494 407 1520 σὺ
428 1495 500 1528 ἔρχῃ
523 1492 595 1527 πρὸς
613 1493 668 1528 μέ;
695 1490 764 1527 Ἐγὼ

17 1540 128 1575 εννηθεὶς,
142 1542 192 1576 τῆς
217 1540 385 1576 γεννησὰσης
407 1540 467 1575 [ἄλ.
492 1539 706 1575 γεννησαμένης]
731 1548 763 1575 με

17 1585 86 1620 ητρὸς
99 1587 145 1622 τὴν
160 1586 302 1622 στείρωσιν
318 1585 413 1612 ἔλυσα·
430 1586 476 1612 καὶ
492 1585 589 1621 βρὲςος
604 1585 641 1611 ὦν
656 1585 705 1616 ἔτι,
720 1585 765 1618 γέ-

17 1639 51 1656 )να
63 1631 109 1665 τῆς
121 1631 242 1666 ἁφωνίας
259 1631 306 1658 τοῦ
325 1631 426 1666 πατρός
444 1639 492 1665 μου
509 1631 608 1666 ἰατρὸς,
627 1630 701 1665 παρὰ
719 1630 765 1656 σοῦ

17 1675 73 1702 ιϐὼν
93 1678 123 1703 ἐκ
146 1677 242 1708 παιδὸς
266 1677 315 1712 τὴν
336 1677 416 1712 χάριν
439 1676 485 1702 τοῦ
514 1676 660 1711 θαύματος.
682 1677 716 1702 Σὺ
738 1676 766 1702 δὲ

17 1721 87 1756 ;χοεὶς
98 1724 128 1750 ἐκ
140 1724 190 1759 τῆς
206 1723 344 1758 Παρθένου
366 1722 484 1757 Μαρίας,
505 1722 543 1753 ὡς
560 1722 703 1758 ἠθέλησας,
720 1723 766 1748 καὶ

17 1777 28 1798 ς
46 1768 75 1794 σὺ
95 1769 172 1804 μόνος
191 1769 348 1801 ἐπίστασαι,
364 1769 413 1795 οὐκ
435 1768 531 1800 ἔλυσας
550 1768 598 1803 τὴν
619 1767 765 1803 παρθενίαν

17 1811 68 1847 ὒτῆς
78 1820 86 1828 ·
100 1812 167 1839 ἀλλὰ
176 1813 225 1840 καὶ
237 1813 338 1848 ταύτην
352 1814 534 1849 ἐφρούρησας,
547 1814 593 1840 καὶ
605 1813 653 1848 τῆς
665 1813 766 1849 μητρὸς

17 1856 54 1892 Βτῇ
69 1859 115 1894 τὴν
129 1859 315 1895 προσηγορίαν
331 1858 496 1894 δεδώρησαι·
514 1858 562 1885 καὶ
581 1858 641 1884 οὔτε
659 1860 675 1893 ἡ
694 1867 764 1894 παρ-

17 1903 60 1929 ενία
74 1903 116 1930 τὸν
129 1905 174 1930 σὺν
188 1904 267 1931 τόκον
280 1904 424 1936 ἐκώλυσεν,
443 1903 503 1930 οὒτε
515 1905 529 1930 ό
542 1904 620 1935 τόκος
634 1903 683 1939 τὴν
698 1912 766 1939 παρ-

17 1948 73 1974 ῑνίαν
99 1949 252 1985 ἐλυμήνατο
266 1957 273 1964 ·
299 1949 366 1975 ἀλλὰ
393 1949 558 1984 συνέδραμον
585 1948 766 1974 ἐναντιώτατα

17 1992 139 2028 ράγματα,
154 1995 235 2026 τόκος
254 1995 300 2020 καὶ
313 1993 445 2029 παρθενία
461 1993 529 2029 πρὸς
547 1993 609 2028 μίαν
622 1993 762 2028 ὁμόνοιανε

17 2039 74 2074 εειδὴ
89 2039 165 2066 τοῦτο
261 2039 344 2075 οὕτω]
360 2040 474 2076 πάρεστί
491 2048 530 2065 σοι
544 2038 583 2074 τῷ
597 2039 702 2074 πλαστῇ
715 2039 764 2074 τῆς

17 2083 96 2117 Ξσεως.
124 2085 194 2120 Ἐγὼ
218 2085 359 2120 ἄνθρωπος
381 2085 459 2121 μόνον
480 2085 537 2120 εἰμὶ
557 2084 631 2117 θείας
655 2085 765 2120 χάριτος

17 2130 108 2166 ἑτοχος·
121 2133 152 2159 σὺ
165 2132 194 2158 δὲ
207 2131 273 2163 Θεὸς
287 2129 321 2163 εἷ,
330 2131 377 2158 καὶ
385 2131 526 2166 ἄνθρωπος
539 2132 553 2157 ὀ
564 2131 655 2164 αὐτὸς,
670 2131 762 2166 ἐπειδὴ

17 2175 168 2213 ηλὰνθρωπος
186 2178 320 2213 πέφυκας.
345 2177 415 2213 Ἐγὼ
436 2178 540 2212 χρείαν
555 2178 613 2212 ἔχω
629 2178 688 2205 ὑπὸ
707 2177 765 2204 σοῦ

818 945 890 969 tuam
912 943 940 968 in
960 948 1011 967 nos
1032 941 1241 974 indulgentiam.
1255 940 1401 975 gaudentes
1417 939 1607 972 dccantarunt,

816 992 842 1014 ct
856 993 981 1022 pastores
1000 986 1026 1012 in
1045 993 1109 1021 agro
1126 990 1318 1020 pcruoctantes
1336 986 1358 1000 ⁵⁵
1369 1006 1376 1017 ,
1391 985 1540 1019 principem
1557 991 1606 1018 pa-

817 1041 920 1064 storum
943 1035 1116 1063 rationalium
1143 1035 1233 1061 0vium
1257 1034 1436 1061 celebrarunt.
1460 1032 1519 1060 Non
1545 1041 1608 1068 pos-

816 1090 892 1114 sum,
918 1086 943 1108 te
965 1085 1105 1116 prtesente,
1126 1085 1230 1114 tacere;
1250 1087 1311 1106 nam
1331 1087 1380 1106 vom
1409 1087 1454 1113 ego
1485 1087 1560 1109 sum;
1581 1082 1608 1105 et

815 1127 923 1162 quidem
940 1135 989 1153 vox
1004 1126 1144 1153 clam'antis
1165 1127 1191 1153 in
1212 1126 1312 1152 deserto
1329 1133 1337 1151 :
1351 1125 1449 1152 Parare
1466 1126 1534 1151 riam
1556 1124 1608 1150 Do—

815 1174 880 1200 mini
893 1173 925 1199 5°.
942 1172 996 1207 Ego
1011 1182 1026 1199 a
1039 1178 1063 1200 te
1079 1173 1211 1207 baptizari
1226 1172 1316 1204 debeo,
1330 1177 1354 1202 et
1371 1176 1398 1198 tu
1413 1172 1483 1198 urnis
1501 1171 1534 1197 atl
1550 1172 1608 1196 me?

816 1219 872 1253 Ego
885 1223 982 1250 natus,
997 1218 1091 1245 matris
1106 1226 1167 1252 qua:
1182 1225 1224 1244 me
1239 1217 1352 1252 peperit,
1367 1216 1533 1244 sterilitatem
1548 1215 1603 1242 sol—

814 1265 858 1297 vi;
873 1268 899 1291 et
913 1263 1004 1291 infans
1022 1271 1084 1290 cum
1100 1264 1189 1291 adhuc
1207 1271 1306 1296 essem,
1322 1262 1501 1290 taciturnitati
1520 1261 1606 1295 patris

815 1310 867 1337 mei
881 1311 1043 1337 medicinam
1057 1310 1179 1342 adhibui,
1199 1318 1213 1336 a
1232 1314 1257 1336 te
1269 1317 1336 1344 puer
1351 1309 1474 1336 miraculi
1492 1309 1605 1343 gratiam

815 1357 962 1392 accipiens.
984 1356 1025 1383 Tu
1043 1363 1118 1388 vero,
1133 1364 1166 1383 ex
1186 1355 1271 1382 Maria
1286 1359 1365 1382 natus
1378 1354 1499 1388 Virgine,
1518 1359 1546 1381 ut
1559 1362 1607 1381 vo-

815 1405 900 1437 luisti,
919 1409 945 1431 et
961 1404 1032 1431 sicut
1046 1408 1074 1430 tu
1091 1403 1166 1430 solus
1180 1402 1262 1435 nosti,
1277 1409 1331 1428 non
1345 1401 1447 1428 solvisti
1462 1400 1606 1435 virginita-

814 1453 866 1478 tem
879 1451 954 1485 ejus;
968 1450 1013 1477 sed
1027 1454 1053 1477 et
1065 1449 1134 1476 hanc
1145 1448 1297 1480 custodisti,
1311 1451 1337 1474 et
1351 1447 1435 1481 ipsam
1449 1447 1544 1473 matris
1557 1454 1606 1481 ap-

814 1497 958 1532 pellatione
968 1495 1092 1528 donasti;
1105 1499 1131 1522 et
1154 1502 1244 1528 neque
1257 1498 1333 1521 tuum
1346 1498 1454 1528 partum
1467 1492 1606 1527 impedivit

816 1543 978 1577 virginitas,
1004 1549 1092 1576 neque
1108 1541 1290 1576 virginitatem
1322 1539 1390 1566 lmsit
1414 1543 1528 1573 partus;
1558 1537 1604 1564 sed

818 1593 1013 1616 concurrerunt
1040 1595 1084 1614 res
1103 1586 1372 1622 repugnantissimm,
1401 1589 1494 1618 partus
1525 1588 1606 1617 atque

816 1633 968 1668 virginitas,
985 1633 1012 1659 in
1023 1640 1107 1659 unum
1117 1632 1206 1659 ltedus
1218 1641 1224 1658 :
1235 1631 1364 1666 quoniam
1374 1630 1425 1656 hoc
1439 1629 1486 1656 tibi
1502 1633 1606 1655 natura

816 1679 950 1707 conditori
962 1682 1116 1714 promptum
1126 1682 1165 1705 est
1176 1677 1223 1713 [αί.
1232 1677 1271 1704 sic
1283 1677 1329 1703 tibi
1343 1680 1447 1702 naturae
1454 1675 1558 1702 auctori
1566 1675 1605 1702 vi-

816 1734 876 1754 sum
902 1725 953 1761 est]
975 1733 1007 1753 ac
1018 1725 1106 1752 facile.
1123 1724 1179 1760 Ego
1192 1725 1274 1751 homo
1286 1723 1417 1750 duntaxat
1428 1731 1488 1750 sum
1508 1723 1606 1749 divinm

817 1773 951 1808 particeps
967 1772 1075 1807 gratim;
1089 1776 1115 1797 at
1129 1776 1155 1797 tu
1167 1770 1237 1797 Deus
1250 1770 1318 1796 idem
1333 1777 1374 1799 es.
1387 1774 1413 1797 et
1427 1770 1508 1796 homo
1521 1778 1527 1796 :
1539 1777 1607 1804 quo-

816 1817 888 1844 niam
905 1816 1038 1850 benignus
1052 1821 1078 1842 et
1093 1815 1204 1842 humani
1221 1814 1327 1849 generis
1343 1813 1548 1840 amantissimus
1564 1820 1603 1839 es.

816 1864 872 1900 Ego
884 1871 947 1898 opus
961 1862 1041 1889 Imbro
1062 1867 1092 1888 ut
1105 1870 1121 1887 α
1139 1865 1162 1888 te
1178 1861 1304 1894 baptizer,
1321 1864 1344 1886 et
1360 1864 1387 1886 tu
1407 1860 1476 1886 venis
1493 1860 1527 1885 ad
1545 1859 1606 1885 me?

816 1910 855 1937 Tu
867 1931 874 1942 ,
899 1909 945 1943 qui
962 1908 989 1935 in
1009 1907 1144 1942 principio
1166 1914 1245 1939 cras,
1266 1910 1292 1933 et
1306 1905 1376 1940 apud
1390 1905 1474 1932 Deum
1493 1913 1564 1937 eras,
1579 1909 1606 1931 ct

816 1954 887 1982 Deus
899 1955 956 1989 ipse
966 1961 1025 1980 eras
1033 1954 1072 1986 ⁸⁷;
1086 1958 1112 1980 ιιι
1125 1953 1170 1987 qui
1185 1951 1307 1978 Paterna:
1317 1959 1346 1979 es
1357 1951 1449 1985 glorise
1461 1951 1602 1986 splendor;

815 2005 843 2028 tu
856 2000 901 2035 qui
918 1999 1035 2034 perfecta
1047 2007 1076 2026 cs
1090 1998 1180 2033 imago
1192 1997 1303 2032 perfecti
1320 1997 1408 2024 Patris
1429 1997 1477 2032 [αΙ.
1493 1996 1603 2031 perfecti

815 2045 948 2077 luminis,
986 2044 1110 2070 videlicet
1136 2042 1261 2078 Patris];
1288 2047 1317 2069 tu
1340 2043 1386 2077 qui
1411 2042 1457 2068 lux
1480 2050 1509 2068 es
1526 2050 1602 2074 vera,

815 2098 873 2126 qua:
896 2089 1030 2115 illuminat
1050 2096 1152 2114 omnem
1175 2088 1304 2113 hominem
1323 2087 1466 2113 venientem
1491 2087 1518 2113 in
1533 2087 1602 2113 hunc

817 2136 942 2163 mundum
955 2136 995 2168 ης
1013 2140 1040 2161 ιιι
1054 2135 1099 2169 qui
1112 2142 1172 2161 cum
1190 2133 1216 2160 in
1234 2133 1334 2160 mundo
1346 2141 1431 2164 esses,
1449 2133 1544 2159 venisti
1557 2133 1602 2160 ubi

817 2191 895 2215 eras;
915 2187 941 2209 tu
956 2182 1001 2216 qui
1018 2181 1106 2208 factus
1120 2188 1150 2208 es
1165 2188 1229 2208 caro
1243 2201 1250 2211 ,
1265 2180 1311 2207 sed
1332 2187 1384 2206 non
1406 2187 1554 2206 conversus
1576 2180 1601 2206 in

17 2223 196 2258 ιπτισθῆναι,
218 2223 267 2250 καὶ
290 2224 330 2251 σὺ
353 2224 427 2258 ἔρχῃ
456 2223 529 2257 πρὸς
551 2225 604 2257 μέ;
631 2223 667 2250 Σὺ
695 2224 709 2250 ό
735 2225 745 2250 ἐ

873 2235 943 2259 rem;
962 2231 989 2252 tu
1007 2225 1052 2260 qui
1071 2225 1198 2252 habitasti
1218 2224 1244 2250 in
1270 2224 1369 2255 nobis,
1392 2227 1419 2249 et
1435 2223 1521 2249 servis
1548 2222 1601 2250 tuis

17 2269 52 2303 >χῇ
68 2268 114 2301 ὢν,
136 2269 183 2296 καὶ
205 2270 273 2305 πρὸς
295 2269 361 2296 Θεὸν
379 2269 427 2300 ὢν,
453 2269 500 2295 καὶ
519 2269 585 2300 Θεὸς
607 2269 661 2295 ὢν*
681 2270 713 2296 σὺ
734 2270 764 2296 τὸ

17 2322 33 2347 ις
47 2315 172 2350 πατρῴας
190 2315 269 2350 δόξης
283 2314 452 2350 ἀπαύγασμα
462 2323 469 2329 ·
489 2315 520 2340 σὺ
536 2315 550 2341 ὸ
562 2315 664 2346 τέλειος
679 2323 763 2350 χαρα-

17 2358 52 2394 ῖὴρ
69 2359 113 2386 τοῦ
135 2360 236 2387 τελείου
251 2361 358 2396 Πατρός
463 2359 566 2385 τελείου
593 2359 690 2394 φωτὸς,
714 2360 762 2395 δη-

62 2405 107 2432 τοῦ
124 2405 242 2442 Πατρός]
252 2415 259 2420 ·
276 2406 308 2432 σὺ
323 2405 356 2432 τὸ
373 2404 436 2440 φῶς
449 2405 481 2432 τὸ
495 2405 648 2439 ἀληθινὸν,
661 2406 691 2432 τὸ
703 2415 760 2440 ρω-

17 2449 60 2480 ζοιν
86 2451 185 2478 πάντα
207 2451 366 2485 ἄνθρωπον
387 2451 550 2486 ἐρχόμενον
572 2452 615 2484 εὶς
638 2451 691 2478 τὸν
715 2452 764 2478 κό-

17 2503 73 2522 ιον-
87 2497 118 2523 σὺ
135 2498 150 2523 ὁ
165 2497 194 2522 ὲν
206 2495 245 2532 τῷ
260 2496 354 2531 κόσμῳ
365 2495 412 2527 ὢν,
427 2496 474 2522 καὶ
487 2495 569 2523 ἐλθὼν
583 2497 650 2522 ὃπου
665 2494 698 2531 ἦς
710 2505 716 2511 ·
732 2497 764 2523 σὺ

17 2543 150 2577 γενόμενος
167 2542 244 2578 σὰρξ,
259 2542 317 2569 ἀλλ’
335 2543 386 2568 οὐκ
399 2543 440 2574 είς
454 2542 543 2578 σάρκα
555 2542 670 2577 τραπείς
680 2551 686 2557 ·
703 2543 735 2568 σὺ
752 2543 766 2568 ὁ

17 2587 122 2621 εηνώσας
129 2589 157 2615 ὲν
163 2590 180 2623 ἡ
186 2589 240 2623 μῖν,
249 2589 296 2614 καὶ
303 2589 359 2620 τοῖς
368 2589 423 2618 σοῖς
435 2587 536 2618 δούλοις
545 2587 639 2621 φανεὶς
644 2588 672 2613 ὲν
680 2589 711 2623 τῇ
720 2588 766 2615 τοῦ

18 2632 73 2659 ὑλου
84 2636 171 2670 μορφῇ
183 2643 188 2648 ·
199 2635 231 2661 σὺ
242 2635 256 2660 ὁ
263 2634 312 2670 τὴν
319 2634 371 2669 γῆν
378 2634 423 2661 καὶ
433 2633 478 2660 τὸν
485 2634 597 2669 οὐρανὸν
607 2633 768 2669 γεφυρώσας

17 2686 43 2711 ρ.
65 2679 271 2716 γεφυράσας]τῷ
284 2679 354 2714 ἁγίῳ
369 2688 415 2706 σου
431 2680 552 2715 ὀνόματι,
570 2680 602 2706 σὺ
618 2679 684 2716 ἔρχῃ
699 2680 766 2716 πρὸς

17 2723 37 2757 E;
51 2725 77 2752 '0
88 2726 222 2760 τοσοῦτος,
236 2727 304 2763 πρὸς
315 2727 360 2754 τὸν
375 2727 492 2754 τοιοῦτον
503 2735 509 2759 ;
526 2727 555 2752 ’0
566 2725 690 2761 βασιλεὺς
700 2727 766 2762 πρὸς

17 2780 34 2797 ιν
45 2773 211 2808 πρόδρομον;
235 2773 263 2798 ὐ
280 2772 416 2807 Δεσπότης
430 2773 498 2808 πρὸς
511 2773 556 2799 τὸν
571 2772 677 2804 δοῦλον;
698 2772 765 2798 Ἀλλ’

25 2864 46 2881 ⁸⁵
61 2866 124 2894 Luc.
140 2875 170 2899 ιι,
192 2867 218 2894 8.

259 2867 279 2881 "‘
298 2866 387 2894 Matth.
405 2875 449 2901 lli,
463 2867 495 2900 5;
516 2867 596 2896 Marc.
612 2876 637 2901 ι,
655 2868 687 2895 5:
709 2866 773 2895 Luc.
792 2874 838 2900 ιιι,
860 2867 894 2901 4;
916 2866 994 2895 Joau.
1010 2875 1027 2901 I,
1044 2866 1087 2894 25.

815 2273 842 2300 in
860 2273 946 2300 forma
970 2271 1040 2299 servi
1063 2270 1227 2304 conspicuus
1256 2268 1348 2301 fuisti;
1371 2272 1400 2295 tu
1425 2268 1472 2302 qui
1499 2272 1599 2294 terram

814 2321 840 2343 et
874 2317 972 2344 caelum
1012 2320 1058 2342 tuo
1098 2318 1192 2341 sancto
1227 2314 1336 2340 nomine
1372 2313 1490 2348 quodam
1523 2313 1600 2347 quasi

814 2367 895 2398 ponte
919 2361 1030 2397 junxisti
1045 2369 1052 2393 ;
1068 2365 1095 2387 tu
1110 2360 1188 2387 venis
1205 2359 1238 2386 ad
1256 2359 1320 2386 me?
1347 2358 1398 2392 Tu,
1429 2359 1474 2393 qui
1509 2363 1600 2386 tantus

813 2416 853 2440 es,
885 2408 916 2435 ad
948 2406 1048 2434 talem?
1073 2405 1139 2442 Rex,
1171 2405 1204 2432 ad
1229 2404 1600 2439 prmcursorem‘!Dominus,

817 2455 849 2482 ad
870 2453 996 2482 servum?
1024 2451 1075 2479 Sed
1107 2451 1230 2486 quamvis
1259 2455 1286 2477 tu
1320 2450 1348 2476 in
1377 2450 1525 2477 humilibus
1551 2450 1602 2476 hu-

818 2499 955 2527 manitatis
971 2498 1061 2525 modis
1085 2497 1161 2524 nasci
1178 2504 1233 2524 non
1257 2496 1400 2523 erubueris
1413 2504 1419 2529 ;
1434 2503 1485 2530 ego
1511 2500 1601 2522 tamen

820 2550 924 2573 natura:
937 2544 1068 2571 terminos
1084 2543 1221 2578 praeterire
1236 2549 1290 2568 non
1302 2549 1423 2576 possum.
1435 2540 1501 2567 Novi
1514 2547 1604 2575 quau-

819 2596 875 2618 tum
893 2592 963 2618 inter
983 2595 1083 2617 terram
1105 2594 1132 2616 et
1148 2589 1305 2616 Creatorem
1323 2588 1358 2615 sit
1378 2588 1524 2615 discrimen
1541 2585 1598 2621 [aL

820 2635 968 2671 spatium].
984 2634 1052 2662 Novi
1068 2639 1170 2669 quanta
1187 2635 1257 2662 inter
1271 2634 1365 2660 limum
1381 2638 1458 2660 terra:
1472 2637 1499 2659 et
1514 2631 1600 2659 faeto-

820 2690 877 2709 rem
891 2682 926 2708 sit
944 2680 1104 2708 diﬂerentia.
1125 2678 1192 2708 Novi
1208 2686 1340 2716 quantum
1355 2679 1396 2707 sol
1414 2684 1476 2706 tuus
1490 2677 1602 2712 iustitia:

818 2727 952 2762 praecellat
964 2727 1041 2759 mihi,
1055 2726 1100 2760 qui
1114 2726 1224 2754 lucerna
1242 2731 1294 2753 tum
1308 2734 1368 2754 sum
1381 2725 1481 2761 gratiae.
1495 2724 1528 2750 Et
1539 2724 1603 2750 licet

816 2783 884 2810 pura
896 2775 1017 2809 corporis
1031 2775 1149 2803 amictus
1162 2775 1200 2801 sis
1228 2774 1315 2805 nube,
1342 2781 1392 2808 ego
1408 2777 1498 2799 tamen
1526 2775 1600 2798 tuam

1139 2866 1161 2882 "
1175 2865 1252 2893 Joan.
1271 2874 1296 2899 ι,
1316 2865 1340 2892 l.
1380 2866 1402 2881 ³⁸
1419 2863 1494 2892 Joan.
1516 2871 1541 2895 ι,
1559 2861 1586 2890 9.
