1844 3047
18 70 64 98 185

477 72 619 101 llOMlLlA
639 73 674 100 ιν
696 73 729 101 IN
749 52 882 103 SANCTA
901 75 1135 106 TllEOl‘llANlA.

1542 91 1611 121 “86

18 129 43 162 μὲ
57 127 218 164 συμϐουλήν.
237 129 335 156 Ἔασον
352 129 396 157 τὸν
416 130 537 158 διάϐολον
560 132 598 164 ὡς
613 132 651 168 τῷ
666 132 745 168 τυχόν

882 135 961 169 gredi,
979 141 1008 164 ut
1020 143 1203 172 opportunum
1229 141 1328 170 vulnus
1340 143 1465 179 accipiat.
1484 146 1547 175 Sine
1565 158 1610 179 me

18 183 38 200 οι
57 174 222 209 προσελθεῖν,
237 176 283 202 καὶ
303 176 459 212 συμϐαλεῖν,
480 178 527 204 καὶ
549 178 640 204 λαϐεῖν
664 179 773 214 καιρίαν

18 224 41 254 ῆν
60 219 173 255 πληγήν.
194 221 292 247 ’Ἑασόν
309 230 342 256 με
355 222 496 257 πληρῶσαι
507 223 552 249 τὸν
571 223 681 255 σκοπὸν,
696 223 729 249 δι’
744 223 773 250 ὃν

18 266 179 301 αρεγενόμην
192 267 238 293 ἐπὶ
249 267 300 302 τῆς
317 268 376 303 γῆς.
395 269 551 304 Μυστήριόν
573 270 631 295 ἐστι
647 270 676 295 τὸ
690 270 773 305 σήμε-

18 320 38 337 >ν
53 313 80 337 ὲν
95 311 133 346 τῷ
156 313 274 348 Ἰορδάνῃ
289 313 457 348 τελούμενον.
480 314 520 340 Τὰ.
546 315 682 351 μυστήριά
710 324 771 350 μου,

18 358 52 383 to".
73 357 118 384 καὶ
141 359 198 390 τοῖς
223 359 308 394 ἐμοῖς.
335 359 491 395 Μυστήριόν
517 361 601 391 ἐστιν,
626 361 676 387 οὐκ
703 361 772 396 ἐμὴν

18 403 81 437 ρείαν
96 404 280 440 ἀποπληροῦν,
298 404 364 431 ἀλλὰ
381 405 529 440 θεραπείαν
547 408 603 438 τοῖς
619 416 772 442 τετραυμα-

21 449 120 484 σμένοις
132 450 266 477 ὲπινοοῦν.
282 452 437 487 Μυστήριόν
452 454 536 483 ἐστιν,
553 454 581 479 ὲν
600 453 704 485 τούτοις
716 454 771 485 τοῖς

18 495 64 520 ῑασι
85 495 298 530 προζωγραφοῦν
322 496 383 532 [ἀλ.
409 500 459 524 οὐκ
481 498 550 534 ἐμῆς
573 499 678 533 χρείαν,
693 498 770 525 ὕδασι

18 540 223 576 ροζωγραφοῦν],
240 542 289 577 τῆς
315 542 368 570 τῶν
393 543 543 580 ἀνθρώπων
561 545 770 579 παλιγγενεσίας

18 586 142 620 ιοὺράνια
158 587 276 622 νάματα.
294 589 380 623 Ἄφες
396 589 461 624 ἄρτι
473 599 480 605 ·
495 591 557 617 ὅταν
579 591 636 627 ἴδῃς
659 599 691 626 με
713 591 771 618 θεο-

18 631 97 666 ρεπῶς
109 633 137 658 ὲν
156 633 212 664 τοῖς
228 634 303 667 ἐμοῖς
319 635 451 670 ποιήμασι
465 635 495 662 τὸ
511 636 604 663 δοκοῦν
618 635 769 672 ἐργαζόμε-

18 686 42 709 .v,
60 677 116 703 τότε
132 679 188 709 τοῖς
209 679 363 714 γενομένοις
378 680 438 716 [ἀλ.
452 683 508 714 τοῖς
529 681 692 718 γινομένοις]
707 682 769 714 τοὺς

18 733 83 755 ινους
97 725 298 760 προσάρμοσον.
314 727 396 754 ’Όταν
412 728 469 764 ἴδῃς
482 737 516 764 με
529 729 645 766 λεπροὺς
660 729 770 764 καθαρί-

18 779 73 801 ιντα,
94 770 152 796 τότε
178 771 212 806 μὲ
234 772 402 807 Δημιουργὺν
430 774 479 809 τῆς
499 773 605 808 φύσεως
621 774 770 809 ἀναγόρευ-

824 179 972 214 adimplere
989 183 1158 217 propositum
1174 190 1255 220 atque
1271 190 1427 222 consilium.
1443 195 1477 219 ob
1493 196 1565 228 quod
1580 195 1608 224 in

824 229 923 253 terram
937 227 1046 256 adveni.
1057 229 1215 265 Mysterium
1229 237 1309 268 atque
1324 242 1458 264 secretum
1470 227 1520 270 est.
1536 242 1610 275 quod

823 270 903 299 hodie
924 272 950 299 in
971 273 1090 302 Iordane
1107 278 1256 311 perﬁcitur.
1284 280 1392 309 Secreta
1418 292 1475 311 mra
1495 270 1560 313 milii
1580 293 1609 316 e:

823 317 890 344 meis
906 318 937 345 “.
955 318 1094 348 Secretnm
1112 327 1154 350 est
1169 325 1240 358 quod
1269 334 1321 354 non
1340 336 1427 355 meam
1451 332 1538 365 explet
1558 341 1607 361 ne-

822 362 996 396 cessitatem;
1012 366 1058 392 sed
1076 368 1149 401 quod
1175 369 1323 399 vulneratis
1346 375 1470 401 curation
1489 384 1514 402 m
1530 378 1607 405 adbi-

824 407 879 434 bet.
896 408 1053 444 Mysterium
1074 418 1155 447 alque
1175 422 1306 443 arcanum
1331 424 1382 451 est,
1399 421 1469 454 quod
1489 422 1514 448 in
1532 422 1607 450 hisce

822 455 900 489 aquis
922 456 1047 485 humanm
1075 462 1290 494 regenerationis
1312 462 1370 499 [aL
1397 466 1469 499 quod
1496 475 1549 494 non
1571 470 1606 496 ob

822 508 908 528 meam
925 502 1044 537 aliquam
1060 506 1248 534 necessitatem
1261 509 1287 535 in
1304 511 1392 544 aquis,
1407 512 1473 548 etc.]
1484 515 1604 542 C(Blt'Slla

821 547 920 575 lluenta
937 553 999 576 aute
1012 550 1149 578 describit.
1169 551 1231 579 Sine
1243 555 1338 581 modo:
1354 547 1518 590 quandoime
1532 561 1606 587 vide-

821 592 869 624 ris,
888 598 916 620 ut
927 593 1012 622 Deum
1028 595 1115 628 decet,
1134 598 1161 624 in
1181 599 1247 626 Ineis
1258 603 1389 629 creaturis
1401 604 1472 637 (μιυὰ
1489 606 1554 631 milii
1569 607 1606 633 ri-

820 638 899 665 detur
910 645 1067 674 operantem
1082 651 1089 669 :
1113 647 1178 670 tunc
1192 652 1223 671 ea
1240 654 1301 680 quae
1315 647 1385 675 facta
1400 655 1463 677 sunt
1479 651 1605 681 laudibus

820 684 924 711 celebra
939 684 988 721 [aL
1005 691 1071 714 tunc
1082 688 1114 715 iis
1129 697 1190 723 qua:
1203 690 1271 719 ﬁunt
1296 692 1391 721 laudes
1404 697 1603 734 accommoda].

819 727 934 761 Quando
946 738 989 758 mc
1001 731 1123 765 leprosos
1137 735 1313 764 mundautem
1331 741 1506 773 conspexeris
1516 761 1524 774 ,
1540 727 1605 771 turre

819 782 863 802 me
879 780 983 804 natura:
1001 778 1124 812 Opiﬁcem
1147 782 1272 814 praedica.
1296 783 1410 816 Quando
1430 794 1472 813 me
1493 788 1605 816 claudos

18 825 42 842 ιν.
79 817 159 842 Ὅταν
201 817 258 853 ἴδῃς
294 826 327 853 με
359 819 461 853 χωλοὺς
490 820 634 856 δρομαίους
669 812 1605 866 dim-:5-Baspexeriseﬁicientcmveloces,tuncettucitatispedibus

18 860 86 892 ῦντα,
102 860 161 887 τότε
178 862 237 896 μετ’
253 862 450 898 εὐκινουμένων
467 865 554 891 ποδῶν
574 866 620 892 καὶ
644 866 676 892 σὺ
699 866 767 901 πρὸς

18 913 35 939 ιν
58 905 123 939 ἐμὴν
151 906 304 941 εὐφημίαν,
332 908 380 942 τὴν
408 909 457 944 σὴν
483 909 605 944 γλῶτταν
634 910 767 947 διάρθρω-

18 960 42 977 ιν.
56 952 134 978 Ὅταν
158 952 216 988 ἴδῃς
238 954 272 988 μὲ
291 954 422 990 δαίμονας
444 955 614 992 ὲξορίζοντα,
634 958 695 984 τότε
718 959 767 993 τὴν

18 996 53 1032 ιήν
66 996 199 1032 βασιλείαν
214 1000 412 1036 προσκύνησον.
432 1002 513 1028 Ὅταν
528 1002 584 1038 ἴδῃς
603 1011 636 1037 με
655 1004 767 1039 νεκροὺς

18 1051 21 1069 :
33 1042 82 1069 τῶν
89 1044 178 1078 τάφων
190 1044 263 1080 λόγῳ
280 1047 428 1085 ἐγείροντα,
443 1049 504 1075 τότε
519 1050 587 1084 μετὰ
599 1049 651 1075 τῶν
659 1050 768 1077 ἀνιστα-

18 1087 70 1114 ἱνων
81 1089 253 1127 δοξολόγησον
265 1112 273 1124 ,
290 1093 328 1124 ὡς
341 1093 413 1128 ζωῆς
424 1095 550 1130 χορηγόν.
567 1095 649 1123 Ὅταν
664 1096 720 1133 ἴδῃς
734 1106 766 1133 με

18 1144 19 1150 π
35 1134 102 1171 δεξιᾷ
119 1135 165 1162 τοῦ
194 1138 302 1173 Πατρὸς
326 1139 493 1174 καθήμενον,
510 1141 571 1168 τότε
595 1141 765 1179 θεολόγησον,

18 1189 25 1211 ;
36 1180 180 1218 σύνθρονον,
203 1185 249 1210 καὶ
263 1186 406 1220 συναῖδιον,
419 1187 466 1214 καὶ
479 1188 609 1224 ὁμότιμον
620 1189 658 1225 τῷ
668 1190 765 1226 Πατρὶ,

18 1226 34 1252 tl
54 1226 89 1262 τῷ
109 1229 177 1264 ἁγίῳ
200 1230 348 1266 Πνεύματι.
372 1232 464 1266 Ἄφες
485 1233 568 1267 ἄρτι·
591 1234 685 1268 οὕτως
712 1236 766 1270 γὰρ

18 1271 94 1299 οέπον
101 1273 264 1309 ἐστιν-ἡμῖν
273 1276 428 1310 πληρῶσαι
445 1278 548 1306 πᾶσαν
559 1279 763 1316 δικαιοσύνην.

18 1317 132 1354 Ely-005:1};
141 1321 208 1356 είμὶ,
227 1322 274 1348 καὶ
289 1322 432 1357 νομοθέτου
446 1323 519 1355 Υἱός·
535 1325 581 1352 καὶ
593 1325 632 1352 δεῖ
648 1335 682 1361 με
692 1327 766 1363 πρῶ-

18 1370 31 1387 iv
42 1362 80 1389 διὰ
94 1366 198 1393 πάντων
212 1367 267 1393 τῶν
279 1368 484 1404 καθισταμένων
501 1370 560 1406 [ἄλ.
584 1362 764 1409 καθειμένιον]

20 1407 75 1440 Θεῖν,
97 1411 141 1437 καὶ
166 1412 227 1439 τότε
250 1414 387 1450 πανταχοῦ
411 1415 549 1450 προθεῖναι
566 1418 615 1453 τῆς
631 1419 700 1454 ἐμῆς
716 1419 766 1446 δω-

18 1454 49 1485 Id;
60 1455 90 1481 τὰ
105 1456 264 1493 διδάγματα.
282 1460 328 1486 Δεῖ
344 1468 377 1495 με
396 1460 538 1497 πληρῶσαι
552 1462 598 1489 τὸν
610 1463 700 1498 νόμον,
717 1465 764 1491 καὶ

18 1506 42 1524 τε
62 1499 146 1528 δοῦναι
169 1502 219 1538 τὴν
238 1503 327 1539 χάριν.
348 1506 394 1531 Δεῖ
408 1514 442 1541 με
461 1506 511 1542 τὴν
530 1507 609 1534 σκιὰν
626 1517 763 1544 προσαγα-

20 1545 50 1575 iv,
66 1547 109 1573 καὶ
121 1547 179 1574 τότε
191 1549 242 1584 τὴν
258 1549 397 1585 ἀλήθειαν.
414 1553 459 1578 Δεῖ
476 1561 509 1587 με
526 1554 700 1581 καταπαῦσαι
714 1555 763 1591 τὴν

18 1589 93 1617 ιλαιὰν
112 1592 254 1629 διαθήκην,
272 1595 319 1621 καὶ
330 1595 390 1622 τότε
409 1596 457 1632 τὴν
479 1597 541 1624 νέαν
565 1598 760 1633 ὑπαγορεῦσαι.

18 1636 32 1662 ίὶ
43 1639 95 1669 ταῖς
105 1639 155 1666 τῶν
168 1640 320 1676 ἀνθρώπων
334 1642 456 1678 καρδίαις
473 1644 619 1679 ἐγγράψαι,
637 1646 684 1671 καὶ
695 1646 762 1672 ὐπο-

18 1682 79 1716 ιὰψαι
92 1685 127 1719 τῷ
142 1686 201 1721 ἐμῷ
223 1687 318 1722 αἵματι
408 1689 543 1725 ὀνόματι’],
561 1691 608 1717 καὶ
624 1691 762 1727 Πνεύματι

18 1727 83 1764 Ξὲμῷ
98 1732 250 1766 σφραγίσαι.
276 1734 321 1760 Δεῖ
347 1743 380 1770 με
397 1736 426 1761 ὲν
441 1736 550 1771 σταυρῷ
566 1737 695 1770 ἀνελθεῖν,
714 1738 762 1764 καὶ

20 1783 54 1807 et;
71 1779 253 1814 περιπαρῆναι
269 1799 275 1811 _.
303 1780 350 1806 καὶ
371 1780 467 1807 παθεῖν
484 1781 553 1808 κατὰ
569 1782 598 1808 τὸ
614 1783 761 1818 δυνάμενον

18 1820 86 1854 ιθείν,
103 1824 148 1850 καὶ
163 1825 245 1851 πάθει
263 1825 296 1852 τὰ
312 1825 384 1861 πάθη
404 1826 528 1853 ἰάσασθαι
542 1827 602 1863 [ἄλ.
617 1829 663 1855 καὶ
677 1829 761 1861 πάθος

18 1866 57 1893 ιθει
75 1869 206 1907 ἰάσασθαι]
219 1880 225 1886 ·
248 1871 295 1897 καὶ
311 1871 355 1898 διὰ
376 1872 453 1904 ξύλου
475 1873 640 1909 θεραπεῦσαι
654 1874 702 1910 τὴν
716 1876 760 1902 διὰ

18 1913 55 1939 λου
64 1915 205 1952 γενομένην
219 1919 274 1948 τοῖς
289 1917 440 1954 ἀνθρώποις
457 1920 573 1956 πληγήν.
585 1921 630 1947 Δεῖ
646 1930 679 1956 με
691 1930 759 1948 κατ-

18 1957 72 1990 θείν,
95 1962 140 1988 καὶ
155 1963 195 1994 είς
216 1963 296 1989 αὐτὸν
307 1963 353 1990 τὸν
361 1964 407 1991 τοῦ
421 1964 484 2000 ᾃδου
499 1965 632 2001 πυθμένα,
641 1966 684 1994 διὰ
696 1967 759 1999 τοὺς

18 2005 38 2030 εἰ
54 2008 245 2043 κατεχομένους
265 2009 386 2045 νεκρούς.
404 2011 449 2036 Δεῖ
463 2019 497 2046 με
511 2013 543 2047 τῇ
560 2013 700 2048 τριημὲρῳ
714 2022 759 2039 τε-

18 2053 54 2087 )τῇ
68 2053 114 2088 τῆς
123 2054 191 2090 ἐμῆς
210 2055 310 2091 σαρκὸς
326 2055 447 2083 καθελεῖν
463 2057 508 2083 τοῦ
525 2057 697 2094 πολυχρονίου
711 2059 758 2085 θα-

18 2103 56 2124 too
69 2100 97 2126 τὸ
115 2102 224 2137 κράτος.
240 2103 286 2129 Δεῖ
302 2111 336 2138 με
349 2103 395 2130 τοῦ
416 2103 541 2140 σώματός
561 2114 612 2140 μου
623 2106 653 2132 τὸ
663 2106 758 2141 λύχνον

818 867 927 899 mentis,
947 868 980 895 ad
996 877 1082 897 meam
1098 871 1205 899 laudem
1219 877 1290 900 luam
1306 874 1426 909 linguam
1445 884 1601 911 componas.

817 911 930 944 Quando
942 922 985 942 me
995 915 1096 944 videris
1106 917 1257 952 ejicientcm
1271 920 1417 953 daemones,
1438 927 1502 950 tunc
1513 932 1602 951 meum

817 965 928 993 regnum
944 961 1038 989 adora,
1055 962 1169 995 Quando
1179 973 1222 991 me
1233 965 1332 994 videris
1344 973 1467 995 mortuas
1482 977 1496 996 c
1510 974 1602 1004 sepul-

816 1002 871 1029 cris
884 1004 943 1031 solo
963 1006 1044 1033 verbo
1061 1008 1278 1041 resuscitantem,
1296 1015 1360 1038 tunc
1373 1013 1454 1039 etiam
1477 1021 1529 1046 me,
1539 1023 1602 1042 cum

816 1050 996 1081 resuscitalis.
1010 1055 1038 1078 ut
1052 1053 1113 1080 vita:
1129 1060 1267 1082 auctorem
1285 1060 1365 1090 atque
1381 1058 1503 1086 datorem
1517 1061 1602 1094 glori—

816 1093 877 1122 ﬁca.
893 1094 1008 1127 Quando
1031 1104 1074 1124 me
1095 1097 1128 1124 ad
1144 1098 1282 1126 dexteram
1298 1101 1390 1129 Patris
1408 1093 1546 1131 sedentem
1560 1106 1603 1132 in-

817 1140 903 1167 tuitus
921 1140 1018 1174 fueris,
1038 1147 1104 1170 tunc
1119 1151 1162 1171 me
1179 1143 1263 1171 Deum
1282 1147 1411 1175 conﬁtere
1426 1156 1458 1176 ac
1472 1151 1600 1183 pradiea,

817 1189 945 1220 tanquam
971 1187 1093 1221 ejusdem
1111 1189 1213 1222 throni,
1234 1198 1267 1218 ac
1282 1197 1457 1226 eoa-ternum,
1474 1196 1601 1231 parisque

817 1232 931 1260 honoris
947 1241 1008 1261 cum
1026 1233 1107 1262 Patre
1122 1240 1150 1262 et
1173 1236 1274 1271 Spiritu
1297 1244 1402 1267 saneto.
1423 1239 1485 1268 Sine
1500 1243 1576 1269 modo
1590 1251 1600 1270 :

815 1278 854 1305 sic
868 1279 963 1313 quippe
988 1288 1034 1306 nos
1057 1281 1129 1308 decet
1145 1290 1247 1310 omnem
1268 1285 1375 1319 implere
1385 1287 1531 1320 justitiam.
1547 1288 1600 1315 Le-

816 1324 928 1358 gislator
942 1333 992 1361 ego
1009 1334 1080 1359 smn,
1090 1332 1116 1354 et
1124 1327 1300 1363 Legistatoris
1313 1330 1413 1364 Filius;
1432 1341 1463 1361 ac
1481 1334 1599 1368 primum

816 1375 922 1405 oportet
939 1380 982 1398 me
1003 1380 1049 1407 per
1069 1375 1233 1410 omniaquae
1249 1381 1313 1404 sunt
1326 1379 1599 1415 constituta-venire;

815 1422 842 1444 et
855 1421 919 1444 tunc
935 1419 1091 1454 ubicunque
1104 1421 1168 1448 doni
1185 1422 1237 1449 mei
1253 1430 1403 1457 proponere
1424 1425 1598 1455 documenta.

816 1462 928 1497 Oportet
949 1472 993 1492 me
1017 1465 1129 1500 implere
1143 1467 1239 1502 legem,
1255 1473 1282 1495 et
1297 1473 1361 1497 tunc
1380 1471 1445 1498 dare
1471 1473 1598 1506 gratiam.

814 1507 927 1544 Oportet
950 1518 994 1538 me
1017 1512 1140 1539 umbram
1162 1514 1307 1548 adducere,
1324 1519 1351 1543 et
1365 1521 1430 1543 tunc
1443 1518 1596 1546 veritatem.

813 1554 924 1590 Oportet
938 1564 982 1584 me
996 1558 1080 1584 veteri
1092 1558 1172 1585 ﬁnem
1186 1559 1282 1588 aﬂ'erre
1303 1564 1475 1596 testamento,
1489 1568 1514 1591 et
1533 1569 1598 1592 tunc

813 1609 911 1628 novum
924 1603 1084 1636 praedicare,
1100 1611 1132 1631 ac
1147 1605 1274 1632 cordibus
1286 1606 1425 1634 hominum
1438 1609 1597 1642 inscribere,

812 1654 926 1681 meoque
940 1648 1072 1683 sanguine
1088 1648 1136 1686 [αι.
1154 1650 1275 1687 nomine]
1291 1652 1472 1687 subscribere,
1491 1659 1518 1682 et
1535 1663 1596 1683 meo

813 1692 915 1727 Spiritu
927 1694 1079 1729 obsignare.
1095 1695 1207 1730 Oportet
1220 1705 1263 1724 me
1278 1698 1304 1725 in
1319 1707 1425 1727 erucem
1437 1702 1595 1736 ascendere,

811 1747 842 1766 ac
862 1739 946 1767 clavis
970 1741 1078 1776 conﬁgi,
1104 1746 1131 1769 et
1154 1743 1208 1777 pati
1226 1745 1374 1772 secundum
1393 1753 1453 1773 eam
1470 1753 1595 1776 naturam

811 1792 871 1818 quae
884 1785 939 1819 pati
955 1790 1053 1820 potest,
1071 1794 1103 1814 ac
1122 1787 1248 1821 passione
1264 1795 1323 1815 mea
1343 1790 1516 1823 passionibus
1527 1793 1595 1819 alio-

810 1836 870 1855 rum
888 1830 987 1856 mederi
1009 1830 1057 1866 [αι.
1082 1839 1114 1859 ac
1139 1832 1293 1866 passionem
1319 1834 1446 1868 passione
1469 1837 1590 1870 sanare],

810 1874 937 1910 lignoque
952 1876 1051 1904 vulnus
1065 1878 1137 1912 quod
1156 1886 1204 1912 per
1226 1879 1328 1913 lignum
1346 1880 1504 1910 hominibus
1521 1883 1592 1909 inlli-

810 1925 882 1947 ctum
903 1926 955 1954 est,
977 1929 1084 1950 curare.
1107 1922 1218 1957 Oportet
1239 1932 1281 1951 me
1295 1925 1458 1953 descendere
1470 1927 1589 1954 etiamin

811 1966 899 2000 ipsum
923 1966 1021 1994 inferni
1038 1967 1213 2002 profundum,
1231 1975 1340 2004 propter
1359 1977 1481 2000 mortuos
1495 1973 1531 2000 ibi
1545 1973 1593 2001 de-

811 2018 911 2041 lentos.
928 2015 1039 2048 Oportet
1054 2022 1097 2041 me
1112 2016 1235 2043 triduana
1252 2022 1338 2044 morte
1349 2017 1439 2045 carnis
1455 2025 1530 2050 ιηαιε,
1545 2019 1593 2047 de-

810 2059 864 2086 lcre
875 2067 906 2086 ac
924 2059 1066 2095 proﬂigare
1079 2060 1215 2088 diuturnae
1231 2064 1327 2090 mortis
1341 2063 1493 2097 imperium.
1509 2064 1592 2099 Oporb

810 2108 846 2131 tet
859 2111 902 2131 me
922 2105 1044 2139 corporis
1066 2105 1118 2132 mei
1137 2106 1273 2133 lucernam
1295 2107 1347 2133 illis
1367 2108 1523 2141 accendere,
1542 2109 1589 2143 qui

18 2143 73 2178 ἅψαι
86 2149 139 2178 τοῖς
154 2149 182 2173 ὲν
200 2147 291 2174 σκότει
308 2148 354 2175 καὶ
371 2150 435 2185 σκιᾷ
449 2149 562 2177 θανάτου
582 2151 745 2186 καθημένοις

862 2150 970 2178 enebris
986 2154 1012 2178 et
1027 2151 1121 2178 umbra
1138 2152 1234 2179 mortis
1254 2152 1389 2179 sedent“.
1416 2152 1524 2186 Oportet
1546 2161 1589 2181 me

18 2190 25 2214 ἰ
37 2199 66 2224 με
78 2192 194 2220 ἀνελθεῖν
208 2195 240 2229 τῇ
262 2195 354 2229 σαρκὶ,
374 2195 440 2221 ὅπου
454 2195 512 2231 εἰμὶ
528 2197 560 2232 τῇ
579 2197 695 2233 θεότητι.
712 2198 758 2224 Δεῖ

29 2241 199 2281 προσαγαγεῖν
219 2239 258 2274 τῷ
282 2240 380 2276 Πατρὶ,
397 2241 443 2267 τὸν
458 2239 544 2276 ’Ἀδὰμ
560 2243 587 2267 ἐν
604 2242 666 2277 ἐμοὶ
679 2242 755 2277 βασι-

18 2278 90 2309 ἱοντα.
107 2278 150 2311 Δεῖ
170 2293 204 2320 με
221 2284 306 2311 ταῦτα
320 2285 534 2321 διαπράξασθαι’
549 2287 592 2314 διὰ
605 2287 660 2323 γὰρ
670 2287 756 2315 ταῦτα

18 2325 34 2355 ῖς
54 2328 123 2362 ἐμοῖς
145 2330 262 2366 ἐπέστην
284 2331 427 2367 ποιήμασι.
453 2332 498 2358 Δεῖ
518 2341 551 2368 με
576 2333 755 2369 βαπτισθῆναι

18 2369 52 2397 Ξτο
65 2374 94 2399 τὸ
114 2374 255 2411 βάπτισμα
278 2376 335 2408 νῦν,
354 2377 401 2403 καὶ
420 2377 531 2413 ὕστερον
545 2378 594 2414 τῆς
611 2380 754 2414 ὁμοουσίου

18 2416 83 2450 πιάδος
100 2419 129 2446 τὸ
150 2421 290 2457 βάπτισμα
311 2423 378 2449 πᾶσι
400 2424 455 2454 τοῖς
465 2423 617 2459 ἀνθρώποις
641 2425 754 2461 χαρίσα-

18 2468 46 2487 ιι-
59 2464 179 2492 Δάνεισόν
192 2475 247 2502 μοι,
261 2467 410 2500 Βαπτιστὰ,
423 2469 491 2504 πρὸς
502 2469 550 2504 τὴν
562 2470 702 2505 παροῦσαν
713 2473 752 2498 ol-

18 2507 105 2541 νομίαν,
127 2511 176 2547 τὴν
193 2513 242 2548 σὴν
259 2513 358 2547 δεξιὰν,
375 2514 412 2546 ὡς
432 2514 550 2541 ἐδάνεισε
564 2525 608 2550 μοι
625 2517 692 2550 πρὸς
704 2517 753 2552 τὴν

18 2560 92 2588 Ινησιν
103 2557 149 2591 τὴν
162 2558 242 2592 νηδὺν
257 2560 273 2594 ἡ
287 2560 388 2596 Μαρία.
403 2561 558 2588 Κατάδυσόν
572 2571 604 2597 με
615 2564 671 2594 τοῖς
688 2563 753 2599 Ἰορ-

18 2606 51 2624 ιου
65 2602 186 2638 ῥείθροις,
205 2606 329 2642 καθάπερ
348 2607 364 2641 ὴ
378 2607 532 2643 γεννήσασα
545 2610 601 2640 τοῖς
616 2610 750 2642 παιδικοῖς

18 2676 32 2692 ⁵⁸
46 2680 92 2707 lsa.
105 2690 176 2717 xxtv,
191 2684 232 2712 l6.
270 2685 292 2701 "
305 2685 375 2713 Psal.
389 2694 443 2721 ενι,
460 2687 501 2714 10.

18 2759 62 2795 [53)
81 2762 135 2792 Hoc
146 2770 196 2798 est,
208 2767 240 2794 ad
255 2767 379 2797 homines
392 2769 464 2801 veni,
481 2769 569 2797 factus
582 2769 672 2797 homo.

808 2195 872 2223 illuc
893 2197 1038 2224 ascendere
1062 2205 1123 2225 cum
1149 2206 1241 2230 carne,
1256 2198 1301 2225 ubi
1317 2206 1376 2225 sum
1397 2206 1442 2233 per
1459 2199 1588 2226 divinita-

808 2246 871 2269 tem.
889 2241 999 2278 Oportet
1013 2250 1056 2270 mc
1075 2242 1147 2269 Patri
1163 2243 1296 2270 adducere
1320 2249 1475 2278 regnantem
1500 2244 1526 2271 in
1544 2252 1587 2271 me

807 2288 904 2315 Adam.
928 2287 1039 2323 Oportet
1055 2296 1098 2315 me
1123 2288 1180 2316 hac
1201 2296 1345 2323 peragere;
1363 2297 1423 2316 nam
1447 2294 1585 2324 propterea

808 2334 874 2361 meis
903 2335 1031 2368 operibus
1055 2334 1127 2361 astiti
1142 2334 1208 2369 (12).
1238 2334 1350 2369 Oportet
1374 2343 1416 2362 me
1441 2336 1492 2362 hoc
1514 2343 1587 2363 nunc

806 2380 942 2415 baptismo
956 2380 1097 2414 baptizari,
1114 2387 1145 2407 ac
1160 2384 1252 2414 postea
1268 2379 1508 2407 consubstantialis
1525 2379 1586 2408 Tri-

805 2425 898 2453 nitatis
914 2426 1048 2461 baptisma
1064 2426 1170 2453 ctuictis
1184 2425 1341 2452 hominibus
1357 2425 1492 2453 conferre.
1509 2425 1587 2453 Coin-

804 2472 884 2499 moda
910 2472 987 2504 milu,
1012 2472 1141 2507 Baptista,
1158 2472 1191 2499 ad
1216 2476 1376 2506 praesentem
1406 2472 1589 2507 dispensatim

804 2526 876 2551 nem,
894 2518 1032 2546 dexteram
1060 2523 1154 2551 tuam;
1181 2523 1210 2546 ut
1237 2518 1303 2546 mihi
1327 2518 1362 2546 ad
1386 2519 1585 2552 generationem

804 2563 986 2592 commodavit
1014 2572 1095 2591 suum
1121 2569 1229 2592 uterum
1256 2563 1351 2592 Maria.
1383 2563 1514 2599 lmmerge
1543 2571 1588 2592 me

803 2609 911 2638 ﬂuentis
926 2609 1063 2642 Iordanis,
1081 2609 1152 2637 sicut
1166 2618 1227 2645 quae
1243 2617 1285 2637 me
1303 2609 1396 2645 genuit
1415 2608 1586 2638 inl'antilibtzs
