1844 3047
259 74 329 102 “37

584 71 612 97 S.
632 70 798 98 GREGORII
821 69 1001 98 THAUMAT.
1023 69 1098 96 ()PP.
1125 68 1214 95 PARS
1234 68 1384 97 ALTERA.
1406 84 1440 89 -—
1459 68 1573 97 DUBlA.

1791 71 1817 98 illl

258 134 372 162 involvit
390 133 490 160 fasciis.
509 131 608 158 Confer
626 131 691 158 mihi
709 131 883 165 baptismum,
899 130 970 157 sicut

1098 129 1264 163 σπαργάνοις
1291 129 1430 155 ὲνεῐλισσε.
1456 129 1504 160 Δός
1529 137 1575 164 μοι
1598 129 1628 155 τὸ
1649 128 1809 164 βάπτισμα,ὼ;

257 190 292 216 go
306 182 348 208 lac
363 179 485 215 praebuit.
502 177 680 213 Apprehende
695 185 727 204 ac
744 182 824 212 tange
842 181 924 211 caput
940 185 1041 209 meum,

257 226 330 260 quod
351 225 442 252 colunt
464 231 496 251 ac
519 227 683 251 venerantur
698 222 846 256 scraphim.
863 222 1044 256 Apprebende

258 278 304 300 tua
321 272 429 299 dextera
443 275 534 304 caput,
550 269 621 304 quod
638 269 771 304 sanguine
785 269 832 296 tibi
849 269 975 304 junctum
991 275 1041 297 est.

257 316 435 352 Apprehcnde
449 316 520 350 quod
538 320 635 342 natura
647 315 731 342 teneri
748 319 846 349 potest.
863 315 1043 349 Apprehende

257 365 329 400 quod
348 364 408 391 ideo
424 371 438 389 a
454 370 497 389 me
515 366 542 389 et
557 361 636 389 Patre
646 366 771 396 paratum
795 365 846 389 est.
864 361 1043 396 Apprcbende

256 416 337 446 caput
362 417 463 442 meum,
493 409 566 444 quod
579 408 624 443 qui
643 408 686 442 pic
703 408 881 442 apprehendit
897 417 929 435 ac
947 409 1042 443 tangit,

256 464 396 492 nunquam
414 455 586 490 naufragium
613 454 702 481 faciet.
726 453 837 489 Baptiza
859 461 912 486 me,
932 454 979 489 qui
996 462 1044 489 per

256 512 366 539 aquam,
383 508 411 530 et
433 502 578 537 Spiritum,
604 509 636 528 ac
658 500 746 535 ignem
773 501 961 535 baptizaturus
982 510 1042 529 sum

256 550 420 578 credentes:
448 556 496 584 per
519 555 629 582 aquam,
658 555 719 582 qua:
747 551 919 581 peccatorum
948 548 1042 575 sordes

256 597 365 624 abluere
380 595 485 628 valeat;
501 602 548 629 per
567 592 709 628 Spiritum,
734 594 780 629 qui
803 599 926 621 terrenos
939 593 1043 621 efﬁcere

256 639 412 674 spiritualcs
427 638 527 673 possit;
543 646 592 673 per
604 639 704 673 ignem,
723 638 769 673 qui
787 638 820 665 ad
837 639 970 666 scelerum
985 639 1042 674 spi-

256 694 306 713 nas
326 686 525 712 combureudas
539 690 581 712 est
594 685 718 711 idoneus.
734 683 782 711 His
796 685 905 718 auditis,
921 685 1043 720 Baptista

257 733 283 759 in
302 739 413 766 scopum
432 731 528 758 salutis
555 730 603 766 [aL
618 730 780 766 Salvator-is]
808 736 925 759 mentem
953 732 1044 760 inlen-

256 778 334 809 dens,
351 783 378 804 et
394 778 552 812 mysterium
572 777 645 811 quod
662 782 803 812 acceperat
820 778 982 812 percipiens,
1001 778 1042 805 di-

256 824 319 850 vino
333 823 480 850 obsecutus
491 828 533 850 est
545 823 691 856 mandato;
703 828 762 850 erat
775 823 874 858 quippe
884 823 946 858 pius
960 824 1042 852 simul

256 875 283 896 et
306 869 481 904 morigerus:
501 877 634 904 suamque
657 869 715 904 ipse
737 870 875 897 dexteram
896 870 1042 897 subtremi-

257 919 376 943 scentem
400 923 432 942 ac
449 915 545 950 partim
561 915 721 950 gestientem
738 916 867 950 paulatim
882 915 1040 950 extendens,

256 961 402 988 Dominum
417 961 573 996 baptizavit.
589 961 657 988 Cum
670 970 734 989 vero
746 962 844 996 Judaei,
856 963 903 997 qui
918 963 1042 990 cominus

255 1012 283 1034 ct
296 1007 402 1034 eminus
427 1006 552 1038 aderant,
579 1007 649 1042 apud
667 1015 697 1034 se
712 1008 872 1043 cogitarent,
888 1013 915 1036 et
928 1009 999 1036 inter
1013 1016 1042 1036 se

256 1053 378 1079 dicerent
393 1061 399 1079 :
413 1052 542 1086 Nunquid
565 1052 665 1080 frustra
683 1054 892 1088 suspicabamur
915 1054 965 1089 [aL
982 1056 1041 1082 exi-

256 1099 448 1135 stimabamus]
474 1099 604 1126 Joannem
617 1100 748 1134 potiorem
761 1108 793 1128 ac
806 1101 945 1129 meliorem
961 1100 1043 1128 Iesu?

255 1145 381 1180 Nunquid
397 1145 498 1172 frustra
509 1146 734 1174 existimabamus
752 1147 828 1174 illum
843 1147 895 1174 hoc
908 1148 1042 1175 excellen-

255 1191 372 1218 tiorem?
386 1190 481 1219 Nonne
494 1192 582 1226 ipsum
598 1191 733 1226 baptisma
744 1191 874 1227 Baptista:
886 1198 1040 1225 attestatur,

255 1238 319 1271 quid
335 1238 370 1265 sit
388 1238 494 1272 potius?
508 1237 603 1264 Nonne
620 1238 642 1265 is
660 1238 817 1272 baptizavit,
831 1243 861 1266 ut
872 1239 896 1266 is
911 1239 957 1274 qui
974 1247 1042 1274 pra:-

255 1287 324 1316 stat;
342 1287 370 1310 at
383 1283 428 1311 hic
442 1285 595 1319 baptizatus
607 1289 659 1318 est,
676 1290 705 1312 ut
718 1284 847 1312 inferior?
860 1285 922 1313 Haec
933 1285 1002 1313 inter
1013 1294 1042 1313 se

255 1329 490 1357 murmurantibus
511 1330 556 1362 iis,
577 1330 622 1364 qui
647 1330 859 1364 dispensationis
882 1330 1041 1365 mysterium

255 1374 432 1408 ignorabant;
449 1375 494 1402 ille
516 1375 563 1410 qui
587 1375 661 1403 solus
685 1375 817 1403 Dominus
834 1380 886 1406 est,
904 1381 931 1403 et
945 1380 1042 1403 natura

254 1419 335 1448 Pater
362 1420 508 1456 Uuigeniti,
532 1422 578 1456 qui
595 1422 670 1449 solus
685 1426 812 1449 accurate
827 1426 909 1457 atque
924 1421 1044 1456 perfecte

255 1467 330 1495 nevit
347 1475 422 1499 cum,
436 1476 516 1502 (χιιι-ιιι
534 1468 611 1495 solus
625 1468 730 1502 absque
744 1468 871 1503 passione
886 1475 917 1495 ac
932 1473 1041 1502 pertur-
1056 1481 1065 1506 ί

254 1513 362 1540 bationc
380 1514 485 1548 genuit,
508 1514 573 1548 ipse,
587 1513 709 1548 inquam,
729 1521 870 1541 erroneam
884 1514 1040 1542 Judmorum

254 1560 439 1594 suspicionem
461 1561 610 1595 corrigens,
627 1561 734 1594 aperuit
747 1561 879 1587 caelorum
898 1565 1001 1595 portas,
1016 1566 1042 1589 et

254 1604 386 1640 Spiritum
403 1611 528 1632 sanctum
546 1606 573 1632 in
591 1605 680 1639 specie
693 1606 825 1633 columbae
840 1607 948 1634 demisit
960 1615 1042 1642 super

252 1654 335 1684 caput
348 1649 420 1677 'Jesu
443 1649 492 1685 [αι.
504 1657 586 1684 super
600 1649 707 1676 Domini
723 1651 826 1686 caput],
849 1651 934 1686 digito
950 1657 1042 1679 osten-

253 1695 320 1722 dens
338 1703 436 1721 novum
462 1694 528 1727 Noe,
556 1700 583 1721 et
608 1699 760 1722 creatorem
788 1695 855 1729 Noe,
885 1696 1041 1731 bonumque

253 1739 396 1774 naufragio
422 1740 599 1774 periclitantis
628 1744 732 1767 natura:
759 1741 979 1775 gubernatorem.
1008 1741 1041 1769 Et

253 1786 312 1820 ipse
326 1787 432 1813 caelitus
451 1787 589 1819 inclamat,
607 1787 678 1813 clare
693 1787 786 1815 dicens
800 1796 806 1814 :
820 1787 871 1814 llic
891 1793 929 1814 est
952 1787 1040 1815 Filius

253 1840 325 1859 meus
340 1832 451 1858 dilectus
463 1833 485 1847 °°
501 1841 508 1858 :
525 1832 570 1859 ille
591 1832 680 1864 Jesus,
701 1841 754 1860 non
767 1833 903 1868 Joannes;
923 1835 968 1869 qui
990 1835 1039 1861 ba-

252 1879 371 1912 ptizatus
387 1884 439 1910 est,
458 1886 512 1906 non
529 1880 575 1914 qui
587 1879 749 1914 baptizavit;
763 1880 810 1914 qui
826 1887 860 1907 ex
876 1888 920 1907 me
931 1881 1040 1915 genitus

252 1928 294 1950 est
307 1929 369 1951 ante
387 1932 467 1951 omne
490 1926 636 1959 temporale
657 1926 785 1960 spatium,
809 1933 863 1952 non
877 1926 924 1960 qui
940 1934 971 1953 ex
987 1925 1038 1953 Za-

253 1970 361 2003 charia;
383 1971 428 2004 qui
440 1979 478 1997 ex
493 1971 577 1998 Maria
591 1977 670 1999 natus
684 1977 726 1999 est
746 1973 894 1999 secundum
916 1980 1037 2002 carnem.

252 2023 306 2042 non
324 2017 371 2050 qui
392 2024 424 2043 ex
447 2016 585 2044 Elisaheth
610 2024 707 2052 ιιι-πίοι·
723 2026 798 2052 spem
822 2019 965 2052 apparuit;
991 2020 1038 2053 qui

252 2071 305 2090 non
335 2064 397 2090 laesa
425 2064 595 2098 virginitate,
626 2065 754 2098 nullaque
783 2065 900 2092 humana
929 2065 1037 2093 cultura

251 2109 361 2143 praevia,
382 2109 481 2143 prodiit
505 2109 624 2140 fructus;
649 2117 702 2136 non
722 2111 769 2144 qui
784 2118 817 2137 ex
834 2111 921 2138 soluta
936 2111 1038 2138 sterili-

1096 174 1232 211 Παρθένος
1251 175 1282 201 τὸ
1301 175 1380 210 γάλα.
1402 175 1547 211 Κράτησον
1560 176 1611 210 τὴν
1628 175 1695 211 ἐμὴν
1707 176 1817 214 χες-ἀλιτιά

1096 219 1169 245 σέϐει
1261 219 1381 255 σέϐεται]
1398 219 1431 245 τὰ
1451 220 1581 256 σεραφίμ.
1601 220 1739 256 Κράτησον
1750 222 1817 257 ςνε

1095 266 1161 301 γενῆ
1177 266 1225 301 τῆς
1242 266 1292 301 σῆς
1312 265 1411 298 δεξιᾶς.
1429 267 1573 302 Κράτησον
1591 265 1640 301 τὴν
1660 268 1817 300 πεφυκυῖανιιι

1095 311 1214 346 ἐχεσθαι.
1238 311 1382 346 Κράτησω
1400 311 1449 346 τὴν
1464 311 1507 338 διὰ
1520 312 1600 338 τοῦτο
1619 315 1817 340 κατασκευαςῡεξει

1095 355 1140 382 ὑπ’
1157 355 1234 391 ἐμοῦ,
1260 356 1308 382 καὶ
1329 356 1376 382 τοῦ
1392 357 1507 392 Πατρός.
1532 356 1679 392 Κράτησον
1691 357 1734 392 τὴν
1747 358 1817 393 ἐμὴνε

1095 402 1182 438 φαλὴν
1196 423 1203 434 ,
1230 402 1263 438 ἣν
1284 404 1297 428 6
1320 402 1428 437 κρατῶν
1453 403 1582 435 εὐσεϐῶς,
1610 403 1734 430 οὐδέποτε
1753 414 1817 439 vitam

1095 449 1229 476 Βάπτισὸν
1246 457 1291 484 με,
1310 449 1356 475 τὸν
1368 449 1496 484 μέλλοντα
1511 449 1655 484 βαπτίζειν
1670 450 1728 482 τοὺς
1740 454 1817 478 mme

1093 504 1144 527 τας
1157 495 1190 521 δι’
1204 495 1309 527 ὕδατος,
1324 495 1370 522 καὶ
1386 495 1553 531 Πνεύματος,
1563 496 1611 522 καὶ
1624 496 1708 531 πυρὸς
1721 496 1768 532 [ἀλ.
1779 498 1817 524 iis:

1095 541 1141 567 καὶ
1158 540 1314 576 Πνεύματι,
1335 541 1382 567 καὶ
1397 540 1476 576 πυρί]
1490 549 1496 556 ·
1521 540 1597 568 ὕδατι
1609 541 1744 577 δυναμένῳ
1755 543 1817 570 ἁπιώὲ

1094 596 1138 615 ναι
1147 587 1201 614 τῶν
1214 587 1355 624 ἁμαρτιῶν
1366 587 1411 614 τὸν
1425 587 1552 623 βόρϐορον
1561 596 1568 602 ·
1585 588 1817 626 Πνεύματιβυνιμέι

1093 635 1156 666 τοὺς
1163 635 1280 670 χοῖκοὺς,
1290 634 1489 669 πνευματικοὺς
1500 635 1710 670 ἀπεργάσασθαι
1718 645 1724 651 ·
1739 639 1793 672 vagi.
1804 647 1817 663 π

1095 679 1190 714 φυκότι
1199 679 1357 706 κατακαίειν
1368 679 1416 711 τὰς
1424 679 1477 706 τῶν
1485 680 1672 715 ἀνομημάτων
1679 681 1784 714 ἀκάνθας.
1793 684 1817 710 Tu

1093 734 1147 752 των
1157 724 1276 756 ἀκούσας
1282 724 1336 751 τῶν
1343 724 1430 759 λόγων
1441 726 1455 751 6
1461 725 1676 760 Βαπτιστὴς,γ.αὶ
1688 726 1724 761 τῷ
1732 728 1817 763 anquiri

1095 771 1231 808 σωτηρίας
1242 770 1302 806 [ἄλ.
1311 770 1358 797 τοῦ
1370 770 1505 806 Σωτῆρος]
1522 772 1672 808 ἐπιστήσας
1690 773 1731 799 τὸν
1745 774 1796 805 γοῦν,
1806 785 1817 801 ι

1093 818 1223 854 χωρήσας
1237 817 1268 843 τὸ
1280 817 1428 852 μυστήριον
1446 817 1460 843 ὅ
1477 818 1646 853 παρέλαϐεν,
1662 819 1817 855 ὑπούργιςπντ

1094 863 1157 898 Θείῳ
1174 863 1381 898 προστάγματι·
1403 860 1438 898 ἦν
1455 863 1508 899 γὰρ
1525 864 1642 900 εὐλαϐὴς
1656 865 1714 900 ἅμα
1728 867 1766 892 καὶ
1778 869 1817 892 si:

1094 908 1158 944 θής·
1176 909 1223 936 καὶ
1238 908 1287 944 τὴν
1308 908 1404 935 ἑαυτοῦ
1424 909 1512 941 δεξιὰν
1535 910 1657 942 ἐκτείνας
1681 911 1817 947 omam

1092 955 1184 991 ἡρέμα
1201 955 1247 982 καὶ
1261 955 1418 990 χαίρουσαν,
1436 956 1481 982 τὸν
1497 957 1636 993 Δεσπότην
1654 957 1817 984 ἐϐάπτισεν.ῑὲ

1093 1002 1122 1028 δὲ
1143 1002 1284 1038 παρόντων
1312 1002 1444 1028 Ἰουδαίων
1461 1002 1514 1029 τῶν
1542 1003 1625 1037 ἐγγὺς
1646 1005 1693 1030 καὶ
1707 1005 1754 1030 τῶν
1766 1005 1817 1039 πίῥρλ

1094 1048 1139 1075 θεν
1163 1049 1396 1084 διαλογιζομένων,
1423 1049 1470 1075 καὶ
1489 1049 1550 1076 καθ’
1566 1051 1678 1082 ἑαυτοὺς
1692 1051 1735 1077 καὶ
1748 1051 1817 1086 πρὶςέ

1093 1094 1190 1130 λήλους
1204 1095 1336 1130 λεγόντων
1348 1104 1354 1110 '
1387 1096 1432 1132 Μὴ
1451 1097 1539 1132 μάτην
1560 1097 1724 1132 ὑπενοοῦμεν
1742 1097 1786 1132 [ἀλ.
1799 1098 1817 1122 ἐν

1095 1141 1220 1177 μίζομεν]
1245 1141 1289 1168 τὸν
1320 1142 1446 1179 Ἰωάννην
1476 1143 1606 1178 ἀμείνονα
1632 1143 1678 1170 τοῦ
1706 1143 1817 1179 ’1ηπῦ;31

1095 1189 1182 1223 μάτην
1190 1187 1349 1224 ἐνομίζομεν
1357 1189 1459 1216 ἐκεῖνον
1468 1190 1609 1224 κρείττονα
1615 1189 1719 1217 τούτου,
1738 1191 1781 1215 Οὐκ
1794 1191 1817 1215 1L:

1093 1235 1123 1261 τὸ
1146 1235 1287 1270 βάπτισμα
1311 1235 1348 1270 τῷ
1376 1236 1514 1272 Βαπτιστῇ
1541 1236 1570 1263 τὸ
1595 1238 1716 1272 κρεῖττον
1739 1245 1817 1272 merui

1093 1283 1186 1317 τυρεῖ;
1209 1283 1266 1308 Οὐκ
1282 1284 1295 1309 6
1308 1283 1358 1318 μὲν
1373 1283 1531 1314 ἐϐάπτισεν,
1547 1283 1585 1315 ὡς
1604 1283 1748 1319 ὑπερέχων,
1760 1283 1817 1315 ᾐὶἑμ

1093 1327 1254 1361 δάπτω-ται,
1279 1329 1317 1361 ὡς
1338 1329 1474 1362 ὲλάττων;
1492 1329 1610 1357 Τοιαῦτα
1629 1329 1790 1366 θρυλλοὺντων
1802 1327 1817 1353 τὲ

1093 1374 1262 1408 ἀγνοούντων
1282 1375 1314 1401 τὸ
1337 1375 1386 1410 τῆς
1410 1376 1565 1411 οἰκονομίας
1587 1377 1738 1412 μυστήριον,
1758 1378 1769 1402 ὁ
1786 1377 1817 1410 μέν

1093 1419 1193 1455 Κύριος
1210 1419 1256 1445 καὶ
1273 1419 1459 1455 φύσει-Πατὴρ
1472 1419 1517 1446 τοῦ
1536 1421 1712 1455 Μονογενοῦς,
1727 1421 1740 1446 6
1752 1421 1817 1455 μόνιιςι

1093 1464 1146 1496 δὼς
1165 1464 1285 1500 ἀκριϐῶς
1307 1465 1336 1491 ὃν
1355 1465 1432 1500 μόνος
1455 1466 1601 1501 ἐγέννησεν
1619 1467 1743 1499 ἀπαθῶς,
1757 1466 1817 1502 ξιιρῇ

1096 1519 1175 1546 μενος
1209 1511 1258 1546 τὴν
1293 1512 1465 1548 ὲσφαλμένην
1504 1512 1557 1539 τῶν
1597 1513 1725 1540 Ἰουδαίων
1750 1514 1817 1539 ὖπὲγιυ

1091 1557 1193 1593 ἀνέῳξε
1210 1558 1259 1590 τὰς
1277 1558 1362 1590 πύλας
1379 1559 1434 1585 τῶν
1456 1559 1589 1594 οὐρανῶν,
1613 1561 1661 1586 καὶ
1679 1561 1817 1595 κατέπεμῂι

1093 1603 1206 1639 Πνεῦμα
1219 1604 1249 1630 τὸ
1264 1604 1341 1638 ἅγιον
1358 1606 1386 1630 ἐν
1400 1605 1463 1631 εἴδει
1478 1607 1645 1642 περιστερᾶς
1654 1627 1660 1638 ,
1681 1607 1722 1633 ἐπὶ
1733 1607 1774 1641 τὴν

1093 1649 1140 1685 λὴν
1164 1649 1210 1676 τοῦ
1239 1650 1325 1685 Ἰησοῦ
1350 1650 1411 1685 [ἄλ.
1429 1651 1475 1677 ἐπὶ
1492 1652 1541 1687 τὴν
1561 1652 1609 1678 τοῦ
1624 1653 1722 1688 Κυρίου
1734 1652 1816 1686 κεςειὶξι

1092 1695 1320 1722 δακτυλοδεικτῶν
1334 1697 1379 1722 τὸν
1401 1697 1460 1724 νέον
1485 1698 1565 1730 Νῶε,
1584 1699 1631 1725 καὶ
1651 1698 1792 1734 δημιουργοί
1805 1705 1817 1722 τι

1091 1741 1162 1774 Νῶε,
1174 1742 1219 1768 καὶ
1232 1742 1281 1778 τῆς
1289 1743 1460 1778 ναυαγούσης
1472 1744 1580 1778 φύσεως
1593 1744 1691 1779 ἀγαθὸν
1700 1744 1817 1779 κυϐερνήττη

1091 1788 1147 1814 Καὶ
1163 1788 1243 1820 αὐτὸς
1259 1789 1402 1825 οὐρανόθεν
1421 1790 1519 1826 ὲπιϐοᾷ
1533 1791 1653 1826 φαιδρῶς
1666 1791 1758 1825 λέγων’
1775 1788 1817 1816 (ri-rt

1091 1834 1176 1860 ἐστιν
1192 1836 1208 1860 ὁ
1227 1835 1292 1868 Υἱός
1302 1843 1361 1869 μου
1381 1838 1397 1862 ὁ
1416 1836 1579 1870 ἀγαπητός.
1603 1837 1739 1869 Ἐκεῖνοςὸ
1759 1835 1817 1871 Ὶηπίη

1090 1881 1140 1916 οὐχ
1154 1882 1168 1907 6
1189 1880 1327 1916 Ἰωάννης·
1343 1883 1357 1908 ὁ
1379 1882 1537 1917 βαπτισθεὶς
1547 1903 1553 1914 ,
1572 1884 1621 1919 οὐχ
1633 1885 1647 1911 6
1662 1884 1787 1919 βαπτίσας
1798 1883 1817 1908 ἐξ

1090 1927 1158 1962 ἐμοῦ
1179 1928 1327 1963 γεννηθεὶς,
1350 1929 1403 1964 πρὸ
1423 1929 1523 1961 πάντος
1542 1931 1668 1966 χρονικοῦ
1687 1931 1817 1965 διαπήματῗη

1090 1973 1138 2008 οὐχ
1150 1974 1163 1999 6
1178 1975 1211 2000 ἐκ
1226 1975 1362 2010 Ζαχαρίου
1372 1983 1378 1990 ·
1391 1977 1405 2001 6
1425 1975 1457 2001 ἐκ
1471 1975 1521 2010 τῆς
1541 1977 1652 2011 Μαρίας
1666 1976 1817 2012 γεννηθεὶςιέτ

1091 2019 1179 2054 σάρκα
1190 2040 1197 2052 ,
1214 2021 1262 2055 οὐχ
1277 2021 1291 2046 6
1306 2021 1338 2047 ἐκ
1354 2021 1404 2057 τῆς
1425 2021 1565 2048 Ἑλισάϐετ
1581 2024 1675 2056 (pavet;
1690 2023 1747 2058 παρ’
1758 2021 1817 2048 ἐλπίδι

1089 2067 1103 2092 6
1115 2067 1164 2102 τῆς
1175 2068 1212 2102 μὴ
1219 2067 1345 2102 λυθείσης
1357 2068 1504 2103 παρθενίας
1515 2069 1693 2106 ἀγεώργητος
1705 2066 1817 2104 καρπὸς-ὑὶ

1089 2114 1103 2140 6
1118 2114 1150 2140 ὲκ
1166 2114 1214 2149 τῆς
1232 2114 1357 2150 λυθείσης
1376 2115 1554 2150 στειρώσεως,
1573 2116 1683 2148 κλάδος·
1707 2113 1817 2151 ὑμείνῦμά

252 2160 306 2183 tate
321 2156 470 2190 productus
489 2160 530 2182 est
545 2164 655 2189 ramus;
673 2156 719 2190 qui
735 2157 876 2184 vobiscum
891 2165 980 2184 οοιινει

1092 2161 1361 2197 ἀναστραφεὶςρὺχό
1370 2162 1398 2188 ἐν
1408 2163 1441 2198 τῇ
1450 2163 1546 2198 ἐρήμῳ
1556 2164 1678 2199 τραφείς.
1693 2162 1770 2194 Οὗτός
1777 2162 1816 2187 Em

251 2206 295 2230 tus
309 2207 361 2235 est,
376 2210 429 2229 non
449 2202 495 2236 qui
512 2202 538 2228 in
553 2202 660 2229 deserto
674 2203 814 2231 educatus.
832 2203 884 2230 Hic
897 2209 934 2230 est
947 2203 1035 2231 Filius

251 2256 322 2274 meus
340 2248 462 2279 dilectus,
480 2249 506 2274 in
519 2256 570 2282 quo
584 2249 648 2275 mihi
659 2249 836 2284 complacui“7
850 2258 856 2275 :
870 2249 956 2278 Filius
971 2258 1036 2278 con-

251 2293 452 2325 substantialis,
467 2301 520 2320 non
533 2294 643 2321 alterius
656 2294 831 2328 substantiae;
852 2296 1036 2323 consubstan-

250 2339 323 2365 tialis
337 2339 415 2371 mihi,
429 2339 455 2366 in
472 2347 503 2366 co
518 2340 589 2374 quod
604 2349 618 2367 a
629 2341 705 2368 vobis
717 2348 770 2368 non
782 2341 899 2368 cernitur
911 2351 918 2373 ;
933 2346 960 2369 et
971 2349 1037 2369 con-

250 2385 437 2412 substantialis
453 2387 540 2419 vobis,
552 2387 578 2413 in
591 2395 623 2414 eo
636 2388 708 2422 quod
719 2396 734 2414 a
749 2388 827 2415 vobis
843 2389 960 2420 videtur,
978 2389 1037 2416 sine

250 2436 370 2466 peccato.
395 2431 444 2459 llic
467 2437 517 2464 est,
541 2434 588 2468 qui
618 2442 725 2462 mecum
740 2435 868 2462 formavit
882 2435 1032 2462 hominem.

250 2478 302 2504 Hic
316 2484 353 2504 est
368 2477 454 2505 Filius
466 2488 537 2506 meus
552 2479 673 2514 dilectus,
690 2481 717 2508 in
731 2490 782 2516 quo
798 2482 862 2508 mihi
874 2482 1032 2516 complacui.

249 2523 308 2551 Non
325 2524 393 2552 alius
407 2530 448 2553 est
461 2526 503 2553 hic
514 2535 590 2554 meus
604 2527 700 2560 Filius,
718 2535 745 2555 et
757 2529 826 2556 alius
837 2528 929 2556 Mariae
944 2528 1032 2561 ﬁlius;

250 2576 278 2596 at
294 2571 335 2597 hic
348 2576 386 2598 est
404 2571 490 2599 Filius
506 2582 576 2600 meus
593 2574 715 2609 dilectus,
732 2576 779 2610 qui
795 2580 821 2603 et
838 2576 926 2603 oculis
939 2576 1030 2603 cerni-

250 2622 305 2649 tur,
320 2623 346 2644 et
361 2624 449 2646 mente
464 2620 630 2656 intelligitur.
647 2621 699 2648 Hic
716 2627 754 2649 es!
770 2621 857 2649 Filius
875 2631 946 2649 meus
964 2622 1032 2649 dile-

251 2669 324 2696 τινε,
352 2664 380 2690 in
407 2673 458 2700 quo
484 2666 549 2693 mihi
572 2667 733 2702 complacui;
757 2669 843 2702 ipsum
871 2669 970 2695 audite.
1005 2668 1033 2695 Si

251 2708 347 2737 dixerit
361 2719 367 2737 :
383 2710 439 2746 Ego
452 2716 476 2738 et
485 2712 566 2740 Pater
579 2721 660 2740 unum
675 2714 804 2748 summ“,
825 2715 913 2750 ipsum
931 2715 1032 2743 audite.

286 2801 307 2815 “
322 2801 414 2830 Matth.
426 2811 466 2837 tu,
486 2805 613 2838 171xvn,
631 2805 662 2836 5;
680 2805 762 2832 Marc.
781 2814 800 2839 ι,
820 2806 847 2832 Η
862 2815 868 2839 ;
886 2806 952 2834 Luc.
971 2816 1007 2840 lx,
1021 2808 1065 2835 55.

1091 2208 1107 2233 ὁ
1125 2208 1190 2240 Υἱός
1199 2216 1258 2242 μου
1268 2210 1284 2234 ὁ
1294 2209 1457 2243 ἀγαπητὸς,
1468 2209 1502 2235 ἐν
1511 2206 1535 2242 ᾧ
1543 2210 1762 2244 ηὐδόκησα·]”ῐὸς
1772 2204 1817 2241 ὸμςίᾶ

1092 2262 1158 2286 stoc,
1174 2254 1225 2290 οὐχ
1238 2255 1414 2291 ἑτεροούσιος·
1431 2255 1572 2290 ὁμοούσιος
1589 2257 1651 2292 ἐμοὶ
1666 2257 1729 2283 κατὰ
1745 2255 1768 2281 :6

1090 2308 1145 2333 τον,
1166 2301 1213 2327 καὶ
1233 2301 1379 2337 ⁸ὁμοούσιος
1401 2301 1465 2337 ὑμῖν
1487 2302 1560 2329 κατὰ
1582 2303 1612 2329 τὸ
1633 2303 1763 2339 ὁρώμίϊῦν,
1776 2300 1817 2334 ibid

1090 2347 1236 2382 ἁμαρτίας.
1253 2346 1338 2380 Οὗτός
1360 2350 1444 2382 ἐστιν,
1462 2350 1476 2375 6
1498 2350 1547 2376 σὺν
1569 2350 1631 2384 ἐμοὶ
1651 2350 1743 2380 πλάσας
1758 2346 1817 2373 anim

1088 2393 1207 2429 θρωπον.
1235 2393 1330 2427 Οὗτός
1351 2395 1435 2422 ἐστίν
1447 2397 1463 2422 ό
1482 2396 1549 2428 Υἱός
1561 2405 1621 2430 μου
1636 2398 1652 2423 ὁ
1667 2394 1795 2431 ἀγιιπητόςι
1805 2391 1817 2415 ti

1086 2437 1111 2473 ᾧ
1133 2440 1300 2474 ηὺὸόκησα.
1329 2441 1385 2467 Οὐκ
1409 2441 1488 2473 ἄλλος
1505 2442 1580 2469 ἐπὶν
1599 2439 1674 2474 οὗτος
1688 2444 1700 2468 6
1712 2441 1764 2476 ἐμὰς
1779 2439 1817 2467 Ὶῗθς

1087 2486 1134 2512 καὶ
1151 2485 1229 2517 ἄλλος
1247 2487 1261 2512 6
1277 2487 1388 2522 Μαρίας
1402 2487 1473 2519 υἱός
1496 2487 1554 2513 ἀλλ’
1577 2486 1666 2521 οὗτός
1679 2487 1774 2514 ὲστιγέ
1787 2484 1817 2513 ιῖίι

1084 2541 1144 2566 μου
1155 2534 1171 2559 ό
1179 2533 1341 2567 ἀγαπητὸς,
1358 2534 1372 2559 ὁ
1385 2533 1549 2569 βλεπόμενος
1561 2534 1607 2560 καὶ
1618 2534 1755 2568 νοούμενος.
1767 2527 1817 2556 Οὗῖίι

1085 2577 1171 2603 ἐστιν
1194 2579 1211 2604 ὁ
1232 2577 1298 2610 Υἱός
1317 2586 1376 2612 μου
1399 2579 1415 2604 ό
1429 2578 1593 2613 ἀγαπητός,
1612 2581 1647 2606 ἐν
1663 2576 1686 2613 ᾧ
1708 2577 1817 2611 quiﬁt"

1087 2624 1183 2651 αὑτοῦ
1204 2625 1338 2651 ἀκούετε.
1362 2625 1423 2651 Ἐὰν
1437 2625 1502 2662 εἴπῃ
1516 2635 1522 2640 ·
1547 2627 1617 2662 Ἐγὼ
1634 2627 1680 2653 καὶ
1697 2627 1712 2652 ὁ
1725 2619 1817 2653 ΠιιιὶιέἸ

1086 2671 1189 2705 ἐσμεν,
1204 2671 1286 2697 αὑτοῦ
1304 2672 1429 2698 ἀκούετε.
1448 2672 1512 2699 Ἐὰν
1530 2673 1595 2710 εἴπῃ
1606 2682 1612 2689 ·
1636 2674 1666 2700 '0
1674 2670 1817 2706 ὲωραιὼςῖβ

1088 2717 1199 2751 ἑώρακε
1206 2717 1253 2744 καὶ
1269 2717 1322 2743 τὸν
1335 2717 1460 2752 Πατέρα,
1476 2719 1559 2746 αὑτοῦ
1574 2720 1692 2746 ἀκούετε.
1714 2717 1763 2744 Ἐὰν
1774 2714 1814 2746 εἶπα

1091 2809 1111 2824 ⁶τ
1127 2809 1192 2836 Ιὶιιί1.
1215 2809 1237 2824 ⁵⁸
1253 2808 1331 2836 Joau.
1350 2809 1434 2850 x,.50.
