1844 3047
199 104 266 132 1207

639 105 762 133 LEONIS
782 105 918 133 ALLATII
937 105 1010 132 DlA'l
1018 104 1097 133 RIBA
1115 104 1158 131 DE
1177 103 1380 132 THEODORIS.

1748 102 1812 129 £208

199 172 355 201 quanquam
373 165 529 192 reclamaret
543 165 638 200 stylns,
654 167 698 199 qui
714 173 766 192 non
781 174 977 200 usquequaque
994 170 1013 196 Α
1029 164 1160 192 inoﬁ'enso
1183 165 1247 199 pede
1271 172 1318 198 per
1344 162 1551 190 Hellenistarum
1579 169 1715 194 remoras,
1743 163 1810 195 quod

198 210 281 237 refert
305 210 470 237 elaboratum
499 210 563 237 illud
602 214 627 236 et
655 210 839 246 ἀπίξεαι-μένον
871 211 976 237 dicendi

197 263 294 291 genus,
309 255 380 290 quod
400 256 500 290 passim
521 256 547 283 in
566 255 727 283 Nazianzeni
749 257 857 291 scriptis
878 257 975 288 elucet,

196 302 378 329 connexiones
390 302 582 329 sententiarum
591 303 729 338 aliquanto
743 302 878 336 duriores,
888 307 976 330 trans-

196 347 303 382 itusque
317 348 485 382 abruptiores
502 357 508 375 :
523 349 595 383 quod
609 349 631 376 si
643 350 765 384 quaedam
781 349 862 376 verba
887 356 975 383 quan-

194 393 282 428 doque
297 393 437 420 intertexta
453 392 579 427 fuissent,
594 395 679 422 multo
692 395 799 422 mollior
811 394 907 422 ﬁnisset
921 399 974 421 tota

195 442 338 466 contextus
359 437 451 471 iacies,
470 439 614 473 minusque
634 439 727 466 invita:
744 439 812 466 inter
829 447 858 466 se
871 439 975 466 coirent

193 484 354 511 sententia):
377 484 446 511 inter
474 489 562 512 tatncn
590 485 838 520 pseudoepigrapha
858 484 973 512 Nazian-

194 530 253 557 zeni
280 529 350 557 hanc
374 530 588 558 lucubrationem
618 539 761 559 numerare
789 539 843 558 non
866 530 974 558 dubita-

192 576 268 602 verit.
289 574 338 602 Dat
362 580 451 603 tamen
478 584 575 604 manus
597 577 776 612 Hieronymo,
803 577 848 612 qui
866 585 972 604 omnem

191 620 367 648 dubitationis
384 629 479 648 ansam
498 623 602 655 eximit,
621 628 701 657 atque
717 623 791 650 hunc
809 622 892 650 fetum
908 630 972 649 vero

191 666 295 700 parenti
311 667 418 694 asserit.
434 666 556 701 Namque
574 668 712 703 explicans
724 669 787 695 illud
802 668 972 696 Ecclesiasta:

192 719 252 746 cap.
270 720 306 744 iv,
327 711 419 739 Melior
439 719 475 740 est
496 722 560 748 puer
579 722 687 748 pauper,
705 723 736 741 ex
757 714 878 749 Gregorii
893 714 971 742 Ponti

191 757 322 791 episcopi,
337 757 460 792 Origenis
482 759 624 790 auditoris,
642 760 805 794 metaphrasi
829 760 855 786 in
880 760 971 787 Eccle-

191 802 312 836 siastem,
325 803 519 837 expositionem
544 804 668 837 assumit,
685 805 814 832 verbatim
840 805 969 840 digt-stam

1031 215 1123 237 nostro
1138 210 1178 237 vel
1197 210 1222 238 in
1246 209 1340 244 primis
1358 209 1442 240 deest,
1465 211 1490 234 et
1513 207 1701 242 signiﬁcanter
1722 205 1811 233 Gneo:

1029 264 1121 291 aequor
1134 256 1186 283 hoc
1201 255 1320 282 decurrit
1333 264 1339 281 :
1355 255 1392 281 ita
1409 258 1437 280 ut
1451 253 1586 280 lubentius
1600 252 1734 279 nonnulla
1747 260 1811 287 prae-

1029 302 1160 330 termittat
1192 302 1285 337 ῥήσεις
1304 301 1387 331 enim,
1409 299 1482 334 quod
1502 306 1556 326 non
1580 299 1679 334 probo,
1702 299 1811 333 integr:

1028 348 1229 383 desiderantur)
1244 355 1327 382 quam
1344 351 1374 373 ut
1395 353 1449 373 non
1465 349 1627 375 connectat.
1641 351 1704 371 cum
1723 349 1808 372 tamen

1029 395 1091 421 alibi
1111 393 1245 426 nonnihil,
1261 393 1386 428 quamvis
1409 399 1543 426 nusquam
1567 395 1646 418 extra
1675 391 1750 425 leges
1764 398 1809 424 βε,

1030 440 1194 474 raphrascos
1217 439 1335 466 insistat.
1363 438 1458 465 Veram
1481 437 1641 464 brevitatem
1667 437 1759 468 enim,
1783 442 1808 464 ut

1025 487 1081 521 jam
1099 485 1166 516 dixi,
1190 485 1218 512 in
1240 484 1292 511 hoc
1317 492 1414 520 genere
1440 484 1567 511 amabant
1587 488 1707 514 veteres,
1729 492 1739 508 ι
1758 488 1805 510 etc.

1028 530 1114 566 llujus
1128 530 1307 565 metaphrasis
1330 534 1384 557 tres
1405 529 1520 564 vulgata
1539 534 1604 556 sunt
1625 529 1733 556 Latina:
1753 529 1805 556 edi-

1027 578 1124 604 tiones.
1143 577 1234 604 Prima
1247 576 1359 604 Joannis
1375 575 1586 611 (Ecolampadii,
1607 580 1666 602 tum
1683 576 1805 603 monachi

1027 623 1183 658 Brigittani,
1208 623 1277 650 inter
1305 622 1567 656 Ortltodozograplta,
1596 621 1712 650 Basilea:
1740 629 1806 649 anno

1027 669 1105 696 1535.
1131 668 1254 696 Secunda
1276 668 1430 703 Woll'gangi
1449 667 1564 695 Musculi
1588 675 1653 695 cum
1678 667 1806 695 orationi-

1025 714 1076 742 bus
1101 713 1262 742 Nazianzcni
1290 722 1304 741 a
1335 713 1468 741 Bilibaldo
1494 713 1679 749 Pyrkeymero
1712 714 1804 741 versis.

1026 759 1116 787 Tertia
1134 759 1237 788 Jacobii
1253 759 1332 792 Billii,
1347 758 1440 786 Sancti
1454 758 1594 786 Michaelis
1610 760 1636 786 in
1653 767 1750 786 eremo
1764 760 1805 786 ab-

1025 805 1104 838 batis,
1119 814 1179 840 qum
1196 805 1308 832 Lutetia
1326 805 1425 840 prodiit
1441 812 1512 832 anno
1533 805 1614 838 1585,
1633 811 1663 832 et
1677 813 1752 840 quaa,
1771 805 1805 832 ul-

191 849 217 874 in
233 848 313 883 hujus
323 850 498 884 metaphrasi,
515 858 574 884 cap.
589 858 624 877 iv.
639 850 729 883 Quare
740 851 806 878 nulli
821 851 932 878 dubium
946 852 971 878 in
989 850 1008 877 Β
1025 856 1085 886 pote
1100 851 1203 878 ﬁdelior
1215 855 1242 878 et
1261 851 1419 886 elegantior,
1437 859 1451 878 a
1467 850 1588 879 Gerardo
1606 850 1709 878 Vossio
1731 857 1805 878 ante-

190 899 326 929 postcrum
347 895 436 927 fuerit,
454 904 547 923 verum
570 897 642 924 illius
663 902 801 924 auctorem
823 897 967 925 Neocaesa-

190 943 304 968 rienscm
321 949 380 969 esse
403 942 572 977 Gregorium.
588 942 665 976 Quod
687 948 775 971 autem
800 943 969 971 Nazianzeno

189 994 297 1022 quoque
312 987 426 1022 ascripta
447 988 538 1020 fuerit,
554 996 697 1015 commune
718 997 817 1015 nomen
843 989 868 1015 in
886 996 967 1015 causa

190 1031 250 1063 fuit,
263 1033 334 1067 quod
354 1032 508 1067 frequenter
522 1034 547 1060 in
563 1034 638 1061 libris
652 1034 843 1061 ecclesiasticis
857 1034 966 1066 accidit,

188 1082 215 1104 et
235 1077 351 1104 aliorum
372 1078 496 1112 exemplo
517 1079 623 1114 prohat.
644 1078 672 1106 ln
689 1079 782 1107 codice
807 1080 871 1107 item
894 1079 968 1107 Vati-

187 1131 256 1151 cano
267 1124 317 1151 £79
330 1125 520 1158 antiquissimo
532 1130 558 1152 et
574 1125 681 1160 optima:
695 1130 774 1158 notae,
795 1126 821 1153 in
837 1134 892 1160 quo
905 1134 966 1154 eum

188 1170 248 1198 aliis
261 1170 421 1198 Nazianzeni
442 1167 570 1206 operibus
586 1172 642 1198 haac
664 1180 774 1206 quoque
789 1172 967 1207 nietaphrasis

187 1217 274 1244 locum
292 1218 381 1251 habet,
399 1218 425 1244 in
442 1218 562 1253 margine
579 1218 721 1245 scribitur:
739 1219 835 1246 Ἰστὲον
846 1219 886 1246 ὅτι
898 1220 967 1246 κατά

185 1272 259 1296 τινας
284 1265 299 1290 ὁ
316 1263 393 1298 λόγος
413 1260 489 1295 οὗτος
506 1263 710 1298 ἀμφιϐάλλεται.
733 1275 741 1290 ι
767 1264 909 1299 Sciendum
926 1271 966 1292 est

187 1311 256 1346 apud
279 1311 425 1338 nonnullos
448 1310 521 1337 hunc
543 1310 642 1338 lihrnm
668 1311 694 1338 in
715 1311 827 1338 dubium
856 1312 932 1339 verti.
954 1321 962 1337 ι

187 1356 243 1384 Hoc
256 1357 325 1384 idem
342 1357 423 1384 etiam
437 1357 534 1392 legitur
552 1357 578 1383 in
599 1357 652 1384 alio
668 1365 717 1384 nec
740 1358 830 1385 minus
849 1363 962 1390 vetusto,

187 1410 235 1431 nec
249 1403 340 1430 minus
354 1404 476 1438 elegante
497 1403 590 1430 codice
607 1403 686 1430 1446.
707 1403 758 1430 Alii
772 1412 801 1431 se
816 1404 882 1432 satis
900 1412 965 1438 pro-

185 1447 264 1474 basse
289 1453 397 1482 putant,
419 1456 450 1476 ac
475 1448 626 1476 vindicasse
645 1449 865 1484 Thaumatnrgo,
886 1450 964 1477 testi-

186 1494 278 1522 monio
302 1495 391 1521 Ruﬁni
407 1516 414 1524 ,
441 1494 613 1531 Hieronymi,
642 1494 747 1524 Suidie.
770 1496 816 1530 qui
842 1495 962 1523 scribttnt

1023 898 1074 925 lata
1085 898 1195 933 reliquis
1207 903 1258 926 est.

1056 943 1210 970 Orationem
1226 943 1331 971 tertiam
1356 943 1382 969 in
1404 942 1661 973 Annuntiationem.
1682 950 1744 977 qua:
1769 943 1804 969 in-

1022 989 1095 1024 cipil,
1107 990 1191 1019 Πάλιν
1201 991 1286 1024 χαρᾶς
1296 987 1450 1022 εὐαγγέλια,
1464 988 1516 1015 sub
1530 987 1656 1022 Gregorii
1670 987 1804 1014 Thaumao

1022 1034 1091 1069 iurgi
1116 1034 1225 1061 nomine
1240 1035 1279 1061 ait
1317 1033 1429 1061 Vossius
1453 1039 1484 1060 se
1505 1033 1644 1061 invenisse
1662 1038 1726 1068 past
1743 1034 1803 1061 alias

1021 1081 1088 1107 duas
1101 1080 1236 1107 orationes
1250 1079 1371 1114 ejusdem
1392 1080 1513 1106 auctoris
1525 1079 1558 1106 de
1573 1079 1671 1106 eadem
1693 1080 1803 1106 Annuu-

1021 1126 1133 1153 tiatiOne
1147 1126 1230 1153 beatae
1243 1125 1333 1152 Maria:
1342 1125 1460 1161 Virginis
1468 1126 1495 1152 in
1504 1125 1703 1160 antiquissimo
1714 1125 1802 1152 Grato

1020 1172 1156 1199 volumine
1168 1179 1219 1198 ms.
1245 1170 1503 1206 Cryptofcrralensis
1524 1171 1719 1200 bibliotheca:
1735 1171 1802 1198 aﬁ‘n-

1020 1223 1138 1253 matque,
1150 1217 1173 1244 si
1189 1221 1314 1244 contenta
1327 1217 1369 1244 hic
1384 1218 1584 1248 examinentur.
1602 1217 1733 1245 eamdem
1746 1225 1802 1244 cun

1019 1263 1232 1298 praecedentibus
1246 1263 1416 1290 orationibus
1424 1263 1577 1290 doctrinam
1594 1262 1713 1293 referre,
1723 1262 1802 1297 phra-

1019 1311 1070 1338 sim
1088 1316 1169 1345 atque
1185 1310 1355 1342 sententiam,
1379 1309 1466 1344 elogia
1485 1308 1566 1344 plane
1587 1308 1704 1338 similia.
1723 1314 1749 1334 ct
1764 1316 1803 1335 res

1017 1357 1136 1384 easdem.
1152 1356 1220 1384 Hinc
1233 1364 1262 1384 se
1282 1356 1375 1383 mirari
1397 1356 1469 1383 illam
1488 1355 1539 1383 sub
1561 1355 1678 1382 nomine
1692 1354 1802 1381 Joannis

1017 1402 1204 1438 Chrysoslomi
1219 1402 1252 1428 ab
1268 1402 1377 1437 Aloysio
1393 1401 1543 1436 Lipomauo
1562 1401 1590 1428 in
1610 1400 1682 1427 Vitis
1698 1405 1801 1427 sancto-

1018 1457 1074 1474 rum
1086 1449 1236 1483 evulgalam
1255 1447 1350 1480 fuisse,
1364 1455 1396 1474 ac
1413 1446 1563 1482 przesertim
1580 1453 1645 1474 cum
1662 1445 1801 1480 interiecta

1018 1495 1061 1522 illa
1077 1495 1270 1530 Chrysostomo
1291 1495 1399 1530 indigna
1425 1494 1586 1526 assertione,
1608 1502 1665 1529 qua
1692 1493 1800 1529 Iosephi

185 1540 417 1576 Thaumaturgum
437 1543 462 1567 in
481 1527 672 1575 Ecclesiastem
691 1527 882 1576 metaphrasim
905 1541 963 1568 edi-
977 1527 998 1555 (ί
1015 1527 1157 1576 virginitas
1174 1527 1362 1575 impugnatur‘
1373 1543 1399 1566 et
1419 1539 1531 1566 tollitur.
1554 1527 1697 1572 Quidquid
1720 1539 1756 1565 sit
1772 1538 1800 1564 de

184 1587 264 1614 disse.
279 1588 312 1614 At
324 1595 404 1621 quam
418 1586 453 1614 sit
467 1595 580 1622 parvum
589 1595 745 1623 yanumque
758 1589 808 1615 hoc
821 1595 965 1622 argumen-

182 1637 249 1663 tum,
278 1631 341 1658 satis
368 1636 477 1661 norunt,
506 1631 551 1666 qui
574 1631 663 1659 sciunt
689 1632 810 1659 diversos
835 1639 906 1666 saepe
933 1639 965 1658 ac

181 1677 271 1705 varios
297 1678 440 1712 scriptores
453 1678 486 1705 de
500 1678 593 1705 eadem
611 1685 639 1704 re
667 1678 760 1705 eodem
789 1678 866 1704 titulo
890 1678 965 1704 lucu-

182 1723 284 1750 brassc.
307 1722 418 1757 Scripsit
430 1723 456 1750 in
469 1723 655 1750 Ecclesiastcm
667 1724 856 1758 metaphrasim
875 1724 965 1751 Thau-

182 1773 336 1804 maturgus;
365 1776 445 1795 nemo
471 1769 496 1796 id
518 1773 620 1803 negat:
644 1777 707 1804 ergo
731 1769 788 1796 haec
811 1769 964 1804 metaphra-

182 1814 219 1840 sis
245 1814 271 1840 in
294 1813 482 1840 Ecclesiastem
508 1813 700 1849 Thaumaturgi
726 1819 784 1846 est;
809 1815 874 1842 illud
899 1822 963 1842 vero

181 1859 350 1894 probandum
364 1863 405 1886 est
419 1860 503 1894 prius,
517 1860 619 1886 nullum
633 1860 713 1887 alium
730 1861 920 1895 metaphrasim
935 1861 962 1888 in

182 1902 372 1929 Ecclesiasten]
394 1903 546 1938 scripsisse.
571 1903 622 1931 Sed
638 1905 700 1940 quis
720 1905 745 1932 id
768 1905 891 1939 probabit
906 1915 957 1933 un-

181 1948 282 1982 quam?
297 1948 329 1975 Et
346 1954 434 1976 tamen
453 1949 554 1984 aliquid
576 1950 602 1977 in
622 1950 672 1978 hac
693 1959 721 1978 re
741 1955 792 1984 est,
812 1953 958 1987 scriptores

181 1994 285 2020 tradere
301 1993 531 2028 Thaumaturgutn
551 1996 742 2030 metaphrasim
773 1997 800 2024 in
824 1997 958 2025 Ecclesia~

179 2043 248 2066 stem
269 2040 419 2074 scripsisse,
442 2048 503 2067 cum
527 2041 616 2068 nullus
629 2041 662 2069 de
676 2041 857 2076 Nazianzeno,
879 2044 958 2079 cujus

179 2085 280 2119 scripta
290 2086 411 2112 omnium
431 2085 484 2113 fere
495 2086 611 2113 examini
626 2087 737 2115 subacta
753 2093 827 2121 sunt,
845 2089 869 2116 id
882 2097 956 2117 asse-

178 2134 230 2157 rat.
247 2129 316 2158 Sunt
332 2132 424 2166 itaque
441 2139 537 2166 przetcr
549 2133 666 2165 Billium,
681 2138 708 2160 et
723 2134 768 2160 alii
781 2135 954 2168 recentiores,

1013 1586 1146 1619 doctrina,
1161 1593 1221 1621 qua:
1236 1585 1369 1613 catholica
1376 1589 1417 1613 est
1435 1589 1461 1612 et
1476 1584 1536 1611 aliis
1551 1584 1659 1611 sanctis
1675 1583 1799 1610 Patribus

1013 1631 1092 1666 plane
1111 1631 1280 1664 communis;
1299 1634 1326 1658 et
1338 1630 1372 1658 de
1386 1630 1536 1657 assertione
1555 1629 1613 1661 illa,
1632 1636 1721 1664 quam
1740 1629 1796 1655 Vos-

1012 1677 1068 1705 sius
1084 1676 1219 1711 indignant
1233 1676 1307 1704 dueit
1319 1676 1521 1712 Chrysostomo,
1536 1679 1655 1709 etquam
1669 1682 1722 1701 nos
1738 1675 1799 1701 alias

1012 1722 1039 1749 in
1066 1727 1160 1749 nostro
1188 1721 1331 1748 Eustathio
1354 1721 1523 1748 Antiocheno
1552 1720 1794 1754 impugnat-imus;

1011 1768 1134 1803 equidem
1150 1767 1222 1802 quod
1234 1767 1267 1794 de
1279 1766 1485 1802 phrasi,elogiis
1499 1771 1525 1793 et
1539 1765 1688 1793 sententiis
1705 1765 1796 1792 iisdem

1011 1813 1104 1844 tradit,
1122 1820 1203 1840 mera:
1222 1819 1301 1847 nugae
1317 1817 1391 1840 sunt.
1419 1811 1522 1838 Rudior
1538 1815 1578 1838 est
1597 1810 1796 1845 Thaumaturgi

1010 1861 1037 1887 in
1050 1860 1164 1888 dicendo
1181 1867 1312 1887 numerus
1327 1863 1409 1894 atque
1428 1858 1575 1890 austerior,
1593 1862 1621 1885 ct
1635 1858 1796 1893 compositio

1009 1906 1189 1940 circumplexa
1206 1913 1238 1933 ac
1255 1905 1311 1932 fere
1328 1905 1426 1936 soluta,
1441 1904 1610 1939 metaphoris
1628 1904 1794 1940 reliquisque

1010 1951 1102 1985 ﬁguris
1116 1951 1244 1978 oratoriis
1258 1950 1341 1983 nuda,
1358 1949 1500 1977 sententia:
1522 1950 1691 1981 severiores,
1707 1951 1794 1977 mode-

1007 1998 1119 2029 stiores,
1131 1997 1316 2024 meditatiores
1326 2005 1331 2022 ι
1343 2001 1370 2023 at
1381 1996 1406 2022 in
1420 1996 1470 2024 hac
1481 1996 1793 2031 oratione,quemaduo—

1007 2043 1070 2069 dum
1086 2043 1150 2070 etin
1161 2043 1273 2077 reliquis
1283 2042 1398 2077 duabus,
1413 2047 1508 2069 auctor
1521 2043 1605 2069 veluti
1620 2043 1716 2077 pullus
1731 2044 1790 2071 sub-

1007 2089 1111 2115 sultans
1131 2088 1228 2115 laxatis
1246 2088 1367 2120 habenis,
1393 2087 1530 2115 adscititio
1555 2093 1658 2115 ornatu
1685 2090 1788 2121 nobilis,

1006 2133 1125 2168 undique
1141 2141 1188 2168 per
1204 2141 1314 2168 campos
1334 2141 1481 2161 excurrens
1512 2139 1632 2169 nugatur
1654 2140 1682 2162 et
1703 2135 1787 2162 ludit:

177 2174 223 2208 qui
240 2174 555 2217 dietampmctaphrasim.
571 2177 675 2211 parenti
695 2179 803 2212 proprio
829 2180 954 2213 reddunt,
971 2195 992 2222 ι)
1007 2179 1084 2213 quasi
1098 2187 1129 2206 ex
1147 2180 1293 2214 imprOviso
1310 2179 1421 2213 diceret,
1442 2187 1491 2206 sua
1513 2181 1643 2207 enuntiat
1671 2182 1788 2208 homoeo-

177 2219 269 2248 Sixtus
282 2215 410 2248 Senensis
425 2222 451 2248 iu
464 2215 635 2256 Bibliotheca,
651 2224 783 2252 Antonius
791 2225 954 2255 Possevinns

176 2265 202 2292 in
216 2266 362 2300 Apparata,
381 2267 408 2294 in
432 2266 556 2302 Gregorio
580 2268 750 2296 Nazianzeno
773 2275 799 2298 et
830 2271 953 2307 Gregorio

177 2309 386 2346 Tlmumuturgo,
404 2318 431 2338 ct
455 2313 481 2339 in
499 2313 625 2342 Bibliot/t.
646 2315 750 2347 selecto,
776 2317 823 2344 lib.
847 2325 875 2350 ll,
891 2326 951 2353 cap.

175 2356 226 2388 l5;
242 2356 342 2384 Fronto
356 2357 469 2386 Dur-mus
484 2359 508 2386 in
531 2361 600 2387 notis
615 2361 646 2388 ad
663 2363 783 2389 eatndem
800 2365 953 2398 metaphra-

174 2402 236 2434 sim,
255 2402 433 2431 Bellarminus
459 2404 494 2431 De
515 2406 685 2440 scriptoribus
711 2408 906 2441 ecclesiasticis,
926 2415 952 2438 et

173 2449 294 2475 ouinium
312 2455 464 2484 postretuus
486 2451 576 2479 Daniel
600 2452 727 2482 Heinsius
741 2455 767 2482 in
796 2455 950 2483 Aristarcho

172 2502 258 2533 sacro,
285 2502 343 2530 cap.
367 2496 409 2523 Η.
434 2507 442 2522 ι
468 2498 624 2526 Venerabile
646 2500 825 2535 antiquitatis,
851 2502 949 2536 inquit,

174 2544 376 2567 monumentutn
400 2541 520 2576 Gregorii
551 2542 778 2572 Neocwsaricnsis
804 2546 831 2572 in
857 2546 948 2573 Eccle-

171 2585 276 2611 siastem
292 2591 378 2613 exstat
391 2589 659 2624 paraphrasismuam
672 2599 743 2618 nunc
762 2593 948 2626 metaphrasim

171 2629 329 2658 inscribunt.
350 2631 430 2659 Multa
449 2633 483 2660 ibi
509 2638 580 2661 terse
601 2643 633 2662 ac
658 2636 741 2670 polite
767 2638 945 2672 explicantur,

171 2682 256 2708 neque
279 2676 350 2703 aliud
373 2683 425 2704 tam
444 2679 481 2705 illi
502 2687 574 2707 curm
596 2680 656 2713 fuit,
679 2689 760 2715 quam
785 2683 857 2717 quod
881 2692 945 2718 pro-

169 2719 255 2752 prium
269 2727 310 2748 est
328 2724 522 2757 paraphrasim,
539 2729 568 2752 ut
584 2726 610 2752 in
629 2726 730 2760 scripto
747 2728 944 2756 obscurissima

168 2766 371 2801 rounexioncm,
396 2777 443 2796 seu
466 2771 514 2805 τὴν
540 2771 714 2806 ἀλληλουχίαν
737 2773 942 2805 demonstraret,

167 2811 236 2844 quod
259 2817 284 2839 et
309 2813 422 2842 feliciter
437 2816 595 2850 plerumque
622 2822 763 2845 assecutus
781 2823 831 2845 est.
852 2819 943 2854 Itaque

1006 2226 1102 2260 ptotis,
1116 2231 1142 2253 et
1168 2226 1395 2258 hommoteleutis,
1410 2231 1436 2254 et
1452 2226 1582 2254 omnibus
1604 2227 1678 2259 aliis,
1695 2229 1787 2262 quibus

1005 2272 1111 2299 dicendi
1127 2280 1211 2307 genus
1236 2273 1438 2309 panegyricum,
1456 2272 1557 2301 Graecis
1583 2274 1734 2302 admodum
1751 2275 1785 2301 la-

1004 2319 1109 2346 miliare
1121 2319 1146 2346 in
1164 2319 1244 2347 rebus
1264 2319 1432 2354 hujusmodi,
1451 2325 1544 2347 scatet.
1561 2319 1678 2354 Confer,
1696 2323 1783 2351 lector.

1004 2373 1084 2392 uuam
1111 2366 1236 2400 paginam
1266 2366 1423 2401 Gregoriani
1446 2367 1702 2401 prosphonematici
1727 2377 1782 2395 cum

1002 2409 1092 2442 dictis,
1109 2415 1135 2436 et
1149 2411 1226 2444 plane
1248 2411 1393 2439 discrimen
1409 2420 1558 2448 agnosces,
1575 2413 1605 2439 ni
1620 2421 1713 2441 caecus
1731 2423 1784 2441 esse

1002 2455 1129 2482 volueris.
1148 2455 1181 2482 Et
1202 2464 1267 2484 sane
1285 2459 1494 2492 prosphonetica
1514 2459 1559 2486 illa
1586 2460 1620 2486 ad
1643 2459 1782 2496 Origenem

1000 2501 1081 2533 dicta,
1096 2509 1157 2528 cum
1173 2507 1328 2529 versaretur
1344 2503 1369 2529 in
1384 2503 1536 2532 laudatorio
1546 2513 1660 2540 genere,
1678 2507 1783 2534 ﬁoribus

1000 2547 1155 2582 huiusmodi
1173 2548 1290 2584 inspergi
1301 2550 1465 2585 quandoque
1481 2552 1632 2586 debuerat;
1646 2555 1682 2581 ad
1695 2554 1778 2587 Orige~

999 2601 1059 2619 nem
1080 2594 1251 2627 potissimum
1267 2595 1368 2628 habita,
1383 2597 1429 2631 qui
1447 2597 1472 2623 in
1494 2598 1635 2627 similibus
1653 2606 1781 2632 versatus,

998 2646 1012 2664 a
1031 2638 1139 2670 talibus,
1158 2647 1218 2666 cum
1239 2648 1268 2668 se
1291 2641 1397 2668 oll‘crret
1418 2643 1538 2675 occasio,
1558 2653 1614 2672 non
1642 2646 1779 2674 abstinuit.

998 2684 1050 2711 Sed
1069 2685 1169 2719 respuit
1190 2685 1246 2713 lucc
1268 2695 1391 2714 severum
1409 2687 1611 2726 Thaumaturgi
1634 2692 1778 2727 ingenium,

995 2736 1021 2757 ct
1038 2731 1121 2758 voluit
1138 2732 1222 2766 magis
1240 2740 1300 2760 esse
1327 2741 1408 2767 quam
1425 2734 1523 2766 videri,
1545 2737 1659 2765 virtutis
1672 2744 1700 2765 et
1718 2739 1778 2766 sim-

996 2775 1123 2809 plicitatis
1139 2780 1253 2804 amator.
1267 2776 1349 2812 quue
1361 2777 1428 2804 adeo
1443 2786 1536 2806 verum
1549 2785 1605 2813 est,
1619 2786 1649 2809 ut
1664 2782 1777 2809 Vincen-

995 2821 1050 2848 tius
1068 2820 1226 2855 lliccardus,
1238 2822 1280 2849 vir
1288 2823 1368 2851 rebus
1384 2824 1425 2852 his
1441 2826 1636 2856 examinandis
1655 2829 1775 2857 assiduus
