1844 3047
19 112 57 140 209

404 108 528 136 LEONIS
548 108 685 136 ALLATII
716 108 876 136 DIATRIBA
896 108 939 136 DE
959 108 1162 137 THEODORIS.

1525 112 1591 142 1210

19 190 20 195 η
43 167 184 203 perspicax,
211 166 236 192 in
266 166 460 193 commentario
484 166 517 194 ad
540 171 644 194 sextam
674 167 758 195 sancti
776 170 797 197 Α
812 167 947 195 siensibus
958 167 1123 196 editionibus
1141 168 1318 196 adornantur.
1331 169 1385 197 Nec
1396 171 1520 200 exhausti
1529 177 1593 201 sunt

19 215 73 242 rocli
97 214 254 244 orationem,
277 213 461 245 testimonium
484 221 516 240 ex
540 214 674 245 secunda,
699 222 760 249 qua:

22 260 78 294 cipit
88 258 209 295 εἘορτὰς
222 259 270 293 μὲν
283 258 390 290 ἁπάσας
400 258 446 284 καὶ
455 258 600 294 ὑμνῳδίαις,
612 259 758 292 adducens,

19 306 128 335 tseruerit
143 314 149 332 :
167 313 176 330 ι
194 304 325 337 Quamvis
344 312 517 339 summopere
533 306 642 338 ambigo
659 311 686 332 et
705 306 760 333 ha:-

19 361 45 383 κ),
62 360 93 378 an
107 358 197 378 revera
206 350 327 385 Gregorii
342 342 537 386 Thaumaturgi
555 352 590 378 sit
600 352 643 378 illa
660 352 758 379 oram).

19 398 71 426 {etio
84 397 153 424 enim
176 397 233 432 ipsa
257 396 363 423 videtur
385 396 475 431 potius
500 397 586 424 sancti
611 397 711 430 Procli,
734 401 760 425 et

19 443 120 470 intentio:
130 443 156 469 in
168 450 199 470 ea
212 442 335 477 plurimze
346 442 448 476 insunt,
466 451 526 477 qua:
541 444 679 478 conceptis
697 451 758 470 ver-

21 493 98 517 ssunt
110 489 136 515 in
150 489 272 516 oratione
287 489 375 524 prima
386 488 487 522 Procli,
501 494 526 516 et
542 489 684 516 innumera
696 490 759 522 alia,

19 541 47 560 ire
60 533 84 560 in
100 533 159 560 aliis
173 532 262 560 Procli
275 533 444 560 orationibus
459 533 647 564 offenduntur;
666 538 693 560 et
707 533 761 560 fre-

20 587 70 606 trns
85 578 149 606 adeo
164 579 270 606 iteratio
291 579 365 606 vocis
381 578 516 613 οεοτόκου,
536 580 644 607 videtur
664 579 761 607 Nesto-

19 631 55 650 um
71 624 204 658 impetere.
220 633 228 649 ι
247 623 279 650 Ει
294 623 364 650 infra
378 632 384 649 :
405 633 414 649 ‹
430 623 553 652 Imitatus
568 631 680 652 sanctus
695 624 760 652 Pro-

20 677 46 697 us
68 674 187 697 sanctum
212 669 371 705 Gregorium
389 669 623 706 Thaumaturgum
647 671 673 697 in
696 678 759 697 ora-

19 723 58 742 one
74 716 190 743 secunda
214 715 248 742 de
262 715 487 747 Annuntiatione.
502 716 524 743 si
542 716 623 743 modo
643 716 703 751 ejus
719 721 760 744 est

19 762 35 788 la
47 761 138 788 oratio.
160 771 170 787 ι
188 761 242 790 Nos
255 762 281 788 in
294 762 408 797 epistola
426 763 458 789 ad
475 761 618 789 Nihusium
634 762 668 789 de
684 762 761 789 litur-

20 808 124 835 asaneti
147 807 241 835 Jacobi
261 807 387 842 apostoli,
411 807 444 835 de
467 808 542 835 vocis
562 807 688 834 θεοτόκου
709 816 759 835 usu

20 854 65 880 iam
88 858 148 880 ante
171 840 336 886 Nestorium,
357 853 486 880 nonnulla
505 853 655 880 attulimus.
675 853 759 886 Quid-
777 840 796 867 Β

19 900 50 926 tid
71 903 156 926 tamen
180 899 223 932 sit,
251 899 356 926 tertiam
379 907 450 926 unus
474 904 577 926 tantum
601 899 684 926 codex
706 907 759 926 ms.

19 951 48 972 tet
58 946 262 980 antiquissimus
274 945 478 981 Thaumaturgo
491 946 624 979 attribuit,
641 945 761 981 atChry--

19 996 100 1018 atomo
117 995 237 1024 centum,
256 999 305 1019 nec
322 992 412 1019 minus
437 992 558 1025 antiqui;
580 992 694 1026 ideoque
711 992 761 1018 sub

19 1037 165 1072 irysostomi
173 1037 280 1064 nomine
287 1041 314 1063 et
323 1036 448 1072 Augustae
456 1037 489 1063 ab
498 1035 649 1064 llmschelio
659 1036 760 1069 Greece,

31 1082 60 1108 ab
71 1082 128 1109 aliis
142 1082 214 1109 edita
229 1086 278 1109 est.
295 1081 331 1109 De
347 1082 519 1109 sermonibus
531 1082 557 1108 in
571 1082 762 1109 Annuntiatio—

19 1135 47 1154 9m
63 1132 87 1154 et
102 1126 306 1163 Theophauiam
333 1127 513 1161 Dominieam,
532 1133 562 1155 ut
581 1128 661 1156 etiam
679 1129 712 1155 de
728 1129 761 1155 li-

19 1173 55 1200 :llo
69 1174 101 1200 De
112 1175 201 1200 anima
219 1174 251 1201 ad
268 1174 422 1206 Talianum,
436 1174 504 1200 nihil
525 1174 592 1200 certi
607 1181 636 1201 se
660 1174 759 1201 habere

20 1219 76 1245 ribit
90 1219 268 1247 Bellarminus
285 1229 292 1247 :
310 1229 319 1245 ‹
335 1228 396 1247 cum
411 1224 571 1247 necveteres
584 1220 680 1247 horum
696 1228 760 1255 ope-

19 1273 47 1291 Im
64 1266 249 1298 meminerint;
268 1273 355 1300 neque
367 1270 458 1293 tamen
470 1265 594 1293 convinci
610 1266 705 1300 possit,
715 1275 762 1294 eos

21 1319 45 1337 se
56 1312 239 1346 supposititior.
257 1321 263 1345 ;
280 1321 289 1338 ι
306 1317 332 1339 et
348 1312 399 1339 hoc
410 1312 509 1346 probis
527 1312 627 1345 tribus,
642 1312 683 1339 vel
696 1319 762 1347 qua-

21 1364 48 1383 or
63 1358 242 1391 orationibus,
258 1357 436 1392 conjectando
455 1358 547 1392 potius
564 1366 646 1393 quam
667 1359 762 1386 decer—

19 1403 82 1431 uulo.
94 1403 217 1439 Namque
229 1413 282 1432 non
298 1405 400 1432 absone
413 1405 476 1439 quis
488 1405 599 1437 dixerit,
616 1413 762 1440 argumen-

22 1457 43 1475 ιιι
56 1457 87 1476 ex
97 1449 266 1481 charactere,
284 1455 311 1477 et
330 1450 480 1477 dictionum
501 1449 624 1477 formulis
654 1450 763 1477 desum-

21 1502 70 1527 unt,
98 1496 154 1522 leve
187 1496 332 1523 admodum
355 1503 442 1523 esse:
468 1495 652 1522 affectionibus
665 1495 763 1530 saepius

19 1540 66 1567 limi
83 1541 217 1569 calamum
235 1542 277 1577 agi
301 1542 428 1577 regique;
453 1546 531 1569 zetate
551 1542 632 1569 etiam
661 1542 761 1568 immu-

20 1587 48 1613 ri.
71 1586 137 1615 Hinc
154 1595 210 1614 non
227 1595 288 1615 esse
314 1595 426 1616 necesse
453 1587 543 1615 omnia
567 1587 762 1622 Thaumaturgi

20 1632 81 1667 ripta
96 1634 192 1661 eodem
211 1641 317 1668 semper
333 1638 414 1669 atque
429 1641 484 1660 uno
498 1638 592 1661 tenore
608 1633 711 1669 peragi.

23 1676 68 1704 Sed
81 1678 195 1706 Andreae
214 1678 299 1706 Riveti
316 1679 354 1715 (νὶ)
372 1680 399 1706 in
423 1679 517 1706 (ὶνίιὶοί
541 1679 612 1706 sacri
642 1679 713 1706 libro
733 1687 762 1711 ιι,

24 1731 45 1757 ρ.
67 1724 107 1757 16,
128 1725 163 1752 de
188 1724 231 1752 his
254 1725 424 1752 orationibus
450 1725 520 1752 dicta
546 1725 762 1753 consideremus.

21 1769 85 1798 Guil.
101 1770 261 1798 Per-kinsius
276 1771 401 1798 meminit
417 1772 590 1799 homiliarum
607 1772 640 1799 de
652 1771 764 1798 Annuit-

19 1817 103 1847 Itione,
117 1821 184 1849 ete.,
203 1818 267 1845 huic
289 1817 419 1852 Gregorio
433 1818 625 1852 ascriptarum,
642 1825 710 1852 quas
725 1817 766 1844 vi—

19 1869 48 1888 sre
61 1863 124 1890 mihi
150 1871 205 1890 non
229 1863 380 1898 contigerat
398 1868 455 1891 tum
473 1872 534 1891 eum
564 1864 683 1899 primum
707 1863 765 1890 hmo

22 1909 97 1944 ripsi;
116 1918 207 1944 neque
223 1917 262 1938 ea:
276 1918 292 1938 a
307 1910 456 1938 Possevino
476 1911 503 1938 in
524 1911 671 1946 Apparatu,
687 1915 734 1937 aut
750 1917 764 1936 a

22 1960 63 1982 xto
84 1961 282 1983 memorantur.
313 1966 322 1982 ι
341 1956 493 1991 Antequam
523 1964 634 1983 causam
659 1955 764 1990 perspi-

19 2006 50 2033 at,
65 2003 227 2030 sententiam
243 2002 304 2030 fert.
323 2002 397 2035 Esto,
413 2010 468 2030 non
479 2002 545 2030 vidit
562 2002 683 2033 Rivetus,
701 2009 764 2029 cum

21 2048 122 2075 riberet.
148 2048 218 2081 Quid
246 2056 311 2084 ergo
338 2048 400 2076 inde
424 2048 567 2083 sequitur?
584 2048 630 2075 Vel
654 2047 765 2075 Rivetus

19 2096 146 2123 merarius
171 2100 224 2126 est,
247 2096 289 2123 vel
314 2103 408 2130 parum
431 2095 558 2130 diligens.
584 2095 619 2122 De
644 2095 766 2128 Gregorii

21 2139 92 2174 riptis
104 2148 198 2175 agens,
212 2145 241 2168 ut
254 2148 316 2167 vera
325 2141 487 2172 enuntiaret,
501 2141 594 2168 sedulo
606 2141 765 2176 inquirenda

809 220 894 240 sacra:
911 213 1080 247 antiquitatis
1098 213 1229 247 thesauri,
1242 214 1265 241 si
1277 214 1310 241 de
1322 215 1362 242 eis
1376 219 1483 242 taceant
1497 215 1591 244 Posse-

809 259 890 287 vinus
903 263 930 285 et
944 258 1045 286 Sixtus.
1063 258 1258 294 lgnoratplaue
1274 259 1385 288 Rivetus
1402 261 1458 288 haec
1471 261 1592 297 Gregorii

810 311 890 337 opera
906 304 951 331 diu
967 310 1029 331 ante
1041 304 1074 331 ab
1087 305 1181 332 eodem
1195 305 1292 333 Vossio
1303 306 1373 333 notis
1388 306 1519 333 illustrata
1531 315 1594 342 pro-

810 349 894 378 diisse
910 349 1002 378 Graece
1019 355 1045 377 et
1065 350 1171 382 Latine,
1193 355 1220 378 et
1236 355 1266 378 ut
1286 353 1457 386 postmodum
1468 353 1592 388 Parisiis,

810 394 956 429 Moguntina
975 403 1046 423 anno
1062 395 1140 423 1604.
1161 405 1170 421 ‹
1185 395 1237 429 Qui
1257 405 1361 424 merces
1377 398 1447 431 illas,
1461 404 1593 434 quantum

810 445 907 475 potest,
921 442 1102 469 commendat.
1121 452 1130 468 ι
1150 442 1304 469 lllaudabile
1318 446 1359 470 est
1372 444 1475 471 scilicet
1486 445 1592 478 Rivcto.

811 487 909 523 scripta
934 487 1044 515 Patrum
1061 489 1262 520 commendare,
1281 493 1307 515 et
1326 497 1429 517 merces
1449 491 1516 517 adeo
1532 499 1595 526 prc—

811 535 895 561 tiosas
908 538 934 561 et
948 533 1156 569 pulcherrimas,
1178 539 1206 561 ut
1221 538 1252 561 ut
1264 542 1302 562 eze
1317 538 1399 568 sunt,‘
1411 535 1594 564 ambientibus

811 582 965 618 propinare.
983 581 1172 614 Commendat,
1190 587 1323 617 quantum
1338 587 1437 617 potest,
1457 583 1595 610 Thauma-

812 629 882 664 turgi
894 629 1004 663 scripta,
1019 636 1078 662 qua:
1095 627 1309 668 commendavit
1322 628 1481 662 antiquitas,
1494 633 1521 656 et
1545 637 1595 663 po-

811 673 935 701 sterioris
943 673 991 700 aevi
1001 672 1294 705 illustrioresfdoctores
1303 672 1478 700 ecclesiastici
1488 681 1593 706 omnes;

811 723 838 745 at
851 718 1066 745 exterminarunt
1086 718 1216 749 haeretici,
1239 718 1310 752 apud
1332 725 1401 753 quos
1423 719 1503 746 etiam
1520 720 1546 746 in
1563 727 1595 746 ea

811 765 990 792 mstimatione
1007 763 1098 798 fuere,
1120 769 1149 791 ut
1175 765 1216 791 vel
1238 771 1331 791 eorum
1355 765 1414 792 solo
1439 766 1595 792 testimonio

813 819 861 839 sua
876 811 1050 838 constabilire
1065 811 1237 839 crediderint.
1250 810 1320 838 llinc
1329 815 1370 838 tot
1383 811 1448 843 illis,
1459 812 1538 839 malis
1552 820 1597 839 ar-

816 857 897 890 tibus,
914 865 1029 889 auncxa,
1047 861 1073 884 et
1086 861 1182 891 prazter
1203 864 1307 884 morem
1324 861 1405 891 atque
1428 857 1513 892 legem
1529 865 1592 892 pro-

814 904 911 930 borum
930 904 1069 930 hominum
1097 904 1240 930 immutata
1259 911 1266 929 :
1283 903 1410 938 pleraque
1429 903 1511 930 etiam
1533 911 1597 930 ora-

815 951 903 978 tiones
918 955 999 985 atque
1016 950 1146 985 opuscula
1159 958 1192 977 ex
1209 958 1278 985 penu
1296 949 1542 977 haereticorumillis
1550 957 1597 984 ap—

816 997 895 1031 picta.
913 996 1008 1026 Tanta,
1024 1001 1083 1024 erat
1105 997 1131 1023 in
1156 996 1237 1023 unius
1260 997 1373 1031 hujusce
1395 997 1598 1025 commentariis
1623 1003 1625 1009 '

815 1043 975 1069 auctoritas!
992 1041 1198 1069 Commendavit
1214 1042 1304 1077 itaque
1319 1041 1445 1075 Vossius,
1462 1050 1522 1078 qua:
1535 1046 1598 1069 ante

815 1096 877 1115 eum
893 1092 932 1115 tot
943 1088 1143 1122 exseriptorum
1159 1088 1258 1116 calami
1284 1089 1354 1116 inter
1369 1089 1421 1115 alia
1440 1093 1596 1116 sanctorum

815 1133 926 1160 Patrum
943 1133 1043 1162 scribta
1058 1134 1157 1169 scripto
1172 1135 1437 1161 commendaverant.
1451 1134 1597 1161 Commen—

815 1180 878 1206 dant
907 1180 1015 1207 codices
1043 1180 1238 1215 antiquissimi,
1267 1185 1292 1207 et
1313 1181 1421 1215 optimae
1444 1185 1525 1213 notae,
1551 1181 1597 1215 qui

815 1225 904 1253 dictas
929 1225 1050 1261 Gregorii
1069 1227 1207 1254 orationes
1224 1227 1334 1261 praeﬁxo
1350 1226 1460 1254 nomine
1475 1226 1598 1262 Gregorii

815 1270 952 1297 exhibent.

852 1325 861 1341 ‹
878 1315 978 1342 Dubias
992 1323 1052 1343 esse
1068 1315 1163 1350 probat
1176 1315 1334 1343 Perkinsius
1350 1322 1434 1348 exeo,
1449 1315 1521 1350 quod
1531 1314 1598 1343 Vita:

816 1365 983 1392 sanctorum,
1003 1360 1065 1387 item
1078 1364 1105 1387 et
1119 1360 1212 1395 hymni
1229 1368 1324 1388 eorum
1343 1360 1418 1388 festis
1433 1361 1591 1387 convenien-

817 1410 873 1437 tes,‘
883 1406 1001 1440 primum
1018 1413 1033 1432 a
1049 1405 1148 1432 Carolo
1165 1405 1263 1440 Magno
1276 1405 1416 1433 constituti
1433 1410 1508 1438 sunt,
1524 1406 1598 1432 circa

816 1459 917 1478 annum
957 1451 1009 1479 807
1038 1451 1148 1487 (Paulus
1179 1451 1308 1479 Aimilius
1335 1452 1382 1479 lib.
1410 1460 1427 1479 ιι
1457 1451 1493 1478 οε
1518 1451 1597 1486 gestis

818 1495 993 1529 Francorum,
1012 1496 1168 1532 Sigebertus
1184 1497 1258 1530 item,
1268 1505 1339 1525 anno
1350 1497 1412 1533 807)
1437 1498 1531 1525 multis
1539 1503 1599 1533 post

817 1540 1048 1577 Thaumaturgum
1077 1542 1193 1569 saeculis.
1219 1551 1228 1568 ι
1253 1542 1425 1569 Ρθι-ιίῑιιεὶιιιιι
1455 1543 1512 1577 ipse
1542 1550 1598 1570 non

815 1587 878 1615 vidi.
895 1587 988 1624 Credo,
1002 1592 1091 1615 tamen
1111 1587 1235 1615 Rivetum
1260 1587 1395 1615 Pet-kinsii
1411 1588 1494 1615 verba
1509 1596 1596 1622 neque

814 1632 967 1666 invertisse,
979 1640 1066 1667 neque
1077 1632 1227 1665 mutilasse,
1245 1632 1290 1659 sed
1303 1633 1419 1666 ingenue
1428 1639 1597 1659 numerasse.

815 1678 973 1712 Videamus,
993 1682 1023 1705 ut
1038 1678 1089 1705 sibi
1107 1682 1211 1705 constet
1225 1677 1359 1706 Perkinsii
1376 1677 1463 1710 ratio;
1476 1685 1594 1712 namque

815 1723 838 1751 si
853 1731 883 1751 ea
899 1723 1037 1755 ceciderit,
1059 1723 1137 1751 cadet
1158 1723 1239 1750 etiam
1257 1723 1389 1750 sententia
1411 1722 1557 1754 Perkiusii,
1573 1727 1600 1750 et

815 1770 949 1798 orationes
965 1768 1107 1803 praedictas
1122 1768 1220 1796 dubias
1230 1776 1301 1795 esse.
1311 1767 1379 1795 Cum
1395 1769 1454 1796 ista:
1462 1768 1600 1796 orationes

816 1815 892 1843 facta:
905 1818 1075 1846 asseruntur,
1083 1818 1140 1841 tum
1155 1821 1242 1848 neque
1253 1813 1321 1840 Vita:
1334 1819 1500 1846 sanctorum,
1513 1820 1600 1847 neque

816 1861 910 1897 hymni
922 1868 1017 1888 eorum
1035 1859 1110 1887 festis
1126 1859 1317 1887 convenientes
1330 1860 1356 1886 in
1370 1858 1490 1886 Ecclesia
1504 1863 1596 1886 erant:

815 1913 878 1933 nam
898 1907 1003 1940 primus
1014 1905 1130 1933 Carolus
1144 1907 1228 1932 multa
1244 1909 1306 1939 post
1321 1904 1419 1932 saecula
1435 1903 1576 1931 constituit
1589 1911 1597 1929 :

816 1960 880 1988 ergo
895 1952 972 1980 dicte
980 1952 1129 1983 orationes.
1145 1951 1221 1979 festis
1235 1951 1332 1978 diebus
1348 1954 1374 1977 et
1384 1949 1600 1978 solemnitatibus

816 2004 973 2026 sanctorum
996 1997 1199 2030 convenientes,
1225 2004 1280 2024 non
1304 2000 1452 2031 potuerunt
1479 1996 1561 2023 scribi
1584 2003 1600 2022 a

817 2044 946 2079 Gregorio
960 2043 1174 2078 Thaumaturgo,
1189 2043 1236 2077 qui
1252 2042 1337 2069 multo
1348 2041 1475 2068 Carolum
1485 2048 1601 2075 praeces-

817 2094 898 2117 serat.
922 2089 1021 2116 Probat
1046 2093 1216 2124 assumptum
1243 2088 1404 2115 auctoritate
1429 2086 1549 2118 Aimilii,
1574 2089 1600 2112 ct

819 2136 960 2173 Sigeberti.
975 2136 1044 2163 Tum
1056 2137 1113 2171 ipse
1126 2135 1231 2163 infero:
1250 2136 1283 2162 At
1302 2134 1399 2161 falsum
1415 2138 1466 2165 est,
1483 2133 1600 2168 primum

20 2185 158 2220 antipsius
177 2184 299 2220 Gregorii
314 2186 424 2220 scripta,
439 2184 599 2212 consulendi
617 2183 708 2215 amici,
723 2184 764 2211 iu-
780 2187 802 2213 D
816 2183 942 2211 Carolum
964 2183 990 2210 id
1006 2182 1169 2214 instituisse,
1184 2181 1318 2216 quidquid
1334 2180 1462 2207 (Emilius
1477 2185 1504 2207 et
1521 2179 1599 2214 Sige-

19 2239 57 2258 ces
70 2232 224 2263 evolvendi.
243 2236 367 2259 auctores
381 2231 432 2266 ipsi
449 2231 645 2266 conquirendi;
661 2236 692 2258 ιιι
703 2231 765 2257 dili-

23 2278 73 2305 ntia
89 2286 143 2306 non
158 2279 239 2310 desit,
256 2286 305 2306 nec
320 2283 419 2305 temere
433 2278 466 2306 de
488 2279 522 2306 iis
552 2286 612 2313 qua:
627 2287 680 2305 non
698 2278 767 2305 vidi-

19 2331 45 2351 us
72 2325 290 2359 pronuntiemus.
310 2333 320 2350 ι
338 2324 430 2359 Neque
445 2332 459 2350 a
476 2323 625 2352 Possevino
637 2325 663 2350 in
677 2325 766 2359 Appa-

22 2378 56 2404 tu,
73 2380 163 2407 neque
176 2380 190 2399 a
208 2372 284 2399 Sixto
303 2376 498 2399 memorantur.
520 2381 529 2396 ι
547 2371 645 2399 Demus
672 2371 768 2399 Riveto

19 2425 39 2443 un
54 2418 275 2445 commemorari.
290 2416 359 2452 Ergo
375 2425 428 2443 non
448 2416 527 2444 sunt?
537 2416 639 2443 Stolida
655 2417 705 2444 ista
722 2425 766 2444 ar—

19 2464 154 2491 mientatio
171 2468 222 2490 est.
237 2463 321 2496 Quasi
338 2470 403 2490 vero
419 2470 479 2496 qua:
502 2470 555 2489 non
568 2466 766 2490 commemora-

20 2509 71 2536 rint
87 2510 190 2544 scripta
205 2509 369 2536 Possevinus
381 2513 408 2535 et
421 2508 524 2539 Sixtus,
540 2516 673 2543 nusquam
690 2510 766 2543 alibi,

19 2559 33 2581 ll
46 2556 119 2582 nulla
134 2556 199 2583 sint.
216 2564 226 2581 ι
246 2555 298 2582 Sed
310 2559 404 2589 postea
418 2554 496 2581 edita:
514 2554 622 2581 fuerunt
636 2554 727 2582 Graece
742 2560 768 2582 et

19 2603 79 2629 ttinc
106 2602 222 2630 Parisiis
246 2610 309 2629 cum
334 2602 406 2629 notis
421 2601 510 2629 Vossii
528 2601 705 2635 Tungrcnsis,
721 2602 767 2636 qui

19 2655 91 2675 erces
118 2648 179 2675 illas
202 2653 335 2683 quantum
360 2652 449 2682 potest
471 2647 652 2674 commendat.
672 2657 682 2672 ι
701 2647 769 2674 Bene

19 2696 36 2718 t.
46 2691 118 2728 Ergo
128 2697 193 2719 sunt
207 2693 259 2719 alia
273 2692 380 2720 laudent
397 2692 497 2726 scripta
510 2691 620 2718 Patrum
633 2700 686 2719 non
697 2700 770 2719 com-

19 2744 139 2766 emorata
155 2747 170 2766 a
185 2738 333 2766 Possevino
349 2743 377 2766 et
388 2738 475 2770 Sixto,
492 2739 602 2773 quando
617 2738 674 2774 jam
694 2738 771 2766 Pari-

24 2793 59 2828 (2)
72 2794 209 2832 Andream
223 2795 357 2829 Rivetum,
366 2800 460 2823 contra
473 2804 553 2832 quem
564 2797 608 2824 diu
621 2802 791 2832 pugnaturus

19 2837 109 2865 imque
123 2829 230 2858 Calvini
244 2832 374 2859 asseclam
391 2829 488 2866 fuisse,
502 2832 612 2860 scimus.
623 2829 671 2859 ἈῘ
679 2831 713 2860 Μ.

818 2231 911 2258 bertus
921 2230 1052 2257 erocitent
1066 2239 1072 2256 :
1087 2236 1152 2264 ergo
1170 2228 1268 2255 falsum
1281 2235 1390 2262 quoque
1404 2226 1456 2253 erit
1472 2226 1521 2252 has
1542 2233 1600 2252 ora-

819 2277 905 2303 tiones
929 2270 1025 2303 dubias
1046 2282 1116 2302 esse.
1141 2273 1198 2301 lmo
1222 2277 1310 2300 certas
1333 2277 1413 2307 atque
1436 2271 1601 2299 indubitatas

818 2330 878 2350 esse
893 2322 1035 2353 evincitur,
1051 2328 1112 2348 cum
1125 2324 1198 2347 certe
1212 2324 1293 2353 atque
1312 2318 1461 2346 indubitate
1488 2317 1601 2344 demou-

821 2373 934 2401 stretur,
952 2372 1014 2395 ante
1029 2367 1157 2395 Carolum
1179 2366 1314 2393 orationes
1335 2371 1361 2392 et
1379 2366 1494 2401 hymnos
1511 2365 1537 2392 iu
1553 2372 1600 2393 so-

819 2415 1004 2442 lemnitatibus
1023 2419 1191 2446 sanctorum,
1211 2416 1238 2439 et
1260 2412 1294 2439 ab
1315 2412 1375 2446 ipso
1390 2411 1528 2447 nascentis
1546 2411 1599 2438 Ee~

819 2461 908 2489 clesia:
930 2459 1042 2488 exordio
1065 2460 1092 2486 in
1114 2458 1235 2486 Ecclesia
1265 2458 1421 2492 frequentes
1446 2457 1539 2484 fuisse.
1568 2456 1601 2484 Et

819 2507 926 2535 Iudaeos
942 2507 1015 2541 ipsos
1034 2514 1068 2533 ex
1088 2510 1180 2533 vetere
1195 2505 1305 2532 Patrum
1323 2504 1495 2532 institutione
1514 2504 1601 2539 legiti-

821 2555 873 2582 mis
889 2553 1082 2589 praatinitisque
1103 2553 1199 2580 diebus
1216 2559 1249 2579 ex
1268 2551 1324 2586 lege
1348 2556 1374 2578 et
1397 2550 1535 2586 prophetis
1561 2550 1600 2576 le-

819 2601 922 2629 ctiones
940 2601 1053 2628 recitare
1079 2600 1261 2631 consuevisse,
1277 2599 1357 2626 tradit
1386 2597 1504 2625 Isidorus
1528 2597 1574 2624 lib.
1592 2605 1600 2624 |

820 2647 859 2674 De
868 2646 1050 2674 ecclesiasticis
1070 2646 1153 2680 ofﬂa,
1170 2654 1229 2680 cap.
1250 2645 1292 2677 10,
1308 2643 1456 2678 probatque
1471 2642 1601 2669 Rabauus

820 2693 929 2720 Maurus
943 2692 990 2719 lib.
1022 2699 1041 2718 ιι
1060 2691 1099 2718 De
1120 2692 1234 2718 institut.
1257 2690 1357 2723 cleric.,
1372 2697 1431 2724 cap.
1453 2689 1478 2716 5.
1495 2687 1602 2716 Lectio-

822 2746 887 2766 num
905 2738 1028 2765 meminit
1047 2737 1178 2772 Origenes
1199 2742 1290 2763 contra
1307 2735 1411 2764 Celsum
1435 2735 1480 2762 lib.
1494 2742 1538 2768 ιιι,
1554 2733 1600 2761 5οε
1643 2751 1645 2753 -

815 2803 856 2827 est
868 2798 993 2832 Allatius,
1010 2797 1119 2825 doctum
1154 2796 1303 2830 hominem,
1321 2796 1368 2824 sed
1387 2795 1501 2831 rigidum
1526 2802 1601 2822 acer~
