1844 3047
278 125 342 151 l‘lll

717 123 841 152 LEONIS
860 124 975 151 ALATll
997 123 1157 151 DIATRIBA
1178 123 1220 151 DE
1240 123 1444 152 THEODORIS.
1773 123 1802 150 lill

277 185 349 220 ’(ὶρα
363 183 393 218 δὴ
407 183 453 210 καὶ
466 184 494 209 ὲν
507 183 608 215 τούτοις
621 183 681 210 τινα
688 183 787 219 τρόπον
798 184 872 219 ἡμᾶς
888 191 1029 217 συκοφαντε

1090 183 1213 212 lCanone
1234 184 1360 218 paschali,
1376 183 1419 210 ubi
1437 182 1566 209 lectiones
1578 182 1802 214 llujUSillOdiillt‘t‘iiﬂ4

276 229 404 265 ἐξομηιῶν
419 230 475 260 τοῖς
487 230 516 255 ἐν
530 230 590 260 ταῖς
602 229 714 265 ἀγοραῖς
723 229 758 256 τὰ
773 229 982 265 ἀπορῤητὸτατα
997 230 1058 255 ἑπι-

273 274 456 310 δεικνυμένοις
472 274 518 300 καὶ
538 274 690 310 ἀγείρουσι·
715 276 782 301 ποῖα
801 275 830 311 δὲ
850 273 1058 310 ἀπορρητότατα

273 319 490 355 ἐπιδεικνύμεθα,
504 319 520 355 ἢ
534 319 562 346 τί
573 319 677 352 τούτοις
685 320 874 356 παραπλήσιον
887 320 1055 355 πράττομεν;

272 367 296 392 οἱ
319 366 366 393 καὶ
381 366 414 393 δι’
428 366 649 401 ἀναγνωσμάτων
659 386 666 399 ,
694 367 741 393 καὶ
755 366 798 392 διὰ
812 366 865 393 τῶν
879 367 919 398 εἰς
934 366 968 392 τὰ
987 365 1056 392 αὖτά

271 412 420 448 διηγήσεων
439 412 638 448 προτρέποντες
661 412 709 448 μὲν
730 413 775 439 ἐπὶ
792 412 840 448 τὴν
861 413 900 444 εἰς
920 412 965 439 τὸν
989 411 1055 438 Θεὸν

270 457 322 484 τῶν
333 458 401 484 ὅλων
411 457 560 492 εὐσέϐειαν,
570 459 617 486 καὶ
627 458 675 490 τὰς
683 457 746 484 συνθ
751 457 842 493 ρόνοκ
848 458 934 494 ταύτῃ
943 456 1052 492 ἀρετάς.

273 513 282 529 ι
302 503 368 531 Vide
384 504 521 539 quomodo
538 505 563 531 in
576 505 618 532 his
629 511 739 539 quoque
751 503 840 531 verbis
853 503 990 530 calumnia
1002 510 1052 530 nos

269 551 377 584 atiiciat,
394 559 464 586 quos
481 559 544 578 cum
560 540 779 583 circulatoribus,
792 550 878 585 turpia
894 553 921 577 et
935 549 1051 576 nefanda

268 597 295 624 in
307 597 366 624 foro
378 597 592 632 proponentibus
603 601 754 632 comparat.
771 596 839 630 Quae
854 604 919 624 vero
933 595 1050 624 nefanda

268 643 466 678 proponimus?
476 647 525 670 aut
539 643 604 678 quid
620 642 829 678 facimus,quod
844 642 877 669 ad
895 641 1050 677 hujusmodi

268 689 407 716 hominum
424 689 621 724 impudentiam
636 689 747 716 accedat
760 689 771 715 ?
787 696 852 722 nos,
866 688 989 723 inquam,
1003 686 1049 722 qui

267 740 314 767 per
329 732 469 766 lectiones,
482 738 508 760 ct
523 740 570 768 per
580 741 676 760 earum
696 733 944 767 interpretationes,
961 733 1049 760 homi-

266 785 314 804 nes
334 777 367 804 ad
382 778 508 813 pietatem
522 786 585 814 erga
602 778 724 806 omnium
742 787 833 806 rerum
852 779 948 812 Deum,
962 780 1044 806 virlu~

265 827 359 858 tesque
378 832 438 860 qum
454 825 562 852 easdem
574 830 656 860 atque
670 826 755 861 pietas
777 825 854 853 sedes
865 825 975 856 habent.
986 825 1049 852 hor-

265 872 365 895 tamur.
382 878 391 894 ι
409 868 474 896 Vide
490 869 610 904 ejusdem
627 869 664 896 De
679 870 887 905 eugastrimytlto
907 877 1046 897 commcn-
1064 869 1085 896 Β

265 913 363 941 larium
383 914 421 949 (5)
446 914 471 941 in
494 915 638 950 principio.
665 915 780 943 Sanctus
811 916 979 950 Augustinus
1008 916 1046 951 (in

264 959 377 995 prologo
396 961 428 987 ad
454 965 585 988 tractatus
610 961 686 996 suos)
709 961 734 988 in
757 961 906 996 Epistulam
931 961 1045 996 primam

261 1005 376 1034 Joannis
390 1007 447 1034 ait:
466 1017 475 1033 ι
496 1006 548 1035 Sed
564 1008 629 1042 quia
649 1007 807 1043 interposita
825 1011 865 1036 esi
888 1008 1046 1036 solemnitas

261 1057 418 1078 sanctorum
449 1052 573 1085 dierum,
597 1053 697 1087 quibus
723 1058 812 1081 certas
838 1061 870 1080 ex
900 1053 1045 1089 Evangelio

260 1098 390 1125 lectiones
402 1102 508 1133 oportet
523 1099 550 1126 in
576 1098 696 1126 Ecclesia
718 1099 836 1132 recitari,
853 1107 913 1135 qme
929 1099 964 1127 ita
982 1105 1044 1128 sunt

260 1150 367 1176 annuae,
390 1148 420 1170 ut
442 1143 501 1170 aliae
520 1151 580 1171 esse
597 1152 650 1172 non
667 1144 790 1180 possint;
805 1145 872 1172 ordo
893 1144 946 1177 ille,
963 1153 1043 1179 quem

259 1195 485 1223 susceperamus,
510 1189 672 1216 necessitate
701 1189 840 1223 paululum
872 1189 1044 1218 intermissus

258 1238 309 1266 est,
326 1242 380 1260 non
396 1235 523 1261 omissus.
538 1244 546 1260 ι
561 1233 632 1261 idem
651 1234 677 1261 in
689 1243 815 1263 sermone
827 1235 864 1271 (ν,
879 1236 948 1272 l)de
959 1237 1044 1264 lueta-

259 1278 332 1304 tione
342 1277 435 1305 Jacobi
450 1286 456 1304 :
472 1288 481 1304 ι
501 1279 558 1306 Istae
572 1279 714 1313 lectiones,
735 1288 796 1315 quas
813 1281 889 1309 vobis
906 1281 1041 1316 leguntur,

258 1324 380 1358 nunquid
400 1325 481 1352 modo
496 1326 614 1360 primum
633 1325 709 1353 vobis
722 1325 858 1361 leguntur,
878 1332 906 1355 ct
916 1337 970 1356 non
988 1337 1041 1356 em—

257 1369 317 1396 dem
335 1370 456 1405 quotidie
470 1374 645 1406 repetuntur?
660 1373 737 1401 Sicut
751 1378 840 1401 autem
852 1374 982 1402 lectiones
992 1374 1038 1403 Dei

257 1416 376 1451 quotidie
391 1425 460 1452 opus
477 1424 529 1452 est,
544 1424 572 1447 ut
589 1415 805 1455 repetanturfne
820 1422 912 1449 saeculi
925 1422 996 1449 mala
1013 1427 1040 1449 et

256 1462 340 1497 spina:
363 1469 513 1492 nascantur
537 1465 562 1492 in
585 1467 715 1494 cordibus
742 1467 850 1500 vestris,
874 1472 901 1494 et
923 1468 1040 1495 ell'ocent

255 1517 347 1537 semen
384 1511 455 1545 quod
480 1511 518 1538 ibi
547 1513 710 1540 seminatum
736 1518 794 1546 est;
816 1514 856 1542 sic
884 1519 992 1549 oportet
1014 1521 1039 1542 ct

254 1562 407 1582 sermonem
424 1555 469 1583 Dei
485 1556 561 1583 vobis
573 1565 681 1592 semper
696 1559 791 1592 repeti,
806 1566 839 1585 ne
849 1559 925 1586 obliti
941 1559 1038 1587 dicatis

255 1608 302 1628 vos
322 1610 374 1628 non
394 1602 519 1634 audisse,
542 1603 613 1637 quod
633 1603 750 1631 dii-imus
773 1612 823 1631 nos
850 1605 964 1632 dixisse.
981 1615 990 1631 ι
1007 1605 1039 1632 Ει

253 1654 380 1674 sermone
396 1647 412 1673 5
428 1648 453 1674 in
472 1648 515 1675 die
528 1647 717 1676 Pentecostcs:
731 1659 739 1674 ι
759 1649 910 1677 Adventum
922 1649 1039 1685 Spiritus

253 1693 340 1719 sancti
368 1693 553 1720 anniversaria
585 1694 731 1721 festivitate
759 1695 939 1724 celebramus.
970 1696 1038 1724 lluic

253 1737 381 1764 solemnis
397 1739 581 1774 congregatio,
596 1740 725 1766 solemnis
737 1740 825 1773 lectio,
835 1741 962 1769 solemnis
979 1751 1037 1769 ser-

253 1791 297 1809 mo
314 1783 436 1811 debetur.
447 1793 455 1807 ι
473 1782 619 1818 Crsgorius
634 1781 871 1818 Nyssenusoratﬂ
892 1787 991 1822 (initio)
1005 1789 1037 1816 dc

251 1825 420 1855 Resurrrect.
431 1828 530 1855 Christi
541 1837 546 1854 :
558 1830 659 1861 Παντες
670 1830 728 1865 μὲν,
739 1832 884 1867 ἀγαπητοὶ,
895 1833 932 1865 ὡς
941 1834 1035 1867 εἰπεῖν,

250 1873 425 1908 ἀποδέχονται
440 1873 489 1909 τὴν
503 1875 532 1900 ὲν
545 1875 670 1912 κυριακῇ
692 1877 768 1904 νυκτὶ
786 1879 850 1913 παρ’
865 1879 942 1914 ἡμῶν
963 1881 1037 1917 εἰση-

249 1919 378 1953 γηθεῖσαν
392 1920 528 1955 ἁρμοδίως
542 1921 595 1948 τῶν
609 1923 688 1957 ἱερῶν
700 1923 871 1958 Εὑαγγελίων
884 1926 1035 1960 ἀνάγνωσιν

249 1964 313 1998 περὶ
327 1964 376 1999 τῆς
393 1965 566 1998 ἀναστάσεως
576 1967 622 1994 τοῦ
636 1969 753 2003 μεγάλου
768 1969 834 1996 Θεοῦ
849 1971 895 1997 καὶ
910 1971 1035 2008 Σωτῆρος

248 2009 327 2045 ἡμῶν
346 2010 431 2045 Ἰησοῦ
453 2012 581 2048 Χριστοῦ,
606 2023 614 2039 ι
633 2014 734 2042 Omnes
757 2016 865 2050 quidem
892 2025 1034 2052 propemo-

248 2055 323 2088 dum,
337 2056 438 2090 dilecti,
452 2059 603 2093 approbant
621 2060 762 2088 lectionem
786 2069 925 2090 sacrorum
946 2063 1033 2091 Evan-

247 2101 392 2135 geliorum,
409 2112 470 2138 quae
490 2112 505 2131 a
524 2104 604 2132 nobis
629 2110 708 2132 nocte
728 2106 866 2135 Dominica
891 2110 1033 2136 commode

248 2146 299 2173 fuit
313 2147 466 2176 introducta
487 2149 520 2176 de
541 2151 740 2178 resurrectione
761 2154 850 2188 magni
866 2154 911 2181 Dei
931 2159 958 2182 et
973 2155 1031 2182 Sal-

248 2193 350 2220 vatoris
369 2194 454 2221 nostri
467 2193 530 2221 Jesu
543 2194 656 2223 Christi.
673 2206 682 2223 ι

283 2249 382 2277 Scribit
393 2250 590 2286 Philostorgius
605 2253 663 2288 (lib.
680 2262 720 2286 Ill,
745 2255 762 2281 5
773 2254 781 2290 )
792 2255 970 2291 Theophilum
987 2257 1029 2284 ln-

245 2296 310 2323 dum
331 2297 448 2331 legatum
460 2305 475 2324 a
489 2298 648 2327 Constantio
661 2300 786 2334 missum,
802 2302 835 2329 ad
853 2302 967 2336 Divaaos,
981 2305 1028 2339 qui

251 2341 306 2369 Indi
327 2347 421 2374 erant,
451 2344 616 2378 profectum,
631 2347 715 2374 multa
732 2356 792 2382 quae
809 2353 871 2376 ante
893 2350 962 2384 apud
980 2358 1028 2378 eos

246 2387 318 2414 haud
335 2388 386 2415 rite
404 2388 503 2416 ﬁebant
520 2392 690 2423 emendasse,
701 2397 727 2419 ct
740 2393 808 2420 inter
820 2395 883 2427 alia,
901 2396 972 2429 quod
990 2396 1027 2423 illi

245 2433 368 2460 sedentes
376 2433 678 2471 lectionesevangelicas
685 2439 898 2468 audiebant.Kal
905 2441 958 2476 γὰρ
966 2442 1028 2468 καο-

247 2478 371 2513 εζόμενοι
389 2480 441 2506 τῶν
454 2481 637 2516 εὐαγγελικῶν
656 2485 876 2523 ἀναγνωσμάτων
888 2487 1027 2514 ἐποιοῦντο

243 2524 293 2560 τὴν
309 2524 449 2560 ἀκρόασιν.
469 2537 478 2552 ι
491 2526 613 2564 Namque
624 2531 748 2558 sedentes
760 2533 922 2568 evangelicis
934 2534 1026 2559 lectio-

244 2571 324 2598 nibus
338 2580 417 2600 aures
433 2574 597 2608 praebebant.
620 2585 629 2602 ›
648 2576 779 2605 Observat
790 2578 906 2606 Jacobus
922 2579 1026 2606 Gothi).

243 2615 333 2645 fredus
350 2619 396 2653 (in
418 2621 481 2647 adn.
505 2621 537 2648 ad
561 2621 613 2649 loc.
629 2622 688 2656 cit.)
705 2632 711 2649 :
730 2633 739 2649 ι
758 2623 788 2650 Ει
806 2632 867 2651 cum
882 2624 1026 2658 Evangelia

243 2661 404 2696 legerentur,
422 2673 536 2700 quorum
554 2671 630 2694 stata?
649 2668 730 2694 etiam
749 2674 882 2704 certthue
897 2669 1026 2696 lectiones

243 2705 431 2742 [ἀναγνώσεις,
455 2711 626 2747 ἀκούσματα]
643 2714 830 2748 erant(cujus
851 2715 889 2742 rei
905 2715 1027 2742 luculen-

244 2755 299 2778 lum
329 2753 398 2780 inter
430 2755 482 2782 alia
508 2757 692 2784 testimonium
721 2762 810 2785 exstat
836 2759 861 2785 in
891 2759 1025 2794 Hippolyti

1106 238 1174 257 arca:
1187 230 1307 257 laterculi
1319 234 1394 256 static
1405 229 1589 263 designantur,
1602 229 1632 255 de
1643 237 1689 263 quo
1698 230 1754 264 plene
1763 232 1786 257 alil

1107 281 1182 303 certo
1197 283 1302 311 quoque
1318 275 1437 310 corporis
1459 275 1552 302 habitu
1567 274 1699 301 Christiani
1714 275 1733 301 in
1746 278 1802 303 επιιιη

1106 319 1182 348 fuere
1198 329 1204 347 :
1227 328 1322 355 nempe
1339 321 1410 348 enim
1428 329 1442 347 a
1460 321 1596 348 stantibus
1620 319 1776 356 Erangeliorum
1788 323 1802 349 ι

1106 367 1211 394 ctiones
1225 367 1312 393 audiri
1325 367 1487 401 oportuisse,
1511 367 1555 393 hic
1563 366 1719 401 Philostorgii
1728 367 1776 394 locus
1785 369 1802 393 ia-

1105 411 1187 439 dicat.
1209 422 1218 438 ι
1233 411 1265 438 Ει
1276 420 1308 439 ex
1325 412 1468 439 Sozomcni
1484 412 1556 439 libro
1571 420 1619 443 vn.
1633 420 1687 446 cap.
1702 413 1803 441 i9.n0uln

1105 458 1162 485 Sola
1171 458 1352 486 Alexandrina
1365 458 1485 486 Ecclesia
1494 458 1649 493 episcopum
1659 459 1803 486 Alexandrinum

1104 505 1167 532 dum
1191 505 1363 540 Evangelium
1390 506 1569 539 recitaretur,
1597 514 1647 533 non
1673 507 1794 534 aSSlll'nlliirr

1102 550 1182 578 Ξένον
1198 552 1225 578 δὲ
1241 553 1352 579 κάκεῖνο
1376 554 1441 589 παρ’
1461 552 1660 588 Ἀλεξανδρεῦσι
1679 553 1760 584 τούτοις
1774 554 1804 578 ‘m

1103 599 1311 633 γινωσκομένων
1338 599 1391 635 γὰρ
1415 599 1469 626 τῶν
1497 599 1682 633 Εὐαγγελίων,
1704 600 1740 626 οἰκ

1102 652 1197 670 σταται
1225 644 1371 676 ἐπίσκοπος
1382 666 1388 676 ,
1402 645 1416 671 ὃ
1443 646 1506 681 παρ’
1520 645 1611 677 ἄλλοις
1629 645 1680 671 οὔτ’
1693 645 1764 679 ipim,
1778 646 1800 670 tl:

1100 689 1215 725 ἀκήκοα.
1231 699 1240 715 ι
1256 689 1359 717 Novum
1375 695 1401 717 et
1411 690 1474 717 illud
1484 691 1555 725 apud
1566 690 1671 718 eosdem
1682 691 1805 718 Alexandrina

1100 740 1157 769 est,
1172 736 1244 770 quod
1260 736 1419 771 episcopus,
1448 736 1512 763 dum
1542 737 1669 764 recitatur
1683 737 1804 772 Evangdinm.

1101 788 1155 808 non
1168 788 1309 818 assurgat,
1328 783 1400 817 quod
1423 784 1492 818 apud
1515 784 1586 811 alios
1600 791 1707 819 linquam
1719 784 1805 818 lierirqn

1100 829 1160 855 dem
1185 836 1272 864 neque
1293 830 1412 863 comperi
1433 838 1521 864 neque
1544 830 1644 857 audivi.
1668 839 1676 855 ι
1703 830 1804 856 ΑΜθωῦ

1097 876 1190 902 eodem
1217 875 1368 903 Sozomeno
1383 876 1452 911 (loc.
1469 876 1528 911 cit.)
1544 884 1551 902 :
1574 875 1676 911 Ταύτην
1690 875 1712 903 δὲ
1723 875 1755 910 τὴν
1768 876 1804 909 iam

1099 919 1188 955 βίϐλον
1212 920 1391 954 ἀναγινώσκει
1417 920 1509 948 ἐνθάδε
1539 920 1619 955 μόνος
1642 922 1654 947 ὁ
1679 913 1802 955 egeam

1098 966 1173 1002 παρὰ
1182 966 1210 992 δὲ
1225 966 1323 999 ἄλλοις,
1337 966 1463 993 διάκονοι·
1479 967 1507 994 ἐν
1525 967 1636 999 πολλαῖς
1650 966 1674 993 δὲ
1691 965 1803 1000 Ἐκῖιι.ητίικ.

1096 1012 1120 1037 οἱ
1140 1012 1220 1047 ἱερεῖς
1238 1011 1321 1046 μόνοι·
1334 1013 1362 1038 ἐν
1378 1012 1406 1038 δὲ
1417 1013 1563 1048 ἐπισήμοις
1579 1012 1700 1048 ἡμέραις,
1714 1012 1802 1039 ἐπέπιες

1096 1057 1132 1090 ὡς
1148 1058 1176 1084 ὲν
1190 1058 1472 1086 Κωνσταντινουπόλει
1493 1058 1563 1085 κατὰ
1579 1059 1626 1094 τὴν
1640 1058 1732 1094 πρώτην
1748 1057 1803 1092 iui—59:2

1096 1104 1144 1140 τῆς
1160 1105 1343 1139 ἀναστασίμου
1357 1105 1463 1141 ἑορτῆς.
1483 1115 1492 1131 ι
1509 1105 1588 1133 Hunc
1617 1106 1690 1132 etiam
1703 1112 1775 1131 sacrum
1783 1112 1803 1128 or

1095 1151 1180 1178 dicem
1195 1151 1239 1178 hic
1252 1151 1315 1186 legit
1331 1152 1406 1179 solus
1414 1152 1635 1184 archidiaconus,
1650 1150 1711 1184 apud
1720 1150 1804 1177 aliusue

1094 1198 1203 1226 diaconi
1233 1197 1259 1224 in
1282 1200 1374 1228 multis
1393 1200 1474 1227 etiam
1496 1199 1627 1227 Ecclesiis
1643 1199 1685 1226 soli
1699 1197 1802 1225 sacerdote.

1094 1244 1190 1274 diebus
1205 1253 1294 1275 autem
1323 1247 1490 1274 solemnibus
1514 1246 1650 1281 episcopi,
1671 1250 1696 1272 ut
1708 1245 1801 1272 Consum:-

1094 1293 1184 1326 nopoli
1198 1294 1285 1328 primo
1299 1294 1342 1321 dic
1359 1293 1493 1327 paschalis
1505 1293 1689 1320 solemnitatis.
1708 1301 1714 1316 ι
1727 1290 1802 1323 Lemn-

1094 1340 1157 1368 til'ex
1178 1340 1204 1366 in
1220 1338 1423 1373 sermone(vl.i
1441 1339 1450 1372 )
1469 1339 1494 1365 in
1505 1337 1678 1373 Epiphaniam
1691 1346 1697 1363 :
1711 1335 1802 1368 «Qumuﬁi

1092 1394 1156 1421 ergo
1172 1385 1291 1414 narratio
1309 1385 1471 1420 evangelica:
1489 1383 1614 1411 lectionis
1627 1383 1683 1410 illos
1700 1381 1801 1417 propriae

1092 1436 1201 1459 censeat
1211 1431 1279 1464 dies,
1292 1431 1319 1458 in
1331 1431 1431 1466 quibus
1440 1435 1494 1458 tres
1505 1430 1567 1463 viri,
1578 1438 1645 1465 quos
1656 1437 1698 1455 nec
1709 1425 1801 1463 propilliili

1092 1477 1245 1512 praedicatio
1261 1477 1406 1510 docuerat,
1423 1484 1473 1503 nec
1486 1475 1640 1503 testiﬁcatio
1653 1474 1710 1509 legis
1723 1474 1800 1500 lnslrUlt'

1092 1527 1142 1554 rat,
1156 1523 1188 1550 ad
1206 1523 1423 1557 cognoscendum
1438 1522 1523 1550 Deum
1547 1531 1563 1549 a
1586 1520 1744 1549 remotissima
1753 1518 1799 1544 Oxidr

1091 1569 1124 1596 tis
1141 1572 1216 1602 parte
1233 1572 1380 1600 venerunt;
1403 1568 1454 1595 hoc
1467 1568 1536 1594 idem
1555 1571 1643 1594 tamen
1657 1570 1680 1593 et
1695 1563 1801 1592 maniltsue

1091 1622 1162 1641 nunc
1185 1619 1211 1641 et
1230 1614 1368 1649 copiosius
1385 1614 1442 1641 ﬁeri
1456 1614 1484 1640 in
1500 1614 1623 1641 omnium
1640 1616 1763 1639 vocatorum
1772 1609 1800 1634 ill;-

1091 1661 1237 1688 minutione
1253 1661 1441 1696 perspicimus.
1463 1670 1473 1686 ι
1501 1659 1635 1688 Maximus
1649 1656 1796 1686 Taurincnsist

1090 1706 1199 1734 homilia
1221 1715 1247 1733 ιι(
1271 1707 1304 1734 de
1328 1707 1498 1742 Epiphania:
1530 1715 1539 1732 I
1554 1706 1680 1738 Audistis,
1697 1700 1800 1733 l‘ratres,Lr

1089 1753 1204 1780 ctionem
1212 1752 1346 1788 Evangelii
1358 1753 1486 1780 salutaria
1494 1751 1686 1787 prrcscntisdiei
1697 1754 1801 1777 sacrarium

1089 1799 1256 1829 recitantem.
1279 1809 1288 1825 ι
1314 1799 1411 1828 Petrus
1438 1800 1623 1834 Chrysologus
1636 1799 1660 1826 in
1676 1801 1790 1825 scrmenclt

1091 1853 1099 1870 ι
1117 1844 1178 1879 Agit
1189 1846 1329 1872 nobiscum
1345 1845 1430 1878 Deus,
1446 1845 1501 1880 agit
1520 1845 1546 1872 in
1562 1846 1614 1872 hoc
1627 1844 1725 1874 saeculo,
1738 1848 1801 1872 neti“

1087 1890 1165 1916 nobis
1182 1896 1274 1925 pereat
1288 1891 1313 1917 in
1330 1890 1431 1922 futuro,
1448 1890 1518 1917 sicut
1530 1898 1561 1917 ex
1577 1890 1635 1924 ipso
1652 1890 1712 1916 lueet
1723 1884 1800 1921 principii

1086 1936 1219 1963 lectionis.
1237 1946 1246 1962 ι
1263 1935 1294 1963 Et
1309 1937 1334 1962 in
1347 1944 1471 1963 sermone
1486 1944 1529 1962 xvi
1548 1945 1555 1962 :
1574 1945 1583 1960 ι
1601 1933 1692 1970 ΙιιιιιδιιιΙ
1704 1935 1801 1959 cerua-tr

1086 1989 1153 2014 ram,
1170 1982 1268 2017 quibus
1278 1982 1333 2016 jam
1350 1983 1467 2009 humana
1479 1981 1619 2009 defecerat
1636 1987 1708 2010 cura,
1722 1977 1768 2003 sicut
1779 1974 1801 1999 ire

1084 2027 1177 2055 dicrna
1204 2028 1347 2062 probatum
1362 2033 1401 2055 est
1419 2028 1545 2055 lectione.
1566 2037 1575 2054 )
1600 2027 1662 2054 Item
1680 2026 1800 2052 sermJWL

1087 2084 1095 2100 ι
1114 2074 1248 2102 Hodierna
1260 2075 1373 2101 lectione
1393 2074 1487 2102 didicit
1509 2078 1629 2100 attentus
1645 2072 1758 2111 auditor.)
1774 2065 1799 2092 Lv-

1083 2121 1231 2148 clionarius
1241 2121 1283 2148 vel
1297 2120 1394 2148 Comes
1407 2120 1478 2154 apud
1494 2119 1642 2146 Pamelium
1654 2124 1716 2145 tome
1729 2116 1735 2141 l
1749 2114 1798 2140 Lirn-

1081 2167 1162 2201 gicum
1188 2165 1276 2192 editus
1289 2169 1346 2197 est,
1363 2173 1417 2200 quo
1431 2165 1605 2192 continentur
1628 2172 1658 2191 ex
1678 2159 1798 2196 prophetis“

1082 2212 1211 2246 Apostolo
1237 2211 1366 2238 lectiones
1389 2218 1436 2245 per
1453 2214 1537 2238 totum
1559 2209 1623 2237 anni
1646 2206 1771 2236 curriculum
1780 2203 1798 2228 1e~

1081 2260 1182 2292 genite,
1200 2266 1247 2293 per
1261 2259 1352 2286 divum
1376 2258 1570 2294 Hieronymum
1588 2258 1711 2285 collecte.
1732 2258 1751 2280 ul
1770 2248 1798 2275 lli;

1082 2302 1244 2336 Micrologus
1264 2305 1299 2332 De
1327 2305 1418 2332 εει-[ας.
1445 2306 1559 2338 οὔδει-ιη,
1587 2313 1644 2340 cap.
1667 2304 1710 2334 ‘23,
1727 2307 1746 2327 cl
1764 2298 1797 2324 3M1

1078 2350 1188 2384 saepius.
1199 2350 1285 2376 Berno
1302 2349 1444 2384 Angiensis
1458 2349 1494 2376 De
1509 2350 1600 2381 missa,
1613 2347 1742 2375 etJuanncs
1756 2341 1796 2367 lla-ls-

1078 2395 1140 2427 thus
1168 2395 1274 2422 Βαιὶωι.
1288 2394 1368 2422 divin.
1383 2394 1428 2428 o/I‘.
1444 2395 1555 2429 cap)”,
1570 2402 1593 2423 cl
1609 2402 1660 2421 non
1685 2391 1749 2419 multo
1764 2390 1794 2422 ΡΝ

1081 2450 1090 2466 ‹
1105 2440 1221 2467 Musteus
1233 2439 1409 2467 Massiliensis
1425 2439 1552 2467 Ecclesiae
1564 2439 1702 2474 presbyter,
1717 2445 1723 2461 ι
1741 2437 1794 2476 ιιι

1079 2486 1118 2513 dit
1131 2485 1286 2513 Gennadius
1301 2485 1335 2512 De
1346 2485 1517 2519 scriptoribus
1528 2483 1702 2511 CCClesiasticis
1714 2482 1762 2514 (cap.
1772 2475 1794 2500 illi

1080 2541 1088 2557 ‹
1109 2532 1149 2558 vir
1163 2532 1189 2558 in
1207 2531 1307 2558 divinis
1321 2531 1470 2565 Scripturis
1483 2531 1590 2562 doctus,
1605 2535 1630 2556 ct
1644 2529 1668 2555 in
1681 2531 1751 2554 earum

1077 2578 1154 2605 sibus
1180 2577 1357 2605 subtilissima
1383 2577 1499 2612 quadam
1518 2575 1700 2604 exercitatione
1719 2571 1793 2597 limatus.

1078 2624 1168 2658 lingua
1183 2631 1291 2658 quoque
1314 2623 1505 2654 scholasticus,
1525 2623 1631 2650 hortatu
1646 2618 1718 2648 sancti
1732 2615 1793 2663 Vetti”

1077 2670 1207 2704 episcopi,
1222 2670 1358 2704 excerpsit
1381 2669 1414 2695 de
1442 2669 1545 2696 sanctis
1569 2663 1793 2708 Scripturislccuem‘é

1078 2714 1160 2742 totius
1171 2714 1234 2741 anni
1250 2714 1355 2742 festivis
1366 2714 1463 2742 diebus
1478 2719 1566 2749 aptas,
1585 2709 1792 2748 responsoriaellam

1077 2761 1243 2795 psalmorum
1260 2760 1375 2796 capitula
1394 2760 1561 2795 temporibus
1575 2765 1599 2787 et
1617 2755 1792 2787 lectionibttSCOl“

278 2809 317 2849 (β)
330 2809 675 2853 ltillcrprctatus‘estalque
693 2816 776 2853 edidit
793 2817 842 2845 hoc
858 2818 1017 2853 opusculum
1048 2817 1104 2852 ipse
1134 2819 1246 2846 Allalius
1272 2827 1331 2846 cuin
1367 2822 1535 2853 syntagmatc
1553 2816 1698 2845 (lectissime
1711 2811 1792 2839 Dux?"

244 2842 393 2878 slririryﬂm,
403 2842 529 2881 Lugduni
551 2849 626 2876 1929.
633 2842 676 2877 Ἀ,
694 2850 727 2877 Μ.
