1844 3047
26 144 90 172 1215

445 140 570 167 LEONIS
589 138 724 166 ALLATII
743 137 903 166 DlATlllBA
923 136 966 164 DE
986 134 1188 163 TilEODOlllS.

1569 134 1636 161 ΗΜ

21 199 142 233 (ruentia
154 219 162 231 ,
177 199 250 234 quod
266 206 334 234 opus
347 199 403 225 tam
427 198 610 225 necessarium
625 205 639 224 a
654 196 800 224 lectoribus
815 199 837 225 Δ
851 194 929 228 quasi
944 193 998 221 Deo
1012 193 1101 220 dicere
1113 199 1205 219 secum
1221 190 1348 218 invicem.
1368 200 1377 216 ι
1395 190 1465 224 Quid
1480 190 1530 219 iste
1541 197 1636 220 cantus

20 245 45 272 in
60 244 180 271 Ecclesia
193 244 334 278 probatur,
348 248 377 270 ut
392 242 539 277 expetitum
552 246 579 269 et
592 241 798 269 sollicitudinem

20 289 91 316 tollat
103 295 130 316 et
145 297 252 316 moram
263 309 270 321 ,
285 289 410 324 plebique
427 288 531 323 ingerat
551 287 708 320 scientiam,
727 286 798 314 cele-

21 335 163 370 bti.atique
177 335 312 362 decorem.
334 344 343 360 ι
362 334 460 361 Eadem
480 335 577 369 repetit
591 333 727 361 Honorius
743 333 798 360 Au-

19 379 229 413 gustoduncnsis
253 379 291 406 De
318 379 489 413 scriptoribus
503 379 549 414 (ιι,
582 379 627 413 78)
645 378 672 405 in
696 377 797 404 Musazo

20 423 188 451 .‘llassiliensi.
204 423 242 450 De
256 423 405 458 Scripturis
417 423 468 457 legi
486 422 576 450 solitis
592 421 619 448 in
636 420 755 448 Ecclesia
770 424 797 446 ct

19 476 107 496 eormn
116 468 345 502 expositionibus,
356 467 418 494 vide
433 466 572 495 Socratem
585 467 634 494 lib.
644 474 671 500 ν,
680 472 738 500 cap.
749 464 794 496 2‘2,

18 520 41 542 et
53 515 235 550 Nicephorum
249 513 389 541 Callistum
401 513 447 540 lib.
461 521 498 540 xn
509 532 517 545 ,
533 520 593 551 cap.
610 512 654 539 54.
697 526 702 532 ι

49 559 84 587 De
105 559 215 594 hymnis
237 566 344 594 quoque
365 558 498 586 dubitabit
511 557 655 584 ~Rivetus?
680 555 734 584 Nos
748 555 795 590 qui

17 605 126 639 singulis
147 604 226 631 horis
241 604 267 631 in
283 603 366 638 gestis
380 603 514 638 dictisque
528 602 629 630 Christi
641 609 792 633 versamur,

17 651 111 677 scimus
138 649 281 677 Christum
313 654 375 684 post
395 656 501 676 sacram
526 655 633 676 caenam
663 649 792 682 hymnum

16 696 130 723 dixisse:
149 694 309 729 hortarique
325 694 455 727 Paulum,
477 702 486 719 ι
505 698 534 721 ιιι
552 701 603 721 nos
617 693 731 720 invicem
743 693 793 720 do-

16 748 135 773 ceamus,
152 744 236 774 atque
248 747 472 767 commoneamus
491 739 619 774 psalmis,
633 738 752 775 hymnis,
766 743 794 766 et

16 786 121 813 canticis
135 786 324 820 spiritualibus
347 794 462 819 canere,
481 795 490 812 ι
512 786 546 813 ad
560 785 667 812 Coloss.
682 792 728 817 ιιι,
748 784 790 811 16.

17 832 43 858 Et
57 831 88 858 ad
108 830 242 866 Ephesios
269 839 296 862 v,
322 831 379 858 l9:
403 841 411 857 I
432 831 583 867 lmplemini
609 829 726 865 Spiritu,
751 829 791 856 lo-

851 239 941 270 fuerit,
954 239 1053 266 habeat
1067 238 1119 266 sibi
1136 237 1247 264 Rivetus
1262 244 1295 264 ex
1309 236 1435 264 Conrado
1454 236 1633 268 Ritterhusio.

849 289 876 312 ct
890 284 1037 312 Francisco
1060 283 1211 314 Balduino,
1233 290 1302 317 quos
1318 283 1357 309 uti
1380 283 1525 318 proprios,
1547 287 1634 319 magis

847 330 929 357 etiam
943 330 995 357 sibi
1012 329 1144 364 propitios
1156 329 1183 355 in
1202 328 1254 355 hoc
1269 328 1393 364 negotim
1404 329 1633 357 habebit-Carmi-

849 384 881 404 na
896 376 943 403 illa
966 375 1183 403 Christianorum
1204 374 1337 402 trifariam
1361 374 1488 402 distincta
1511 379 1575 403 sunt
1598 376 1633 403 ab

847 421 986 456 Apostolo,
1014 421 1040 448 in
1063 421 1193 456 psalmos,
1213 420 1344 456 hymnos.
1364 425 1391 448 et
1414 421 1480 448 odas
1504 421 1632 456 spiritua-

846 466 900 499 les,
926 474 987 501 qua:
1011 466 1132 494 carmina
1151 466 1220 493 inter
1241 473 1271 493 se
1294 466 1330 492 ita
1351 465 1459 494 diﬂ‘erre
1476 471 1580 502 putant,
1602 472 1631 495 ut

844 513 958 547 psalmis
983 512 1170 547 signiﬁcentur
1189 519 1359 547 qutecunque
1371 520 1455 539 saera:
1474 514 1629 546 conciones,

844 558 926 586 variis
942 558 1110 592 argumentis
1132 558 1260 592 scriptas;
1285 557 1402 592 hymnis,
1428 558 1521 585 laudes
1544 558 1629 585 divini

844 604 964 631 nominis
979 604 1021 631 vel
1041 608 1214 637 sanctorum;
1230 604 1289 631 odis
1301 604 1357 631 sive
1368 604 1493 636 canticis,
1507 605 1628 639 peculia-

844 658 887 676 res
899 650 1021 684 qtuedam
1041 654 1068 677 et
1082 650 1167 684 magis
1191 649 1346 677 artiﬁciosa:
1361 649 1513 681 cantiones.
1529 658 1590 684 quae
1602 655 1629 678 et

843 695 907 730 ipsa:
921 696 1029 730 quidem
1040 697 1197 723 contineant
1213 696 1315 728 laudes,
1326 696 1374 724 sed
1392 696 1549 730 augustiore
1561 704 1627 731 qua-

841 741 903 768 dam
923 746 950 768 et
969 741 1121 769 sublimiori
1146 740 1233 768 forma
1253 741 1440 776 compositae.)
1454 740 1522 770 Tum
1532 742 1628 776 prohat

841 781 1203 822 auctoritateChrysostomi
1217 787 1310 814 homil.
1326 795 1351 814 rx
1369 787 1423 822 (ed.
1435 787 1529 814 Montf.
1544 792 1563 815 ι.
1580 787 1625 820 XI,

841 839 867 865 p.
883 831 946 865 592)
961 831 987 858 in
1005 830 1089 866 Epist.
1116 831 1150 858 ad
1168 832 1274 861 Coloss.
1296 833 1414 867 hymnos
1430 832 1543 867 psalmis
1560 833 1626 867 ipsis

16 881 120 912 quentes
134 877 338 912 vobismetipsis
353 877 379 904 in
397 877 509 912 psalmis
523 881 551 904 et
565 876 673 912 hymnis
688 880 712 903 et
725 883 791 906 can-
809 873 829 900 Β
843 877 1002 904 diviniorem
1029 885 1085 904 rem
1114 885 1174 905 esse
1203 884 1285 913 atque
1314 878 1511 906 sublimiorem.
1538 878 1625 906 Verba

16 924 70 950 ticis
80 923 266 958 spiritualibus
275 944 282 956 ,
295 927 451 956 cantantes,
467 927 494 950 et
505 922 650 958 psallentes
663 922 690 949 in
702 922 790 949 cordi-

16 969 60 996 bus
84 968 180 996 vestris
210 967 335 996 Domino.
357 978 366 994 ι
393 967 604 1004 Chrysostomus
628 968 670 1004 (in
693 967 787 995 Matth.

16 1013 98 1040 homil.
116 1013 221 1048 Lxxxtt)
236 1020 368 1040 enarrans
383 1013 437 1046 illa,
452 1013 484 1040 Et
506 1014 601 1048 hymno
615 1014 695 1045 dicta,
709 1013 789 1040 exivit

16 1058 37 1084 in
47 1064 154 1086 montem
167 1059 281 1086 Oliveti:
297 1069 306 1085 ι
322 1059 440 1091 Gratias,
454 1059 550 1094 inquit,
563 1059 628 1094 agit,
645 1063 787 1094 postquam

16 1103 139 1137 dedisset;
160 1104 291 1140 hymnum
307 1105 416 1136 cecinit,
430 1109 459 1131 ιιι
476 1113 526 1132 nos
539 1112 649 1139 quoque
662 1104 688 1132 id
699 1104 786 1139 ipsum

16 1149 146 1178 tariatnus.
165 1160 175 1176 ι
193 1150 386 1185 Etapostolos,
402 1156 428 1178 et
440 1151 600 1179 subsecutos
618 1150 788 1178 Christianos

16 1195 120 1229 hymnos
132 1204 147 1223 a
164 1205 193 1224 Se
210 1197 388 1231 compositus,
402 1197 441 1224 vcl
457 1197 490 1224 ab
503 1197 594 1232 aliquo
604 1202 696 1224 vatum
711 1202 785 1224 vete-

16 1246 67 1265 rum
89 1239 246 1275 desumptos
266 1241 418 1273 cecinisse,
442 1241 632 1276 cxstitisscque
654 1249 685 1268 ea
708 1245 787 1269 aztate

16 1284 124 1311 rarmina
138 1285 226 1319 prisca
244 1294 321 1313 versu
336 1287 467 1319 trimetro,
483 1291 509 1314 ct
523 1287 637 1321 hymnos
655 1294 716 1313 cum
728 1286 786 1314 suis

16 1330 157 1358 accentibus
171 1331 243 1359 inter
256 1340 333 1359 saera
354 1337 416 1360 ante
430 1333 524 1360 altaria
540 1333 673 1365 canenda,
689 1333 786 1367 probat

17 1376 163 1404 testimoniis
191 1377 301 1406 Patrum
324 1378 441 1407 Joannes
462 1379 614 1414 Stephanus
638 1379 785 1407 Durantius

16 1420 47 1446 De
58 1422 145 1450 ritibus
174 1423 276 1452 Ecclus.
304 1425 414 1457 cat/101.,
430 1426 475 1452 lib.
496 1434 537 1458 ιιι,
557 1434 616 1461 cap.
639 1427 681 1453 Η.
694 1426 726 1453 Ει
752 1434 784 1453 ne

17 1474 58 1493 nos
69 1468 92 1494 in
107 1469 173 1497 adeo
189 1472 279 1505 opima
295 1472 422 1506 lautaque
435 1480 511 1500 cwua
521 1472 606 1508 jejuni
618 1481 678 1500 esse
693 1473 783 1500 videa-

16 1520 76 1546 mur,
89 1515 246 1549 adjiciamus
262 1517 391 1544 nonnulla
402 1526 462 1552 qua:
482 1523 577 1551 erunt,
594 1518 616 1545 si
634 1519 703 1546 ratio
717 1525 783 1546 tein-

16 1559 77 1591 poris
94 1562 286 1595 consideretur,
302 1563 499 1598 antiquissima.
519 1565 594 1591 Philo
608 1564 716 1592 Judazus
735 1565 781 1592 lib.

17 1602 46 1629 De
63 1605 110 1632 t'itu
124 1607 149 1633 in
164 1608 382 1642 contemplatione
397 1610 492 1644 posita,
509 1618 659 1637 sermonem
683 1611 783 1638 habens

17 1648 41 1673 ill!
57 1648 158 1680 Essenis
173 1673 179 1684 ,
194 1653 360 1680 Christianis
384 1654 486 1680 scilicet
501 1654 527 1680 in
549 1655 607 1688 ipso
622 1658 718 1681 exortu
734 1653 783 1681 Ec-

17 1695 98 1728 desire,
112 1702 139 1724 ut
151 1698 304 1726 doctissimi
331 1699 432 1734 quique
452 1700 663 1728 afﬁrmatissime
674 1708 780 1728 asseve-

17 1745 78 1772 runt,
93 1747 117 1768 ct
138 1742 238 1771 Suidas
256 1744 362 1771 titulum
382 1745 495 1779 praebuit
520 1745 556 1772 De
578 1746 631 1773 vita
652 1745 782 1773 Christia-

17 1793 106 1818 eorum,
131 1789 211 1823 cujus
233 1789 314 1816 verba
337 1790 492 1818 referuntur
514 1792 546 1819 ab
568 1791 685 1819 Eusebio
708 1792 780 1819 "ist.

17 1829 65 1855 γει.
80 1830 122 1858 lib.
140 1840 173 1865 ιι,
186 1842 248 1868 cap.
265 1834 307 1865 i7.
322 1836 355 1862 de
366 1843 459 1863 eorum
478 1837 600 1864 ccclesiis
618 1837 715 1865 refert:
738 1839 781 1864 Ἐν

17 1869 29 1905 ἶ)
39 1877 186 1913 μονούμενοι
201 1880 235 1906 τὰ
248 1881 293 1908 τοῦ
310 1882 409 1916 σεμνοῦ
418 1882 472 1917 βίον
491 1884 624 1919 μυστήρια
632 1883 780 1917 τελοῦνται,

17 1921 83 1969 ιιῖξὲν
99 1925 313 1961 εἰσκομίζοντες,
331 1929 367 1964 μὴ
387 1929 475 1961 ποτὸν,
498 1929 535 1965 μὴ
550 1930 641 1959 σιτίον.
660 1931 696 1967 μή
712 1931 741 1958 τέ
754 1940 780 1957 τι

17 1967 56 1991 τῶν
70 1967 159 2001 ἄλλων,
175 1972 228 1998 ὅσα
245 1973 312 2007 πρὸς
328 1973 376 2005 τὰς
392 1974 437 2000 τοῦ
451 1974 575 2010 σώματος
591 1976 685 2010 χρείας
698 1977 781 2010 ἀναγ-

17 2012 80 2044 ιίῖα,
94 2015 157 2042 ἀλλὰ
170 2018 270 2053 νόμους
292 2019 338 2046 καὶ
363 2019 441 2053 λόγια
465 2020 643 2048 θεσπισθέντα
656 2021 698 2048 διὰ
714 2031 780 2057 προ-

17 2058 99 2091 ξητῶν,
111 2062 155 2088 καὶ
168 2063 280 2098 ὕμνους.
302 2074 310 2089 ι
332 2064 358 2091 In
373 2073 427 2100 quo
439 2065 519 2092 illiab
536 2066 596 2094 aliis
610 2067 726 2101 separati
738 2075 779 2097 se.—

22 2104 134 2148 uuctiqne
148 2107 206 2135 vita:
222 2109 273 2143 pire
290 2110 416 2144 mysteria
430 2110 540 2143 obeunt,
553 2111 673 2147 nihilque
689 2119 722 2138 eo
738 2111 779 2138 vel

19 2146 64 2178 Ἵ¹¹ίι
81 2150 118 2176 Vel
133 2153 260 2185 potionis,
275 2154 316 2180 vel
332 2154 447 2181 aliarum
469 2162 570 2188 rerum,
586 2163 646 2190 qtue
668 2155 700 2182 ad
718 2164 779 2183 cor—

20 2193 77 2219 tUI'is
93 2203 167 2224 usum
190 2200 351 2226 necessariae
370 2204 450 2234 sunt,
468 2202 580 2228 omnino
595 2210 686 2229 secum
711 2201 778 2228 inl‘e-
796 2214 816 2241 ι)

19 2242 82 2265 "unt:
109 2243 155 2269 sed
179 2245 252 2279 leges
280 2249 306 2272 et
325 2247 434 2273 oracula
452 2255 465 2273 a
487 2248 626 2282 prophetis
646 2247 776 2274 divinitus

18 2283 80 2328 alita,
94 2286 269 2325 hymnosque.
289 2301 298 2318 ι
316 2292 347 2320 Et
358 2293 426 2319 infra
440 2294 526 2328 magis
539 2299 630 2328 aperte
646 2307 652 2321 ι
670 2293 733 2320 ὡστ’
745 2295 775 2320 οὺ

18 2326 125 2375 ξεωροῦσι
155 2334 250 2368 μόνον,
273 2335 340 2362 ἀλλὰ
370 2337 416 2363 καὶ
444 2326 565 2364 ποιοῦσιν
595 2339 704 2374 ᾄσματα
731 2340 776 2365 καὶ

18 2379 97 2421 ’ξινους
109 2378 148 2410 εἱς
172 2380 217 2407 τὸν
240 2381 305 2408 Θεὸν
326 2382 370 2409 διὰ
395 2384 528 2410 παντοίων
545 2385 651 2420 μέτρων
667 2386 712 2412 καὶ
729 2394 776 2420 με-

18 2422 69 2466 λίξνς
92 2422 201 2459 ῥύθμοις
221 2427 395 2464 σεμνοτέροις
412 2429 566 2463 ἀναγκαίως
583 2431 773 2466 χαράσσοντες.

18 2470 21 2487 ¹
37 2462 67 2510 ¹ξ³
85 2467 160 2501 Plane
181 2480 235 2500 non
260 2462 481 2510 contemplationi
499 2462 630 2505 solum-se
653 2462 774 2510 dedunt,

18 2508 50 2535 Sed
63 2512 137 2542 etiam
153 2519 294 2547 cantiones
311 2525 338 2547 ct
349 2521 465 2556 hymnos
477 2522 510 2548 ad
525 2521 572 2549 Dei
586 2523 692 2550 laudem
704 2531 776 2551 cont-

18 2559 103 2612 ζὶξηξιηι
117 2564 189 2590 Omni
203 2569 354 2607 metrorum
370 2574 402 2593 ac
412 2565 626 2594 modulationum
642 2576 748 2603 genere.
763 2579 772 2594 ι

19 2598 100 2630 Ἶιιιίυδ
116 2606 217 2643 (neque
233 2604 305 2638 enim
329 2612 478 2639 absurdum
503 2612 583 2640 fuerit
603 2615 638 2641 ad
666 2619 777 2644 nostras.

19 2647 47 2669 rs
58 2651 274 2687 romprobandas,
286 2663 319 2682 ex
336 2656 454 2684 inimicis
472 2657 598 2687 Ecclesia:
621 2659 773 2689 testimonia

19 2693 114 2740 Ὺηξετέ)
133 2694 159 2723 in
179 2699 294 2733 epistola
309 2701 342 2727 ad
365 2701 514 2736 Trajanum
534 2703 594 2739 (lib.
609 2712 627 2731 x
639 2725 646 2738 ,
671 2705 716 2740 97)
741 2705 774 2732 dc

24 2733 155 2770 Zl'rislianis
171 2752 178 2770 :
195 2754 204 2770 ι
219 2745 396 2775 Afﬁrmabant
409 2733 499 2776 autem
512 2733 582 2779 hanc
599 2733 683 2779 fuisse
696 2733 772 2779 slum-

19 2786 72 2833 [ιιῖξῐὶ
134 2787 216 2824 culpa:
231 2798 288 2818 sum
303 2793 343 2820 vel
357 2795 457 2821 erroris
467 2815 474 2827 ,
499 2797 571 2830 quod
587 2801 677 2824 essen;
700 2797 775 2824 solm

21 2827 67 2853 ιειιυ
83 2827 123 2858 die
136 2840 194 2863 ante
207 2837 292 2866 lucem
310 2841 463 2869 convenire.
478 2827 643 2876 carmenque
663 2841 772 2871 Christo

797 1541 817 1568 C

839 922 1025 957 Chrysostomi
1040 929 1102 950 sunt
1117 932 1123 949 :
1140 923 1222 950 Ὅταν
1242 923 1348 954 τούτοις
1360 924 1392 950 ὲκ
1412 923 1507 955 παιδὸς
1529 924 1624 960 ὲνάξῃς

839 968 930 1001 αὐτὸν,
947 968 1016 995 κατὰ
1032 969 1128 1004 μικρὸν
1146 969 1192 996 καὶ
1207 969 1252 995 ἐπὶ
1271 968 1305 995 τὰ
1321 968 1473 1005 ὑψηλότερα
1490 969 1562 1001 ἄξεις
1576 979 1582 985 ·
1600 971 1624 996 οε

838 1012 938 1048 ψαλμοὶ
947 1012 1035 1039 πάντα
1049 1013 1161 1048 ἑχουσινλ
1173 1013 1198 1039 οἱ
1211 1013 1239 1039 δὲ
1251 1013 1329 1048 ὕμνοι
1344 1013 1424 1040 πάλιν
1435 1014 1511 1040 οὐδὲν
1521 1013 1625 1050 ἀνθρώ-

839 1067 924 1084 πινοψ
940 1059 1003 1086 ὅταν
1019 1059 1048 1086 ἑν
1063 1060 1119 1091 τοῖς
1134 1059 1251 1094 ψαλμοῖς
1264 1059 1336 1096 μάθῃ
1346 1079 1353 1092 ,
1371 1060 1431 1086 τότε
1455 1061 1502 1087 καὶ
1524 1060 1624 1096 ὕμνους

837 1104 938 1130 εἴσεται
960 1105 1008 1131 ἆτε
1031 1104 1163 1140 οειότερον
1181 1106 1304 1140 πρᾶγμ’
1319 1106 1347 1132 αἱ
1361 1105 1414 1141 γὰρ
1427 1106 1484 1133 ἄνω
1495 1107 1624 1141 δυνάμεις

837 1150 977 1185 ὑμνοῦσιν,
988 1151 1017 1177 οὺ
1028 1150 1181 1185 ψάλλουσιν.
1200 1160 1209 1176 ι
1226 1150 1254 1178 Si
1269 1159 1284 1178 τι
1296 1159 1381 1186 puero
1393 1152 1452 1178 istis
1467 1152 1623 1179 assuefece-

837 1195 875 1222 ris
891 1203 965 1226 eum,
981 1195 1110 1230 paulatim
1125 1199 1152 1222 et
1163 1195 1196 1222 ad
1211 1195 1369 1223 sublimiora
1382 1195 1510 1223 deduces.
1523 1196 1622 1224 l’salmi

836 1241 1052 1275 complectuntur
1065 1241 1167 1268 omnia.
1185 1240 1290 1268 Rursus
1306 1246 1333 1268 et
1348 1241 1441 1276 hymni
1454 1249 1564 1276 quoque
1578 1242 1622 1268 ni-

837 1287 874 1313 hil
892 1286 992 1313 habent
1008 1286 1131 1314 humani.
1151 1286 1227 1319 Quod
1245 1286 1267 1314 si
1293 1287 1321 1314 in
1344 1287 1457 1321 psalmis
1473 1288 1622 1316 instructus

832 1330 926 1363 tfuerit,
941 1336 998 1359 tum
1013 1339 1039 1360 ct
1053 1333 1167 1368 hytnnos
1179 1333 1308 1367 intelliget
1322 1341 1353 1360 ac
1369 1333 1436 1360 sciet
1457 1338 1549 1368 utpote
1564 1341 1620 1362 rem

835 1378 1006 1405 diviniorem.
1024 1377 1130 1405 Etenim
1146 1381 1294 1413 potestates
1310 1386 1414 1413 supera:
1426 1379 1540 1414 hymnos
1556 1387 1621 1406 con-

834 1423 939 1455 cinunt,
955 1431 1008 1450 non
1027 1423 1155 1457 psallunt.
1174 1432 1182 1448 ι
1201 1421 1337 1450 llactenus
1353 1422 1512 1450 Balduinus.

870 1468 1053 1496 Tertullianus
1070 1469 1097 1495 in
1124 1468 1253 1502 Apotog.,
1279 1475 1341 1502 cap.
1367 1468 1416 1500 59,
1438 1468 1471 1495 de
1493 1468 1620 1495 convivio

833 1513 1050 1541 Christianorum
1066 1523 1072 1541 :
1090 1523 1099 1539 ι
1115 1512 1178 1541 Post
1189 1521 1286 1548 aquatn
1299 1513 1451 1540 manualem
1465 1518 1490 1540 ct
1505 1514 1620 1546 luminaI

835 1565 863 1588 ut
882 1561 1007 1596 quisquis
1024 1562 1057 1588 de
1071 1561 1219 1595 Seripturis
1229 1560 1340 1592 sanctis,
1357 1561 1397 1588 vel
1412 1561 1444 1588 de
1458 1561 1568 1595 proprio
1581 1561 1619 1587 in-

833 1607 911 1642 genio
930 1611 1026 1641 potest,
1047 1611 1209 1642 provocatur
1227 1606 1253 1632 in
1266 1606 1384 1633 medium
1401 1605 1455 1632 Deo
1477 1614 1584 1634 canere.
1606 1615 1616 1632 ι

833 1654 898 1680 ltem
919 1654 967 1682 lib.
986 1662 1004 1680 ιι
1017 1653 1054 1688 (in
1073 1654 1136 1687 line)
1157 1653 1196 1680 Ad
1220 1661 1342 1685 uxorem,
1363 1651 1532 1679 Christianos
1557 1659 1618 1679 sese

833 1704 928 1726 mutuo
945 1706 1117 1734 provocasse,
1133 1698 1194 1733 quis
1212 1698 1308 1724 melius
1331 1697 1385 1724 Deo
1410 1704 1461 1723 suo
1483 1701 1592 1724 caneret
1609 1705 1617 1723 :

834 1752 920 1778 neque
935 1743 1022 1771 solum
1040 1744 1066 1770 in
1079 1743 1193 1771 ecclesia
1209 1748 1255 1770 aut
1278 1747 1361 1774 metu,
1381 1741 1428 1769 sed
1455 1742 1481 1768 in
1505 1741 1619 1776 privatis

831 1790 1048 1817 Christianorum
1074 1789 1196 1822 :etlibus,
1217 1790 1336 1824 psalmos
1365 1788 1540 1816 concinuisse
1568 1789 1616 1816 ait.

831 1835 910 1864 Certe
922 1835 948 1861 in
961 1835 1004 1867 iis,
1021 1835 1088 1861 utin
1102 1835 1216 1862 ecclesia
1230 1855 1237 1866 ,
1260 1842 1353 1869 preces
1377 1834 1503 1861 sonuisse
1521 1834 1618 1865 scribit

831 1880 984 1917 Cyprianus
1000 1880 1034 1907 ad
1048 1885 1185 1915 martyres.
1200 1879 1251 1906 Sed
1266 1884 1293 1906 et
1308 1879 1434 1906 Clemens
1457 1879 1617 1906 Alexandri-

832 1935 883 1954 nus
901 1926 948 1954 lib.
962 1935 1000 1953 vn
1016 1926 1086 1961 (cap.
1101 1926 1129 1960 7)
1145 1926 1310 1953 Stramutnm
1327 1925 1429 1952 indicat
1454 1925 1539 1953 moris
1549 1925 1618 1952 fuis—

831 1981 870 2005 δε,
885 1977 915 1999 ιιι
929 1980 991 1999 cum
1005 1973 1094 2000 cibum
1108 1978 1248 2000 sumerent
1260 1971 1417 2003 Christiani,
1431 1971 1528 2006 psalmi
1539 1972 1616 2006 hym-

831 2017 914 2052 nique
928 2008 1116 2052 personarent,
1135 2023 1187 2044 etc.
1207 2017 1264 2044 Erit
1283 2025 1348 2052 ergo
1371 2024 1480 2044 carmen
1506 2023 1614 2048 canere,

832 2063 946 2098 hymnos
976 2063 1002 2089 in
1027 2062 1120 2089 laudes
1143 2062 1226 2089 divini
1251 2063 1368 2090 nominis
1393 2062 1434 2088 vel
1457 2066 1614 2090 sanctorunt

830 2107 1001 2142 conscriptos
1018 2109 1172 2135 concinere.
1197 2108 1309 2141 Auctor,
1326 2108 1372 2144 qui
1396 2109 1447 2135 sub
1463 2108 1615 2135 Commodo

830 2153 964 2180 scribebat
976 2153 1105 2181 adversus
1120 2154 1276 2181 Artentonis
1286 2154 1422 2186 haresim,
1434 2158 1464 2181 ut
1479 2162 1511 2181 ex
1527 2153 1612 2181 Eusc-

831 2197 866 2224 hii
883 2197 1004 2224 llistoria
1017 2198 1174 2228 ecclesiast..
1193 2198 1238 2225 lib.
1252 2206 1279 2230 v,
1292 2205 1351 2232 cap.
1365 2197 1614 2230 27,discimus,sub

832 2244 918 2277 initio,
935 2244 1103 2272 canticorum
1115 2248 1142 2271 et
1155 2244 1315 2280 hymnorum
1332 2245 1358 2271 in
1376 2246 1462 2278 ipsum
1473 2244 1613 2271 Christum

830 2297 844 2316 a
859 2289 982 2317 ﬁdelibus
998 2290 1132 2317 editorum
1147 2289 1272 2317 meminit
1290 2299 1296 2317 :
1314 2290 1422 2325 Ψαλμοὶ
1439 2290 1467 2316 δὲ
1487 2291 1543 2317 ὅσοι
1567 2291 1614 2317 καὶ

829 2335 896 2371 ᾠδαὶ
923 2335 1043 2371 ἀδελφῶν
1073 2336 1118 2362 ἀπ’
1145 2336 1232 2372 ἀρχῆς
1265 2337 1316 2363 ὑπὸ
1345 2337 1445 2363 πιστῶν
1468 2338 1613 2372 γραφεῖσαι

828 2381 875 2407 τὸν
892 2381 977 2415 Λόγον
992 2381 1037 2407 τοῦ
1050 2380 1117 2407 Θεοῦ
1128 2381 1173 2408 τὸν
1191 2381 1308 2416 Χριστὸν
1329 2382 1442 2417 ὑμνοῦσι
1458 2382 1613 2416 θεολογοῦν-

828 2435 881 2458 τες.
903 2435 912 2451 ι
929 2426 1069 2462 Quotquot
1083 2427 1146 2454 itcnt
1163 2427 1258 2461 psalmi
1274 2432 1355 2462 atque
1373 2427 1465 2462 hymni
1479 2428 1513 2454 ab
1534 2427 1612 2454 initio

829 2472 977 2507 (nascentis
987 2481 1082 2508 nempe
1091 2478 1151 2507 post
1159 2472 1296 2501 Christum
1307 2473 1442 2506 Ecclesiae)
1456 2481 1471 2500 a
1482 2473 1612 2500 fratribus

828 2519 986 2553 conscripti,
1003 2519 1029 2545 hi
1045 2526 1140 2547 omnes
1151 2519 1288 2547 Christum
1301 2518 1417 2546 Verbum
1433 2519 1478 2546 Dei
1491 2519 1611 2546 concele-

828 2565 926 2597 brant,
951 2565 1120 2592 divinitatem
1145 2566 1169 2592 ei
1193 2565 1346 2594 tribuendo.
1369 2575 1378 2592 ι
1400 2565 1433 2592 Et
1452 2566 1477 2592 in
1495 2565 1610 2593 concilio

827 2611 998 2639 Antiocheno
1019 2611 1070 2638 sub
1091 2611 1238 2639 Aureliano
1256 2611 1326 2646 apud
1342 2611 1466 2639 eumdem
1489 2610 1527 2638 lib
1562 2618 1610 2643 vn,

828 2666 888 2692 cap.
904 2657 948 2690 30,
963 2657 1032 2684 inter
1046 2657 1098 2684 alia
1111 2658 1226 2685 crimina
1241 2657 1326 2685 Paulo
1344 2658 1522 2685 Samosateno
1535 2657 1611 2692 obje-

827 2708 881 2736 cta,
899 2711 952 2730 non
965 2701 1132 2738 postremtim
1154 2703 1242 2734 locum
1261 2704 1391 2737 obtinuit,
1411 2711 1472 2731 eum
1490 2704 1611 2738 psalmos

826 2754 852 2776 et
866 2753 973 2781 cantus,
989 2743 1034 2783 qui
1050 2749 1083 2776 ad
1095 2756 1144 2776 sua
1160 2754 1279 2784 tempora
1289 2750 1314 2776 in
1330 2750 1472 2777 Dominum
1486 2754 1609 2778 nostrum

827 2795 934 2823 recitari
956 2787 1274 2830 solebattt,'explosisse,
1293 2801 1321 2823 et
1342 2797 1368 2822 in
1393 2795 1480 2823 media
1495 2794 1609 2822 ecclesia

827 2843 939 2872 solemni
957 2841 1096 2871 Paschalis
1114 2843 1157 2871 die
1173 2843 1316 2877 mulieres,
1336 2851 1395 2878 qurc
1417 2843 1567 2874 cantilenas
1584 2843 1614 2873 in
