1844 3047
16 90 68 120 217

423 99 544 128 LEONIS
561 101 697 130 ALLATII
718 103 877 132 DIATRIBA
897 105 940 133 DE
961 107 1167 136 THEODORIS.

1557 116 1623 145 ma

16 155 156 189 iterposita
177 163 263 191 mora,
285 163 364 186 nocte
375 154 650 194 quadam~tumultum
667 164 776 192 faciunt.
794 168 813 195 A
828 174 887 201 cap.
901 166 935 194 l7
950 178 955 194 :
973 178 982 194 ι
1011 168 1079 196 Vitae
1094 169 1204 198 Patrum
1229 172 1288 200 sine
1315 174 1501 209 probabilibus
1523 185 1623 207 aucto-

18 199 72 226 riso
85 200 264 235 imperatricis
277 206 420 233 eunuchus
430 227 437 240 ,
451 208 496 242 qui
514 214 604 242 partes
630 211 785 238 canentium

16 252 115 279 ymuos
133 247 165 274 ad
185 251 448 279 commendationem
471 254 530 281 ﬁdei
553 257 785 284 consubstantialis

16 292 122 322 rebatur
139 313 146 325 ,
175 294 262 329 lapide
282 296 307 322 in
333 296 421 325 fronte
442 301 601 334 percutitur.
623 301 786 330 interierunt

16 337 75 364 .iam
95 339 238 374 utriusque
260 343 344 376 partis
368 345 491 372 nonnulli
508 346 540 373 de
553 348 663 382 populo.
679 348 784 381 Quibus

16 385 76 412 rbus
93 386 240 421 imperator
253 390 400 418 admodum
418 400 589 424 commotus.
609 395 717 422 Arianis
742 396 783 422 in-

16 431 108 459 :rdixit
134 441 167 460 ne
179 434 293 470 hymnos
305 436 331 463 in
343 438 450 471 publico
460 444 610 467 cantarent.
623 441 709 476 Atque
725 442 781 469 haec

16 477 103 505 uidem
129 479 181 507 hoc
198 482 280 508 modo
297 489 371 517 gesta
399 489 472 512 sunt.
496 485 555 512 Jan)
580 494 644 514 vero
658 488 781 516 dicamus

16 522 83 555 iam,
97 525 168 552 unde
182 529 350 556 consuetudo
366 529 538 565 hymnorum,
552 533 597 566 qui
618 535 648 561 in
663 534 777 562 ecclesia

20 570 105 596 ternis
120 570 311 605 decantautur,
338 575 446 602 initium
465 578 576 611 Ceperit.
593 577 710 613 lguutius
723 580 779 607 An-

16 613 114 647 ochize,
132 624 193 650 qua:
211 622 252 644 est
268 619 294 645 in
313 619 389 655 Syria
400 641 407 653 ,
424 622 519 650 tertius
532 631 547 650 a
563 623 642 651 Petro
655 627 777 660 apostolo

16 657 144 694 iiscopus,
158 662 278 696 quicum
293 666 423 699 apostolis
440 667 507 701 ipsis
524 669 638 696 multum
653 676 776 700 versatus

16 708 45 735 at,
62 705 196 734 visionem
214 709 279 736 vidit
293 711 452 745 angelorum
475 718 596 741 sanctam
615 715 774 744 Trinitatem

16 750 96 777 {mnis
119 752 225 780 alterna
249 755 308 782 vice
321 757 473 786 decantatis
499 761 732 796 collaudantium,
748 769 774 791 et

17 803 102 822 rinam
121 799 238 826 canendi
254 800 281 827 in
297 809 327 828 ea
343 802 449 831 visione
470 812 626 840 expressam
647 807 773 837 Ecclesiae.

16 840 163 870 ntiochcnae
179 845 299 874 tradidit.
320 847 397 875 Unde
411 849 455 877 illa
473 852 583 880 traditio
602 853 628 880 in
648 855 774 883 omnibus

16 886 116 915 :clesiis
141 895 248 924 recepta
274 898 325 920 est.
357 892 391 920 Ει
410 894 445 922 de
465 896 571 931 hymnis
591 899 694 927 alterna
715 902 774 929 vice

20 933 102 960 matis
132 934 183 962 ista
207 936 347 966 hactenus.
369 947 378 963 ι
404 939 462 967 Νοιι
484 942 535 968 alia
562 949 674 971 narrant
690 945 773 973 Sozo—

16 986 80 1005 enus
109 980 157 1007 lib.
187 988 245 1014 vin,
271 990 329 1018 cap.
354 984 389 1018 8,
406 993 438 1012 ac
457 984 627 1022 Nicephorus
643 990 690 1018 lib.
707 999 770 1024 ιιιιι,

18 1031 42 1058 p.
57 1024 84 1051 8.
104 1024 139 1052 Et
156 1034 190 1054 ne
213 1028 288 1055 dicas
317 1034 373 1057 tum
392 1031 509 1066 primum
524 1033 678 1069 hujusmodi
695 1038 772 1073 hym-

16 1078 43 1101 ιε,
51 1078 104 1097 non
115 1076 204 1104 antea,
219 1073 247 1100 in
262 1073 382 1103 Ecclesia
394 1078 561 1112 excogitatas
576 1079 670 1114 fuisse,
681 1084 770 1110 anim-

20 1120 90 1143 verte
117 1116 239 1146 Socratis
266 1121 348 1148 verba
379 1122 467 1157 capite
494 1126 634 1158 superiore
662 1127 705 1162 (id
729 1135 770 1156 est

16 1170 29 1188 ι.
37 1170 73 1195 v1,
87 1163 113 1195 7,
129 1163 188 1199 11η.)
204 1174 211 1192 :
227 1165 335 1202 Ηῠξησε
349 1168 376 1194 δὲ
392 1169 500 1204 πρῶτος
514 1171 561 1197 καὶ
571 1171 621 1204 τὰς
634 1174 695 1209 περὶ
709 1175 770 1207 τοὺς

16 1209 156 1242 κτερινοὺς
180 1209 280 1246 ὕμνους
295 1213 386 1248 εὐχὰς,
405 1214 434 1247 ἐξ
449 1216 538 1248 αἰτίας
546 1218 662 1247 τοιᾶσδε,
685 1228 694 1245 ι
710 1219 769 1248 Pri-

16 1260 41 1279 us
57 1254 140 1281 etiam
154 1255 248 1291 (Joan.
265 1258 373 1294 Chrys.)
387 1262 567 1295 precationes,
586 1272 646 1299 qua:
669 1265 696 1292 in
717 1275 767 1293 uo-

16 1300 82 1327 irnis
108 1301 218 1336 hymnis
240 1303 297 1330 ﬁeri
315 1305 402 1333 solent
418 1308 603 1342 amplilicavit,
620 1311 665 1338 tali
685 1319 767 1340 causa

16 1345 116 1374 iuctus.
134 1357 144 1373 ι
160 1347 369 1384 Ampliticantur
383 1360 414 1379 ea
423 1361 483 1388 qua:
497 1362 548 1381 usu
565 1362 672 1391 recepta
683 1364 765 1386 sunt:

18 1397 142 1420 aeautem
164 1395 253 1429 primo
276 1401 475 1433 excogitantur,
499 1408 560 1428 cum
575 1403 696 1430 nondum
722 1405 765 1431 ul-

16 1446 31 1465 n
46 1440 86 1466 sui
99 1441 307 1470 subsistentiam
320 1444 447 1478 habeant,
463 1447 622 1482 ampliﬁcari
636 1457 689 1478 non
702 1459 765 1485 pos-

16 1490 50 1512 nt.
66 1486 137 1519 Quid
150 1495 215 1523 ergo
232 1496 264 1516 cx
281 1495 442 1524 argumento
454 1491 587 1520 Perkinsii
605 1495 689 1528 probe
705 1496 757 1522 col-

17 1536 41 1558 at
56 1532 180 1567 Rivctus,
198 1535 255 1569 ipse
272 1536 380 1564 viderit.
397 1537 448 1565 Sed
458 1539 523 1573 quid
541 1548 602 1567 cum
620 1541 673 1569 illis
688 1550 762 1577 agas,

18 1577 24 1603 i
41 1586 130 1614 neque
144 1580 244 1615 scripta
256 1581 378 1615 Patrum,
388 1591 476 1619 neque
487 1588 699 1615 consuetudines
713 1589 763 1616 Ec-

16 1623 72 1655 lsize,
87 1632 178 1659 neque
201 1626 324 1653 instituta
342 1628 478 1662 majorum
496 1630 605 1658 sciunt?
623 1632 655 1658 Et
668 1633 690 1660 si
711 1641 761 1660 un-

16 1675 55 1694 am
69 1669 151 1695 etiam
167 1671 237 1697 inter
252 1671 393 1706 legendum
403 1675 562 1707 occurrerit,
579 1677 651 1711 quod
667 1685 760 1705 eorum

16 1718 52 1740 tas
65 1720 149 1750 atque
165 1724 248 1744 vanas
263 1718 405 1752 opiniones
422 1720 536 1754 minuat,
553 1723 594 1750 vel
608 1731 661 1750 non
674 1725 759 1751 anim-

16 1767 136 1795 vertunt,
160 1763 200 1789 vel
221 1764 435 1793 animadversum
457 1768 596 1803 negligunt
613 1779 618 1795 :
637 1775 664 1797 et
687 1772 758 1805 quod

16 1805 53 1838 ius
64 1812 118 1834 est.
136 1808 190 1834 alio
205 1809 370 1843 distrahunt,
384 1816 411 1839 et
426 1818 590 1847 pervertunt.

16 1847 64 1876 lam
76 1851 160 1879 audio
189 1852 314 1881 Rivetum
341 1855 449 1888 dicere,
467 1865 555 1893 neque
569 1859 641 1886 enim
658 1861 759 1895 desipit

16 1903 86 1930 nper,
112 1899 186 1933 quod
210 1900 314 1928 utinam
331 1903 416 1930 esset!
441 1903 570 1933 lectiones
595 1910 622 1933 et
644 1907 758 1943 hymnos

18 1944 135 1972 islitutos
158 1953 174 1972 a
191 1945 301 1979 Carolo,
319 1955 351 1975 ex
363 1948 475 1977 Patrum
493 1951 601 1986 scriptis
616 1958 642 1980 et
657 1954 683 1980 in
696 1955 756 1982 lau-

16 1996 32 2015 ιι
46 1996 203 2018 sanctorum
224 1992 308 2020 fuisse
325 2003 332 2021 τ
351 2003 404 2022 ιιοιι
419 1997 531 2024 dubium
546 2007 612 2026 vero
627 2000 756 2029 lectiones

27 2036 112 2063 sacris
136 2037 245 2070 litteris,
267 2044 295 2066 et
318 2039 344 2067 in
368 2041 475 2069 laudem
501 2043 548 2071 Dei
578 2044 754 2081 Christique,

16 2080 55 2107 ιΙιο
84 2083 258 2117 antiquiores
284 2085 386 2118 fuisse,
410 2093 437 2114 et
467 2095 529 2116 ante
557 2091 638 2118 etiam
666 2093 754 2127 ipsum

16 2125 106 2154 ristum
126 2134 214 2156 natas.
233 2129 285 2157 Sed
298 2139 386 2166 neque
401 2133 451 2160 hoc
468 2135 548 2162 modo
559 2137 656 2170 probat
675 2139 754 2166 hasce

838 211 914 239 ribus
928 213 1040 240 mini-me
1054 214 1217 243 in‘Ecclesia
1232 216 1369 252 leguntur.
1395 219 1462 248 Nam
1478 223 1513 250 ab
1528 225 1623 251 ortho-

837 256 915 284 doxis
940 258 1055 286 titulataa
1073 264 1101 286 et
1118 262 1305 296 suscipiuntur
1324 269 1351 291 ct
1375 266 1511 301 leguntur.
1535 269 1620 305 Magis

835 301 906 328 enim
925 302 1071 331 Passiones
1083 310 1239 333 sanctorum
1249 313 1397 345 martyrum
1414 313 1486 339 sacri
1500 322 1619 343 canones

835 354 1010 382 censuerunt,
1029 355 1058 377 ut
1079 351 1161 379 liceat
1182 361 1228 380 cas
1248 355 1330 382 etiam
1357 357 1384 383 in
1410 357 1529 387 Ecclesia
1550 361 1617 396 legi,

833 399 894 419 cum
911 394 1091 422 anniversarii
1107 397 1165 424 dies
1181 405 1276 426 eorum
1293 401 1476 430 celebrantur.
1499 414 1507 430 I
1523 405 1618 435 Canon

832 439 878 472 qui
891 438 916 465 id
928 441 1033 468 censuit
1050 441 1120 468 inter
1133 443 1248 470 concilia
1263 445 1390 474 Africana
1407 453 1447 475 est
1463 457 1538 478 num.
1558 452 1592 479 50
1608 462 1616 481 :

837 483 951 517 Ἐξέστω
960 484 1000 511 ἔτι
1012 486 1065 522 μὴν
1077 487 1307 521 ἀναγινώσκεσθαι
1320 492 1352 518 τὰ
1364 493 1440 530 Πάθη
1449 495 1504 522 τῶν
1514 498 1618 533 μαρτύ-

831 538 899 565 ρων,
914 531 995 566 ἡνίκα
1017 533 1044 558 αἱ
1072 533 1179 569 ἐτήσιαι
1193 536 1283 563 αὐτῶν
1304 538 1404 574 ἡμέραι
1420 540 1614 572 ἐπιτελοῦνται.

832 585 841 600 ι
858 575 949 603 Liceat
965 578 1047 604 etiam
1067 579 1119 614 legi
1137 579 1283 610 Passienus
1298 590 1464 620 martyrum,
1487 596 1548 615 cum
1565 598 1614 616 311-

828 621 969 649 niversarii
995 623 1053 651 dies
1079 632 1174 653 eorum
1209 628 1391 657 celebrantur.
1411 641 1420 658 ι
1455 632 1514 661 Dixi
1549 643 1613 663 vero

826 667 949 701 probata,
962 673 992 696 ut
1003 677 1064 703 qua:
1077 670 1110 697 de
1123 676 1281 700 sanctorum
1294 674 1416 703 historiis
1428 677 1463 704 ab
1477 678 1612 708 ha'relicis

827 712 866 739 vel
894 713 956 741 aliis
974 713 1045 742 falso
1064 716 1164 751 scripta
1186 723 1251 746 sunt
1270 721 1440 749 excluderem
1466 724 1513 759 (ut
1535 726 1612 760 jubet

825 764 912 783 canon
930 757 1076 787 Trullanus
1090 761 1180 796 mu).
1197 762 1257 795 Quo
1271 765 1313 792 vel
1328 767 1384 793 solo
1396 757 1495 796 factum
1510 757 1565 803 est,
1582 776 1612 799 ut

825 809 856 828 ea
878 802 983 836 legendi
1012 804 1038 830 in
1057 804 1179 834 Ecclesia
1202 813 1278 835 vetus
1296 813 1463 840 consuetudo
1477 815 1610 844 aGelasio

791 837 811 865 Β
825 848 965 882 antiquata
977 849 1020 877 sit.
1031 849 1155 879 Gelasius
1166 861 1233 888 papa
1246 855 1272 881 in
1288 855 1410 885 Romano
1425 861 1541 888 concilio
1555 863 1608 896 (ed.

826 889 907 917 Labb.
919 896 940 918 t.
956 892 1001 926 ιν,
1016 894 1134 930 p.1263)
1152 906 1157 922 :
1178 906 1186 922 ι
1197 897 1278 926 Gesta
1296 906 1451 931 sanctorum
1459 889 1608 941 martyrum

823 937 972 965 secundum
987 940 1125 974 antiquam
1142 946 1377 981 consuetudinem,
1394 949 1525 985 singulari
1544 962 1619 980 cau--

824 981 874 1008 tcla
887 982 913 1009 in
929 989 1023 1011 sancta
1041 985 1161 1014 liomana
1180 988 1299 1018 Ecclesia
1314 1000 1368 1020 non
1380 981 1505 1029 leguntur
1522 1007 1528 1024 :
1543 1000 1607 1033 quia

821 1033 927 1062 eorum,
954 1030 1000 1064 qui
1021 1033 1226 1068 conscripsere,
1260 1037 1371 1064 nomina
1393 1040 1501 1074 penitus
1531 1043 1604 1077 igno-

822 1078 926 1107 rantur,
947 1080 974 1102 et
995 1076 1029 1103 ab
1054 1077 1209 1107 inﬁdelibus
1228 1086 1275 1108 aut
1302 1083 1393 1111 idiotis
1417 1087 1553 1121 superﬂua
1579 1095 1606 1116 et

821 1119 912 1147 minus
923 1126 984 1155 apta
995 1143 1001 1154 ,
1018 1130 1099 1157 quam
1117 1125 1154 1152 rei
1169 1127 1235 1153 ordo
1252 1127 1348 1161 fuerit,
1362 1131 1460 1165 scripta
1478 1141 1538 1161 esse
1554 1143 1606 1169 pu-

821 1169 924 1200 tantur,
955 1168 1025 1195 sicut
1044 1170 1185 1204 cujusdam
1212 1172 1316 1205 Quirici
1344 1181 1370 1203 et
1395 1177 1511 1213 Juiiltze,
1533 1168 1603 1209 sicut

819 1210 926 1246 Georgii
949 1213 1119 1250 aliorumque
1149 1217 1283 1252 ejusmodi
1308 1220 1465 1258 Passiones,
1487 1234 1547 1260 quae
1569 1228 1619 1255 ab.

819 1256 952 1286 haereticis
965 1260 1141 1295 perhibentur
1152 1266 1310 1299 compositae
1325 1277 1332 1294 :
1355 1256 1464 1305 propter
1475 1256 1557 1307 quod,
1573 1279 1603 1302 ut

817 1302 920 1330 dictum
933 1309 984 1337 est,
998 1314 1032 1333 ne
1051 1307 1091 1334 vel
1105 1308 1170 1336 levis
1188 1310 1376 1341 subsannandi
1389 1316 1506 1344 oriretur
1522 1326 1602 1347 occa-

802 1347 874 1382 .sio,
898 1348 925 1375 in
953 1354 1046 1379 sancta
1073 1351 1195 1382 Romana
1219 1355 1339 1385 Ecclesia
1361 1367 1415 1387 non
1435 1361 1570 1397 leguntur.
1587 1375 1598 1392 ι

815 1392 961 1429 Antiquam
982 1399 1206 1427 consuetudinem
1230 1402 1334 1438 legendi
1351 1411 1426 1440 gesta
1450 1392 1599 1445 martyrum

815 1439 841 1466 in
856 1439 977 1470 Ecclesia
997 1443 1121 1473 Gelasius
1144 1448 1230 1474 multo
1242 1455 1304 1477 ante
1317 1439 1406 1480 Caroli
1427 1458 1545 1490 tempora
1560 1457 1600 1484 fa-

815 1491 896 1521 tetur,
913 1494 939 1516 et
954 1490 1091 1519 Adrianus
1104 1492 1191 1520 eidem
1209 1495 1306 1523 Carolo
1327 1498 1487 1528 denuntiat:
1506 1507 1533 1530 et
1549 1503 1599 1530 Ri-

815 1537 890 1560 vetus
907 1538 934 1561 et
957 1534 1116 1564 Peikinsius
1136 1539 1254 1572 primum
1271 1549 1286 1568 a
1302 1541 1399 1571 Carolo
1421 1548 1596 1576 constitutam

813 1586 873 1606 esse
896 1580 1024 1608 tradunt?
1050 1583 1082 1610 Et
1112 1589 1140 1612 ut
1168 1587 1254 1621 magis
1279 1593 1370 1617 teneas
1399 1592 1465 1626 quid
1488 1600 1595 1627 essent,

813 1624 925 1653 adeatur
951 1626 1066 1656 Basilius
1092 1628 1276 1660 Seleuciensis
1296 1633 1333 1661 De
1347 1641 1400 1662 vita
1415 1641 1440 1663 et
1460 1638 1596 1667 miraculis

812 1678 911 1699 sanctae
933 1673 1050 1708 Tlteclaz,
1075 1676 1121 1704 lib.
1139 1686 1170 1705 ιι.
1187 1678 1210 1706 ls
1223 1682 1350 1716 martyris
1364 1681 1470 1711 Theclae
1490 1686 1534 1712 die
1550 1695 1595 1713 so-

812 1715 893 1744 lemni
917 1719 950 1746 ad
972 1720 1123 1748 habendam
1147 1715 1301 1752 orationem
1317 1726 1344 1753 in
1360 1727 1418 1761 ejus
1434 1729 1540 1758 laudem
1565 1739 1596 1760 se

811 1768 984 1796 comparans,
1005 1764 1049 1792 die
1068 1768 1244 1796 antecedente
1266 1770 1293 1797 in
1317 1774 1504 1806 aegritudinem
1532 1785 1594 1811 pcr-

809 1816 891 1842 quam
908 1812 1143 1849 prarangincidit,
1166 1819 1193 1842 et
1213 1821 1331 1852 martyre
1348 1820 1473 1847 morbum
1496 1822 1594 1850 dissol-

809 1861 898 1888 vente,
912 1856 938 1883 in
948 1857 1041 1885 laudes
1052 1860 1111 1893 ejus
1121 1860 1269 1890 cﬂ‘unditur
1281 1864 1309 1891 in
1320 1866 1433 1893 ecclesia
1448 1877 1455 1894 :
1470 1866 1524 1895 τΗν
1538 1870 1592 1906 γὰρ

809 1902 892 1938 αὐτῆς
908 1903 924 1938 ἡ
939 1904 1046 1939 ὲτήσιος
1071 1906 1162 1942 ἑορτή·
1187 1912 1435 1948 παρεσκευασάμην
1459 1914 1487 1941 δὲ

808 1949 878 1984 πρὸς
887 1949 996 1978 ἔπαινον
1009 1952 1106 1988 μικρὸν
1113 1953 1273 1992 τῆςὲορτῆς·
1281 1957 1374 1994 ὤφθην
1381 1961 1426 1986 ὲπὶ
1434 1961 1479 1987 τοῦ
1486 1949 1591 1999 Satn-cq—

808 1993 876 2028 ρίου·
898 1994 1006 2028 λέγεται
1021 1997 1049 2023 δὲ
1062 1997 1149 2030 οὕτως
1160 2000 1263 2033 ὁτόπος
1272 2003 1302 2029 ὲν
1319 2000 1341 2036 ᾦ
1353 1993 1548 2035 ἐπιδείκνυνται
1565 1993 1589 2035 ἐι

806 2039 940 2074 ὶέγοντες,
952 2042 1032 2068 τοῦτό
1051 2044 1125 2081 ἐστιν
1138 2047 1151 2072 ὸ
1165 2045 1260 2081 ἄμὸων
1275 2048 1333 2083 ἦτοι
1350 2051 1379 2076 τὸ
1398 2051 1587 2090 ἀκροατήριον-

806 2087 852 2112 καὶ
866 2084 942 2113 εἷπον
957 2088 1004 2123 μὲν
1022 2090 1100 2117 ἄττα.
1117 2100 1125 2116 ι
1140 2091 1296 2122 Conventus
1315 2097 1517 2127 anniversarius
1528 2101 1588 2135 ejus

806 2129 945 2164 agebatur,
960 2135 987 2157 et
1001 2132 1034 2159 ad
1044 2133 1193 2161 orationem
1206 2137 1330 2171 exiguam
1342 2139 1374 2166 de
1388 2140 1512 2170 laudibus
1525 2129 1586 2171 festi

16 2174 167 2209 aumawrgi
188 2176 337 2204 orationes.
348 2178 445 2206 dubias
467 2187 537 2208 esse.
560 2181 593 2208 Et
611 2185 753 2218 negabime
769 2181 791 2210 ο
806 2174 956 2202 habendam
970 2183 1012 2202 me
1026 2184 1258 2212 comparaverant.
1272 2181 1299 2209 In
1309 2183 1421 2211 dicterio
1433 2189 1583 2221 comparui,

16 2224 27 2242 ι)
40 2223 65 2244 et
80 2218 325 2248 Aununtiationem
341 2221 470 2258 Virginis,
487 2230 514 2252 et
530 2225 703 2261 Thcophania
718 2230 752 2256 ad

16 2261 107 2290 ristum
129 2265 285 2298 pertinere?
305 2266 421 2303 Negabit
447 2271 560 2298 scilicet.
587 2272 657 2305 Quid
676 2275 752 2301 tum?

16 2307 109 2336 :liones
126 2309 153 2336 in
163 2311 380 2342 solemnitatibus
391 2319 548 2344 sanctorum
563 2318 639 2346 valde
653 2318 752 2347 Carolo

18 2352 134 2387 iquiores
163 2361 242 2384 sunt:
272 2362 298 2385 et
316 2363 466 2395 martyrum
490 2362 556 2389 Acta
585 2363 612 2390 in
632 2363 750 2392 Ecclesia

16 2406 29 2425 θ
40 2401 165 2427 eumdem
178 2401 304 2430 Carolum
320 2404 488 2440 legebantur.
508 2407 607 2436 Volens
619 2414 683 2444 puto
699 2410 750 2438 hoc

16 2446 100 2472 oravit
131 2446 266 2476 Rivetus:
295 2458 383 2485 neque
406 2451 478 2478 enim
507 2453 575 2480 adeo
606 2455 695 2484 infans
723 2457 748 2484 in

18 2498 46 2518 us
63 2493 269 2527 ecclesiasticis,
296 2501 322 2523 et
339 2497 449 2532 scriptis
465 2497 594 2532 Patrum,
619 2510 680 2536 qua:
701 2511 750 2537 pro

16 2537 73 2565 dine
83 2539 226 2572 deartuat,
243 2541 441 2570 existimandus
456 2548 507 2572 est.
523 2544 600 2578 Quod
618 2548 640 2574 si
655 2549 749 2577 nolens

16 2583 157 2615 nesciverit,
179 2585 291 2613 edoctus
307 2588 387 2615 modo
400 2589 469 2616 sciat
486 2595 512 2617 et
525 2591 708 2627 Obmutescat,
722 2599 749 2621 et

16 2634 79 2656 nonat
92 2630 194 2665 aliquid
204 2639 236 2658 ex
249 2631 319 2659 fastu
337 2633 383 2661 illo
393 2655 400 2667 ,
415 2639 442 2662 et.
457 2639 532 2663 tanta
542 2636 586 2664 illa
601 2646 681 2672 quam
697 2639 747 2666 sibi

16 2674 82 2702 dicat
96 2676 230 2704 doctrina.
247 2679 313 2705 Acta
329 2684 477 2716 martyrum
491 2682 604 2716 probata
624 2687 686 2710 ante
697 2684 748 2711 Ca-

16 2727 51 2747 ιιιι
66 2722 93 2748 in
107 2721 227 2750 Ecclesia
241 2724 409 2759 legebantur,
424 2724 674 2763 consequenterque
688 2732 748 2759 festi

804 2218 856 2246 hoc
871 2223 912 2246 est
927 2219 953 2246 in
979 2220 1039 2247 loco
1060 2222 1105 2249 ubi
1122 2225 1201 2251 verba
1218 2226 1315 2254 facturi
1336 2237 1364 2256 se
1379 2231 1516 2264 exhibent,
1528 2233 1585 2262 sive

803 2264 957 2297 ambonem,
971 2266 1028 2293 sive
1040 2274 1206 2304 suggestum,
1215 2272 1272 2299 sive
1281 2273 1445 2303 auditorium
1454 2279 1582 2312 appelles,

801 2313 829 2336 et
842 2317 927 2343 pauca
949 2312 1071 2346 quaedam
1089 2314 1155 2341 dixi.
1183 2325 1193 2341 ι
1217 2317 1267 2350 Qui
1285 2319 1342 2354 jam
1361 2321 1484 2351 adductis
1508 2325 1583 2352 testi-

801 2355 899 2382 moniis
917 2356 995 2384 [idem
1012 2366 1064 2384 non
1083 2360 1202 2391 adhibet,
1217 2362 1322 2390 etiamsx
1337 2371 1464 2393 sexcenta
1479 2373 1529 2395 alia
1544 2370 1585 2396 of-

800 2398 932 2434 ferantur,
948 2404 1114 2436 pervicacius
1130 2405 1294 2435 indurescet.
1309 2408 1478 2444 Legebantur
1493 2413 1583 2449 itaque

799 2445 827 2472 in
849 2446 967 2474 Ecclesia
983 2453 1039 2476 tum
1060 2449 1154 2478 Latina
1179 2457 1235 2480 tum
1257 2453 1348 2482 Graeca
1364 2464 1418 2484 non
1439 2457 1584 2494 Scriptura

798 2497 881 2519 sacra;
893 2492 1071 2528 solummodo,
1086 2496 1134 2523 sed
1148 2501 1174 2524 et
1192 2498 1258 2525 Acta
1274 2505 1429 2534 martyrum,
1450 2508 1477 2531 et
1493 2492 1520 2532 in
1534 2506 1582 2534 iis—

798 2535 859 2562 dem
871 2537 1086 2567 solemnitatibus
1097 2541 1131 2568 ab
1143 2542 1338 2577 antiquioribus
1350 2546 1474 2575 Patribus
1483 2550 1581 2579 habita:

800 2582 937 2610 orationes
947 2589 1010 2613 ante
1022 2586 1158 2620 Carolum,
1172 2590 1294 2624 quamvis
1308 2591 1334 2618 id
1346 2594 1471 2628 nequiter
1482 2603 1580 2632 negent

797 2632 824 2656 et
838 2628 951 2657 Rivetus
965 2635 992 2659 et
1006 2632 1171 2663 Perkinsius.

834 2683 942 2717 Dicent,
958 2685 1064 2716 facinus
1084 2690 1135 2718 hoc
1154 2698 1207 2718 non
1230 2699 1290 2720 esse
1309 2698 1400 2721 natum
1422 2697 1492 2731 apud
1519 2698 1580 2726 illos
1600 2699 1605 2706 ‘

800 2735 836 2756 no
853 2738 908 2763 um,
923 2733 970 2759 sed
980 2734 1087 2768 culpam
1104 2737 1271 2765 referendam
1283 2747 1344 2766 esse
1356 2740 1383 2767 in
1395 2740 1579 2777 Sigebertum.

19 2770 120 2795 clerum
143 2767 202 2795 dies
222 2769 438 2798 celebrabantur.
465 2772 602 2801 Adrianus
623 2781 691 2808 papa
716 2778 742 2805 in
789 2769 949 2817 et‘Paul‘um
961 2767 1169 2815 lEmilium,qui
1179 2788 1241 2811 ante
1256 2792 1285 2811 se
1298 2784 1420 2813 fraudem
1431 2787 1578 2817 hanccon.

16 2810 75 2838 stola
92 2812 126 2839 ad
140 2812 260 2846 ejusdem
275 2812 365 2842 Caroli
378 2817 508 2850 scriptum
526 2817 564 2845 De
576 2819 746 2856 imaginibus.

797 2814 933 2855 ceperunt.
957 2822 1052 2852 Dicent
1077 2814 1221 2862 equidem,
1246 2830 1292 2857 sed
1310 2831 1407 2859 callido
1422 2834 1563 2863 mendacio
