1844 3047
73 141 135 169 1⁵205

483 138 607 166 LEONIS
627 138 765 165 ALLAI‘II
786 136 947 165 DIATRIBA
965 136 1007 162 DE
1027 134 1234 162 THEODORIS.

1608 134 1678 161 1206

70 199 121 232 (Η)
142 198 210 226 risus
221 196 376 225 effusiorem
389 198 412 224 ei
429 197 542 229 luctum,
555 197 742 224 interminatus
754 188 841 232 lacry-
856 199 876 226 A
892 196 929 222 tio
945 200 991 222 aut
1006 200 1129 222 nostrum
1144 194 1284 229 gaudium,
1297 197 1344 221 aut
1360 193 1458 221 diaboli
1474 194 1544 221 valet
1567 194 1678 221 calami-

70 253 133 277 inas,
158 243 376 271 inconsolabilcm
407 242 497 270 ﬂetum
531 250 563 270 ac
599 242 723 269 intimum
758 242 839 269 telum

69 290 234 324 comparavit.
249 289 342 316 Telum
360 289 444 316 hocce
459 289 484 315 in
510 288 629 323 virginea
658 287 768 315 fornace
795 295 841 322 per

70 336 150 370 ignem
162 335 306 370 imperator
325 335 381 371 (42)
397 335 476 369 qttalc
490 335 582 366 voluit,
600 339 627 362 et
642 334 778 369 quomodo
793 341 841 360 vo-

70 382 123 412 luit,
135 386 226 409 contra
237 381 376 409 inimicum
392 381 543 413 fabricavit,
559 381 678 416 illudque
703 380 842 414 etqetlica-

69 429 141 455 citate
156 427 260 455 invictre
274 427 382 455 dcitatis
394 435 539 460 exacuens,
555 431 582 454 et
595 427 674 462 aquis
692 426 841 461 incorrupti

69 474 230 509 baptismatis
247 474 363 508 tingens,
377 478 403 501 et
414 474 588 508 passionibus
599 473 734 509 passionis
747 481 842 508 exper-

69 521 134 547 tibus
145 520 302 547 acuminans
320 518 386 554 (45),
403 525 429 547 et
443 527 491 554 per
504 521 645 556 mysticam
663 519 841 548 resurrectio-

69 574 124 593 nem
140 566 258 598 vibrans,
275 566 418 593 exitiosum
438 566 560 599 hostem,
583 573 747 601 omnemque
771 565 842 593 illius

68 613 208 641 exercitum
224 613 298 641 solus
313 613 368 648 ipse
383 611 526 641 interfecit.
542 612 671 646 Quaenam
689 612 770 647 igitur
781 619 843 639 Ora-

99 671 151 705 (41)
171 670 285 705 Effusas.
307 671 398 698 Codex
421 670 502 698 etiam
526 670 577 698 hoc
597 670 624 697 in
646 670 724 702 loco,
744 668 841 695 πλατύ.

67 706 131 738 Lego
144 706 254 738 πλατύς.

99 727 323 775 ῖίὲΰῖιίῇἕιῖαιον.
349 740 496 776 Gregorius
526 747 575 775 pro
604 739 773 776 πολέμαρχος
806 739 843 766 ait

67 776 245 812 πολεμάρχης,
260 776 333 810 quod
345 775 460 803 fortasse
475 776 580 812 Domini
593 775 837 812 majestatigconve-

67 810 243 839 nieniius'hoc
260 819 374 842 nomen.
389 819 472 846 quam
488 811 551 838 illud
569 818 629 837 esse
646 810 754 836 duxerit
768 817 774 835 :
790 817 841 843 qua

67 847 162 874 ratione
175 846 326 883 τετράρχης
339 847 447 880 dicitur,
460 851 487 874 et
499 846 648 881 νομάρχης,
708 852 761 872 non
779 852 842 872 vero

73 924 282 937 εξ

896 246 976 268 tatem
995 241 1149 276 exponere?
1173 240 1225 274 Qui
1239 240 1311 268 enim
1329 240 1393 267 olim
1407 244 1466 267 erat
1488 240 1683 275 areliangelus,»

895 294 967 313 nunc
985 291 1025 313 est
1036 286 1160 313 diabolus
1177 295 1183 312 :
1199 286 1245 321 qui
1257 286 1320 313 olim
1335 286 1362 312 in
1378 285 1455 313 caelis
1470 285 1593 320 degebat,
1609 293 1682 313 nunc

895 340 972 366 quast
992 332 1089 366 anguis
1104 331 1179 358 humi
1195 334 1304 365 reptans
1318 335 1455 365 spectatur
1466 339 1472 357 :
1482 330 1527 365 qui
1542 321 1680 365 quoiidam

896 386 957 406 cum
973 377 1129 406 eherubinis
1147 377 1310 409 exsultabat,
1326 384 1398 404 nunc
1418 377 1445 404 in
1463 383 1607 410 porcorum
1622 383 1682 403 car-

896 433 983 452 cerem
1001 424 1199 452 excruciandus
1220 423 1277 458 (Ui)
1290 423 1411 450 inclusus
1432 427 1473 450 est
1487 430 1493 448 :
1510 430 1590 456 quem
1604 421 1682 449 deni-

896 479 948 506 que
966 471 991 497 in
1015 470 1105 505 fugam
1129 475 1156 498 et
1178 478 1228 498 nos
1251 473 1400 503 vertemus,
1414 469 1436 496 si
1459 477 1490 497 ca
1513 477 1573 504 quae
1595 469 1682 503 ipsius

897 517 1028 544 voluntati
1042 516 1178 543 contraria
1199 521 1262 543 sunt
1286 515 1435 550 sapiamus,
1454 516 1540 549 gratia
1563 520 1589 543 et
1607 516 1683 543 beni-

897 564 999 599 gnitate
1024 563 1129 591 Domini
1148 562 1233 590 nostri
1257 562 1321 590 Jesu
1346 562 1465 594 Christi,
1489 562 1531 589 cui
1556 561 1641 596 gloria
1657 565 1683 588 ct

897 610 1015 645 potentia
1028 610 1053 636 in
1070 609 1167 637 saecula
1184 609 1357 636 sae-culorum.
1374 607 1470 635 Amen.

1171 649 1175 660 t

897 668 1042 703 τέτραρχος
1058 671 1084 693 et
1094 667 1237 703 youapxog.

933 698 989 737 (ξίδῆ
1008 698 1314 732 Ἀειιιηίιιὰηέ.“υοὰθχ,
1340 700 1478 732 ἀκονίσας.
1503 699 1572 734 Lego
1585 721 1592 733 ,
1619 698 1670 727 am

897 739 989 808 νήῗῗὲί
1005 772 1215 800 Excruciuudus.
1229 771 1329 808 Codex,
1342 770 1508 808 ρδυνόμενος.
1528 770 1580 798 Sed
1595 770 1683 805 legere

897 805 984 843 potes,
999 809 1020 836 si
1038 809 1123 842 magis
1140 808 1254 841 placeat,
1271 805 1447 840 ὀδυνώμενος,
1465 807 1500 834 ob
1515 813 1573 833 eam
1602 813 1682 841 quam

898 844 1023 879 superius
1035 844 1112 871 attuli
1125 843 1268 870 rationein.

286 920 1666 937 ==————-——.——-__=:_—.'=._—MT:=

516 1003 798 1068 LEONIS
871 1001 1195 1066 ALLATII

128 1119 413 1164 DIATRIBA
451 1120 524 1164 DE
571 1117 921 1164 THEODOBIS
958 1119 1033 1163 ET
1068 1117 1280 1164 EORUM
1319 1119 1611 1164 SCRIPTIS.

77 1196 142 1223 Num.
155 1197 226 1229 LXII,
241 1198 282 1224 ubi
292 1199 329 1224 De
339 1198 471 1224 Theodoro
483 1199 525 1229 qui
543 1196 1088 1259 postmodunlﬁrqu:igg’eaﬂgqgunﬁtggqus
1099 1196 1179 1221 dictus
1196 1198 1234 1220 est
1258 1207 1289 1212 ——
1304 1195 1342 1226 Ap
1369 1195 1425 1225 idat,
1447 1193 1594 1221 Bibliotheca
1614 1201 1683 1226 nova,

717 1362 1025 1409 MONITUM.

100 1449 188 1476 Leonis
206 1449 300 1476 Allalii
315 1454 366 1476 tres
383 1450 497 1476 ineditas
512 1450 654 1483 (lintribus,
672 1451 708 1478 De
724 1451 834 1483 Nicetis,
847 1452 883 1479 De
892 1450 1097 1482 Pliilonibus,eI
1111 1449 1146 1476 De
1160 1449 1323 1481 Theudoris,
1340 1457 1432 1484 magno
1449 1449 1579 1476 desiderio
1595 1451 1683 1484 requi-

67 1484 264 1521 rebaittreruditi
281 1485 397 1511 homines
406 1485 464 1519 jam
479 1485 539 1512 inde
556 1494 571 1512 a
585 1485 680 1513 Labbei
695 1492 719 1513 et
737 1486 856 1514 Fabricii
874 1486 1055 1521 temporibus;
1071 1486 1118 1511 alii
1135 1486 1215 1512 etiam
1228 1491 1354 1520 tanquam
1374 1485 1524 1519 deperditus
1540 1485 1686 1521 comiiloru-

67 1520 134 1547 bam.
153 1520 281 1554 Equidem
295 1525 318 1547 et
334 1521 388 1553 ipse
400 1529 451 1547 non
466 1521 544 1547 semel
563 1530 607 1547 eas
627 1530 899 1555 commemoraverunt,
920 1519 997 1556 atque
1017 1530 1032 1548 a
1056 1529 1096 1547 me
1110 1521 1239 1555 inspectas
1261 1521 1287 1546 in
1303 1521 1420 1546 auctoris
1440 1520 1540 1546 sclzetlis
1563 1519 1687 1547 Vullirel—

66 1555 139 1586 lmtis,
154 1560 303 1591 coeptasque
315 1556 380 1582 adeo
393 1555 506 1582 describi
517 1556 646 1583 dixeram.
664 1556 712 1583 lies
737 1562 824 1584 tamen
842 1555 959 1591 abrupta
967 1557 1012 1582 diu
1026 1557 1125 1591 jacuil,
1141 1557 1221 1582 donec
1242 1556 1281 1582 vir
1298 1555 1467 1591 doctissimus
1490 1555 1601 1589 mihique
1619 1557 1687 1581 anti-

66 1591 188 1622 cissimus,
203 1595 227 1617 et
243 1591 274 1616 de
286 1590 424 1617 Catholica
440 1591 564 1626 religione
575 1600 604 1618 ac
621 1592 739 1619 Romana
758 1592 875 1620 Ecclesia
886 1593 999 1618 maxime
1016 1592 1133 1622 meritus,
1149 1591 1180 1618 P.
1198 1591 1359 1625 Augustinus
1372 1590 1523 1620 Theinerus,
1542 1590 1687 1624 Pltilippini

67 1625 91 1650 in
107 1626 171 1652 Urbe
186 1626 307 1652 Oratorii
323 1626 458 1661 presbyter
482 1635 512 1653 ac
537 1627 750 1654 bibliothecmius
762 1648 769 1658 ,
792 1629 918 1658 pretiosas
931 1627 992 1654 illas
1007 1627 1069 1652 mihi
1086 1627 1193 1652 seht‘das
1221 1627 1314 1652 Allatii
1334 1625 1508 1660 divalgandas
1535 1626 1661 1652 concessit
1678 1634 1686 1651 :

67 1669 112 1694 quo
125 1662 213 1688 statim
230 1669 335 1687 munere
351 1661 438 1693 Italas,
455 1668 554 1688 sextum
571 1662 618 1689 hoc
631 1662 803 1690 Bibliotheca:
818 1671 880 1690 mea:
893 1664 1009 1688 volumen
1023 1662 1203 1688 exornandam
1217 1662 1318 1695 putavi.
1331 1661 1397 1687 Sunt
1417 1661 1457 1687 htv
1469 1661 1592 1687 diatribtr
1608 1669 1687 1686 manu

66 1695 141 1729 ipsius
156 1697 250 1723 Allatii
266 1697 380 1729 scripta',
404 1698 514 1723 minutis
535 1697 676 1723 admodum
699 1698 817 1724 litteris:
837 1703 861 1724 et
878 1706 1026 1732 quanquam
1047 1697 1180 1731 exemplar
1197 1697 1269 1723 aliud
1291 1705 1391 1731 quoque
1407 1705 1422 1721 η
1440 1696 1580 1732 recentiore
1608 1704 1685 1722 manu

65 1733 203 1758 Coniectum
231 1732 341 1763 aderat,
359 1737 475 1758 attamen
494 1732 590 1766 absque
600 1733 762 1767 autographa
776 1733 869 1760 ill/atii
884 1731 929 1760 oio;
955 1731 1048 1759 bonan
1064 1733 1206 1759 editionem
1229 1740 1335 1766 sperare
1357 1732 1482 1767 licuisset.
1516 1731 1605 1766 Neque
1628 1739 1686 1758 vero

65 1774 197 1803 quisquam
214 1767 357 1803 emistinwt,
368 1767 424 1794 sine
438 1767 493 1794 ullo
508 1776 563 1794 meo
580 1766 671 1794 labore
681 1768 728 1794 hoc
744 1769 869 1795 editionis
881 1776 989 1803 pensum
1007 1768 1089 1802 fuisse
1103 1767 1254 1794 absolutum
1271 1775 1279 1793 :
1300 1768 1395 1794 etenim
1415 1769 1440 1793 in
1456 1766 1555 1794 Nicetis
1575 1775 1686 1801 pra’ser-

69 1802 111 1828 tim
126 1807 201 1836 atque
218 1801 389 1835 Pliilonibus,
401 1803 524 1835 permulti
550 1802 614 1829 mihi
631 1803 692 1829 libri
714 1801 895 1837 pervolutandi
911 1803 1034 1837 fuerunt,
1050 1808 1077 1829 ut
1094 1808 1251 1829 memoratas
1270 1803 1301 1829 ab
1326 1802 1427 1829 Allatio
1447 1802 1629 1833 auctoritates,
1650 1803 1683 1828 ad

64 1837 188 1868 veritatis,
207 1842 300 1873 utpar
314 1843 382 1867 erat,
398 1846 516 1864 normam
529 1838 667 1872 exigerent.
691 1838 806 1873 Cumque
821 1839 937 1865 Allatius
951 1839 1045 1872 priscis
1060 1838 1136 1864 libris
1154 1846 1217 1864 usus
1229 1838 1332 1871 fuisset,
1350 1838 1424 1864 nulla
1447 1846 1514 1870 sa'pe
1533 1838 1687 1871 typographi

65 1876 107 1897 aut
127 1872 177 1898 loci
197 1872 302 1902 adiecta
316 1873 508 1907 designatione.
527 1873 570 1907 qui
589 1882 669 1908 neque
685 1872 809 1907 capitulis
829 1879 913 1900 essent
941 1875 1069 1904 distincti,
1084 1881 1163 1908 neque
1179 1873 1240 1899 aliis
1256 1873 1356 1900 eritit'w
1380 1873 1446 1899 artis
1468 1873 1628 1906 adjumentis
1646 1874 1687 1898 in-

64 1908 162 1943 structi,
178 1907 290 1933 multant
301 1916 331 1934 ea
348 1917 387 1935 res
402 1909 548 1935 molestiam
562 1909 743 1941 mihicreavit,
759 1918 804 1936 nec
820 1917 964 1943 paucorum
989 1907 1141 1934 mendoruin
1167 1909 1330 1943 purgationis
1353 1908 1533 1935 necessitatem
1551 1909 1685 1942 imposuit.

66 1941 151 1978 itaque
173 1950 226 1968 non
251 1943 306 1969 sine
333 1945 447 1976 patiente
466 1952 539 1970 mora
559 1945 618 1970 dedi
639 1953 754 1978 operam,
781 1941 920 1971 inritatos
943 1952 1021 1977 prope
1043 1944 1194 1970 inntuneros
1219 1941 1382 1970 i'lhnicorum
1407 1948 1453 1969 aut
1474 1941 1687 1970 Christianorum

65 1976 140 2014 locos,
162 1979 188 2004 in
207 1978 279 2014 ipsis
292 1979 407 2014 [antibus
438 1976 667 2014 recognosceret")
683 1988 746 2014 quos
770 1980 875 2014 quidem
892 1984 976 2005 textus
992 1976 1041 2005 non
1060 1987 1121 2005 raro
1141 1980 1268 2010 distortos
1290 1980 1327 2005 rel
1357 1979 1462 2005 mutilos
1490 1979 1527 2006 vel
1552 1979 1686 2005 mendoso:

64 2020 115 2038 esse
125 2013 289 2047 deprehendi.
306 2013 339 2040 Et
354 2014 422 2040 male
438 2015 554 2049 profecto
570 2016 600 2041 de
613 2013 755 2041 lectoribus
771 2013 835 2042 meis
854 2015 995 2041 meriturus
1005 2022 1088 2044 erum,
1111 2014 1133 2040 si
1153 2015 1220 2040 hanc
1238 2019 1368 2048 perpotare
1387 2015 1571 2047 recognitionis
1584 2014 1684 2040 seduli-

66 2051 140 2085 tatem
154 2049 392 2085 prwteijrtxisissem.
410 2049 475 2076 Tum
497 2058 554 2077 vero
577 2051 685 2085 contigit
710 2057 736 2076 ut
758 2059 805 2084 pro
830 2050 937 2077 vetustis
959 2057 1025 2082 sazpe
1047 2053 1070 2075 et
1094 2049 1216 2076 obsoletis
1241 2056 1380 2075 auctorum
1404 2050 1579 2078 editionibus.
1606 2058 1685 2076 novas

67 2082 232 2144 rneliqlresque
244 2083 381 2146 laudtﬂem
399 2090 458 2120 post
470 2085 564 2112 Allatii
588 2082 693 2112 carulas
711 2082 828 2118 obitum;
850 2085 918 2120 quod
940 2085 1038 2111 idcirco
1067 2093 1173 2117 nioneo,
1201 2093 1231 2110 ne
1253 2085 1310 2118 quis
1333 2085 1401 2118 ['orte
1420 2084 1610 2119 ἁνιστορησίαν
1634 2086 1685 2111 ali-

67 2125 127 2146 quan
149 2127 162 2144 ο
177 2124 295 2146 intretur.
344 2128 380 2146 ιιι.

65 2120 162 2151 quando
177 2120 295 2146 miretur.
317 2120 380 2146 MAI.

99 2174 133 2203 De
145 2175 299 2209 Theodoro,
316 2178 361 2212 qui
375 2183 466 2212 pestea
484 2178 623 2214 Gregorius
634 2180 796 2214 appellatus,
812 2179 846 2206 ob
864 2182 884 2209 B
898 2179 970 2206 enim
987 2186 1105 2213 agerem,
1119 2183 1145 2206 et
1158 2178 1271 2205 illustria
1285 2186 1316 2204 ac
1331 2178 1500 2204 nobilissima
1525 2178 1595 2204 facta
1618 2178 1687 2206 male

66 2222 138 2256 signa
156 2228 236 2258 atque
258 2224 388 2251 miracula
410 2224 602 2259 Thaumaturgi
620 2225 671 2252 sibi
693 2233 844 2260 cognomen

65 2268 217 2299 vindicavit,
236 2269 417 2297 Neocaesarcte
431 2270 511 2298 Ponti
533 2271 676 2306 episcopo,
701 2271 765 2306 quid
789 2272 845 2306 ipse

63 2320 120 2348 post
138 2315 266 2342 Basiliam
285 2317 410 2351 Magnum
425 2317 472 2344 lib.
495 2317 530 2344 Dc
553 2317 655 2351 Spiritu
668 2323 770 2350 sancta,
784 2328 842 2354 cap.

63 2360 105 2392 29,
119 2366 145 2388 et
169 2362 284 2396 episwla
298 2362 366 2395 204,
389 2371 451 2398 quae
475 2369 516 2390 est
542 2364 574 2391 ad
597 2363 844 2392 Neocaesariensem

63 2404 218 2439 Ecclesium,
235 2408 382 2437 Eusebium
396 2410 592 2438 Caesariensem
612 2410 741 2438 Hister-iw
761 2412 845 2438 eccle-

62 2453 134 2481 tialt.
152 2454 222 2481 libro
240 2463 275 2487 vr,
287 2463 347 2490 cap.
361 2456 406 2490 '50,
419 2461 445 2483 et
457 2457 532 2488 alibi,
545 2457 672 2484 ﬂutinum
687 2457 843 2492 Aquileien-

61 2505 126 2530 sem,
141 2498 335 2535 Hieronymum
348 2502 374 2528 in
390 2502 518 2538 Catalogo
543 2503 701 2538 scriptorum
721 2504 844 2531 ecclesia-

61 2545 200 2578 sticarum,
220 2550 247 2573 et
269 2547 297 2573 in
321 2548 434 2582 epistola
453 2548 485 2575 70
497 2549 531 2576 ad
546 2548 672 2584 Magnum
696 2555 843 2581 oratorem,

61 2587 218 2626 Gregorium
231 2599 329 2627 papam
343 2593 388 2622 lib.
408 2602 416 2621 ι
430 2594 548 2630 Dialog.,
565 2603 624 2630 cap.
640 2596 665 2627 7,
678 2595 843 2630 Cedrenutn,

63 2637 184 2670 Suidam.
215 2639 396 2675 Nicephorum
424 2642 588 2677 Callistum,
619 2644 791 2679 Menologia,
818 2651 843 2672 et

62 2683 128 2710 alios
147 2683 203 2719 (l)?
225 2686 289 2720 quid
315 2687 371 2722 ipse
399 2693 458 2722 post
478 2688 628 2725 Nyssenum
662 2690 821 2725 Gregorium
836 2711 842 2721 .

62 2729 106 2762 qui
119 2738 179 2763 ejus
195 2731 278 2758 vitam
299 2737 326 2759 ct
352 2741 395 2761 res
420 2739 510 2769 gestas
533 2735 738 2763 accuratissime
751 2740 777 2763 et
802 2736 843 2763 fa-

62 2775 158 2803 cundia
184 2777 315 2812 singulari
342 2779 504 2816 descripsit?
526 2782 608 2810 Plane
640 2783 717 2810 nihil.
746 2783 842 2811 Actum

898 2230 1004 2259 compta
1016 2224 1123 2255 dicendi
1135 2224 1274 2258 loquentia
1289 2225 1475 2251 obscurarum.
1491 2223 1528 2250 De
1541 2224 1601 2258 ejus
1615 2224 1686 2250 nihi-

897 2272 1021 2300 lominus
1035 2273 1144 2307 scriptis
1169 2279 1217 2307 pro
1238 2272 1361 2300 instituto
1376 2279 1436 2300 meo
1451 2272 1552 2306 aliquid
1574 2272 1601 2298 in
1628 2280 1685 2299 me-

897 2319 971 2346 dium
995 2318 1150 2354 proferam;
1174 2326 1243 2353 quae,
1268 2324 1297 2345 ut
1318 2319 1415 2353 potuit,
1432 2319 1513 2346 variis
1536 2327 1551 2346 c
1576 2319 1688 2347 latebris

898 2363 1001 2396 eduxit,
1013 2369 1039 2391 et
1054 2363 1148 2391 Latine
1164 2372 1253 2397 versa,
1269 2365 1395 2399 notisque
1415 2365 1560 2397 illustrata,
1579 2365 1685 2400 publica

899 2409 959 2436 fecit
976 2411 1079 2444 primus
1092 2410 1228 2438 Gerardus
1244 2410 1357 2438 Vossius
1374 2410 1520 2446 Moguntite
1531 2413 1600 2444 iii-4,
1613 2419 1686 2439 anno

897 2456 965 2483 160i
979 2465 986 2487 ;
1003 2457 1175 2490 postmodum
1192 2464 1266 2483 anno
1285 2456 1361 2489 1622,
1378 2465 1439 2484 cum
1457 2458 1576 2486 Macario
1603 2459 1686 2494 (Egy-

897 2503 964 2537 ptio,
986 2507 1012 2529 et
1028 2503 1127 2530 Basilio
1152 2503 1316 2532 Seleucieusi
1338 2505 1408 2532 edita
1433 2510 1497 2533 sunt
1510 2505 1622 2533 Parisiis
1643 2506 1687 2533 in-

898 2550 933 2578 fol
938 2571 944 2578 .
1079 2550 1084 2554 ⁷

940 2598 1012 2625 lnter
1033 2597 1105 2625 illius
1129 2606 1210 2633 opera
1228 2599 1344 2626 habetur
1356 2599 1575 2635 Memphi-asini"
1596 2599 1687 2627 Eccle-

899 2648 1016 2677 siastem,
1037 2653 1097 2680 quae
1110 2645 1135 2671 in
1155 2645 1264 2680 Regina:
1277 2647 1388 2677 codice.
1410 2647 1506 2674 litteris
1524 2646 1687 2681 capitalibus

901 2692 1009 2726 scripto,
1035 2696 1064 2718 ut
1087 2691 1181 2718 scribit
1206 2691 1312 2724 Billius,
1339 2697 1364 2719 et
1381 2693 1504 2728 Gregorii
1521 2692 1686 2719 Nazianzeni

900 2737 1087 2772 antiquitatem
1114 2742 1254 2774 mquantc,
1275 2738 1345 2765 inter
1369 2746 1497 2773 germana
1523 2737 1687 2765 Nazianleni

900 2792 982 2818 opera
996 2789 1165 2816 numeratur,
1178 2784 1248 2819 quod
1263 2785 1331 2811 tanti
1350 2785 1420 2819 apud
1439 2785 1545 2812 Billium
1566 2785 1626 2817 fuit.
1646 2789 1685 2817 ut,

95 2852 132 2888 (1)
146 2853 347 2884 Prmmittuntur
363 2858 474 2886 editioni
493 2859 637 2888 Parisiat'u:
660 2867 778 2889 veterum
802 2861 832 2889 de
847 2861 975 2897 Gregorio
993 2862 1157 2896 testimonia,
1169 2872 1228 2898 qtae
1241 2863 1309 2890 \‘i'le.
1328 2863 1427 2891 Ascua.
1444 2864 1507 2891 ΜΑι.
