1844 3047
196 116 209 144 1
214 116 264 142 207

636 117 759 145 LEONlS
779 117 915 145 ALLATll
934 117 1007 144 DlA'l
1015 117 1094 145 RIBA
1112 116 1155 143 DE
1174 115 1378 144 THEODORXS.

1749 115 1760 141 Ι
1768 115 1814 141 Ξο8

196 184 352 212 quanquam
371 177 526 204 reclamaret
541 177 635 212 stylus,
651 178 695 211 qui
711 185 763 204 non
779 186 974 212 usquequaque
991 182 1010 208 Α
1026 176 1157 204 inolTenso
1180 177 1244 210 pede
1268 184 1315 211 per
1342 174 1548 202 ﬂellenistarum
1575 182 1714 207 remoras,
1744 175 1812 207 quod

195 222 278 248 rcl'ert
301 222 467 248 elaboratum
496 221 561 248 illud
599 226 624 248 et
652 222 836 258 ἀπεξεσμένον
868 222 973 249 dicendi

194 275 291 302 genus,
306 267 377 302 quod
397 267 497 302 passim
519 268 544 294 in
563 267 724 294 Nazianzeui
746 269 854 304 scriptis
875 268 972 300 elucet,

194 313 375 341 conuexiones
387 313 579 340 sententiarum
588 315 726 349 aliquanto
740 314 875 348 duriores,
885 319 974 341 trans-

194 359 300 394 itusque
314 359 483 394 abruptiores
499 369 505 387 :
521 360 592 395 quod
606 360 628 387 si
640 361 762 395 quaedam
778 361 859 388 verba
884 368 972 395 quan-

192 405 278 439 doque
294 405 434 432 intertexta
450 404 576 439 fuissent,
592 407 676 433 multo
689 407 796 434 mollior
808 406 904 434 fuisset
918 411 971 433 tota

192 453 335 487 contextus
356 449 448 482 facies,
466 450 611 485 minusque
631 450 723 478 invitae
741 451 810 478 inter
826 459 855 478 se
869 451 972 478 coirent

191 495 351 523 sententias:
374 496 443 523 inter
471 500 559 523 tamen
587 497 834 532 pseudoepigrapha
855 496 971 523 Nalian-

191 541 251 568 teni
277 541 347 569 hanc
371 542 585 569 lucubrationem
614 551 758 570 numerare
786 551 840 570 non
863 542 971 570 dubita-

190 587 266 613 verit.
286 586 335 613 Dat
359 592 448 614 tamen
475 595 572 615 manus
595 588 774 624 Hieronymo,
800 589 846 624 qui
864 597 969 616 omnem

189 631 364 660 dubitationis
381 641 476 660 ansam
496 635 599 666 eximit,
618 639 698 669 atque
715 635 788 662 hunc
806 634 889 661 fetum
906 642 969 662 vero

189 678 292 712 parenti
308 679 415 706 asserit.
432 678 553 713 Namque
571 680 709 715 explicans
721 681 784 707 illud
799 680 970 708 Ecclesiastre

190 731 249 758 cap.
267 731 303 755 tv,
323 723 416 750 Melior
435 730 472 751 est
493 734 557 760 puer
576 734 684 760 pauper.
702 734 734 753 ex
755 725 875 761 Gregorii
890 726 968 754 Ponti

188 768 319 803 episcopi,
335 769 457 803 Origenis
479 771 621 801 auditoris,
639 771 803 806 metaphrasi
826 771 852 798 in
877 771 967 799 Eccle-

188 814 309 847 siastem,
323 815 516 848 expositionem
541 816 664 849 assumit,
682 817 811 844 verbalim
837 817 966 852 digt-stam

1027 227 1121 249 nostro
1135 222 1176 249 vel
1194 222 1219 249 in
1243 221 1338 256 primis
1356 221 1440 252 deest,
1461 223 1488 246 et
1510 219 1699 254 signiﬁcanter
1722 218 1814 246 Graece

1027 276 1118 303 aequor
1131 268 1183 295 hoc
1198 267 1317 294 decurrit
1331 276 1336 293 :
1353 267 1389 293 ita
1405 270 1434 292 ut
1448 265 1583 293 lubentius
1596 265 1733 292 nonnulla
1747 272 1812 300 pra-

1027 314 1157 342 termittat
1190 315 1282 350 ρἠεις
1302 313 1384 344 enim,
1406 311 1478 347 quod
1499 319 1553 338 non
1577 312 1674 346 probo,
1700 311 1812 346 integra

1025 360 1226 395 desiderantur)
1241 367 1325 394 quam
1342 363 1371 385 ut
1393 366 1446 385 non
1463 362 1623 387 connectat.
1637 364 1702 384 cum
1721 361 1811 384 tamen

1026 406 1088 434 alibi
1108 405 1242 438 nonnihil,
1259 405 1383 440 quamvis
1406 412 1540 439 nusquam
1564 407 1642 431 extra
1670 403 1749 438 leges
1763 411 1810 437 pa-

1027 452 1192 487 raphraseos
1214 451 1333 478 insistat.
1359 450 1455 477 Veram
1479 450 1638 477 brevitatem
1662 450 1757 481 enim,
1783 454 1810 476 ut

1022 499 1078 533 jam
1096 497 1163 528 dixi,
1187 497 1214 524 in
1237 497 1289 523 hoc
1314 504 1411 532 genere
1437 496 1564 523 amabant
1584 500 1704 527 xeteres,
1727 505 1737 521 ι
1756 500 1806 523 etc.

1024 543 1110 578 Hujus
1125 542 1304 578 metaphrasis
1328 546 1381 570 tres
1403 542 1516 576 vulgata:
1536 546 1600 569 sunt
1622 541 1731 569 Latinae
1751 542 1807 569 edi-

1024 590 1121 616 tiones.
1140 589 1231 616 Prima
1244 588 1357 616 Joannis
1372 587 1583 623 (Ecolampadii,
1603 592 1661 615 tum
1677 589 1807 616 monachi

1024 635 1180 670 Brigittani,
1205 635 1273 662 inter
1301 634 1564 669 Orthodozographa,
1592 634 1709 662 Basilezn
1737 642 1807 661 anno

1024 681 1102 708 1555.
1128 680 1251 708 Secunda
1273 680 1426 716 Wolfgangi
1446 680 1560 708 Musculi
1584 688 1648 708 cum
1672 681 1807 708 orationi-

1022 726 1074 754 bus
1097 725 1260 754 Nazianzcni
1286 734 1301 753 a
1332 726 1464 754 Bilibaldo
1491 725 1673 762 Pyrkeymero
1708 727 1805 754 versis.

1023 771 1112 799 Tertia
1131 771 1234 800 Jacobii
1250 772 1330 805 Billii,
1344 771 1437 799 Sancti
1451 771 1590 799 Michaelis
1605 772 1632 799 in
1649 779 1746 800 eremo
1761 773 1806 799 ab-

1022 817 1101 850 batis,
1116 826 1176 852 qua:
1193 817 1305 845 Lutetiae
1323 818 1422 852 prodiit
1438 825 1509 844 anno
1529 818 1608 850 1585,
1629 823 1657 845 et
1671 826 1749 853 qum,
1768 819 1806 845 ul-

188 860 214 886 in
230 860 310 894 hujus
321 861 495 895 metaphrasi.
512 869 571 896 cap.
586 870 620 889 iv.
637 862 726 895 Quare
737 863 802 889 nulli
818 863 929 890 dubium
943 864 968 890 in
986 862 1005 889 Β
1022 867 1082 897 pote
1097 863 1200 890 ﬁdelior
1212 867 1239 890 et
1258 864 1416 899 elegantior,
1434 871 1447 890 a
1464 863 1585 892 Gerardo
1602 863 1706 891 Vossio
1727 870 1806 891 ante-

187 910 323 940 posterum
344 906 434 938 fuerit,
452 915 544 934 verum
567 908 639 936 illius
659 914 797 936 auctorem
820 909 964 937 Neocaesa-

187 955 302 980 riensem
319 961 377 980 esse
401 953 569 989 Gregorium.
585 954 662 987 Quod
684 960 772 982 autem
797 954 965 982 Nazianzeno

186 1005 294 1033 quoque
308 999 424 1033 ascripta
444 999 535 1031 fuerit,
550 1007 694 1027 commune
715 1008 814 1027 nomen
839 1001 865 1027 in
883 1008 964 1027 causa

187 1042 246 1075 fuit,
260 1044 330 1078 quod
350 1043 505 1079 frequenter
518 1045 544 1072 in
560 1045 634 1073 libris
649 1046 839 1073 ecclesiasticis
854 1046 962 1078 accidit,

185 1093 212 1115 et
232 1089 348 1116 aliorum
369 1089 492 1124 exelnplo
514 1090 620 1124 probat.
640 1090 668 1117 in
685 1091 778 1118 codice
804 1091 867 1118 item
891 1091 964 1119 Vati-

184 1143 252 1162 cano
264 1135 314 1162 479
327 1136 516 1169 antiquissimo
528 1141 554 1163 et
570 1137 677 1171 optima:
691 1141 770 1169 notat.
792 1138 818 1164 in
833 1145 887 1172 quo
901 1146 963 1165 cum

184 1181 244 1209 aliis
257 1181 418 1209 Nazianteni
439 1179 566 1217 operibus
582 1183 638 1210 haec
661 1191 770 1218 quoque
786 1184 964 1218 metaphrasis

184 1228 271 1256 locum
288 1229 378 1262 habet,
396 1230 422 1256 in
438 1229 559 1264 margine
575 1230 718 1256 scribitur:
735 1230 831 1257 ’ἰστέον
843 1231 883 1257 ὅτι
894 1232 964 1258 κατά

182 1283 255 1306 τινας
282 1275 295 1301 ὁ
313 1274 390 1309 λόγος
409 1271 485 1306 οὗτος
501 1274 706 1310 ἀμφιϐάλλεται.
729 1286 738 1301 ‹
763 1275 905 1310 Sciendum
923 1283 963 1304 est

183 1323 252 1357 apud
276 1322 421 1349 nonnullos
444 1322 517 1349 hunc
540 1322 638 1349 librum
665 1323 690 1349 in
711 1323 823 1350 dubium
853 1324 929 1350 verti.
950 1333 959 1349 ›

184 1367 240 1395 lioc
252 1368 321 1395 idem
339 1368 419 1395 etiam
433 1368 529 1403 legitur
548 1368 574 1394 in
595 1368 648 1396 alio
665 1376 713 1396 nec
737 1370 826 1396 minus
845 1374 959 1402 vetusto,

183 1421 232 1441 nec
246 1414 336 1441 minus
350 1415 472 1449 elegante
493 1414 586 1442 codice
603 1414 682 1441 1446.
703 1415 754 1441 Alii
768 1423 797 1442 se
813 1416 878 1443 satis
896 1423 961 1450 pro-

182 1458 260 1485 basse
285 1464 393 1492 putant,
416 1467 446 1487 ac
471 1459 622 1488 vindicasse
641 1459 860 1496 Thaumaturgo.
883 1462 960 1488 testi-

182 1505 274 1532 monio
298 1505 387 1532 Ruﬁni
403 1527 410 1536 ,
437 1505 609 1542 Hieronymi,
637 1505 743 1535 Suidae.
766 1507 812 1541 qui
838 1507 959 1535 scribunt

1019 910 1071 937 lata
1082 910 1192 945 reliquis
1204 916 1254 938 est.

1053 955 1207 983 Orationem
1224 955 1327 983 tertiam
1353 955 1379 982 in
1401 954 1656 985 Annuutiationem,
1676 962 1741 990 qua:
1766 955 1805 982 in-

1018 1001 1091 1036 cipit,
1104 1003 1188 1031 Πάλιν
1198 1003 1283 1037 χαρᾶς
1293 1000 1447 1034 εὐαγγέλια,
1461 1001 1512 1028 sub
1526 1000 1651 1035 Gregorii
1665 1000 1805 1028 Thauma-

1018 1047 1087 1081 turgi
1113 1046 1222 1074 nomine
1237 1047 1276 1073 ait
1313 1045 1425 1073 Vossius
1450 1052 1480 1073 se
1501 1046 1641 1074 invenisse
1658 1051 1722 1081 post
1739 1047 1805 1074 alias

1017 1093 1084 1119 duas
1098 1092 1233 1120 orationes
1247 1091 1368 1126 ejusdem
1389 1092 1509 1119 auctoris
1521 1091 1555 1119 de
1569 1092 1665 1119 eadem
1687 1093 1803 1119 Annuu-

1017 1138 1130 1165 téatione
1143 1138 1227 1165 beaue
1240 1137 1329 1165 Mariae
1338 1137 1456 1173 Virginis
1464 1139 1492 1165 in
1500 1138 1699 1173 antiquissimo
1710 1138 1803 1165 Greco

1016 1184 1152 1211 volumine
1164 1191 1216 1211 ms.
1242 1183 1500 1218 Cryptol‘erratensis
1521 1183 1715 1213 bibliotheca;
1731 1184 1803 1210 aliir-

1016 1235 1134 1265 matque,
1147 1229 1169 1256 si
1185 1234 1311 1256 contenta
1323 1229 1366 1257 hic
1381 1230 1580 1262 examinentur,
1598 1230 1730 1258 eamdem
1742 1238 1802 1256 cum

1016 1275 1229 1310 prmeedentibus
1242 1275 1413 1303 orationibus
1421 1276 1574 1303 doctrinam
1590 1275 1708 1306 referre,
1719 1275 1801 1310 phra-

1015 1323 1066 1349 sim
1085 1328 1165 1357 atque
1181 1322 1352 1354 sententiam,
1375 1321 1462 1357 elogia
1482 1321 1562 1356 plane
1583 1321 1700 1350 similia.
1718 1327 1745 1347 et
1760 1329 1801 1348 res

1013 1369 1133 1396 easdem.
1148 1368 1216 1396 iiinc
1229 1376 1258 1396 se
1278 1369 1371 1396 mirari
1393 1368 1465 1395 illam
1484 1368 1535 1396 sub
1557 1367 1672 1395 nomine
1686 1366 1802 1394 Joannis

1013 1414 1200 1450 Chrysostomi
1215 1414 1248 1440 ab
1264 1414 1373 1449 Aloysio
1389 1414 1539 1449 Lipomauo
1558 1414 1586 1441 in
1605 1413 1675 1440 Vitis
1692 1418 1800 1439 sancto-

1014 1469 1071 1486 rum
1082 1461 1232 1495 evulgatam
1251 1459 1347 1493 fuisse,
1360 1467 1392 1487 ac
1410 1459 1559 1494 praesertim
1576 1466 1639 1486 cum
1656 1458 1801 1493 interiecta

1014 1506 1058 1534 illa
1073 1506 1266 1542 Chrysostomo
1287 1507 1396 1542 indigna
1422 1507 1582 1538 assertione,
1603 1515 1660 1541 qua
1686 1506 1798 1542 Josephi

181 1550 413 1586 Thaumaturgum
433 1554 458 1578 in
477 1539 668 1587 Ecclesiastem
686 1539 878 1587 metaphrasim
901 1553 960 1580 edi-
974 1539 994 1567 C
1011 1539 1153 1588 virginitas
1171 1539 1358 1587 impugnatur-
1369 1556 1395 1579 et
1415 1551 1528 1579 tollitur.
1549 1550 1692 1585 Quidquid
1715 1551 1752 1577 sit
1767 1551 1799 1577 de

181 1598 260 1625 disse.
275 1598 309 1624 At
320 1605 400 1632 quam
414 1598 449 1625 sit
463 1606 576 1632 parvum
585 1606 741 1635 yanumque
754 1600 804 1627 hoc
817 1607 961 1634 argumen-

178 1647 246 1673 tum,
274 1642 338 1669 satis
364 1647 473 1672 norunt,
502 1642 548 1677 qui
570 1643 658 1670 sciunt
685 1644 806 1670 diversos
831 1651 902 1678 saepe
929 1651 961 1670 ac

178 1688 267 1716 varios
293 1689 435 1723 scriptores
449 1689 482 1716 de
496 1689 589 1716 eadem
606 1697 635 1716 re
662 1690 756 1717 eodem
784 1690 861 1716 titulo
886 1690 961 1716 lucu-

177 1733 280 1760 brasse.
303 1733 413 1768 Scripsit
427 1734 452 1760 in
464 1734 651 1761 Ecclesiastem
663 1736 852 1770 metaphrasim
871 1736 961 1763 Thau-

178 1783 333 1814 maturgus;
361 1787 441 1806 nemo
467 1780 492 1806 id
514 1785 616 1814 negat:
639 1788 703 1815 ergo
727 1781 784 1808 hinc
807 1781 960 1816 metaphra-

178 1824 215 1851 sis
240 1825 267 1850 in
290 1824 477 1852 Ecclesiastem
504 1825 696 1861 Thaumaturgi
722 1830 779 1857 est;
804 1827 870 1854 illud
894 1834 959 1854 vero

177 1870 346 1905 probandum
359 1875 401 1897 est
415 1871 499 1905 prius,
512 1871 615 1898 nullum
629 1872 709 1898 alium
726 1873 915 1907 metaphrasim
931 1873 957 1900 in

178 1913 367 1940 Ecclesiasten]
390 1915 541 1949 scripsisse.
567 1915 617 1943 Sed
633 1916 696 1951 quis
716 1916 741 1943 id
764 1917 887 1949 probabit
902 1927 953 1945 un-

177 1959 277 1993 quam!
292 1958 324 1986 Et
342 1965 429 1987 tamen
448 1960 549 1995 aliquid
572 1962 598 1988 in
617 1962 667 1989 hac
688 1970 717 1989 re
737 1967 788 1996 est,
807 1965 954 1998 scriptores

176 2005 281 2032 tradere
296 2004 526 2040 Thaumaturgum
547 2008 737 2042 metaphrasim
769 2008 795 2035 in
820 2009 954 2037 Ecclesia-

174 2054 243 2077 stem
264 2051 414 2085 scripsisse,
437 2059 498 2078 eum
521 2052 611 2080 nullus
624 2053 657 2081 de
671 2053 852 2088 Nazianzeno,
875 2056 953 2090 cujus

174 2095 274 2130 scripta
285 2096 406 2123 omnium
426 2097 479 2124 fere
489 2098 606 2125 examini
620 2099 732 2127 subacta
747 2105 822 2133 sunt,
840 2101 865 2128 id
877 2109 952 2129 asse-

173 2145 225 2168 rat.
242 2140 311 2168 Sunt
327 2142 418 2177 itaque
436 2150 532 2177 prazter
543 2144 661 2177 Billium,
676 2150 703 2172 et
718 2146 762 2172 alii
776 2147 949 2179 recentiores,

1008 1597 1142 1631 doctrina,
1157 1605 1217 1633 qua:
1233 1597 1365 1625 catholica
1372 1602 1413 1625 est
1431 1601 1458 1624 et
1472 1597 1532 1624 aliis
1547 1597 1653 1624 sanctis
1668 1596 1798 1623 Patribus

1009 1643 1088 1678 plane
1107 1643 1276 1676 communis;
1295 1647 1322 1670 et
1334 1643 1368 1670 de
1382 1642 1532 1670 assertione
1551 1641 1608 1674 illa,
1628 1648 1715 1676 quam
1735 1642 1795 1668 Vos-

1008 1689 1064 1716 sius
1079 1689 1215 1723 iudigaam
1229 1688 1303 1716 ducit
1315 1688 1516 1724 Chrysostomo,
1532 1692 1557 1714 et
1566 1695 1649 1722 quam
1663 1695 1717 1714 nos
1733 1688 1798 1714 alias

1008 1734 1035 1761 in
1063 1738 1157 1761 nostro
1184 1733 1327 1760 Eustathio
1350 1733 1518 1760 Antiocheno
1548 1733 1793 1767 impugnavimus;

1007 1779 1130 1814 equidem
1146 1780 1218 1814 quod
1230 1779 1262 1806 de
1275 1779 1481 1814 phrasi,clogiis
1495 1783 1520 1805 et
1535 1778 1681 1805 sententiis
1699 1779 1795 1805 iisdem

1007 1825 1099 1857 tradit,
1118 1832 1199 1852 merae
1218 1832 1297 1859 nugae
1313 1829 1387 1852 sunt.
1414 1823 1518 1851 Rudior
1534 1827 1574 1851 est
1593 1823 1795 1858 Thaumaturgi

1006 1872 1160 1900 indicendo
1177 1879 1308 1899 numerus
1322 1876 1404 1906 atque
1424 1871 1571 1903 austerior,
1589 1875 1615 1897 ct
1631 1871 1796 1905 compositio

1005 1917 1185 1952 circumplexa
1202 1925 1234 1945 ac
1250 1917 1306 1944 fere
1323 1917 1422 1949 soluta,
1437 1917 1605 1951 metaphoris
1623 1917 1793 1952 reliquisque

1005 1963 1098 1997 ﬁguris
1112 1963 1240 1990 oratoriis
1253 1963 1337 1995 nuda,
1354 1962 1496 1990 sententia:
1518 1962 1684 1994 severiores,
1702 1964 1794 1990 mode-

1003 2010 1115 2040 stiores,
1127 2009 1312 2036 meditatiores
1322 2017 1327 2034 :
1338 2014 1365 2035 at
1376 2009 1402 2034 in
1417 2009 1466 2036 hac
1477 2009 1793 2044 oratione,quemaduto-

1002 2055 1066 2081 dum
1082 2054 1146 2081 etin
1156 2055 1268 2089 reliquis
1278 2055 1394 2090 duabus,
1408 2059 1504 2081 auctor
1517 2055 1599 2082 veluti
1615 2055 1711 2089 pullus
1726 2057 1790 2083 sub-

1002 2100 1106 2127 sultans
1126 2100 1224 2127 laxatis
1241 2100 1363 2132 habenis,
1389 2100 1526 2128 adscititio
1551 2106 1652 2128 ornatu
1678 2102 1788 2133 nobilis,

1001 2145 1120 2180 undique
1136 2153 1184 2179 per
1199 2153 1310 2180 campos
1329 2153 1477 2174 excurrens
1508 2151 1627 2182 nugatur
1649 2152 1675 2174 et
1698 2149 1786 2174 ludit:

172 2184 218 2218 qui
235 2184 549 2229 dictam'metaphrasim.
565 2190 670 2223 parenti
689 2191 798 2224 proprio
823 2192 949 2225 reddunt,
966 2207 988 2234 υ
1002 2191 1079 2225 quasi
1093 2199 1124 2217 ex
1142 2192 1289 2226 impmviso
1305 2190 1416 2225 diceret,
1437 2200 1487 2219 sua
1509 2193 1637 2220 enuntiat
1665 2194 1787 2221 homtro-

172 2230 264 2258 Sixtus
277 2226 405 2260 Senensis
419 2233 445 2260 in
458 2226 630 2268 Bibliotheca,
646 2236 778 2264 Antonius
787 2237 949 2266 Passerinus

171 2275 197 2302 in
210 2277 356 2311 Apparatu,
375 2279 402 2305 in
426 2278 550 2314 Gregorio
575 2280 745 2308 Nazianzeno
768 2287 793 2310 et
825 2283 948 2319 Gregorio

171 2320 379 2358 Tlmumnlurgo.
398 2329 424 2351 et
449 2325 475 2351 in
494 2325 620 2354 Biblioth.
641 2327 745 2358 selecto,
771 2329 817 2356 lib.
842 2337 870 2361 tt,
887 2338 946 2364 cap.

169 2367 220 2399 l5;
236 2367 336 2395 Fronto
350 2369 463 2398 Ducaaus
478 2371 503 2397 in
525 2373 595 2399 notis
610 2372 642 2399 ad
658 2374 778 2400 eamdem
795 2376 948 2410 metaphra-

168 2414 230 2445 sim,
248 2413 427 2443 Bellarminus
453 2416 488 2443 De
510 2418 680 2452 scriptoribus
705 2419 900 2453 ecclesiasticis,
921 2427 946 2449 et

168 2460 288 2487 omnium
306 2467 459 2496 postremus
480 2463 570 2490 Daniel
595 2463 722 2493 Heinsius
737 2466 762 2493 in
791 2467 945 2495 Aristarcho

167 2513 252 2544 sacro,
277 2515 336 2542 cap.
361 2508 404 2534 Η.
428 2518 436 2534 t
462 2509 619 2537 Venerabile
641 2512 820 2546 antiquitatis,
845 2513 943 2548 inquit,

168 2557 370 2578 monumentum
394 2553 515 2587 Gregorii
546 2553 774 2584 Neocaesaricnsis
799 2558 827 2583 in
851 2558 943 2585 Eccle-

165 2596 270 2623 siasten:
285 2603 373 2625 exstat
386 2600 654 2635 paraphrasis,quam
666 2610 738 2630 nutte
757 2605 942 2638 metaphrasi":

164 2640 324 2669 inscribunt.
345 2643 426 2670 Multa
444 2645 478 2671 ibi
504 2649 574 2672 terse
596 2654 628 2673 ac
654 2647 736 2681 polite
762 2650 940 2683 explicantur,

164 2693 250 2720 neque
273 2687 345 2715 aliud
368 2693 420 2716 tam
440 2690 476 2716 illi
497 2699 568 2718 curse
591 2692 651 2724 l‘uit,
674 2701 755 2727 quam
780 2695 852 2728 quod
876 2703 940 2730 pro-

163 2730 249 2764 prium
263 2738 304 2759 est
323 2735 517 2768 paraphrasttc,
534 2741 563 2763 ut
579 2737 604 2763 in
624 2737 725 2772 scripto
742 2739 939 2768 obscurissimo

162 2777 366 2812 ronnexioncln,
391 2788 438 2807 seu
461 2781 509 2816 τὴν
534 2782 709 2818 ἀλληλουχίαν
732 2784 937 2816 demonstraret.

161 2821 231 2855 quod
254 2827 279 2849 et
304 2823 417 2851 feliciter
432 2827 590 2861 plerumque
616 2833 758 2856 assecutus
776 2835 826 2857 est.
846 2831 938 2866 Itaque

1002 2238 1097 2272 ptotis,
1111 2242 1137 2264 et
1164 2238 1390 2271 ltotnmotclcutis,
1406 2243 1431 2266 et
1447 2239 1577 2266 omnibus
1598 2240 1672 2271 aliis,
1688 2242 1787 2275 quibus

999 2283 1106 2310 dicendi
1122 2292 1207 2319 genus
1231 2286 1434 2321 panegyricum,
1451 2285 1553 2314 Gnecis
1578 2286 1730 2315 admodum
1748 2288 1783 2314 ta-

999 2331 1104 2358 ntiliare
1116 2330 1142 2358 in
1159 2332 1239 2359 rebus
1259 2332 1427 2367 hujusmodi,
1445 2337 1539 2360 scatet.
1556 2332 1671 2367 Confer,
1690 2336 1781 2364 lector,

999 2385 1079 2403 unam
1106 2378 1231 2412 paginam
1261 2378 1418 2414 Gregoriani
1441 2379 1694 2414 prosphonematici
1723 2390 1781 2408 cum

996 2421 1087 2454 dictis,
1104 2426 1130 2448 ct
1144 2423 1221 2456 plane
1243 2423 1388 2451 discrimen
1404 2432 1553 2460 .agnosces,
1571 2426 1599 2452 ni
1613 2433 1709 2454 cmcus
1726 2435 1782 2454 esse

997 2466 1124 2493 volueris.
1143 2467 1176 2494 Et
1197 2476 1263 2495 sane
1281 2471 1489 2504 prosphonetiea
1509 2472 1554 2498 illa
1581 2472 1614 2499 ad
1637 2472 1780 2509 Origenem

995 2513 1076 2544 dicta,
1091 2521 1152 2540 cum
1168 2519 1322 2541 versaretur
1339 2515 1364 2541 in
1379 2516 1532 2544 laudatorio
1542 2526 1653 2553 genere,
1671 2520 1780 2546 ﬂoribus‘

995 2559 1149 2594 ltujusniodi
1168 2560 1285 2596 inspergi
1296 2563 1460 2597 quandoque
1477 2564 1625 2598 debuerat;
1640 2567 1675 2593 ad
1687 2567 1775 2600 Orige-

994 2612 1054 2631 nem
1074 2606 1246 2639 potissimum
1263 2607 1363 2640 habita,
1378 2609 1423 2643 qui
1442 2610 1467 2635 in
1489 2610 1629 2640 similibus
1647 2619 1777 2645 versatus,

993 2658 1006 2676 a
1026 2650 1134 2682 talibus,
1152 2658 1212 2678 cum
1233 2660 1263 2679 se
1285 2653 1392 2680 oﬁ‘erret
1413 2655 1534 2687 occasio,
1552 2665 1608 2684 non
1636 2659 1775 2685 abstinuit.

993 2696 1045 2722 Sed
1064 2697 1164 2731 rrspuit
1185 2698 1241 2725 lucc
1263 2707 1386 2726 severum
1404 2699 1606 2738 Thaumaturgi
1627 2705 1775 2740 ingenium,

990 2747 1016 2768 et
1033 2742 1116 2770 voluit
1133 2744 1217 2778 magis
1235 2752 1294 2772 esse
1322 2753 1404 2779 quam
1420 2747 1518 2779 videri,
1539 2749 1653 2777 virtutis
1666 2756 1692 2778 et
1712 2752 1775 2778 sim-

990 2787 1117 2821 plicitatis
1134 2793 1248 2816 amator.
1262 2788 1344 2824 quue
1355 2790 1423 2816 adeo
1438 2799 1532 2818 verum
1544 2798 1599 2826 est,
1613 2799 1644 2821 ut
1658 2794 1774 2822 Vincen-

990 2833 1045 2860 tius
1063 2832 1220 2867 lticcardus,
1233 2835 1274 2861 vir
1283 2835 1363 2863 rebus
1378 2836 1420 2864 his
1436 2839 1631 2869 examinandis
1649 2841 1773 2869 assidua!
