1844 3047
15 116 44 144 D9

399 112 522 140 LEONlS
542 113 679 140 ALLATII
711 112 871 140 DIATRIBA
891 111 933 140 DE
953 111 1156 140 THEODORIS.

1519 115 1586 144 1210

29 172 180 208 perspicax,
206 171 232 198 in
261 171 455 198 commentario
478 170 512 198 ad
535 175 639 198 sextam
668 171 753 199 sancti
770 174 791 201 Α
806 171 942 199 siensibus
952 171 1118 199 editionibus
1135 171 1313 199 adornantur.
1326 171 1380 200 Nec
1391 173 1514 202 exhausti
1524 180 1588 204 sunt

15 220 62 247 ocli
87 219 249 250 oralionem,
272 217 456 250 testimonium
478 225 511 245 ex
535 218 669 250 secunda,
694 226 754 253 qua:

15 265 68 299 :ipit
78 263 205 300 ;Ἐορτὰς
218 263 265 298 μὲν
279 263 386 294 ἁπάσας
395 263 441 289 καὶ
450 262 595 298 ὑμνῳδίας,
607 263 753 296 adducens,

15 311 121 339 seruerit
136 319 142 337 :
162 318 172 336 α
190 309 321 342 Quamvis
339 316 512 344 summopere
529 310 637 343 ambigo
655 315 682 336 et
700 309 754 336 haz-

15 366 34 388 J,
52 365 84 383 an
99 363 193 383 revera
202 354 323 390 Gregorii
337 346 533 391 Thaumaturgi
551 356 639 383 sitilla
655 355 754 383 oram).

15 403 61 431 ctio
75 402 147 429 enim
172 402 229 437 ipsa
252 401 359 428 videtur
381 401 471 436 potius
495 401 581 429 sancti
607 401 706 435 Procli,
729 405 755 429 et

15 448 113 476 utentia:
124 448 151 474 in
164 455 195 475 ea
209 447 330 482 plurima:
342 447 444 480 insunt,
461 455 521 482 quae
536 448 674 482 conceptis
693 455 754 475 ver-

15 498 90 522 ssunt
103 494 130 520 in
145 494 268 521 oratione
283 494 370 528 prima
382 493 483 526 Procli,
497 498 522 520 et
538 493 679 521 innumera
692 494 754 526 alia,

18 546 38 565 te
51 539 76 565 in
92 538 153 565 aliis
169 537 257 565 Procli
271 537 440 565 orationibus
455 537 643 568 oﬂ‘enduntur;
662 543 689 564 et
702 537 756 564 fre-

19 591 62 611 cns
77 583 144 611 adeo
159 583 266 611 iteratio
287 583 361 611 vocis
377 583 513 617 οεοτόκου,
532 584 640 611 videtur
660 584 756 611 Nesto-

15 637 47 655 im
63 629 200 663 impetere.
216 637 225 654 ι
243 628 275 655 Ει
290 628 360 655 inl'ra
374 636 381 654 :
401 637 410 653 ‹
426 627 549 656 Imitatus
564 635 676 656 sanctus
691 627 756 656 Pro-

15 683 38 702 ιδ
60 679 183 702 sanctum
208 673 367 710 Gregorium
386 673 620 710 Thaumaturgum
643 675 669 701 in
692 682 756 701 ora-

15 728 51 748 me
68 721 186 748 secunda
211 720 244 747 de
258 720 483 751 Annuntiatione.
499 720 520 747 si
538 721 619 747 modo
639 720 699 755 ejus
715 725 756 748 est

15 775 27 794 a
40 767 133 794 oratio.
156 776 165 792 ι
183 765 239 795 Nos
251 767 277 794 in
290 767 405 801 epistola
422 767 455 793 ad
472 765 614 794 Nihusium
631 766 664 793 de
680 766 757 793 litur-

15 821 24 839 ιι
37 813 119 840 sancti
143 812 237 840 Jacobi
257 812 383 847 apostoli,
407 812 441 839 de
464 812 539 839 vocis
558 811 684 838 θεοτόκου
705 820 756 838 usu

15 859 59 885 iam
82 864 143 885 ante
167 844 332 890 Nestorium,
353 844 482 885 nonnulla
502 857 652 885 attulimus.
671 857 756 890 Quid~
773 844 793 870 Β

15 905 44 931 riu
66 909 152 931 tamen
176 904 220 937 sit,
247 904 352 931 tertiam
376 911 447 931 unus
471 908 574 930 tantum
598 903 681 930 codex
703 910 756 930 ms.

15 956 42 978 tet
52 951 258 985 antiquissimus
271 950 474 985 Thaumaturgo
488 950 620 983 attribuit,
638 949 758 985 atChry-

15 1001 96 1023 stomo
113 1000 234 1029 centum,
253 1004 302 1024 nec
318 996 409 1023 minus
433 996 555 1030 antiqui;
577 996 690 1031 ideoque
708 996 758 1022 sub

15 1042 161 1077 irysostomi
169 1042 277 1069 nomine
284 1046 311 1068 et
320 1041 445 1076 Augustae
452 1041 486 1068 ab
494 1039 647 1068 Hceschelio
656 1040 757 1073 Graece,

28 1088 56 1113 ab
67 1087 125 1114 aliis
139 1087 211 1114 edita
226 1091 275 1114 est.
293 1086 329 1114 De
344 1086 516 1114 sermonibus
528 1086 554 1112 in
568 1086 759 1112 Annuntiatio-

15 1140 44 1159 3m
59 1138 83 1160 et
99 1131 303 1168 Theophaniam
330 1131 510 1165 Dominicam,
529 1137 559 1159 ut
579 1132 658 1160 etiam
676 1133 709 1159 de
725 1132 758 1158 li-

15 1179 53 1205 bllo
66 1179 99 1206 De
110 1180 198 1206 anima
216 1179 248 1206 ad
265 1178 419 1211 Tatianum,
433 1178 501 1205 nihil
522 1179 589 1205 certi
604 1186 633 1205 se
657 1178 757 1205 habere

15 1224 74 1251 :ribit
87 1224 265 1252 Bellarminus
283 1234 289 1252 :
308 1234 317 1250 ι
333 1233 394 1252 cum
408 1229 569 1252 necveteres
582 1225 678 1251 horum
693 1232 758 1259 ope-

15 1278 45 1296 im
63 1271 247 1303 meminerint;
266 1278 353 1305 neque
365 1275 456 1297 tamen
467 1270 591 1297 convinci
607 1270 702 1304 possit,
713 1278 760 1298 eos

15 1324 44 1343 ise
55 1317 237 1352 supposititios
254 1326 260 1350 ;
278 1326 286 1342 I
303 1322 329 1343 et
345 1317 396 1344 hoc
407 1317 507 1351 probis
525 1317 624 1349 tribus,
639 1316 681 1343 vel
693 1324 760 1351 qua-

15 1369 48 1387 ter
63 1363 240 1396 orationibus,
256 1362 434 1397 coniectando
452 1362 544 1397 potius
562 1371 643 1397 quam
665 1363 759 1390 decer~

15 1408 81 1436 cudo.
93 1408 214 1445 Namque
227 1417 280 1437 non
295 1410 397 1437 absone
411 1410 474 1444 quis
486 1409 597 1442 dixerit,
614 1417 759 1444 argumen-

15 1462 45 1479 nn
57 1461 87 1481 ex
97 1454 264 1486 charactere,
282 1460 309 1482 et
327 1455 477 1482 dictionum
498 1453 622 1482 formulis
652 1455 761 1481 desum-

15 1504 70 1532 lum,
97 1501 153 1528 leve
184 1501 330 1528 admodum
353 1508 414 1528 esse
434 1510 440 1527 :
466 1499 650 1527 aﬂ‘ectionibus
663 1499 761 1534 saepius

16 1545 67 1572 nimi
83 1547 215 1574 calamum
233 1547 275 1582 agi
299 1547 426 1582 regique;
451 1551 529 1574 aetate
549 1547 630 1573 etiam
658 1546 759 1572 immu-

16 1591 50 1618 ιιί.
73 1591 137 1620 lline
152 1601 207 1620 non
226 1600 286 1620 esse
312 1600 424 1620 necesse
451 1592 541 1619 omnia
565 1591 760 1626 Thaumaturgi

16 1637 82 1672 :ripta
97 1639 189 1666 eodem
208 1646 315 1674 semper
331 1643 412 1674 atque
427 1646 482 1665 uno
496 1643 590 1665 tenore
606 1638 709 1673 peragi.

27 1681 70 1709 Sed
83 1683 192 1711 Andreae
212 1683 298 1711 Riveti
314 1684 352 1720 (2)
370 1685 398 1711 in
421 1684 515 1711 Critici
539 1684 610 1710 sacri
640 1683 711 1710 libro
730 1691 761 1715 ll,

17 1735 48 1761 lp.
69 1729 108 1762 16,
128 1730 161 1757 de
185 1730 229 1757 his
253 1730 422 1758 orationibus
448 1730 519 1757 dicta
544 1729 760 1757 consideremus.

25 1774 87 1802 Guil.
103 1775 260 1804 Perkinsius
274 1776 399 1803 meminit
415 1777 588 1803 homiliarum
605 1776 639 1803 de
650 1775 763 1803 Annuu-

18 1821 105 1851 atione.
118 1827 181 1855 ete.,
200 1823 265 1850 huic
287 1822 417 1857 Gregorio
432 1823 623 1857 ascriptarum,
640 1830 708 1857 quas
723 1821 764 1848 vi-

18 1872 52 1892 ere
65 1868 125 1894 mihi
149 1877 203 1895 non
227 1868 378 1903 contigerat
396 1873 453 1896 tum
471 1876 532 1896 cum
563 1868 681 1903 primum
706 1867 763 1895 haec

18 1913 99 1947 :ripsi;
117 1923 205 1950 neque
221 1923 260 1943 ea:
274 1923 290 1942 a
305 1915 454 1943 Possevino
475 1916 501 1942 in
523 1915 670 1950 Apparatu,
686 1919 733 1942 aut
749 1922 763 1940 a

21 1958 68 1985 ixto
87 1966 281 1988 memorantur.
311 1971 321 1987 ι
340 1961 491 1996 Antequam
522 1968 633 1988 causam
658 1959 763 1995 perspi-

19 2005 55 2036 lat.
69 2008 225 2035 sententiam
240 2007 303 2035 fert.
322 2007 396 2040 Esto,
412 2015 466 2034 non
477 2007 544 2034 vidit
561 2006 681 2037 Rivetus,
700 2013 763 2033 cum

19 2051 124 2079 criberet.
147 2052 217 2086 Quid
244 2061 309 2089 ergo
337 2053 399 2080 inde
424 2053 566 2087 sequitur?
582 2052 629 2080 Vel
653 2051 764 2079 Rivetus

19 2099 146 2127 :merarius
170 2105 222 2132 est,
245 2101 288 2128 vel
313 2108 407 2136 parum
431 2100 557 2135 diligens.
583 2099 618 2126 De
643 2099 764 2132 Gregorii

20 2142 96 2177 criptis
107 2152 197 2179 agens,
211 2149 240 2172 ut
253 2153 314 2172 vera
324 2145 486 2177 enuntiaret,
501 2145 593 2172 sedulo
604 2145 764 2180 inquirenda

20 2188 158 2223 rantipsius
175 2189 298 2225 Gregorii
313 2190 424 2224 scripta,
438 2189 599 2216 consulendi
616 2188 707 2219 amici,
723 2188 764 2215 in-
779 2191 801 2217 D

21 2233 65 2261 ices
77 2236 223 2268 evolvendi,
242 2241 366 2264 auctores
381 2236 431 2271 ipsi
448 2235 644 2270 conquirendi;
661 2240 691 2262 ut
702 2235 764 2262 dili-

20 2280 79 2308 entia
95 2290 145 2310 non
159 2283 238 2316 desit,
255 2291 304 2310 nec
319 2287 418 2310 temere
432 2283 465 2310 de
488 2283 521 2310 iis
551 2291 611 2317 quae
627 2291 680 2310 non
698 2282 767 2309 vidi-

21 2332 55 2353 ωε
80 2330 290 2362 pronuntiemus.
309 2338 319 2354 ‹
337 2329 430 2363 Neque
445 2336 459 2355 a
476 2327 625 2356 Possevino
637 2329 663 2355 in
677 2329 765 2363 Appa-

21 2379 65 2406 ιιιιι,
80 2383 163 2411 neque
175 2385 190 2404 ιι
207 2377 284 2404 Sixto
302 2380 498 2404 memorantur.
519 2385 528 2401 ι
547 2375 645 2404 Demus
672 2375 768 2403 Riveto

23 2425 50 2444 on
64 2422 274 2449 commemorari.
289 2421 359 2457 Ergo
375 2429 428 2448 non
447 2421 528 2448 sunt?
537 2420 639 2448 Stolida
655 2421 705 2449 ista
722 2429 766 2448 ar-

22 2467 154 2494 umentatio
171 2473 222 2495 est.
237 2467 321 2501 Quasi
338 2475 403 2495 vero
418 2475 479 2501 quae
502 2475 555 2494 non
568 2470 766 2494 commemora—

22 2510 81 2537 erint
94 2513 190 2547 seripta
205 2513 368 2541 Possevinus
381 2518 407 2540 et
421 2513 524 2544 Sixtus,
539 2521 673 2548 nusquam
690 2513 766 2546 alibi,

23 2560 46 2581 ut
58 2558 123 2585 nulla
137 2560 199 2587 sint.
216 2569 226 2586 ί
246 2559 298 2587 Sed
310 2565 404 2594 postea
419 2559 496 2586 editae
514 2558 622 2586 fuerunt
636 2558 727 2586 Graece
742 2564 768 2587 et

23 2603 89 2630 .atine
112 2605 223 2634 Parisiis
246 2615 309 2634 cum
334 2607 406 2634 notis
422 2605 510 2633 Vossii
528 2605 705 2640 Tungrensis,
721 2607 768 2641 qui

23 2654 99 2677 nerves
123 2651 180 2680 illas
203 2658 335 2687 quantum
360 2656 449 2687 potest
471 2652 652 2679 commendat.
673 2661 682 2677 ι
701 2652 770 2680 Bene

24 2693 124 2729 stlirgo
133 2701 194 2724 sunt
208 2698 260 2724 alia
274 2698 381 2725 tandem
398 2697 497 2731 scripta
511 2695 620 2723 Patrum
633 2704 687 2724 non
697 2704 770 2724 com-

23 2745 143 2770 ucmorata
157 2751 171 2770 a
186 2743 334 2772 Possevino
349 2747 377 2771 et
389 2743 476 2775 Sixto,
492 2743 603 2778 quando
618 2743 675 2778 jam
694 2742 771 2770 Pari-

804 224 888 244 sacrm
905 216 1074 251 antiquitatis
1094 217 1224 249 thesauri,
1237 217 1259 244 si
1272 217 1304 244 de
1317 217 1357 244 eis
1371 222 1478 245 taceant
1492 217 1586 246 Posse-

804 263 885 290 vinus
898 266 925 289 et
939 262 1040 290 Sixtus.
1058 262 1253 297 Ignoratplane
1269 262 1380 291 Rivetus
1397 264 1453 291 luee
1465 263 1587 300 Gregorii

805 315 885 341 opera
901 308 946 334 diu
962 314 1024 335 ante
1036 308 1070 335 ab
1082 308 1176 335 eodem
1190 308 1287 336 Vossio
1298 308 1368 336 notis
1383 309 1514 336 illustrata
1526 318 1589 344 pro-

806 353 889 381 diisse
905 353 998 382 Graece
1014 358 1041 381 et
1060 353 1167 386 Latine,
1188 359 1215 381 et
1231 359 1261 382 ut
1281 356 1451 390 postmodum
1464 356 1588 390 Parisiis,

806 398 952 433 Moguntina
970 407 1042 427 anno
1058 399 1136 426 1604.
1157 408 1165 424 ι
1181 398 1232 432 Qui
1252 407 1356 427 merces
1373 401 1442 434 illas,
1457 406 1587 436 quantum

805 449 903 479 potest,
917 446 1098 473 commendat.
1117 455 1126 471 ›
1145 445 1300 473 lllaudabile
1313 449 1354 473 est
1367 446 1470 474 scilicet
1481 447 1587 480 Rivelo.

806 491 906 527 scripta
930 491 1040 518 Patrum
1057 492 1258 523 commendare,
1276 497 1303 519 et
1321 500 1424 520 merces
1444 494 1511 520 adeo
1527 501 1590 528 prc-

807 539 891 565 tiosas
904 542 930 565 et
943 537 1152 572 pulcherrimas,
1173 542 1202 564 ut
1217 542 1247 564 ut
1260 545 1298 564 ea:
1313 540 1395 571 sunt,’
1407 538 1590 566 ambientibus

807 586 962 622 propinare.
979 585 1168 617 Commendat,
1186 590 1319 620 quantum
1333 590 1433 620 potest,
1452 585 1591 613 Thauma—

808 632 878 667 tnrgi
890 633 1001 667 scripta,
1015 639 1074 666 quae
1091 630 1291 667 commendavit
1318 631 1477 665 antiquitas,
1490 636 1517 658 et
1541 639 1590 666 po-

807 676 931 704 sterioris
939 676 987 703 zevi
997 675 1290 703 illustriores'doctores
1298 675 1474 703 ecclesiastici
1483 683 1589 708 omnes;

808 727 834 749 at
848 722 1063 749 exterminarunt
1082 721 1212 752 haeretici,
1235 721 1306 755 apud
1329 728 1398 755 quos
1419 722 1499 748 etiam
1516 722 1542 748 in
1559 730 1590 749 ea

808 769 986 796 mstimatione
1003 767 1095 801 fuere,
1116 772 1146 795 ut
1171 768 1212 794 vel
1234 774 1328 794 eorum
1351 768 1410 795 solo
1436 768 1591 795 testimonio

809 823 857 842 sua
872 815 1047 842 constabilirc
1061 814 1234 842 crediderint.
1247 813 1316 841 illnc
1326 818 1367 841 tot
1380 814 1444 846 illis,
1456 815 1534 842 malis
1548 823 1593 842 ar-

811 861 893 893 tibus,
911 868 1025 892 annexa,
1044 864 1070 887 et
1083 864 1178 894 praeter
1200 868 1304 888 morem
1321 864 1402 894 atque
1424 859 1510 894 legem
1526 868 1588 895 pro-

811 907 907 934 borum
926 907 1066 933 hominum
1094 906 1236 933 immutata
1256 914 1262 932 ε
1280 906 1406 941 pleraque
1425 906 1507 933 etiam
1530 913 1594 932 ora-

811 954 899 982 tiones
914 958 996 988 atque
1013 953 1144 988 opuscula
1155 961 1189 980 ex
1206 961 1275 988 penu
1293 952 1594 986 haereticorumillisap-

813 1000 892 1035 picta.
910 999 1004 1029 Tanta
1021 1004 1080 1027 erat
1102 1000 1128 1026 in
1153 999 1234 1026 unius
1257 999 1370 1034 hujusce
1391 999 1595 1027 commentariis
1620 1007 1621 1011 ‘

812 1046 972 1073 auctoritas!
989 1045 1195 1072 Commendavit
1211 1045 1301 1080 itaque
1316 1044 1441 1078 Vossius,
1459 1053 1519 1080 qua:
1532 1049 1594 1072 ante

812 1099 874 1118 eum
890 1095 929 1118 tot
940 1091 1140 1126 exscriptorum
1156 1091 1255 1118 calami
1281 1091 1352 1118 inter
1366 1091 1418 1118 alia
1437 1095 1593 1118 sanctorum

812 1137 923 1164 Patrum
940 1136 1039 1165 scribta
1055 1137 1154 1172 scripto
1169 1137 1434 1164 commendaverant.
1449 1137 1594 1164 Commen-

812 1184 875 1210 dant
904 1183 1012 1211 codices
1040 1183 1235 1218 antiquissimi,
1264 1187 1290 1210 et
1311 1183 1418 1218 optima:
1441 1187 1522 1215 notm,
1548 1183 1594 1217 qui

813 1228 902 1256 dictas
926 1229 1048 1265 Gregorii
1067 1230 1205 1257 orationes
1222 1229 1332 1264 prtelixo
1348 1229 1457 1256 nomine
1472 1228 1595 1264 Gregorii

812 1274 949 1301 exhibent.

850 1329 858 1344 ι
876 1318 976 1346 Dubias
990 1326 1050 1346 essr.
1065 1318 1161 1353 probat
1174 1317 1332 1346 Perkinsius
1348 1325 1380 1345 ex
1389 1325 1432 1349 eo,
1447 1317 1518 1352 quod
1528 1316 1596 1345 Vitae

813 1369 981 1395 sanctorum,
1000 1363 1062 1390 item
1076 1367 1102 1390 et
1117 1363 1209 1398 hymni
1227 1370 1321 1390 eorum
1340 1362 1415 1390 festis
1431 1362 1588 1390 convenien-

814 1414 870 1440 tes.‘
881 1409 999 1444 primum
1016 1416 1030 1435 a
1047 1408 1146 1436 Carolo
1163 1408 1260 1443 Magno
1274 1408 1414 1435 constituti
1431 1413 1506 1440 sunt,
1522 1408 1595 1434 circa

814 1462 914 1482 annum
955 1455 1006 1482 807
1036 1454 1146 1490 (Paulus
1177 1454 1305 1482 A-Zmilius
1333 1455 1380 1481 lib.
1408 1462 1425 1481 ιι
1455 1454 1491 1480 De
1516 1453 1595 1489 gentis

816 1499 991 1532 Francorum,
1010 1499 1166 1535 Sigebertus
1181 1500 1256 1533 item,
1266 1507 1337 1527 anno
1348 1499 1410 1535 807)
1435 1500 1529 1527 multis
1537 1505 1597 1535 post

815 1544 1046 1580 Thaumaturgum
1075 1545 1191 1572 szeculis.
1217 1554 1226 1570 ι
1251 1544 1422 1572 Perkinsium
1452 1545 1510 1579 ipse
1540 1552 1596 1572 non

812 1591 876 1619 vidi.
893 1590 986 1627 Credo.
999 1595 1089 1618 tamen
1109 1590 1234 1618 Rivetum
1258 1590 1392 1617 Perkinsii
1409 1591 1491 1617 verba
1507 1598 1594 1625 neque

812 1636 965 1669 invertisse,
977 1644 1064 1671 neque
1075 1635 1225 1668 mutilassc,
1243 1635 1288 1662 sed
1301 1636 1417 1669 ingenue
1426 1641 1595 1661 numerasse.

813 1682 971 1715 Videamus,
991 1686 1021 1709 ut
1036 1682 1087 1708 sibi
1105 1685 1209 1708 constet
1223 1680 1357 1708 Perkinsii
1374 1680 1462 1712 ratio;
1474 1687 1592 1714 namque

813 1727 836 1755 si
851 1735 881 1755 ea
898 1727 1035 1759 ceciderit,
1058 1726 1135 1754 cadet
1156 1726 1238 1753 etiam
1255 1725 1388 1753 sententia
1410 1724 1556 1757 Pel'kinsii,
1571 1729 1598 1752 et

813 1774 948 1801 orationes
964 1772 1106 1807 praedictas
1120 1771 1218 1798 dubias
1229 1779 1299 1798 esse.
1309 1770 1377 1798 Cum
1393 1771 1452 1798 ista)
1460 1770 1599 1798 orationes

814 1820 890 1848 factae
904 1822 1073 1850 asseruntur,
1082 1821 1138 1844 tum
1153 1824 1241 1851 neque
1251 1815 1320 1844 Vitae
1332 1821 1499 1849 sanctorum,
1511 1822 1598 1850 neque

815 1865 908 1901 hymni
921 1871 1016 1892 eorum
1033 1863 1108 1890 festis
1124 1863 1316 1890 convenientes
1329 1863 1354 1888 in
1369 1861 1488 1889 Ecclesia
1502 1866 1595 1888 erant:

814 1917 877 1936 nam
897 1910 1002 1945 primus
1013 1909 1129 1936 Carolus
1142 1910 1227 1936 muita
1243 1912 1305 1942 post
1320 1907 1418 1934 smeula
1434 1906 1574 1934 constituit
1588 1913 1596 1932 :

814 1964 879 1991 ergo
894 1956 971 1983 dieue
979 1955 1128 1986 orationes.
1143 1954 1220 1982 festis
1234 1954 1330 1981 diebus
1347 1957 1373 1980 ct
1382 1952 1598 1981 solemnitatibus

815 2007 972 2029 sanctorum
995 2001 1197 2033 convenientes,
1224 2007 1279 2027 non
1304 2003 1451 2034 potuerunt
1478 1998 1560 2025 scribi
1583 2005 1599 2024 a

816 2048 944 2083 Gregorio
960 2047 1173 2081 Thaumaturgo,
1188 2046 1235 2080 qui
1251 2045 1336 2072 multo
1347 2044 1474 2071 Carolum
1484 2050 1600 2077 prreces~

816 2097 898 2121 serat.
921 2093 1021 2120 Probat
1045 2097 1214 2128 assumptum
1242 2091 1404 2118 auctoritate
1427 2089 1549 2121 IEmilii,
1573 2091 1599 2115 et

818 2140 959 2176 Sigeberti.
975 2139 1043 2167 Tum
1056 2140 1112 2174 ipse
1125 2138 1231 2166 infero:
1249 2139 1282 2165 At
1301 2137 1398 2164 falsum
1414 2141 1464 2168 est,
1482 2136 1598 2171 primum

815 2187 942 2215 Carolnm
964 2187 990 2214 id
1006 2186 1168 2217 instituisse,
1183 2184 1317 2220 quidquid
1333 2183 1460 2210 IEmilius
1477 2188 1503 2209 et
1520 2181 1598 2217 Sige-

818 2235 910 2262 bertus
921 2234 1071 2261 crocitent:
1087 2240 1152 2268 ergo
1170 2231 1268 2258 falsum
1281 2237 1389 2265 quoque
1403 2229 1455 2256 erit
1472 2229 1520 2255 has
1541 2235 1599 2254 ora-

818 2280 905 2308 tiones
929 2274 1024 2306 dubias
1046 2286 1115 2305 esse.
1141 2277 1198 2304 lmo
1222 2280 1310 2304 certas
1333 2280 1412 2310 atque
1435 2274 1600 2302 indubitatas

818 2334 878 2354 esse
892 2326 1035 2356 evincitur,
1050 2331 1112 2351 cum
1124 2328 1197 2350 certe
1212 2327 1292 2357 atque
1312 2321 1460 2348 indubitate
1487 2319 1600 2347 demon-

821 2377 934 2405 stretur,
952 2376 1014 2399 ante
1028 2370 1156 2398 Carolum
1179 2370 1314 2396 orationes
1334 2374 1362 2395 et
1378 2369 1494 2404 hymnos
1511 2368 1537 2395 in
1553 2375 1600 2395 so-

819 2419 1003 2447 lemnitatibus
1023 2422 1191 2448 sanctorum,
1210 2419 1237 2442 et
1260 2415 1294 2442 ab
1315 2415 1374 2449 ipso
1390 2414 1527 2449 nascentis
1546 2413 1598 2441 Ec-

819 2465 908 2493 clesia:
930 2462 1042 2491 exordio
1065 2463 1092 2489 in
1113 2460 1234 2488 Ecclesia
1264 2461 1420 2495 frequentes
1445 2460 1539 2488 fuisse.
1567 2459 1601 2486 Et

819 2511 926 2539 Iudaeos
942 2511 1015 2545 ipsos
1034 2517 1067 2537 ex
1087 2512 1179 2535 vetere
1195 2507 1305 2535 Patrum
1323 2507 1494 2535 institutione
1514 2507 1600 2542 legiti-

821 2559 874 2586 mis
888 2557 1082 2592 prteﬁnitisquc
1103 2555 1199 2583 diebus
1215 2562 1248 2581 ex
1267 2554 1324 2589 lege
1347 2558 1374 2581 et
1398 2553 1535 2588 prophetis
1561 2553 1600 2579 le-

820 2605 923 2634 ctiones
940 2605 1053 2632 recitare
1079 2603 1261 2634 eonsuevisse,
1277 2601 1357 2629 tradit
1385 2600 1504 2627 lsidorus
1528 2600 1574 2626 lib.
1592 2607 1600 2626 I

821 2651 859 2678 De
868 2650 1050 2678 ecclesiasticis
1070 2649 1153 2684 ofﬂa,
1170 2656 1229 2683 cap.
1250 2647 1292 2679 10,
1308 2646 1457 2681 probatque
1472 2645 1602 2671 Rabanus

820 2696 929 2724 Maurus
944 2696 990 2723 lib.
1022 2703 1041 2722 ιι
1060 2695 1099 2722 De
1120 2695 1235 2722 institut.
1257 2693 1356 2725 cleric.,
1372 2699 1431 2727 cap.
1453 2691 1478 2718 5.
1496 2690 1602 2717 Lectio-

822 2750 887 2770 num
905 2741 1028 2768 meminit
1047 2740 1178 2776 Origenes
1200 2745 1290 2767 conlra
1307 2738 1411 2766 Celsum
1435 2738 1480 2764 lib.
1494 2745 1538 2770 ιιι,
1555 2735 1600 2763 50Σ

42 2792 73 2827 (Ξ)
85 2796 211 2836 Andream
224 2800 461 2833 Rivctum,contra
474 2809 553 2836 quem
565 2801 609 2828 diu
623 2806 791 2836 pugnaturus
815 2807 856 2831 εει
868 2801 993 2835 Allatius,
1010 2800 1120 2828 doctum
1154 2799 1303 2834 hominem,
1321 2799 1368 2827 sed
1387 2797 1501 2834 rigidum
1527 2804 1601 2824 acer~

24 2834 117 2866 tumque
128 2832 230 2869 Calvini
245 2832 375 2864 asseclam
392 2832 488 2871 fuisse,
503 2837 612 2864 scimus.
624 2832 673 2864 ἈΓ
680 2836 714 2864 Μ.
