1844 3047
279 126 343 152 l‘lll

719 124 842 152 LEONIS
862 125 976 152 ALATll
999 124 1158 151 DIATRIBA
1179 124 1222 152 DE
1241 124 1446 152 TllEODORlS.
1777 124 1808 150 lit!

277 185 350 220 Ὅρα
364 183 394 219 δὴ
408 184 454 211 καὶ
468 184 496 210 ὲν
509 184 609 216 τούτοις
623 183 682 210 τίνα
689 184 788 220 τρόπον
799 185 873 220 ἡμᾶς
889 192 1032 218 συκοφαντε

1092 183 1214 213 ιϐαηυηε
1236 184 1362 219 paschali,
1377 184 1421 210 ubi
1438 182 1567 210 lectiones
1579 182 1717 215 huiusmodi
1727 183 1746 209 iu
1757 186 1808 210 edn.

278 230 406 265 ὲξομοιῶν
421 230 476 261 τοῖς
489 231 518 256 ἐν
532 231 591 261 ταῖς
603 230 715 266 ἀγοραῖς
725 230 759 257 τὰ
775 230 983 266 ἀπορρητότατα
998 231 1059 256 ἐπι-

274 274 458 310 δεικνυμένοις
474 274 519 301 καὶ
540 275 692 310 ἀγείρουσι»
717 276 783 301 ποῖα
803 275 831 312 es
851 274 1059 310 ἀπορρητότατα

274 319 492 356 ἐπιδεικνύμεθα,
505 320 522 356 ἦ
536 320 564 347 τί
575 320 678 353 τούτοις
687 321 875 356 παραπλήσιον
888 320 1057 356 spei-tropa;

273 367 298 393 οἱ
320 367 367 394 καὶ
382 367 415 393 δι’
429 367 650 402 ἀναγνωσμάτων
661 387 668 399 ,
695 367 742 393 καὶ
757 366 799 393 διὰ
814 367 866 393 τῶν
880 367 920 398 εἰς
935 367 969 393 τὰ
989 366 1058 392 αὐτὰ

272 413 422 449 διηγήσεων
441 413 640 449 προτρέποντες
662 413 711 448 μὲν
731 413 777 439 ἐπὶ
794 413 841 448 τὴν
862 414 901 444 εἰς
921 412 966 439 τὸν
991 412 1056 438 Θεὸν

272 458 324 485 τῶν
335 459 402 485 ὅλων
413 459 561 492 εὐσέϐειαν,
572 459 618 486 καὶ
628 458 676 490 τὰς
685 458 843 494 συνθρόνους
849 458 935 494 ταύτῃ
944 457 1053 493 ἀρετάς.

274 514 283 530 ι
304 503 370 532 Vide
385 505 523 540 quomodo
540 505 565 532 in
578 505 620 532 his
631 512 740 539 quoque
752 504 841 532 verbis
855 503 992 531 calumnia
1003 510 1053 530 nos

270 551 379 585 alliciat,
396 559 466 587 quos
483 559 545 579 cum
562 541 781 584 circulatoribus,
793 551 880 585 turpia
895 553 922 577 et
936 549 1052 577 nefanda

269 597 296 625 in
309 597 367 625 foro
379 598 594 633 proponentibus
605 602 755 633 comparat.
772 597 841 631 Qua:
855 604 920 624 vero
934 596 1051 624 nefanda

269 644 467 679 proponimus?
478 648 525 671 aut
541 643 606 679 quid
622 643 749 676 facimus,
759 643 830 678 quod
845 643 879 670 ad
896 642 1051 677 hujustnodi

269 690 409 717 hominum
425 690 623 724 impudentiam
637 689 749 717 accedat
762 689 773 716 ?
788 697 837 717 nos
847 710 853 722 ,
867 689 990 724 inquam,
1005 687 1051 723 qui

268 741 316 767 per
331 733 470 767 lectiones,
483 738 510 761 et
525 741 572 769 per
581 741 678 761 earum
698 734 946 768 interpretationes,
962 733 1051 761 homi-

268 786 316 806 nes
336 778 369 806 ad
383 779 509 814 pietatem
523 787 587 814 erga
603 779 725 806 omnium
744 787 835 807 rerum
853 779 949 813 Deum,
964 780 1045 807 virtu«

267 829 361 860 tesque
380 833 440 861 qua:
456 825 563 853 easdem
576 831 657 861 atque
671 827 757 861 pietas
778 826 855 854 sedes
866 826 976 857 habent,
987 826 1050 853 hor-

1107 238 1175 258 arcm
1188 231 1309 257 laterculi
1321 234 1395 257 statte
1406 229 1590 264 designantur,
1603 229 1634 256 de
1645 237 1692 263 quo
1701 230 1759 264 plene
1767 231 1794 257 all

1108 281 1183 304 certo
1197 284 1304 311 quoque
1319 276 1439 310 corporis
1460 275 1552 302 habitu
1568 274 1702 302 Christiani
1716 275 1737 302 in
1750 278 1809 303 ρίου-λ

1108 319 1183 348 fuere
1199 330 1205 348 :
1229 329 1324 356 nempe
1341 321 1411 348 enim
1429 329 1443 348 a
1461 321 1598 348 stantibus
1621 320 1782 356 Evangeliorum
1794 324 1809 349 lc

1107 367 1212 394 ctioues
1227 367 1313 394 audiri
1327 367 1489 402 oportuisse,
1512 367 1556 394 hic
1564 366 1809 402 Philostorgiilotusin-

1107 412 1189 440 dicat.
1211 422 1219 438 ι
1235 412 1267 439 Et
1277 421 1309 440 ex
1327 412 1469 440 Sozomeui
1486 413 1557 439 libro
1573 420 1621 443 vtt,
1635 420 1690 446 cap.
1705 413 1809 443 ί9,ηοωιιε

1106 459 1163 486 sola
1172 459 1354 486 Alexandrina
1367 459 1486 486 Ecclesia
1495 459 1652 493 episcopum
1661 459 1806 485 Alexandrinum

1105 506 1168 532 (lum
1192 506 1365 540 Erangelium
1391 507 1570 539 recitaretur,
1598 515 1650 533 non
1675 508 1800 533 assumtis:

1103 551 1183 579 Ξένον
1199 553 1226 578 δὲ
1243 554 1354 580 κάκεῖνο
1378 554 1442 589 παρ’
1462 553 1663 589 Ἀλεξανδρεῦσι
1682 553 1765 584 τούτοις·
1781 554 1809 579 'm

1104 600 1312 633 γινωσκομένων
1339 599 1392 636 γὰρ
1416 599 1470 627 τῶν
1498 599 1686 634 Εὑαγγελίων,
1708 600 1745 626 οἰκ

1103 653 1199 671 σταται
1226 645 1373 677 ἐπίσκοπος
1383 666 1390 677 ,
1403 646 1417 672 ὃ
1444 646 1508 682 παρ’
1521 646 1613 677 ἄλλοις
1632 645 1683 671 οὔτ’
1697 645 1771 679 ἔγνων,
1785 646 1808 670 εἰς

1102 689 1216 726 ἀκήκοα.
1233 700 1242 716 t
1258 690 1361 718 Novum
1377 695 1402 718 et
1412 691 1475 718 illud
1485 691 1556 725 apud
1568 691 1674 718 eosdem
1686 691 1809 719 Alexandrini».

1101 740 1158 769 est,
1173 737 1245 771 quod
1261 737 1420 772 episcopus,
1449 737 1513 764 dum
1544 737 1672 764 recitatur
1687 737 1803 772 Erangrlium

1103 789 1156 809 non
1169 788 1311 818 assurgat,
1330 784 1401 818 quod
1423 784 1493 818 apud
1516 784 1588 812 alios
1602 792 1712 819 unquam
1724 785 1809 818 limitem

1102 829 1162 856 dem
1186 837 1274 864 neque
1295 830 1412 864 comperi
1434 838 1521 865 neque
1545 830 1648 857 audivi.
1672 839 1680 856 ι
1707 830 1809 856 Addetur:

267 873 367 896 tamur.
384 878 393 895 ›
411 869 476 897 Vide
491 869 612 905 ejusdem
628 870 665 897 De
680 871 888 906 eugastrt'myt/to
908 877 1031 897 commen

1098 876 1191 902 eodem
1218 875 1369 903 Sezomeno
1384 876 1453 912 (loc.
1470 876 1530 911 cit.)
1546 884 1553 903 :
1575 876 1680 911 Ταύτην
1694 876 1717 903 δὲ
1727 876 1762 910 τίτί
1774 876 1809 909 Ezph

266 915 366 941 tarium
385 915 423 950 (5)
447 915 474 942 in
496 915 639 950 principio.
667 916 781 944 Sanetus
811 916 980 951 Augustinus
1009 917 1047 951 (in

266 960 379 996 prologo
397 961 430 988 ad
456 965 587 989 tractatus
611 962 687 997 suos)
710 962 735 988 in
759 961 907 997 Epistolam
932 962 1046 997 primam

263 1005 378 1035 Joannis
392 1008 450 1035 ait:
467 1018 477 1034 ε
498 1007 550 1036 Sed
566 1009 630 1043 quia
650 1008 809 1043 interposita
826 1017 866 1036 ρει
889 1009 1047 1036 solemnitas

263 1058 420 1079 sanctorum
451 1053 575 1086 dierum,
598 1053 698 1088 quibus
724 1058 813 1081 certas
839 1062 872 1081 ex
902 1053 1047 1090 Evangelio

262 1098 392 1126 lectiones
404 1103 509 1134 oportet
525 1099 551 1126 in
577 1099 697 1127 Ecclesia
719 1100 837 1133 recitari,
854 1108 914 1136 quae
931 1100 966 1128 ita
984 1106 1046 1128 sunt

261 1152 369 1177 annum,
391 1149 422 1171 ut
443 1144 503 1171 alia:
521 1152 581 1172 esse
598 1153 652 1172 non
669 1145 791 1181 possint;
806 1145 873 1173 ordo
894 1145 948 1178 ille,
965 1153 1045 1180 quem

261 1196 487 1223 susceperamus,
512 1189 674 1217 necessitate
703 1189 842 1224 paululum
874 1189 1045 1219 intermissus

259 1239 310 1266 est,
328 1243 381 1261 non
397 1235 525 1262 omissus.
539 1244 548 1260 ι
563 1234 634 1262 Idem
653 1235 679 1262 in
691 1243 817 1263 sermone
829 1236 866 1272 (v,
881 1236 950 1272 l)de
960 1237 1045 1265 lueta-

261 1279 333 1305 tione
343 1278 437 1306 Jacobi
452 1287 458 1304 ε
473 1289 483 1305 ι
502 1280 560 1307 Istae
574 1280 715 1313 lectiones,
737 1288 798 1316 qua:
815 1281 890 1309 vobis
907 1282 1043 1317 leguntur,

259 1325 382 1360 nunquid
401 1325 482 1352 modo
498 1326 615 1361 primum
634 1326 711 1353 vobis
724 1326 860 1361 leguntur,
880 1333 907 1356 et
919 1337 972 1356 non
990 1337 1043 1356 ea:-

259 1370 318 1397 dem
336 1371 457 1406 quotidie
472 1374 647 1407 repetuntur?
662 1373 739 1401 Sicut
752 1379 842 1402 autem
853 1375 983 1402 lectiones
994 1375 1040 1403 Dei

258 1417 378 1452 quotidie
393 1425 461 1453 opus
478 1424 531 1453 est,
546 1425 574 1447 ut
591 1415 807 1455 repetantur,’ne
822 1422 914 1449 saeculi
927 1423 998 1449 mala
1015 1427 1042 1450 et

258 1463 342 1498 spina:
365 1469 515 1492 nascantur
538 1466 564 1493 in
587 1467 716 1495 cordibus
743 1467 852 1500 vestris,
876 1472 903 1495 et
925 1468 1042 1496 edocent

257 1518 349 1537 semen
386 1512 457 1545 quod
482 1512 520 1539 ibi
549 1513 712 1540 seminatum
738 1518 796 1547 est;
818 1515 858 1542 sic
886 1519 994 1550 oportet
1016 1521 1042 1542 et

256 1563 409 1582 sermonem
425 1556 471 1583 Dei
487 1557 563 1584 vobis
575 1566 682 1592 semper
698 1559 793 1593 repeti,
808 1567 840 1586 ne
851 1560 927 1587 obliti
943 1560 1040 1588 dicatis

257 1609 304 1628 vos
324 1610 376 1628 nou
396 1603 521 1636 audisse,
544 1604 616 1638 quod
635 1604 752 1632 dit-imus
775 1613 825 1632 nos
851 1605 965 1633 dixisse.
983 1615 992 1631 ›
1009 1605 1041 1633 Ει

255 1655 382 1674 sermone
398 1648 414 1674 5
430 1648 456 1675 in
475 1648 517 1675 die
530 1649 719 1677 Pentecostes:
733 1660 741 1675 ι
761 1650 912 1678 Adventum
924 1650 1042 1686 Spiritus

255 1693 342 1720 sancti
370 1694 556 1721 anniversaria
587 1695 733 1722 festivitate
761 1696 940 1725 celebramtts.
972 1697 1040 1725 lluic

255 1738 384 1765 solemnis
400 1740 584 1774 congregatio,
598 1741 727 1768 solemnis
738 1741 827 1774 lectio,
837 1743 965 1770 solemnis
981 1751 1039 1770 ser-

255 1791 299 1809 mo
316 1784 439 1812 debetur.
450 1793 458 1808 ι
475 1783 621 1818 Grsgorius
636 1782 873 1818 Nysseuusorat.’2
894 1789 993 1823 (initio)
1007 1790 1040 1816 de

253 1826 422 1856 Rcsurrrect.
433 1829 533 1856 Christi
544 1838 548 1854 :
560 1831 662 1862 Παντες
673 1831 730 1866 μὲν,
742 1833 886 1868 ἀγαπητοὶ,
897 1834 934 1866 ὡς
943 1835 1037 1868 εἰπεῖν,

253 1873 426 1910 ἀποδέχονται
442 1875 491 1910 τὴν
505 1876 534 1901 ἐν
547 1876 673 1912 Κυριακῇ
694 1878 770 1904 νυκτὶ
788 1879 853 1914 παρ’
867 1880 944 1915 ἡμῶν
964 1882 1038 1917 εἰση-

251 1919 380 1954 γηθεῖσαν
395 1921 531 1956 ἁρμοδίως
544 1921 597 1950 τῶν
611 1923 691 1958 ἱερῶν
702 1924 873 1958 Εὐαγγελίων
887 1927 1037 1960 ἀνάγνωσιν

251 1965 316 1999 περὶ
329 1965 378 2000 τῆς
395 1967 567 1999 ἀναστάσεως
578 1968 624 1995 τοῦ
638 1969 755 2004 μεγάλου
770 1970 837 1996 Θεοῦ
851 1971 898 1998 καὶ
912 1972 1037 2009 Σωτῆρος

249 2010 329 2046 ἡμῶν
348 2011 433 2046 Ἰησοῦ
456 2013 583 2049 Χριστοῦ.
608 2024 616 2040 ι
635 2015 735 2043 Omnes
759 2016 867 2051 quidem
894 2025 1036 2053 propemo-

250 2056 325 2089 dum,
339 2056 440 2091 dilerti,
454 2060 605 2094 approbant
623 2061 764 2089 lectionem
788 2069 927 2090 sacrorum
948 2063 1035 2091 Evan-

249 2102 393 2136 geliorum,
411 2113 472 2139 qua:
491 2113 506 2132 a
526 2106 606 2134 nobis
630 2111 709 2134 nocte
729 2107 869 2136 Dominica
893 2111 1035 2137 commode

249 2147 301 2174 fuit
314 2148 467 2177 introducta
488 2150 522 2177 de
542 2153 742 2180 resurrectione
762 2155 852 2190 magni
867 2155 913 2182 Dei
933 2160 960 2183 et
975 2156 1033 2182 Sal-

250 2193 351 2221 mtoris
371 2196 456 2222 nostri
468 2195 531 2223 Jesu
545 2196 657 2225 Christi.
674 2208 683 2224 ι

284 2250 383 2278 Scribit
394 2251 591 2288 Philostorgius
606 2255 664 2289 (lib.
681 2263 722 2287 Ill,
747 2256 764 2282 Β
775 2256 783 2291 )
794 2255 972 2292 Theophilum
989 2257 1032 2285 ln-

247 2296 311 2324 dum
333 2297 449 2332 legatum
461 2307 476 2326 a
491 2300 650 2328 Constantio
663 2302 788 2335 missum,
804 2303 837 2330 ad
856 2303 969 2337 Divaaos,
983 2306 1030 2340 qui

252 2342 308 2370 ludi
329 2349 405 2371 erant
416 2366 422 2376 ,
452 2346 600 2379 profectum
611 2367 618 2379 ,
632 2348 717 2376 multa
734 2357 794 2383 qua:
811 2354 873 2377 aute
895 2351 965 2385 apud
982 2359 1030 2379 eos

247 2388 319 2415 haud
336 2389 387 2416 rite
405 2390 504 2418 ﬁebant
521 2393 692 2424 emendasse,
704 2399 730 2421 et
742 2394 811 2422 inter
823 2396 886 2428 alia,
903 2397 974 2431 quod
993 2397 1029 2424 illi

246 2434 369 2462 sudentcs
378 2435 901 2472 lectionesevangelicasaudiebantxat
907 2442 960 2477 γὰρ
968 2443 1031 2469 καο-

248 2480 372 2516 εζόμενοι
390 2481 443 2508 τῶν
455 2482 640 2518 εὐαγγελικῶν
658 2486 879 2524 ἀναγνωσμάςων
891 2488 1029 2515 ἐποιοῦντο

245 2526 294 2562 τὴν
309 2527 451 2562 ἀκρόασιν.
471 2537 479 2553 ι
494 2528 616 2564 Namque
627 2531 750 2559 sedentes
762 2534 924 2569 evangelicis
936 2534 1029 2560 lectio-

245 2573 326 2600 uibus
340 2582 420 2602 aures
435 2576 600 2609 przebebant.
623 2586 632 2602 ι
651 2577 782 2606 Observat
793 2578 909 2607 Jacobus
925 2579 1029 2607 Gothoa

245 2617 335 2646 fredus
351 2620 399 2655 (in
421 2622 484 2649 adu.
508 2622 540 2649 ad
564 2622 616 2650 loc.
631 2623 690 2657 cit.)
708 2633 714 2650 :
733 2634 742 2650 ι
760 2623 792 2651 Et
809 2633 870 2652 cum
884 2625 1029 2660 Evangelia

245 2662 406 2698 legerentur,
424 2674 539 2701 quorum
557 2672 633 2694 stata:
652 2668 733 2696 etiam
752 2674 884 2705 ceraeque
899 2670 1029 2697 lectiones

245 2706 433 2743 (ἀναγνώσεις,
458 2712 629 2748 ἀκούσματαῖ
647 2718 724 2740 erant
736 2715 833 2749 (cujus
854 2715 891 2742 rei
907 2716 1029 2743 luculen-

246 2756 302 2778 tutn
331 2754 401 2781 inter
432 2756 484 2783 alia
511 2757 695 2785 testimonium
723 2763 812 2786 exstat
838 2760 864 2786 iu
893 2759 1028 2795 Hippolyti

1101 921 1190 956 βίϐλον
1213 920 1392 955 ἀναγινώσκει
1418 921 1510 948 ἐνθάδε
1540 921 1621 956 μόνος
1645 922 1658 947 ὁ
1682 920 1809 955 meum;

1099 966 1175 1002 παρὰ
1183 967 1211 993 δὲ
1226 967 1324 999 ἄλλοις,
1339 966 1464 993 διάκονοι·
1480 968 1509 994 ὲν
1526 967 1639 999 πολλαῖς
1653 966 1678 993 δὲ
1695 966 1809 1000 Ἐπικιηιέιις,

1098 1013 1121 1038 οἱ
1141 1013 1222 1047 ἱερεῖς
1239 1012 1322 1047 μόνοι·
1335 1013 1364 1039 ὲν
1379 1012 1407 1039 δὲ
1418 1013 1565 1049 ἐπισήμοις
1581 1013 1704 1048 ἡμέραις,
1719 1012 1809 1040 ἐπίσκοπε

1097 1058 1134 1090 ὡς
1150 1059 1178 1085 ὲν
1191 1059 1474 1085 Κωνσταντινουπόλει
1494 1059 1565 1086 κατὰ
1581 1059 1629 1094 τὴν
1644 1058 1737 1094 πρώτην
1754 1059 1809 1093 rem

1097 1104 1145 1140 τῆς
1161 1105 1344 1140 ἀναστασίμου
1359 1105 1464 1141 ἑορτῆς.
1484 1115 1493 1132 ‹
1510 1105 1591 1133 llunc
1619 1106 1694 1133 ctiam
1707 1110 1781 1131 sacrum
1789 1112 1809 1128 et

1097 1152 1182 1178 dicem
1197 1151 1240 1179 hic
1253 1151 1316 1186 legit
1333 1152 1407 1180 solus
1416 1152 1638 1184 archidiaconus,
1654 1151 1715 1185 apud
1724 1150 1809 1177 aliosvem

1096 1198 1204 1227 diaconi
1234 1198 1260 1224 in
1284 1200 1376 1228 multis
1395 1201 1476 1228 etiam
1498 1200 1629 1228 Ecclesiis
1645 1199 1689 1227 soli
1703 1198 1809 1226 sacerdote,

1096 1245 1191 1275 diebus
1207 1253 1295 1276 autent
1325 1247 1492 1275 Solemnibus
1515 1247 1653 1282 episcopi,
1675 1251 1700 1273 ut
1712 1245 1808 1272 Constanti-

1096 1294 1186 1327 n0poli
1199 1295 1286 1328 primo
1301 1295 1344 1322 die
1361 1294 1495 1328 paschalis
1507 1293 1693 1320 solemuitatis.
1712 1291 1809 1323 throw-

1095 1340 1159 1368 til‘ex
1179 1340 1205 1367 in
1221 1339 1425 1374 sermonetth
1443 1339 1452 1373 )
1471 1339 1496 1366 in
1507 1338 1682 1374 Epiphaniam
1695 1347 1700 1364 :
1715 1335 1809 1369 «Quum

1094 1394 1158 1421 ergo
1173 1386 1293 1415 narratio
1311 1385 1473 1421 evangelica:
1491 1383 1616 1412 lectionis
1630 1384 1686 1411 illos
1703 1382 1808 1418 propriar-

1094 1436 1203 1459 censeat
1213 1431 1281 1464 dies,
1294 1431 1321 1458 in
1333 1432 1433 1466 quibus
1442 1435 1496 1458 tres
1507 1430 1569 1463 viri,
1580 1438 1648 1465 quos
1659 1438 1701 1456 uce
1713 1426 1806 1463 prttpltt'llft

1094 1477 1247 1512 praedicatio
1263 1477 1408 1510 docuerat,
1426 1485 1475 1504 nec
1488 1476 1642 1504 testiﬁcatio
1656 1475 1713 1509 legis
1726 1474 1806 1500 instaur-

1094 1528 1144 1555 rat,
1158 1523 1190 1550 ad
1208 1523 1425 1558 cognoscendum
1440 1522 1525 1550 Deum
1549 1531 1565 1550 a
1589 1520 1748 1549 remotissima
1757 1517 1806 1544 (trite

1093 1569 1126 1596 tis
1143 1573 1218 1602 parte
1235 1573 1383 1600 venerunt;
1405 1569 1456 1596 hoc
1469 1569 1539 1595 idem
1557 1572 1645 1594 tamen
1659 1571 1683 1593 et
1698 1563 1806 1592 manilesh“

1092 1623 1164 1642 ntmc
1187 1619 1213 1641 et
1232 1615 1370 1649 copiosius
1388 1614 1444 1642 ﬁeri
1459 1615 1486 1641 in
1502 1615 1626 1642 omnium
1642 1617 1768 1640 vocatorum
1777 1609 1806 1635 ill.-

1092 1662 1239 1689 minutione
1255 1661 1443 1696 perspicimus.
1465 1671 1475 1686 ι
1503 1660 1637 1688 Maximus
1652 1655 1806 1686 Taurinenslsr

1092 1707 1201 1735 homilia
1223 1715 1249 1734 tx
1273 1708 1305 1735 de
1329 1707 1500 1742 Epiphania:
1532 1715 1541 1732 ι
1556 1706 1684 1738 Audistis,
1700 1701 1806 1733 ham:er

1090 1754 1205 1780 ctiouem
1215 1753 1349 1788 Evangelii
1360 1754 1488 1781 salutaria
1497 1751 1689 1788 prtesentisdiei
1699 1752 1807 1778 sacramenti

1091 1800 1258 1829 recitantem.
1282 1810 1290 1826 ι
1316 1800 1413 1828 Petrus
1440 1800 1663 1835 Chrysalogusiu
1680 1802 1805 1826 scruwnett‘

1093 1854 1101 1870 ι
1120 1845 1180 1879 Agit
1191 1847 1331 1873 nobiscum
1347 1846 1432 1878 Deus,
1449 1846 1504 1880 agit
1522 1846 1549 1872 in
1565 1846 1616 1873 hoc
1630 1844 1729 1874 saculo.
1741 1839 1806 1873 ηθψιίλ

1089 1890 1167 1917 nobis
1185 1896 1276 1925 pereat
1289 1891 1316 1918 in
1332 1890 1433 1923 futuro,
1450 1891 1520 1918 sicut
1532 1899 1563 1918 ex
1579 1890 1637 1924 ipso
1655 1890 1715 1916 lucet
1727 1883 1806 1922 prinrii‘i

1089 1937 1221 1964 lectionis.
1239 1947 1248 1963 ι
1264 1936 1296 1964 Et
1311 1937 1336 1963 in
1350 1944 1474 1963 sermone
1488 1944 1532 1963 xvt
1550 1945 1556 1962 :
1577 1946 1585 1961 ι
1603 1934 1696 1971 lbat‘ad
1707 1937 1806 1960 eorumtt‘

1088 1990 1155 2014 ram,
1171 1983 1270 2018 quibus
1280 1982 1335 2017 jam
1352 1983 1469 2009 humana
1481 1981 1622 2009 defecerat
1638 1987 1712 2011 cura,
1726 1978 1773 2004 sicut
1784 1975 1807 2000 ιω

1086 2027 1179 2055 dierna
1206 2029 1349 2064 probatum
1364 2034 1404 2055 est
1421 2028 1547 2055 lectione.
1568 2038 1577 2054 ι
1602 2028 1665 2055 Item
1684 2027 1805 2053 sermJﬁtli

1089 2085 1098 2101 1
1116 2075 1250 2103 llodierna
1262 2075 1376 2102 lectione
1395 2075 1490 2102 didicit
1512 2079 1632 2101 attentus
1648 2072 1762 2112 auditor.)
1779 2066 1804 2093 li'

1085 2121 1234 2149 ctiouarius
1244 2122 1285 2148 vel
1299 2121 1396 2148 Comes
1410 2121 1480 2155 apttd
1496 2120 1645 2147 Pamclium
1658 2125 1720 2146 tome
1733 2117 1740 2142 l
1753 2115 1803 2141 Litt?-

1084 2167 1164 2201 gicwn
1190 2166 1278 2193 editus
1291 2170 1348 2198 est,
1366 2173 1420 2200 quo
1434 2165 1608 2193 continentur
1632 2173 1661 2191 ex
1681 2160 1780 2198 prophetis
1791 2162 1803 2182 ιὶ

1085 2213 1213 2247 Apostolo
1239 2212 1368 2239 lectiones
1391 2219 1438 2246 per
1455 2215 1539 2238 totum
1562 2211 1627 2237 anui
1650 2206 1803 2236 curriculuutlc"

1084 2261 1184 2293 gentle,
1202 2267 1249 2294 per
1263 2259 1354 2286 divum
1378 2259 1573 2294 Hieronymum
1592 2259 1715 2287 collectze.
1736 2259 1756 2281 ul
1774 2252 1802 2276 ππ

1084 2303 1246 2337 Μὶενοίοαιιε
1266 2307 1301 2333 De
1330 2306 1420 2333 (τείας.
1448 2307 1561 2339 obsera,
1589 2314 1647 2340 cap.
1670 2305 1714 2334 ‘23.
1732 2307 1750 2329 el
1768 2300 1802 2325 3U“

1081 2351 1190 2385 saepius.
1201 2351 1288 2377 Berno
1304 2351 1447 2385 Attgieusis
1460 2350 1496 2376 De
1511 2351 1603 2381 missa,
1616 2354 1640 2375 et
1649 2348 1746 2375 Joannes
1761 2342 1801 2369 Mf

1080 2396 1142 2429 thus
1171 2395 1276 2422 Ration.
1290 2395 1370 2423 divin.
1385 2395 1430 2429 off.
1445 2396 1557 2430 cap.’57_
1573 2402 1596 2424 et
1612 2403 1664 2422 non
1689 2392 1754 2420 multo
1768 2391 1800 2423 ροβε

1084 2451 1092 2466 ι
1108 2441 1223 2468 Musznus
1236 2440 1412 2468 Massiliensis
1427 2440 1554 2468 Ecclesia:
1566 2440 1705 2475 presbyter,
1721 2446 1727 2462 ι
1746 2438 1764 2461 ut
1772 2437 1799 2458 tn-

1081 2487 1120 2513 dit.
1133 2486 1289 2513 Gennadius
1303 2485 1337 2512 De
1348 2486 1519 2520 scriptoribus
1530 2483 1705 2512 ecclesiasticis
1717 2484 1766 2515 (earn
1778 2476 1800 2501 75“

1082 2542 1091 2558 ι
1111 2532 1151 2559 vir
1166 2533 1191 2559 in
1210 2532 1310 2559 divinis
1324 2531 1472 2566 Scripturis
1485 2531 1592 2563 doctus,
1608 2536 1634 2557 et
1648 2530 1671 2556 in
1685 2532 1756 2554 earum
1767 2528 1799 2548 ξέν’

1080 2578 1156 2606 sibtts
1183 2578 1360 2605 subtilissima
1385 2577 1501 2612 quadam
1520 2576 1704 2604 exercitatione
1723 2572 1798 2598 limatie-

1080 2625 1171 2658 lingua
1186 2631 1294 2659 quoque
1316 2623 1507 2655 scholasticus,
1527 2623 1633 2650 hortatu
1649 2619 1723 2649 sancti
1735 2616 1798 2642 Ven?”

1079 2670 1210 2704 episcopi,
1225 2670 1360 2705 excerpsit
1383 2669 1417 2696 de
1445 2670 1546 2697 sanctis
1571 2661 1799 2703 Scripturislectiotle'

1081 2715 1163 2742 totius
1174 2715 1236 2742 anni
1252 2714 1358 2742 festiris
1369 2715 1465 2742 diebus
1480 2719 1568 2749 aptas,
1587 2710 1736 2748 respousoria
1744 2706 1798 2734 etiam.

1079 2761 1245 2795 psalmorum
1262 2761 1378 2796 capitula
1397 2761 1563 2795 temporibus
1577 2766 1602 2787 et
1619 2756 1797 2787 lectiunibusotﬂ‘

281 2809 320 2849 (β)
333 2809 678 2854 latterprt-tatusestnzuque
696 2817 779 2854 edidit
795 2818 845 2846 hoc
861 2819 1020 2853 opusculum

1093 2827 1106 2845 e
1137 2819 1249 2846 Allatius
1274 2827 1334 2846 eum
1370 2823 1537 2854 syntagtuatc
1555 2817 1701 2846 doctissimo
1715 2812 1796 2840 Dim!"

247 2842 397 2878 urimyt'lto,
406 2842 532 2881 Lugduni
555 2842 679 2877 1629.“.
697 2851 729 2878 Μ.
