1844 3047
34 144 95 171 1215

445 139 569 167 LEONIS
589 138 724 166 ALLATII
742 137 902 165 DlATlllBA
923 137 966 164 DE
986 135 1189 163 THEODOIHS.

1569 135 1636 163 12H

29 199 145 232 “ruentia
157 219 165 231 ,
179 198 250 234 quod
266 205 334 233 opus
347 199 403 224 tam
427 197 609 224 necessarium
624 204 638 223 a
653 196 800 224 lectoribus
815 198 836 225 Α
851 194 929 228 quasi
943 193 997 221 Deo
1012 193 1101 220 dicere
1113 199 1205 220 secum
1221 191 1347 219 invicem.
1368 201 1377 217 ι
1396 191 1465 224 Quid
1480 191 1530 220 iste
1541 198 1636 221 cautus

28 244 52 271 in
66 243 181 270 Ecclesia
195 243 334 278 probatur,
348 247 376 270 ut
392 241 539 276 expetitum
552 245 578 268 et
591 240 798 268 sollicitudinem

27 289 96 316 tollat
107 293 133 316 et
148 296 251 316 moram
263 308 270 321 ,
285 288 410 323 plebique
427 287 530 322 ingerat
551 286 690 314 scientiam
700 307 707 320 ,
726 286 798 314 cele-

27 335 165 369 lni.atique
178 334 312 361 decorem.
333 343 342 360 ι
361 333 459 360 Eadem
479 334 576 369 repetit
591 333 726 360 llonorius
743 333 798 360 Au-

26 378 228 412 gustodunensis
252 378 290 405 De
318 379 488 413 scriptoribus
503 378 549 414 (ιι,
582 378 627 412 78)
645 378 672 404 in
695 377 797 404 Musaeo

26 423 189 450 SlaSsiliensi.
203 422 240 449 De
255 422 405 457 Scripturis
416 422 467 457 legi
486 421 575 449 solitis
592 421 619 448 in
635 420 755 448 Ecclesia
769 423 796 446 et

25 475 110 495 eorum
119 463 345 501 expositionibus,
356 467 417 494 vide
433 466 572 494 Socratem
584 466 633 493 lib.
643 474 670 499 v,
679 472 738 500 cap.
749 464 794 496 22,

24 519 46 541 et
58 514 234 549 Nicephorum
248 513 389 540 Callistum
401 513 447 540 lib.
461 520 497 539 xu
509 532 516 544 ,
533 520 593 551 cap.
609 511 653 538 5L

54 558 88 586 De
108 558 214 594 hymnis
236 565 344 593 quoque
365 557 498 585 dubitabit
511 556 655 584 -Rivetus?
679 556 733 583 Nos
748 555 794 590 qui

23 604 129 638 singulis
149 603 224 630 horis
239 603 266 630 in
282 603 364 637 gestis
379 602 513 637 dictisque
527 602 628 629 Christi
640 609 792 633 versamur,

22 650 114 676 scimus
140 648 280 676 Christum
313 653 374 683 post
394 655 500 675 sacram
526 655 632 676 cteuam
663 649 791 682 hymnum

21 695 132 722 dixisse:
150 693 308 728 hortarique
324 693 454 726 Paulum,
476 701 485 718 ι
505 697 533 720 ιιι
552 701 602 720 nos
616 693 730 720 invicom
742 693 792 720 d0-

20 747 137 772 ceamus,
153 743 235 773 atque
247 746 471 766 commoneamus
490 739 617 774 psalmis,
632 738 751 775 hymnis,
765 743 792 766 et

20 786 123 812 canticis
136 785 322 819 spiritualibus
347 793 461 818 canere,
480 795 489 811 ι
512 785 545 813 ad
560 785 666 812 Coloss.
682 791 727 818 ut,
747 783 789 811 16.

21 831 46 857 Et
60 830 90 857 ad
109 830 241 865 Ephesios
268 838 295 862 v,
321 830 377 858 lt):
401 840 410 856 ‹
431 830 582 866 lmplemini
608 829 726 864 Spiritu,
750 828 790 856 lo-

851 240 941 270 fuerit.
953 240 1052 267 habeat
1068 238 1119 266 sibi
1136 237 1247 265 Rivetus
1262 245 1295 265 ex
1308 237 1435 265 Conrado
1454 237 1633 269 Ritterhusio.

849 289 876 311 et
890 284 1037 312 Fraucisco
1060 283 1210 315 Balduino,
1233 291 1301 318 quos
1318 284 1357 310 uti
1379 284 1524 318 proprios,
1547 288 1633 320 magis

847 331 928 357 etiam
943 330 994 357 sibi
1012 330 1144 364 propitios
1156 329 1183 356 in
1202 329 1254 356 hoe
1269 329 1393 364 negotim
1403 329 1633 358 habebit-Carmi—

848 384 881 404 na
896 377 943 403 illa
965 375 1183 403 Christianorum
1204 375 1337 402 trifariam
1360 375 1489 403 distincta
1511 381 1574 404 sunt
1597 377 1632 404 ab

846 421 986 456 Apostolo,
1013 421 1040 448 in
1063 421 1193 456 psalmos,
1213 421 1343 456 hymnos,
1364 426 1391 449 et
1414 422 1480 450 odas
1505 422 1631 458 spiritua-

846 466 900 498 les,
926 474 987 501 qua:
1011 467 1132 493 carmina
1151 466 1220 493 inter
1241 474 1270 494 se
1294 467 1330 494 ita
1351 466 1458 494 dill'erre
1476 472 1580 503 putant,
1601 473 1630 496 ut

844 513 958 547 psalmis
983 513 1170 547 signiﬁcentur
1189 520 1358 547 qumcuuque
1371 521 1455 541 sacra:
1473 515 1628 548 conciones,

844 558 926 585 variis
942 558 1109 592 argumentis
1132 558 1260 593 scriptae;
1285 558 1401 593 hymnis.
1427 559 1520 586 laudes
1544 559 1628 586 divini

843 604 963 631 nominis
978 604 1020 631 vel
1040 609 1213 637 sanclornm;
1230 605 1289 632 odis
1301 605 1356 632 sive
1367 605 1492 638 canticis,
1507 606 1627 640 peculia-

843 657 886 677 res
898 650 1020 684 quaedam
1041 654 1068 678 et
1081 651 1167 685 magis
1191 650 1344 678 artiﬁciosae
1361 650 1512 682 cautiones.
1528 659 1589 685 qua:
1602 656 1629 679 ct

842 695 907 730 ipsa:
920 696 1029 730 quidem
1039 697 1197 723 contineant
1212 697 1314 729 laudes,
1326 697 1372 724 sed
1392 697 1548 730 augustiore
1560 705 1626 732 qua-

841 741 902 768 dam
922 746 949 768 et
968 741 1121 769 sublimiori
1146 741 1232 769 forma
1253 741 1439 776 compositae.)
1453 741 1521 770 Tum
1531 744 1628 777 probat

840 782 1202 822 auctoritate'Chrysostouii
1216 787 1310 814 homil.
1325 795 1350 814 ιιι
1368 788 1422 822 (ed.
1434 787 1528 815 Montf.
1543 793 1562 816 t.
1579 788 1624 822 XI,

840 839 866 866 p.
882 831 945 865 592i
960 831 987 858 in
1003 831 1088 866 Epist.
1115 832 1149 859 ad
1167 832 1273 862 Coloss.
1295 833 1412 868 hymnos
1429 833 1543 868 psalmis
1559 834 1625 868 ipsis

18 880 122 911 quentes
136 876 337 911 vobismetipsis
352 877 378 903 in
395 877 507 911 psalmis
522 881 550 904 et
564 876 672 912 hymnis
688 880 711 904 et
725 883 790 905 ean—
808 873 828 900 Β
842 877 1001 905 divinior-cm
1028 886 1084 905 rem
1113 885 1173 905 esse
1202 885 1284 913 atque
1313 879 1510 906 sublimiorem.
1536 879 1624 907 Verba

18 923 72 949 ticis
81 921 265 956 spiritualibus
274 943 281 956 ,
294 926 450 955 cantantes,
466 927 493 950 et
505 922 649 957 psallentes
662 922 689 949 in
701 922 789 949 cordi-

19 968 61 994 bus
86 967 180 995 vestris
209 967 334 994 Domino.
356 977 365 993 ι
391 967 603 1003 Chrysostomus
626 968 669 1003 (in
693 967 786 995 Matth.

18 1012 99 1039 homil.
116 1012 220 1047 Luxu)
236 1019 367 1039 enarrans
382 1012 436 1045 illa,
451 1012 483 1039 Et
505 1013 600 1048 hymno
614 1014 694 1045 dicio,
708 1013 788 1040 exivit

17 1058 154 1085 iamautem
167 1058 280 1085 Oliveti:
296 1067 304 1084 ι
321 1058 439 1091 Gratias,
453 1059 549 1093 inquit,
562 1059 627 1094 agit,
644 1063 786 1094 postquam

17 1102 138 1136 dedisset;
160 1103 290 1138 hymnum
306 1104 415 1136 cecinit,
429 1109 458 1130 ut
475 1112 525 1131 nos
538 1112 648 1139 quoque
661 1105 686 1131 id
697 1104 785 1139 ipsum

17 1148 146 1177 iaciamus.
165 1159 174 1176 ι
192 1149 225 1176 Et
237 1150 385 1185 apostolos,
401 1155 427 1178 et
439 1150 600 1179 subsecutos
617 1150 786 1178 Christianos

17 1194 119 1229 hymnos
132 1203 146 1223 a
163 1204 192 1223 se
209 1197 386 1231 compositos,
400 1196 440 1223 vel
456 1197 489 1223 ab
502 1196 593 1232 aliquo
604 1202 695 1224 vatum
709 1201 784 1223 vete—

17 1245 67 1264 rum
89 1239 244 1274 desumptos
265 1241 416 1272 cecinisse,
441 1240 630 1276 cxstitisseque
653 1249 684 1268 ea
707 1245 785 1269 actate

17 1283 123 1310 carmina
137 1285 226 1319 prisca
243 1293 319 1312 versu
335 1286 466 1318 trimetro,
482 1291 508 1313 ct
521 1286 636 1321 hymnos
653 1294 714 1313 cum
727 1286 784 1314 suis

17 1330 156 1357 accentibus
169 1331 241 1358 inter
254 1339 331 1358 sacra
352 1337 414 1359 ante
429 1333 522 1359 altaria
539 1333 671 1365 canenda,
688 1333 784 1367 probat

17 1376 161 1404 testimoniis
189 1377 300 1405 Patrum
322 1378 440 1406 Joannes
460 1379 612 1413 Stephanus
636 1379 784 1407 Durantius

17 1420 46 1446 De
57 1422 143 1449 ritibus
173 1423 274 1451 Ecclus.
302 1425 412 1457 cat/20L,
429 1425 474 1452 lib.
494 1434 536 1458 ιιι,
555 1433 615 1460 cap.
637 1426 679 1453 Μ.
693 1426 725 1453 Ει
750 1433 783 1453 ne

17 1474 56 1493 nos
67 1468 90 1494 in
105 1469 171 1496 adeo
186 1471 277 1504 opima
294 1471 420 1506 lautaque
433 1471 604 1507 cmnajcjuni
616 1480 676 1500 esse
691 1473 782 1500 videa-

17 1520 74 1546 mur,
88 1514 245 1549 adj‘icicmus
260 1517 389 1544 nonnulla
401 1526 461 1552 quae
480 1523 558 1545 erunt
568 1539 575 1551 ,
592 1518 614 1545 si
632 1519 701 1546 ratio
715 1524 782 1546 lem-

17 1559 75 1591 μοι-ιε
92 1561 285 1595 consideretur,
300 1563 498 1598 antiquissima.
518 1564 592 1591 Philo
605 1564 715 1592 Iudaeus
733 1565 779 1592 lib.

17 1602 44 1630 De
61 1605 107 1631 ritu
121 1606 146 1632 in
161 1607 381 1641 contemplatione
395 1610 490 1643 posita,
507 1617 657 1637 sermonem
680 1610 782 1638 habens

17 1649 38 1674 lc
53 1649 155 1679 Esscnis
170 1672 177 1683 ,
191 1651 358 1679 Christianis
382 1653 484 1680 scilicet
499 1653 524 1680 in
547 1654 605 1688 ipso
620 1658 716 1680 exortu
732 1653 781 1680 Ec-

17 1695 96 1729 :lcsiae,
109 1702 136 1723 ut
149 1697 303 1725 doctissimi
329 1699 430 1733 quique
450 1699 661 1727 afﬁrmatissime
672 1708 779 1728 asseve—

18 1745 75 1772 ‘aut,
90 1747 115 1768 et
136 1741 237 1770 Suitlas
254 1743 360 1770 titulum
380 1744 492 1778 przebuit
518 1745 553 1772 De
576 1746 629 1772 vita
650 1745 780 1773 Christia-

17 1794 104 1818 iorum,
129 1788 209 1822 cujus
231 1789 312 1816 verba
336 1789 490 1817 referuntur
511 1792 544 1818 ab
566 1791 683 1819 Eusebio
705 1791 777 1819 Hist.

17 1830 62 1856 '(cl.
78 1831 120 1858 lib.
139 1840 171 1865 ιι,
184 1841 246 1867 cap.
263 1834 305 1864 i7.
321 1835 353 1861 de
364 1843 456 1862 eorum
475 1836 597 1864 ecclesiis
615 1836 713 1864 refert:
736 1839 779 1864 Ἐν

17 1875 184 1913 ρμονοὺμενοι
200 1879 233 1906 τὰ
246 1881 291 1907 τοῦ
308 1881 407 1916 σεμνοῦ
415 1882 470 1916 βίου
488 1883 622 1919 μυστήρια
629 1883 778 1917 τελοῦνται,

17 1921 81 1956 ιηξὲν
96 1925 311 1960 εἰσκομίζοντες,
329 1928 366 1963 μὴ
385 1928 473 1961 ποτὸν,
496 1929 533 1965 μὴ
547 1930 639 1958 σιτίον.
658 1931 694 1966 μή
709 1931 739 1957 τέ
752 1940 778 1957 τι

17 1966 52 1992 ῖῶν
66 1967 157 2001 ἄλλων,
174 1971 226 1998 ὅσα
243 1972 310 2007 πρὸς
326 1972 374 2005 τὰς
389 1973 434 1999 τοῦ
449 1973 572 2009 σώματος
589 1976 683 2010 χρείας
695 1976 779 2010 ἀναγ-

17 2014 77 2045 ῐαῖα,
91 2015 154 2042 ἀλλὰ
168 2017 267 2052 νόμους
289 2019 335 2044 καὶ
361 2018 438 2052 λόγια
463 2019 641 2047 θεσπισϐέντει
653 2021 695 2048 διὰ
712 2030 778 2056 προ-

17 2059 96 2092 ιητὼν,
108 2063 152 2088 καὶ
166 2062 278 2098 ὕμνους.
300 2073 308 2089 ι
330 2063 356 2090 Ιιι
371 2072 424 2099 quo
437 2065 473 2091 illi
483 2065 516 2092 ab
534 2066 594 2094 aliis
608 2067 723 2100 separati
735 2075 776 2096 se.—

17 2105 130 2140 unctiquc
144 2107 205 2134 vita:
220 2108 271 2142 pia:
287 2109 414 2144 mysteria
428 2110 538 2143 obeunt,
550 2110 670 2146 nihilque
687 2119 719 2138 eo
735 2111 777 2137 vel

20 2147 59 2179 ibi,
75 2151 113 2176 vel
128 2152 258 2185 potionis,
272 2153 313 2180 vel
330 2154 444 2181 aliarum
467 2162 567 2188 rerum,
584 2163 643 2190 quae
665 2156 698 2182 ad
715 2163 777 2183 cor-

838 922 1024 957 Chrysoslomi
1039 929 1101 951 sttnt
1116 933 1122 950 :
1139 924 1221 950 Ὅταν
1241 924 1347 955 τούτοις
1359 925 1391 950 ὲκ
1411 924 1505 956 παιδὸς
1528 925 1623 960 ἐνάξῃς

837 968 929 1000 αὑτὸν,
946 968 1015 996 κατὰ
1031 969 1126 1005 μικρὸν
1145 969 1191 997 καὶ
1205 970 1251 996 ἐπὶ
1270 969 1304 996 τὰ
1320 969 1471 1006 ὑψηλότερα
1488 970 1562 1002 ἄξεις
1575 979 1581 986 ·
1598 971 1623 997 οι

837 1012 938 1048 ψαλμοὶ
946 1013 1034 1040 πάντα
1048 1013 1160 1048 ἔχουσιν,
1172 1014 1196 1040 οἱ
1210 1013 1238 1040 δὲ
1249 1013 1327 1048 ὕμνοι
1342 1013 1422 1041 πάλιν
1434 1014 1509 1041 οὐδὲν
1520 1014 1624 1051 ἀνθρώ-

838 1067 923 1085 πινον·
939 1059 1002 1086 ὅταν
1018 1059 1046 1086 ἐν
1061 1060 1117 1091 τοῖς
1133 1059 1249 1095 ψαλμοῖς
1263 1060 1351 1097 μάθῃ,
1369 1061 1429 1087 τότε
1454 1062 1500 1088 καὶ
1523 1061 1623 1097 ὕμνους

835 1104 937 1130 εἵσεται
959 1105 1007 1131 ἆτε
1030 1105 1162 1141 θειότερον
1179 1106 1303 1141 πρᾶγμα·
1317 1107 1345 1132 αἱ
1359 1106 1413 1142 γὰρ
1426 1107 1482 1134 ἄνω
1494 1108 1622 1142 δυνάμεις

836 1150 975 1185 ὑμνοῦσιν,
986 1151 1016 1177 οὐ
1026 1151 1180 1185 ψάλλουσιν.
1199 1160 1207 1177 ι
1225 1151 1253 1178 Si
1268 1160 1283 1178 a
1295 1159 1379 1187 puero
1391 1153 1450 1180 istis
1465 1153 1621 1180 assuefece-

835 1195 873 1222 ris
890 1203 964 1227 cum,
980 1195 1109 1230 paulatim
1124 1200 1150 1223 et
1162 1196 1194 1222 ad
1210 1196 1367 1224 sublimiora
1380 1197 1508 1224 dedoces.
1521 1197 1621 1224 Psalmi

835 1241 1051 1275 complectuntur
1064 1241 1165 1268 omnia.
1183 1240 1288 1269 Rursus
1305 1247 1331 1269 et
1347 1242 1439 1277 hymni
1453 1250 1562 1278 quoque
1577 1243 1619 1270 ni-

836 1286 872 1313 hil
891 1286 991 1313 habent
1006 1286 1129 1314 humani.
1149 1286 1225 1320 Quod
1243 1287 1265 1314 si
1291 1288 1319 1314 in
1343 1288 1455 1322 psalmis
1471 1289 1619 1318 instructus

831 1330 925 1364 fuerit,
939 1337 996 1359 tum
1011 1339 1037 1360 et
1052 1333 1166 1368 hymnos
1177 1333 1306 1368 intelliget
1320 1341 1352 1361 ac
1367 1334 1434 1361 sciet
1455 1339 1547 1369 utpote
1562 1343 1618 1363 rem

833 1378 1004 1405 diviniorem.
1023 1378 1128 1405 Etenim
1144 1382 1292 1413 potestates
1308 1387 1412 1413 superae
1424 1380 1538 1415 hymnos
1553 1388 1619 1408 cou-

833 1423 938 1455 cinunt,
954 1431 1006 1450 non
1025 1423 1153 1458 psallunt.
1172 1432 1180 1448 ι
1199 1422 1335 1450 llactenus
1352 1423 1510 1450 Balduinus.

869 1469 1051 1496 'l‘crtullianus
1068 1469 1095 1495 in
1122 1468 1251 1503 Apolag.,
1278 1476 1339 1503 cap.
1365 1469 1414 1500 59,
1437 1469 1469 1495 de
1492 1469 1618 1496 convivio

832 1513 1048 1542 Christianorum
1064 1523 1070 1542 :
1088 1523 1097 1539 ι
1112 1513 1177 1541 Post
1187 1521 1285 1548 aquam
1297 1513 1449 1540 mantialem
1463 1518 1488 1541 ct
1503 1514 1618 1547 lumina,

807 1558 815 1567 ¹
834 1565 861 1588 ut
880 1561 1005 1596 quisquis
1023 1562 1055 1589 de
1069 1561 1217 1596 Scripturis
1227 1561 1338 1592 sanctis,
1355 1561 1395 1588 vel
1410 1561 1442 1588 de
1456 1561 1565 1596 proprio
1579 1561 1617 1588 inv

832 1608 909 1642 genio
928 1611 1024 1641 potest,
1045 1612 1207 1642 provocatur
1225 1606 1382 1633 inmedium
1399 1606 1453 1633 Deo
1475 1615 1582 1635 cauere.
1604 1616 1613 1633 ι

831 1654 896 1680 ltcm
917 1654 966 1682 lib.
984 1662 1002 1680 ιι
1015 1654 1052 1688 (in
1072 1654 1133 1687 line)
1154 1653 1194 1680 Ad
1218 1661 1340 1685 uxorem,
1362 1652 1530 1680 Christianos
1555 1660 1616 1680 sese

831 1704 926 1726 mutuo
943 1706 1115 1734 provocasse,
1131 1699 1193 1733 quis
1210 1699 1306 1725 melius
1329 1697 1384 1725 Deo
1408 1705 1458 1724 suo
1481 1702 1590 1725 caneret
1606 1706 1617 1724 ε-

832 1752 918 1778 neque
933 1744 1020 1772 solum
1038 1744 1064 1770 in
1077 1743 1191 1771 ecclesia
1207 1748 1253 1770 aut
1276 1747 1359 1774 cmlu,
1379 1742 1426 1770 sed
1453 1743 1479 1769 in
1503 1742 1617 1777 privatis

830 1790 1046 1817 Christianorum
1072 1789 1194 1822 sedibus,
1215 1790 1334 1824 psalmos
1363 1789 1537 1816 concinuisse
1566 1790 1613 1816 ait.

829 1835 908 1864 Certe
920 1835 946 1862 in
959 1835 1001 1867 iis,
1019 1835 1086 1861 utin
1100 1835 1234 1866 ecclesia,
1258 1842 1351 1869 preces
1375 1835 1500 1862 sonuisse
1519 1835 1615 1864 scribit

829 1880 981 1919 Cyprianus
998 1880 1032 1906 ad
1046 1885 1183 1915 martyres.
1198 1879 1250 1906 Sed
1264 1885 1291 1906 ct
1306 1880 1432 1907 Clemens
1455 1880 1614 1907 Alexandri-

829 1935 881 1954 nus
899 1927 945 1954 lib.
960 1935 997 1953 vu
1013 1927 1083 1961 (cap.
1099 1927 1126 1960 7)
1143 1926 1308 1953 Strumatum
1325 1925 1426 1953 indicat
1452 1926 1536 1954 moris
1547 1926 1615 1953 fuis—

829 1980 868 2005 se,
883 1977 913 2000 ut
926 1980 988 1999 cum
1003 1973 1092 1999 cibum
1106 1978 1245 2000 sumerent
1258 1972 1415 2005 Christiani,
1429 1972 1525 2006 psalmi
1536 1973 1613 2007 bym-

828 2018 911 2052 nique
926 2021 1114 2051 personarent,
1132 2023 1184 2044 cte.
1205 2017 1262 2044 Erit
1281 2025 1346 2052 ergo
1369 2025 1478 2044 carmen
1504 2025 1612 2048 canere,

829 2063 943 2097 hymnos
973 2062 1000 2089 in
1024 2062 1117 2090 laudes
1140 2062 1224 2089 divini
1249 2064 1366 2091 nominis
1391 2063 1431 2090 vel
1454 2067 1611 2090 sanctorum

827 2107 999 2142 conscriptos
1015 2109 1170 2135 concinere.
1195 2108 1307 2142 Auctor,
1323 2109 1369 2144 qui
1393 2110 1444 2136 sub
1460 2109 1613 2136 Commodo

828 2153 962 2180 scribebat
974 2154 1103 2181 adversus
1117 2154 1274 2182 Artemonis
1284 2155 1419 2188 haeresim,
1432 2159 1462 2181 ut
1476 2163 1508 2182 ex
1524 2154 1610 2182 Eusc—

17 2195 71 2221 uoiis
88 2203 164 2223 usum
187 2199 349 2226 necessarim
368 2204 447 2233 sunt,
465 2202 577 2228 omnino
592 2209 684 2229 secum
708 2201 775 2228 inl'e-
793 2214 814 2241 υ
829 2197 864 2224 bii
881 2197 1001 2224 Historia
1015 2197 1171 2229 εεείεδίαδΙη
1190 2198 1236 2225 “b-
1250 2205 1277 2231 Va
1290 2206 1348 2233 C3P-
1363 2198 1611 2231 37H‘iSt‘iml‘5,$"b

18 2244 76 2266 unt:
105 2243 151 2270 sed
176 2244 250 2278 leges
278 2249 304 2271 et
322 2246 431 2272 oracula
450 2254 463 2272 a
485 2247 624 2281 prophetis
643 2247 774 2274 divinitus

18 2285 74 2319 dita,
89 2288 267 2324 hymnosque.
286 2301 295 2317 ι
313 2291 345 2319 Ει
356 2292 423 2319 infra
438 2293 524 2327 magis
536 2299 627 2328 aperte
643 2306 649 2321 ι
667 2293 730 2320 ὡστ’
743 2294 772 2320 οὐ

18 2330 120 2363 εωροῧσι
150 2333 248 2368 μόνον,
270 2335 337 2362 ἀλλὰ
368 2337 414 2363 καὶ
442 2336 562 2364 ποιοῦσιν
593 2338 702 2373 ᾅσματα
728 2339 773 2365 καὶ

20 2382 92 2407 μνους
103 2378 144 2410 εὶς
169 2379 214 2407 τὸν
237 2381 303 2407 Θεὸν
323 2381 367 2408 διὰ
392 2384 526 2409 παντοίων
542 2384 648 2420 μέτρων
664 2386 709 2412 καὶ
726 2394 773 2420 με-

17 2419 47 2466 L71":
56 2442 62 2453 ,
86 2423 133 2457 ρύο
137 2433 199 2459 μοις
218 2427 392 2463 σεμνοτέροις
410 2428 564 2463 ἀναγκαίως
580 2439 613 2465 χα
618 2430 770 2466 ράσσοντες.

29 2465 60 2494 lla
79 2469 156 2503 plane
178 2480 232 2499 non
257 2475 478 2510 contemplationi
496 2476 584 2504 solum
598 2465 627 2505 se
650 2478 770 2511 dedunt,

17 2511 42 2538 ed
55 2514 133 2542 etiam
150 2518 291 2547 cautiones
308 2524 335 2547 et
346 2520 462 2555 hymnos
474 2521 507 2548 ad
522 2521 569 2549 Dei
583 2523 689 2550 laudem
701 2530 772 2550 com-

17 2563 97 2586 ‘ununt
112 2563 187 2589 omni
201 2569 351 2592 metrorum
367 2573 399 2593 ac
410 2566 623 2594 modulationum
639 2576 745 2603 genere.
760 2579 770 2594 ι

20 2602 93 2632 liuius
110 2607 215 2642 (neque
230 2604 302 2637 enim
327 2611 475 2639 absurdum
499 2612 580 2640 fuerit
601 2602 646 2641 add
663 2620 774 2643 nostras

17 2654 37 2673 's
49 2652 271 2686 eomprobandas,
282 2662 316 2682 ex
333 2656 451 2684 inimicis
468 2657 595 2686 Ecclesia:
618 2659 770 2689 testimonia

17 2698 108 2740 vitam)
128 2695 155 2723 in
176 2698 290 2732 epistola
306 2701 339 2727 ad
363 2701 510 2736 Trnjanum
531 2704 591 2739 (lib.
606 2711 643 2738 χ,
668 2705 713 2740 97)
738 2705 771 2732 de

19 2738 152 2770 bristianis
168 2751 175 2769 ε
193 2753 202 2769 ι
216 2745 393 2775 Allirmabant
406 2753 495 2776 autem
508 2750 579 2778 hanc
595 2751 680 2778 fuisse
693 2738 769 2778 sum-

17 2791 62 2812 nan
75 2787 115 2814 vel
128 2787 213 2822 culpze
229 2798 285 2818 suae
300 2792 341 2819 vel
354 2794 454 2820 erroris
464 2815 471 2827 ,
496 2797 567 2830 quod
583 2801 674 2824 essent
697 2797 771 2824 soliti

17 2834 56 2858 tuo
74 2830 116 2860 die
130 2839 192 2862 ante
204 2835 289 2865 lucem
306 2841 460 2869 convenire.
475 2847 640 2875 carmenque
660 2841 769 2874 Christo

829 2244 915 2278 initio,
933 2244 1100 2273 canticorum
1112 2248 1140 2271 et
1152 2245 1313 2280 hymnorum
1330 2245 1356 2271 in
1373 2246 1459 2279 ipsum
1471 2244 1610 2272 Christum

827 2297 841 2315 a
856 2289 979 2317 ﬁdelibus
995 2290 1129 2317 editorum
1145 2290 1270 2317 meminit
1288 2299 1294 2316 :
1312 2291 1420 2325 Ψαλμοὶ
1436 2291 1464 2317 δὲ
1484 2292 1540 2318 ὅσοι
1565 2291 1612 2318 καὶ

827 2335 893 2371 ᾠδαὶ
920 2336 1040 2370 ἀδελφῶν
1069 2336 1115 2362 ἀπ’
1142 2337 1230 2372 ἀρχῆς
1263 2337 1314 2363 ὑπὸ
1343 2337 1442 2364 πιστῶν
1465 2339 1610 2373 γραφεῖσαι

825 2381 872 2407 τὸν
889 2381 974 2415 Λόγον
988 2381 1034 2408 τοῦ
1048 2381 1114 2407 Θεοῦ
1125 2381 1170 2408 τὸν
1188 2383 1210 2408 Χ
1215 2381 1306 2416 ριστὸν
1328 2383 1440 2417 ὑμνοῦσι
1456 2383 1610 2417 θεολογοῦν-

825 2435 879 2458 τες.
900 2435 909 2451 ι
927 2426 1065 2462 Quotquot
1080 2427 1143 2454 item
1160 2427 1256 2461 psalmi
1272 2432 1353 2462 atque
1371 2428 1462 2462 hymni
1476 2429 1510 2455 ab
1531 2428 1608 2455 initio

826 2473 974 2507 (nascentis
984 2481 1078 2507 nempe
1088 2472 1293 2507 postChristum
1304 2472 1440 2506 Ecclesiae)
1454 2482 1468 2500 a
1480 2474 1608 2501 fratribus

825 2518 982 2552 conscripti,
999 2519 1026 2545 hi
1041 2526 1136 2547 omnes
1147 2519 1285 2547 Christum
1298 2518 1415 2546 Verbum
1431 2519 1476 2546 Dei
1489 2520 1607 2547 concele-

825 2565 923 2597 brant,
948 2565 1116 2592 divinitatem
1141 2567 1166 2593 ei
1190 2566 1343 2594 tribuendo.
1367 2575 1376 2592 ι
1398 2564 1431 2592 Et
1450 2566 1475 2592 in
1493 2566 1607 2593 concilio

824 2611 994 2639 Antiocheno
1015 2611 1067 2638 sub
1088 2611 1235 2639 Aureliano
1252 2611 1323 2646 apud
1339 2611 1464 2639 eumdem
1487 2610 1524 2638 lib
1559 2618 1606 2643 7n,

825 2665 884 2692 cap.
901 2657 944 2690 50,
960 2658 1029 2685 inter
1043 2657 1095 2684 alia
1108 2658 1222 2685 erimina
1238 2657 1323 2686 Paulo
1341 2658 1520 2685 Samosateno
1532 2657 1608 2692 obje-

823 2708 877 2737 cta,
896 2711 948 2730 non
962 2702 1128 2738 postrenuim
1150 2704 1238 2734 locum
1257 2704 1388 2738 obtinuit,
1408 2711 1469 2731 eum
1487 2703 1608 2738 psalmos

823 2754 849 2776 et
863 2753 969 2781 cantus.
985 2743 1031 2784 qui
1046 2749 1079 2776 ad
1091 2757 1140 2777 sua
1157 2750 1311 2784 temporain
1326 2751 1469 2778 Dominum
1483 2754 1606 2778 nostrum

823 2795 930 2823 recitari
953 2787 1269 2830 solebaiit,-explosisse,
1290 2802 1318 2824 et
1338 2797 1365 2823 in
1389 2795 1476 2823 inedia
1491 2794 1605 2823 ecclesia

823 2844 935 2871 solemni
953 2842 1093 2872 Paschalis
1111 2843 1153 2871 die
1169 2843 1312 2878 mulieres,
1332 2852 1391 2879 qua:
1413 2843 1564 2874 cantilenas
1580 2844 1610 2874 in
