1844 3047
177 107 244 135 HIS

621 104 742 132 LEONIS
762 103 898 131 ALLATll
918 101 1079 130 DIATRIBA
1098 102 1143 129 DE
1162 102 1367 130 THEODORIS.

1757 95 1826 123 ills

174 167 260 201 ipsius
273 166 366 194 laudes
383 166 535 199 funderent,
554 165 738 193 introduxisse
755 175 761 192 :
778 165 902 200 Ψαλμοὺς

1096 173 1140 196 τες
1155 164 1231 197 φῶτα
1246 165 1280 190 ὲκ.
1291 164 1344 190 τῶν
1361 163 1478 199 κηρίνων
1492 162 1648 198 λαμπάδων
1659 181 1669 193 ,
1689 160 1749 194 τῆς
1777 160 1824 194 βα-

173 216 236 247 τοὺς
251 215 300 250 μὲν
316 216 355 246 εις
371 214 415 240 τὸν
432 214 532 250 Κύριον
544 214 621 249 ἡμῶν
639 213 741 248 Ἰησοῦν
753 212 870 248 Χριστὸν
891 211 959 238 παύ-

175 267 234 291 σας,
245 260 283 290 ὡς
293 258 324 294 δὴ
335 258 493 294 νεωτέρους,
505 258 552 285 καὶ
562 258 700 293 νεωτέρων
710 257 813 293 ἀνδρῶν
826 257 962 292 συγγράμ-

176 314 259 342 ματα,
274 306 313 337 εις
326 305 419 332 ἑαυτὸν
433 305 461 331 δὲ
478 305 507 331 ὲν
524 305 593 340 μέσῃ
608 306 641 340 τῇ
659 304 844 340 ὲκκλησίᾳ,τῇ
856 304 961 340 μεγάλῃ

173 350 220 377 τοῦ
235 350 329 386 Πάσχα
344 350 446 386 ἡμέρᾳ,
469 350 622 385 ψαλμῳδεῐν
640 351 770 383 γυναῖκας
789 349 962 385 παρασκευά-

174 397 237 430 ζων·
256 394 293 424 ὧν
305 397 352 424 καὶ
366 397 484 428 ἀκούσας
499 397 531 424 ἄν
545 406 586 428 τις
600 396 729 432 φρίξειεν.
751 406 760 422 ε
787 396 911 423 Psalmos
937 400 963 423 et

174 446 281 473 cantus.
298 443 344 478 qui
361 442 394 469 ad
413 441 520 469 Domini
535 442 620 469 nostri
637 441 700 468 .lesu
716 441 817 469 Christi
830 442 960 468 honorem

174 488 313 516 decantari
327 488 460 521 solebant,
477 492 607 523 tanquam
625 488 799 520 recentiores,
822 493 848 515 et
864 496 879 514 a
896 487 963 514 viris

175 536 336 563 recentioris
353 536 491 563 memoria:
509 536 606 569 editos,
621 536 737 570 explosit
754 545 759 562 :
777 539 804 562 et
827 535 854 562 in
874 534 962 562 media

175 581 300 614 ecclesia,
310 581 426 609 solemni
440 581 582 608 Paschalis
597 581 652 614 die,
668 581 806 613 mulieres,
822 589 882 616 qua:
898 589 963 608 can-

176 628 282 659 tilenas,
299 635 367 662 quas
378 627 401 655 si
415 627 556 662 quispiam’
570 628 686 660 audiret,
700 627 780 662 plane
788 628 962 654 exhorresce-

175 678 228 706 ret,
247 674 273 701 in
290 674 375 708 ipsius
390 674 498 701 laudem
514 673 676 707 funderent,
697 674 874 708 comparavit.
903 683 912 699 ›
932 673 959 700 S.

174 721 342 755 Augustinus
356 721 382 747 in
406 721 520 755 epistola
539 729 582 754 LV,
599 721 650 753 54,
671 729 732 755 qua:
751 725 792 748 est
807 721 841 747 ad
861 720 961 748 Janua~

175 768 247 794 rium
262 776 269 794 :
287 776 296 792 ι
313 766 377 794 Sine
393 767 564 795 dubitatione
581 767 738 795 faciendum
756 772 799 794 est
811 787 818 800 ,
844 767 961 794 maxime

176 812 208 840 id'
221 813 293 848 quod
307 813 387 840 etiam
400 814 431 841 de
444 814 592 848 Scripturis
607 813 712 840 defendi
730 818 829 848 potest;
844 813 914 840 sicut
929 813 961 840 de

177 858 285 894 hymnis
301 863 327 885 et
343 859 456 893 psalmis
469 859 612 892 canendis,
628 867 690 886 cum
711 863 737 886 et
752 859 837 893 ipsius
853 858 960 884 Domini

175 908 202 931 et
216 904 399 938 apostolorum
416 904 566 931 habeamus
581 905 745 931 documenta
757 909 783 931 et
799 905 920 939 exempla
936 908 963 932 et

176 955 316 984 prmcepta.
355 960 364 976 ι
390 950 541 977 Concilium
568 950 729 977 Toletanum
753 958 779 976 Iv
808 950 861 985 (ed.
886 950 960 977 card.

175 995 293 1028 Aguirrii
309 999 328 1022 t.
348 995 390 1027 lll,
406 1003 432 1030 p.
443 995 517 1030 568),
528 1002 580 1029 cap
598 996 641 1027 l5,
655 996 726 1031 quod
738 995 872 1023 Baronius
885 1002 963 1023 vocat

139 1050 142 1053 ‘
176 1041 382 1068 celeberrimum
395 1047 422 1068 et
437 1042 560 1076 generale
577 1041 627 1077 (4),
645 1042 726 1068 tradit
747 1050 753 1067 :
774 1051 783 1067 (
803 1042 840 1068 De
855 1042 962 1077 hymnis

176 1087 257 1114 ctiam
271 1088 411 1120 canendis,
427 1092 453 1115 et
468 1088 616 1115 Salvatoris
629 1092 656 1115 et
669 1089 853 1123 apostolorum
877 1089 961 1116 habe—

177 1141 237 1160 mus
251 1134 414 1168 exemplum.
432 1143 441 1160 ι
456 1133 571 1168 Operam
587 1135 645 1169 ipse
658 1135 810 1170 perderem,
820 1135 842 1162 si
856 1142 916 1170 qua:
928 1134 962 1161 ad

176 1179 246 1206 hanc
260 1179 399 1207 veritatem
412 1181 627 1208 conﬁrmandam
649 1181 768 1215 faciunt,
791 1189 823 1209 ex
849 1181 961 1208 Patrum

178 1226 287 1260 scriptis
298 1226 463 1261 colligerem.
478 1227 589 1254 Certum
609 1232 651 1254 est
666 1235 730 1262 ergo
746 1233 773 1255 et
797 1233 858 1255 ante
881 1228 961 1255 Chri-

178 1276 261 1304 stum,
281 1277 307 1299 et
319 1272 412 1299 eodem
439 1270 528 1300 adhuc
545 1275 704 1308 superstite,
727 1280 753 1301 ct
768 1275 859 1301 statim
881 1279 962 1308 atque

176 1317 203 1344 in
217 1318 316 1345 caelum
333 1318 465 1351 ascendit,
482 1324 544 1346 ante
558 1320 639 1346 etiam
663 1321 749 1354 ipsum
776 1319 960 1350 Thaumatur-

175 1370 251 1396 gum,
271 1361 362 1390 tidelcs
386 1363 413 1390 in
436 1364 550 1391 ecclesia
577 1364 703 1400 hymnos,
728 1366 774 1400 qui
802 1365 850 1393 Dei
869 1366 962 1393 laudes

176 1408 356 1442 continerent,
372 1409 541 1438 decantasse.

210 1452 268 1480 Non
282 1458 322 1481 est
336 1458 425 1482 tamen
448 1456 632 1489 przetcreunda
655 1458 802 1485 auctoritas
828 1458 960 1493 Socratis,

1011 210 1110 242 σιλίδος
1124 209 1251 242 Εὺδοξίας
1269 209 1440 245 παρεχούσης
1455 209 1503 243 τὴν
1520 209 1561 240 εἰς
1578 207 1656 234 αὐτὰ
1677 207 1822 238 δαπάνην

1010 256 1111 291 πλῆθος
1122 257 1197 288 ὄντες
1207 258 1231 282 οἱ
1249 256 1457 291 Ἀρειανίζοντες
1468 256 1515 282 καὶ
1525 253 1687 291 ζηλοτυπία
1700 252 1823 288 ληφθέν-

1010 310 1072 333 τες,
1098 301 1247 336 ἀμύνεσθαί
1268 311 1296 328 τε
1311 322 1318 332 ,
1351 301 1397 328 καὶ
1424 301 1622 336 συμπληγάδας
1645 299 1823 334 ἐπεχείρουν

1011 349 1096 374 ποιεῖν
1108 357 1114 362 ·
1133 348 1172 374 ἔτι
1191 348 1244 384 γὰρ
1261 349 1292 374 ἐκ
1304 349 1354 384 τῆς
1371 347 1557 383 προλαϐούσης
1576 346 1758 378 δυναστεπ
1779 345 1822 371 ἔν-

1012 392 1106 428 θερμοί
1121 401 1150 419 τε
1169 393 1236 428 πρὸς
1248 393 1336 428 μάχην
1346 392 1425 428 ἦσαν,
1442 394 1487 420 καὶ
1502 392 1698 428 κατεφρόνουν
1713 390 1822 418 αὐτῶν·

1014 439 1050 474 μὴ
1069 438 1251 474 μελλήσαντες
1266 437 1312 466 οὖν
1323 440 1350 465 ὲν
1367 440 1416 474 μιᾷ
1426 439 1480 465 τῶν
1490 438 1597 465 νυκτῶν
1609 436 1823 473 συγκροὺουσι,

1012 485 1059 511 καὶ
1073 484 1196 520 βάλλεται
1212 485 1263 520 μὲν
1278 485 1344 520 λίθῳ
1359 485 1428 511 κατὰ
1447 485 1572 520 μετώπου
1594 484 1714 519 Βρίσων
1737 484 1754 510 ὁ
1775 484 1825 519 τῆς

1013 530 1146 565 βασιλίδος
1160 531 1295 567 εὐνοῦχος,
1313 532 1468 567 συγκροτῶν
1485 532 1546 558 τότε
1562 532 1629 563 τοὺς
1657 531 1822 566 ὑμνῳδούς·

1012 576 1174 603 ἀπόλλυνται
1190 577 1218 603 δὲ
1232 577 1277 603 καί
1295 586 1365 609 τινες
1383 577 1428 604 τοῦ
1445 577 1508 604 λαοῦ
1522 576 1552 609 ἐξ
1567 577 1747 613 ἀμφοτέρων
1769 577 1823 603 τῶν

1015 623 1114 659 μερῶν·
1137 624 1181 658 ὑφ’
1198 621 1239 656 οἷς
1253 623 1373 659 κινηθεὶς
1393 625 1407 650 ὁ
1432 623 1556 659 βασιλεὺς
1571 623 1734 650 διεκώλυσε
1759 624 1824 655 τοίς

1019 670 1174 705 Ἀρειανοὺς
1186 670 1235 702 τὰς
1246 670 1406 706 ὑμνολογίας
1420 672 1449 697 ὲν
1459 671 1498 706 τῷ
1510 670 1638 706 δημοσίῳ
1652 672 1764 696 ποιεῖν·
1779 670 1827 695 καὶ

1012 716 1046 743 τὰ
1058 718 1107 752 μὲν
1123 717 1257 753 λεγόμενα
1269 717 1381 744 τοιαῦτα
1395 715 1438 754 ἦν.
1450 716 1566 744 Λεκτέον
1582 716 1612 742 δὲ
1627 717 1680 744 καὶ
1693 716 1763 743 ὅθεν
1776 716 1826 751 τὴν

1013 763 1099 799 ἀρχὴν
1115 763 1210 790 ἔλαϐεν
1224 765 1239 798 ἡ
1255 763 1325 790 κατὰ
1343 764 1405 795 τοὺς
1422 762 1590 798 ἀντιφώνους
1610 763 1724 798 ὕμνους
1743 763 1776 789 ὲν
1793 764 1826 797 τῇ

1013 810 1145 845 ἐκκλησίᾳ
1169 810 1307 846 συνήθεια·
1335 810 1463 844 Ἰγνάτιος
1491 809 1664 844 Ἀντιοχείας
1695 809 1752 845 τῆς
1777 809 1827 835 Συ-

1014 855 1084 891 ρίας,
1098 856 1189 891 τρίτος
1199 855 1252 882 ἀπὸ
1264 855 1310 882 τοῦ
1325 855 1472 882 ἀποστόλου
1488 855 1593 890 Πέτρου
1608 854 1785 885 ἐπίσκοπος,
1798 854 1826 885 ὃς

1013 903 1060 928 καὶ
1076 904 1131 934 τοῖς
1146 902 1303 934 ἀποστόλοις
1313 903 1403 933 αὐτοῖς
1416 901 1616 936 συνδιέτριψεν,
1627 901 1779 927 ὀπτασίαν
1792 898 1826 926 εἷ-

1012 947 1055 974 δεν
1074 948 1197 983 ἀγγέλων
1214 948 1257 975 διὰ
1274 947 1329 974 τῶν
1352 946 1509 981 ἀντιφώνων
1536 946 1634 981 ὓμνων
1654 946 1711 982 τὴν
1741 947 1825 979 ἁγίαν

1013 996 1115 1031 Τριάδα
1128 995 1294 1031 ὑμνούντων,
1309 996 1355 1022 καὶ
1366 995 1410 1021 τὸν
1421 995 1520 1030 τρόπον
1527 994 1576 1021 τοῦ
1587 994 1742 1030 ὁράματος
1752 994 1786 1028 τῇ
1798 995 1824 1019 ὲν

1011 1041 1150 1077 Αντιοχείᾳ
1184 1043 1330 1078 Ἐκκλησία
1340 1042 1504 1078 παρέδωκεν·
1518 1041 1580 1068 ὅθεν
1592 1041 1642 1068 καὶ
1667 1041 1702 1067 ἐν
1719 1041 1825 1072 πάσας

1011 1090 1071 1120 ταῖς
1088 1088 1260 1124 Ἑκκλησίαις
1272 1088 1340 1124 αὕτη
1359 1090 1374 1124 ἡ
1392 1089 1543 1124 παράδοσις
1563 1088 1656 1122 ἐδόθη’
1675 1084 1763 1118 οὗτος
1776 1088 1825 1121 μὲν

1012 1131 1057 1160 οὖν
1069 1134 1082 1160 ὁ
1095 1133 1159 1168 περὶ
1170 1132 1223 1159 τῶν
1233 1131 1389 1168 ἀντιφώνων
1403 1132 1494 1168 ὕμνων
1505 1132 1584 1166 λόγος
1593 1133 1687 1158 ἐστίν.
1701 1142 1711 1157 ‹
1725 1132 1823 1158 Ariani

1013 1182 1089 1205 extra
1106 1178 1202 1205 urbem
1219 1182 1370 1205 conventus
1393 1178 1518 1213 agebant.
1543 1178 1642 1212 Itaque
1659 1185 1730 1204 cum
1754 1177 1824 1203 festa

1012 1225 1145 1260 cujusque
1161 1224 1336 1252 hebdomade
1353 1225 1543 1258 occurrebant,
1563 1224 1701 1251 videlich
1716 1224 1825 1251 Subba-

1014 1275 1069 1298 tum
1085 1275 1112 1298 et
1126 1271 1184 1298 dies
1202 1270 1371 1301 Dominicus.
1393 1271 1419 1297 in
1442 1271 1544 1306 quibus
1560 1276 1728 1298 conventus
1744 1271 1773 1298 in
1785 1278 1824 1297 ec-

1013 1317 1103 1345 clesiis
1129 1317 1186 1344 fieri
1208 1317 1307 1349 solent,
1335 1317 1374 1344 illi
1395 1317 1466 1344 intra
1481 1321 1575 1352 portas
1587 1317 1720 1345 civitatis
1751 1318 1823 1344 circa

1012 1364 1135 1399 porticus
1155 1363 1181 1402 in
1196 1371 1281 1391 unum
1307 1364 1474 1399 congregati,
1490 1368 1589 1391 cantus
1606 1367 1676 1398 apte
1694 1363 1822 1398 opinioni

1014 1410 1121 1437 Ariana:
1135 1410 1330 1444 respondentes
1343 1430 1350 1442 ,
1367 1417 1437 1444 quos
1459 1409 1509 1444 ipsi
1529 1415 1775 1444 composuerant,
1790 1410 1823 1436 al-

1013 1457 1139 1483 ternatim
1153 1456 1286 1483 canebant
1308 1466 1313 1482 :
1330 1456 1412 1490 idque
1432 1464 1480 1491 per
1493 1456 1627 1491 majorem
1647 1456 1749 1483 noctis
1764 1463 1822 1490 par-

175 1500 237 1528 licct
253 1501 393 1536 prolixior,
416 1508 445 1530 ut
462 1507 488 1530 ct
510 1503 672 1538 hymnorum
700 1505 725 1532 in
750 1505 871 1533 Ecclesia
895 1515 961 1534 usus
975 1510 997 1540 ο
1014 1507 1067 1529 tem
1083 1502 1226 1530 faciebant.
1247 1502 1340 1530 Primo
1354 1503 1476 1530 diluculo
1497 1502 1565 1530 tales
1589 1502 1759 1530 cantilenas
1783 1501 1820 1529 al-

176 1547 394 1583 mttiquissimus,
410 1553 546 1576 eteorum
564 1550 641 1585 origo
664 1550 698 1578 ab
717 1551 776 1585 ipso
800 1551 963 1580 Christiana:

177 1593 314 1627 religionis
329 1595 440 1621 exordio
453 1595 640 1630 (lignuscatur,
655 1596 702 1623 lib.
717 1605 742 1623 vr
756 1618 763 1630 ,
784 1605 844 1632 cap.
862 1598 878 1624 8
903 1607 909 1625 :
931 1600 962 1626 Ut

182 1639 390 1674 Ἀρειανίζοντες
425 1640 477 1672 ἔξω
505 1641 554 1676 τῆς
587 1641 689 1673 πόλεως
723 1642 773 1674 τὰς
805 1645 964 1678 συναγωγὰς

143 1698 146 1700 -
176 1684 321 1710 ἐποιοῦντο·
336 1685 416 1720 ἡνίκα
431 1684 477 1712 οὖν
491 1686 608 1721 ἑκάστης
620 1686 765 1722 ἑϐδομάδος
774 1687 869 1724 ἑορτὰς
883 1698 962 1716 κατε-

176 1729 322 1764 λάμϐανον,
336 1731 407 1766 φημὶ
418 1731 450 1766 δὴ
461 1731 490 1757 τό
500 1740 529 1758 τε
546 1732 684 1758 Σάϐϐατον
695 1734 741 1759 καὶ
754 1735 770 1769 ἡ
784 1734 920 1771 Κυριακὴ,
935 1736 963 1762 ὲν

176 1773 219 1807 αἷς
236 1777 262 1802 αἱ
280 1776 402 1808 συνάξεις
414 1778 482 1804 κατὰ
493 1778 542 1810 τὰς
553 1778 698 1814 ἐκκλησίας
710 1779 819 1807 εἰώθασι
830 1781 961 1816 γίνεσθαι,

176 1823 251 1849 αὐτοὶ
268 1823 341 1855 ὲντὸς
356 1823 409 1850 τῶν
422 1824 470 1858 τῆς
488 1825 590 1857 πάλεως
606 1825 706 1859 πυλῶν,
726 1826 789 1862 περὶ
811 1827 860 1859 τὰς
884 1828 963 1859 στοὰς

176 1868 371 1905 ἀθροιζόμενοι,
388 1871 434 1896 καὶ
450 1870 522 1905 ᾠδὰς
535 1871 700 1906 ἀντιφώνους
709 1873 776 1908 πρὸς
791 1873 839 1909 τὴν
859 1874 964 1909 Ἀρεια-

175 1914 224 1950 νὴν
239 1914 317 1948 δόξαν
332 1915 499 1947 συντιθέντες
515 1914 587 1953 ᾖδον·
606 1917 653 1943 καὶ
671 1917 750 1944 τοῦτο
771 1919 878 1945 ἐποίουν
893 1920 964 1947 κατὰ

149 1954 155 1960 “
176 1961 300 1988 πλεῖστον
317 1961 398 1997 μέρος
413 1962 462 1998 τῆς
473 1963 577 1995 νυκτός·
591 1964 643 1990 ὑπὸ
655 1964 682 1991 δὲ
696 1965 792 2000 ὄρθρον
804 1965 837 1993 τὰ
852 1966 964 1994 τοιαῦτα

175 2008 313 2043 ἀντίφωνα
326 2008 464 2043 λέγοντες,
481 2009 524 2036 διὰ
546 2010 631 2045 μέσης
652 2011 702 2046 τῆς
722 2011 824 2043 πόλεως
851 2012 964 2048 ἐξῄεσαν

175 2054 229 2081 τῶν
243 2054 346 2087 πυλῶν,
361 2055 407 2081 καὶ
423 2056 486 2087 τοὺς
503 2056 602 2088 τόπους
619 2056 682 2083 ἔνθα
696 2057 810 2092 συνῆγον
826 2058 963 2093 κατελάμ-

176 2101 263 2127 ϐανον·
279 2102 372 2137 ἐπειδὴ
389 2101 417 2128 δὲ
432 2102 593 2138 ἐρεθισμοὺς
606 2103 676 2130 κατὰ
694 2103 747 2129 τῶν
772 2103 802 2131 τὸ
824 2104 964 2140 ὁμοούσιον

175 2146 343 2182 φρονούντων
353 2147 478 2182 λέγοντες
492 2149 540 2174 οὐκ
551 2148 693 2176 ὲπαύοντο’
711 2149 838 2182 πολλάκις
849 2150 903 2186 γὰρ
917 2151 963 2177 καὶ

175 2193 300 2230 τοιαύτην
312 2194 382 2230 ᾠδὴν
396 2194 498 2229 ἔλεγον·
516 2195 570 2221 Ποῦ
590 2196 658 2223 εἰσὶν
671 2197 696 2223 οἱ
710 2197 833 2231 λέγοντες
848 2197 882 2224 τὰ
902 2198 964 2233 τρία

177 2239 239 2274 μίαν
253 2240 377 2275 δύναμιν;
397 2241 462 2267 Τότε
475 2241 507 2277 δὴ
525 2241 570 2267 καὶ
589 2241 716 2277 Ἰωάννης
733 2242 906 2277 εὐλαϐηθεὶς,
927 2244 964 2279 μή

174 2294 216 2317 τις
229 2286 282 2313 τῶν
296 2286 487 2322 ἁπλουστέρων
507 2288 559 2314 ὑπὸ
577 2288 630 2314 τῶν
650 2287 777 2314 τοιούτων
794 2288 869 2323 ᾠδῶν
883 2288 965 2323 ἀφελ-

176 2331 260 2367 κυσοῇ
278 2332 327 2366 τῆς
349 2331 521 2367 Ἐκκλησίας,
543 2333 707 2368 ὰντιτίθησιν
725 2333 816 2364 αὐτοῖς
832 2334 894 2364 τοὺς
917 2333 963 2360 τοῦ

176 2377 240 2403 ἰδίου
256 2376 331 2408 λαοῦ,
349 2378 422 2410 ὅπως
437 2377 469 2405 ἂν
487 2379 534 2405 καὶ
547 2379 623 2405 αὐτοὶ
642 2380 701 2410 ταῖς
719 2381 889 2414 νυκτεριναῖς
912 2379 964 2414 ὑμ-

174 2423 282 2458 νῳδίαις
294 2423 478 2458 σχολάζοντες,
491 2425 637 2461 ἀμαυρῶσι
651 2426 699 2461 μὲν
716 2425 765 2462 τὴν
780 2426 890 2453 ἐκείνων
903 2427 965 2461 περὶ

175 2470 268 2497 τούτου
283 2470 410 2505 σπουδὴν,
430 2470 554 2505 βεϐαίους
568 2471 596 2498 δὲ
611 2473 673 2503 τοὺς
693 2473 808 2503 οἰκείους
825 2473 893 2508 πρὸς
916 2473 964 2508 τὴν

175 2515 278 2542 ἑαυτῶν
295 2516 385 2542 πίστιν
399 2516 577 2551 ἐργάσωνται·
596 2517 678 2545 ἀλλ”ό
692 2518 740 2553 μὲν
756 2518 857 2550 σκοπὸς
879 2519 965 2545 Ἰωαν-

175 2568 220 2587 νου
237 2552 323 2586 έδόκει
341 2559 410 2587 εἶναι
427 2562 555 2596 χρηστὸς,
575 2562 623 2588 σὺν
646 2565 751 2598 ταραχῇ
767 2563 795 2590 δὲ
813 2564 859 2590 καὶ
873 2564 964 2591 κινδύ-

176 2614 231 2637 νοις
247 2606 277 2632 τδ
293 2606 369 2638 τέλος
384 2606 508 2639 ἑδέξατο⁴
530 2607 567 2640 ὡς
590 2608 645 2644 γὰρ
662 2608 845 2646 λαμπρότεροι
870 2610 892 2636 οἳ
918 2610 963 2636 τοῦ

176 2651 317 2687 ὁμοουσίου
329 2651 407 2688 ὕμνοι
418 2654 447 2679 ἐν
459 2655 519 2685 ταῖς
534 2656 702 2689 νυκτεριναῐς
717 2655 889 2690 ὑμνολογίαις
903 2656 965 2681 ἐδεί-

176 2706 281 2724 κνυντο·
297 2699 470 2734 ὲπινενόηντο
480 2699 533 2735 γὰρ
552 2701 615 2735 παρ’
631 2700 712 2726 αὐτοῦ
729 2702 840 2737 σταυροὶ
850 2702 965 2738 ἀργυροῖ

213 2765 252 2803 (4)
263 2765 395 2794 Baronius
405 2767 494 2803 adan.
507 2767 558 2803 [553
571 2775 623 2794 non
637 2768 693 2802 ipse
705 2769 827 2803 generale
840 2769 892 2796 hoc
902 2777 964 2796 con-

179 2799 270 2826 cilium
281 2806 377 2836 yocat,
397 2802 444 2828 sed
469 2810 483 2828 a
507 2801 634 2830 Patribus
648 2799 743 2836 ’σμηνρὶ
772 2803 962 2834 interfuerunt,

180 2834 305 2868 generale
322 2836 482 2870 appellatum
497 2837 571 2864 dicit.
592 2834 682 2870 Neque
695 2846 761 2865 sane
776 2838 811 2865 ita
832 2839 960 2871 appellari

1016 1548 1099 1576 ternis
1112 1557 1160 1583 per
1180 1548 1299 1576 mediam
1312 1549 1406 1575 urbem
1420 1548 1578 1580 recitantes,
1597 1555 1613 1574 e
1630 1548 1727 1583 portis
1745 1555 1821 1582 egre

1014 1595 1167 1628 diebantur,
1197 1586 1223 1622 et
1239 1595 1271 1622 ad
1308 1595 1367 1622 loca
1393 1594 1439 1621 ubi
1472 1594 1625 1630 agebantur
1658 1600 1820 1622 conventus

1014 1641 1222 1668 contendebant.
1245 1640 1346 1668 Verum
1372 1641 1434 1676 quia
1461 1641 1592 1669 adversus
1616 1641 1686 1669 ﬁdei
1704 1643 1820 1669 consub-

1014 1685 1149 1712 stantialis
1187 1685 1306 1714 fautores
1338 1686 1682 1718 verba.contunieliosa,
1716 1688 1819 1722 quibus

1014 1740 1107 1760 eorum
1134 1733 1241 1760 animos
1264 1733 1419 1765 irritarent,
1442 1733 1535 1760 dicere
1547 1741 1601 1760 non
1629 1733 1817 1762 desinebant.

1014 1787 1075 1805 nam
1089 1787 1158 1813 stcpe
1179 1779 1249 1806 hanc
1265 1779 1343 1814 quasi
1370 1779 1535 1806 cantilenam
1555 1779 1582 1806 in
1602 1787 1654 1807 eos
1665 1780 1816 1807 cecinere:

1015 1823 1065 1851 Ubi
1082 1829 1145 1852 sunt
1159 1825 1197 1858 bi,
1213 1825 1259 1860 qui
1282 1825 1334 1852 tria
1352 1832 1433 1852 unam
1453 1825 1548 1852 dicunt
1562 1833 1623 1852 esse
1642 1827 1818 1860 potentiam?

1013 1870 1133 1897 Joannes
1149 1870 1251 1897 veritus
1279 1878 1312 1897 ne
1330 1871 1429 1905 aliquis
1448 1879 1480 1898 ex
1508 1871 1732 1905 simplicioribus
1744 1873 1818 1906 ejus-

1015 1916 1087 1943 modi
1101 1916 1226 1944 cantibus
1243 1916 1277 1943 ab
1292 1915 1412 1944 Ecclesia
1433 1916 1627 1949 abduceretur,
1641 1918 1786 1952 quosdam
1803 1927 1817 1945 e

1015 1970 1066 1990 suo
1082 1963 1182 1998 populo
1201 1962 1256 1990 illis
1271 1962 1450 1998 orponcndos
1464 1963 1589 1996 curavit,
1603 1964 1651 1999 qui
1666 1966 1816 1992 nocturnis

1014 2010 1123 2045 hymnis
1140 2009 1316 2037 dccantandis
1327 2009 1450 2037 similiter
1469 2017 1579 2044 operam
1595 2010 1716 2042 darent,
1733 2011 1815 2038 Aria-

1015 2062 1168 2090 norumque
1182 2055 1208 2081 in
1224 2063 1256 2082 ea
1280 2063 1308 2082 re
1326 2056 1446 2083 studium
1465 2064 1497 2083 eo
1518 2060 1598 2090 pacto
1610 2057 1813 2091 reprimerent.

1015 2104 1131 2139 denique
1155 2112 1220 2131 suos
1240 2104 1266 2131 in
1285 2105 1405 2140 ipsorum
1428 2105 1480 2132 title
1492 2105 1642 2132 admodum
1658 2105 1814 2132 continua-

1016 2155 1084 2177 rent.
1112 2150 1145 2176 At
1175 2151 1300 2185 quamvis
1326 2151 1378 2178 hoc
1409 2150 1521 2178 Joannis
1547 2151 1707 2178 institutum
1735 2152 1814 2178 valde

1017 2195 1188 2222 commodum
1205 2195 1352 2228 videretur,
1369 2201 1459 2222 tamen
1474 2196 1546 2222 illius
1559 2201 1677 2223 eventus
1692 2197 1813 2224 tumultu

1016 2246 1096 2275 atque
1112 2241 1193 2267 etiam
1207 2242 1327 2275 periculo
1340 2250 1392 2268 non
1413 2242 1510 2268 caruit.
1523 2241 1592 2268 Nam
1608 2242 1654 2269 ubi
1671 2243 1771 2278 hymni
1787 2245 1812 2270 in

1016 2286 1250 2313 consttbslanlialis
1269 2287 1376 2314 laudem
1395 2287 1543 2319 decantali,
1560 2293 1675 2322 propter
1691 2296 1811 2316 concen—

1017 2338 1073 2360 tum
1102 2333 1177 2359 illum
1206 2330 1369 2360 nocturnum
1390 2334 1476 2361 multo
1491 2334 1554 2369 plus
1572 2334 1720 2368 dignitatis
1747 2340 1812 2363 sunt

1016 2381 1166 2411 consecuti.
1185 2386 1264 2407 erant
1280 2381 1352 2407 enim
1369 2388 1465 2408 cruces
1480 2387 1617 2415 argentea:
1632 2382 1811 2417 excogitatae.

1016 2427 1115 2460 quibus
1128 2426 1198 2453 cerei
1217 2426 1437 2460 imponebantur,
1453 2425 1577 2453 Eudoxia
1590 2426 1718 2460 Augusta
1735 2436 1811 2454 sutu-

1017 2477 1091 2506 ptum
1108 2472 1140 2499 ad
1159 2472 1184 2498 id
1199 2471 1401 2506 suppeditante,
1417 2472 1495 2499 turba
1511 2471 1681 2500 Arianorum
1698 2479 1809 2502 coacta.

1015 2523 1043 2545 et
1057 2519 1238 2545 aemulationis
1251 2517 1348 2544 ardore
1369 2518 1492 2548 incensa.
1510 2525 1540 2544 se
1565 2518 1681 2551 ulcisci,
1699 2524 1727 2546 et
1750 2527 1809 2547 cum

1015 2565 1178 2592 adtersariis
1203 2565 1348 2600 conﬂigere
1369 2564 1496 2591 instituit.
1521 2565 1630 2592 Etenim
1656 2566 1808 2601 principatu

1016 2611 1078 2643 illo,
1100 2619 1180 2646 quem
1202 2610 1366 2646 jampridem
1388 2610 1567 2637 obtinuerant
1582 2611 1665 2643 elati.
1677 2616 1759 2638 erant
1778 2612 1809 2638 ad

1015 2665 1132 2692 pugnam
1151 2657 1235 2684 multo
1246 2657 1415 2684 ardentiores
1425 2677 1432 2688 ,
1444 2655 1662 2692 defensoresque
1675 2657 1737 2685 lidci
1751 2666 1809 2684 con-

1015 2703 1198 2730 substantialis
1228 2710 1341 2738 prorsus
1369 2702 1590 2730 contemnebant.
1618 2703 1713 2736 Quare
1737 2703 1808 2730 nulla

1015 2770 1111 2798 stricto
1129 2778 1209 2798 sensu
1232 2775 1337 2804 poterat
1360 2771 1480 2806 synodus
1503 2769 1536 2797 ad
1563 2778 1647 2804 quam
1674 2770 1808 2806 Hispania:

1015 2811 1121 2867 tantur:
1136 2806 1277 2867 ciiﬂullia:
1304 2806 1489 2835 Narbonensis
1512 2806 1635 2842 episcopi
1662 2814 1808 2834 concurre-

1015 2846 1087 2868 runt.
1128 2862 1133 2868 .
1179 2861 1185 2868 .
