1844 3047
17 82 78 112 ἾΞΠ

430 90 551 119 LEONlS
568 93 704 121 ALLATll
724 94 884 124 DIATRlBA
903 97 947 125 DE
968 98 1174 128 THEODORIS.

17 145 164 180 interposita
184 155 270 181 mora,
292 154 371 177 nocte
383 145 657 185 quadam-tumultum
673 156 783 183 faciunt.
801 159 820 186 A
835 165 894 192 cap.
909 158 962 186 l7:
980 169 989 185 ‹
1018 159 1086 188 Vitae
1100 161 1212 189 Patrum
1235 164 1294 192 sine
1321 166 1508 200 probabilibus
1530 177 1630 199 aucto-

17 189 82 218 Briso
94 191 271 226 imperatrieis
285 197 427 225 eunuchus
437 219 444 231 ,
457 199 502 233 qui
521 205 611 233 partes
637 202 792 229 canentium

19 244 123 270 nymnos
141 239 172 265 ad
193 242 455 270 commendationem
477 245 537 272 ﬁdei
560 248 792 275 consubstantialis

18 284 130 312 uehatur
147 304 153 316 ,
182 285 269 320 lapide
289 287 315 313 in
340 287 428 316 fronte
449 292 607 325 percutitur.
630 292 792 322 lntcrierttnt

17 328 84 354 itiam
103 331 245 366 utriusque
268 335 351 367 partis
375 337 498 363 nonnulli
514 337 547 364 de
560 339 670 372 populo.
685 339 791 372 Quibus

17 375 84 403 'ebus
100 376 247 412 imperator
261 381 407 409 admodum
426 391 578 412 commotus
589 406 596 416 ,
616 386 723 414 Arianis
749 387 790 414 in-

17 422 115 449 erdixit
141 432 175 451 ne
187 425 300 460 hymnos
312 427 338 454 in
350 429 457 463 publico
466 435 617 458 cantarent.
630 432 716 466 Atque
732 433 788 461 hmc

17 468 110 502 [uidem
137 470 188 498 hoc
206 473 287 499 modo
303 479 378 508 gesta
405 480 479 503 sunt.
503 476 561 503 Jam
587 486 650 504 vero
664 479 787 508 dicamus

17 513 91 546 tiam,
105 516 176 542 unde
190 520 356 547 consuetudo
372 521 545 556 hymnorum,
559 524 604 557 qui
624 527 655 552 In
670 526 784 554 ecclesia

22 558 112 587 lternis
128 561 318 595 decantanlur,
344 566 453 593 initium
471 569 582 602 ceperit.
600 568 717 604 lgnatius
730 571 785 598 An-

17 604 122 638 iochi-aa,
139 615 201 641 qua:
218 613 259 636 est
275 609 301 636 in
320 610 396 646 Syria
407 632 413 644 ,
430 614 526 641 tertius
538 622 553 641 a
570 614 649 642 Petro
662 618 783 651 apostolo

18 649 151 685 piscopus,
166 653 285 687 quicum
300 657 429 690 apostolis
446 658 514 693 ipsis
531 661 645 688 multum
661 667 783 691 versatus

17 699 54 725 st,
69 696 204 724 visionem
221 699 286 728 vidit
300 702 459 737 angelorum
482 709 603 732 sanctam
621 706 780 736 Trinitatem

19 741 102 774 ymnis
126 743 231 771 alterna
255 746 315 774 vice
328 747 480 778 decantatis
505 752 738 787 collaudantium,
755 760 781 783 et

17 793 109 813 )rmam
128 790 245 816 canendi
261 791 287 818 in
304 800 333 818 ea
350 793 455 822 visione
476 803 632 831 expressam
654 798 780 828 Ecclesiae

17 831 170 861 ,ntiochenze
187 836 305 865 tradidit.
326 838 404 866 Unde
417 840 461 868 illa
479 843 590 871 traditio
608 844 634 871 in
654 846 780 875 omnibus

17 877 122 906 celesiis
147 886 255 916 recepta
281 889 332 911 est.
364 883 397 911 Et
417 885 451 913 de
471 887 578 922 hymnis
597 890 700 918 alterna
722 893 780 920 vice

17 923 108 951 amatis
138 925 190 952 ista
213 927 353 957 hactenus.
375 938 384 955 ι
411 931 469 958 Non
491 933 541 959 alia
568 940 681 963 narrant
697 936 780 964 Sozo—

17 977 87 996 mnus
116 970 164 997 lib.
194 979 252 1005 vni,
277 981 336 1009 cap.
361 975 395 1009 8,
413 983 444 1003 ac
464 976 633 1013 Nicephorus
650 981 697 1010 lib.
713 991 776 1015 xm,

17 1022 50 1048 ip.
65 1015 91 1042 8.
111 1015 145 1043 Et
163 1025 197 1045 ne
219 1019 294 1046 dicas
323 1025 379 1048 tum
399 1022 516 1057 primum
531 1025 685 1060 hujusmodi
702 1029 778 1065 hym-

17 1067 51 1091 os,
59 1068 110 1088 non
121 1067 211 1095 antea,
226 1064 254 1091 in
269 1064 388 1094 Ecclesia
400 1069 568 1104 excogitatas
583 1070 676 1105 fuisse,
687 1064 777 1101 anim-

17 1106 97 1133 lt’erle
123 1107 246 1137 Socratis
273 1112 354 1139 verba
386 1113 473 1148 capite
501 1118 640 1150 superiore
667 1118 711 1153 (id
735 1126 776 1147 est

17 1151 80 1185 b.vt,
94 1153 119 1186 7,
135 1154 195 1190 ﬁn.)
211 1164 218 1183 :
233 1156 341 1192 Ηῦξησε
355 1158 383 1185 δὲ
398 1160 506 1195 πρῶτος
520 1163 566 1188 καὶ
577 1163 626 1195 τὰς
640 1151 701 1200 πε-ρὶ
715 1166 776 1198 τοὺς

17 1200 163 1233 ικτερινοὺς
186 1200 286 1236 ὕμνους
302 1203 393 1239 εὐχὰς,
412 1205 440 1238 ἐξ
455 1207 544 1239 αἰτίας
552 1209 668 1238 τοιᾶσδε,
691 1219 700 1236 1
717 1211 775 1239 Pri-

20 1251 49 1270 us
64 1245 145 1272 etiam
161 1245 255 1281 (Joan.
271 1249 380 1285 Chrys.)
393 1253 573 1286 precationes,
592 1263 653 1289 qua:
675 1256 702 1283 in
724 1266 774 1285 no-

19 1290 88 1318 urnis
113 1292 224 1326 hymnis
246 1293 303 1321 ﬁeri
321 1296 408 1324 solent
424 1299 609 1333 ampliﬁcavit,
626 1302 671 1329 tali
691 1311 773 1331 causa

20 1335 122 1364 ductus.
140 1347 150 1364 ›
167 1338 375 1375 Ampliticantur
390 1351 420 1370 ea
429 1351 489 1379 quae
504 1354 554 1373 usu
571 1353 678 1382 recepta
689 1355 771 1377 sunt:

18 1389 46 1408 ne
58 1387 149 1411 autem
170 1386 259 1419 primo
283 1392 481 1424 excogitantur,
505 1399 566 1419 cum
581 1394 702 1421 nondum
728 1395 771 1422 ul-

17 1437 39 1456 tn
53 1431 92 1457 sui
105 1432 313 1461 subsistentiam
326 1434 453 1470 habeant,
469 1439 628 1472 ampliﬁcari
642 1449 695 1469 non
708 1450 771 1476 pos-

17 1481 57 1502 ιιιι.
72 1477 143 1510 Quid
157 1486 222 1514 ergo
238 1487 271 1506 ex
287 1486 448 1515 argumento
460 1482 593 1512 Perkinsii
611 1486 695 1519 probe
711 1488 763 1514 col-
784 1500 805 1528 ο

17 1527 48 1555 gat
62 1522 186 1558 Rivetus,
203 1525 261 1560 ipse
279 1527 386 1555 viderit.
403 1528 454 1556 Sed
464 1530 529 1564 quid
548 1539 609 1558 eum
626 1532 679 1560 illis
694 1541 768 1569 agas,

17 1568 30 1594 Il
48 1577 135 1604 neque
150 1571 250 1606 scripta
262 1571 384 1606 Patrum,
395 1582 482 1610 neque
493 1579 705 1606 consuetudines
719 1580 769 1608 Ec-

17 1614 79 1646 :site,
93 1623 184 1650 neque
206 1617 331 1644 instituta
348 1619 485 1653 majorum
503 1621 611 1649 sciunt?
629 1623 661 1650 Et
674 1624 695 1651 si
716 1633 767 1651 un-

17 1665 61 1685 Iam
75 1660 157 1686 etiam
173 1661 243 1688 inter
258 1662 400 1697 legendum
409 1666 568 1698 occurrerit,
586 1668 657 1702 quod
673 1677 766 1696 eorum

22 1709 58 1731 tas
71 1711 155 1740 atque
171 1715 254 1735 ranas
270 1709 410 1743 opiniones
428 1711 542 1745 minuat,
559 1714 600 1740 vel
614 1722 667 1741 non
680 1716 765 1742 anim-

20 1757 142 1786 vcrtunt,
166 1754 206 1780 vel
227 1755 442 1784 animadversum
463 1759 602 1794 negligunt
619 1769 625 1787 :
643 1766 669 1788 et
693 1763 765 1797 quod

17 1796 59 1829 jus
70 1803 123 1825 est.
143 1799 196 1825 alio
211 1799 376 1835 distrahunt,
390 1808 417 1830 et
431 1809 597 1838 pervertunt.

17 1839 70 1867 lam
82 1842 166 1870 audio
195 1843 320 1872 Rivetum
347 1847 455 1879 dicere,
473 1856 561 1884 neque
574 1850 647 1878 enim
664 1852 764 1887 desipit

17 1894 92 1921 mper,
117 1890 191 1924 quod
217 1891 319 1919 utinam
337 1894 422 1921 esset!
448 1894 576 1924 lectiones
601 1902 628 1924 et
650 1898 763 1934 hymnos

17 1934 142 1963 nstitutos
164 1944 179 1963 a
197 1936 307 1970 Carolo,
325 1947 357 1966 ex
369 1939 481 1968 Patrum
499 1943 608 1978 scriptis
622 1949 648 1972 et
663 1945 689 1972 in
702 1946 762 1973 lau-

17 1987 37 2006 m
51 1987 209 2010 sanctorum
230 1983 314 2012 fuisse
331 1995 337 2012 :
357 1994 410 2013 non
425 1988 537 2016 dubium
552 1998 618 2017 vero
632 1991 762 2020 lectiones

32 2027 117 2054 sacris
143 2028 251 2062 litteris,
273 2035 301 2058 et
324 2031 350 2058 in
374 2032 481 2061 laudem
507 2034 554 2062 Dei
584 2036 760 2073 Christique,

17 2072 60 2099 ιΙιο
90 2074 263 2108 antiquiores
289 2076 391 2110 fuisse,
416 2084 443 2106 et
473 2086 535 2108 ante
564 2082 644 2110 etiam
672 2072 760 2118 ipsum

18 2116 111 2145 Iistum
132 2125 220 2147 natas.
238 2121 291 2148 Sed
303 2130 391 2158 neque
407 2124 457 2152 hoc
473 2126 554 2153 modo
565 2128 661 2161 probat
680 2116 760 2157 hasce

845 203 921 230 ribus
935 204 1047 232 mini-me
1061 206 1223 234 in‘Ecclesia
1239 208 1376 244 leguntur.
1401 211 1469 240 Nam
1486 215 1520 242 ab
1536 217 1630 243 ortho-

844 247 922 276 doxis
947 250 1062 277 titulatte
1081 256 1107 278 et
1125 253 1312 288 suscipiuntur
1330 261 1358 283 et
1382 258 1518 293 leguntur.
1542 261 1627 297 Magis

842 293 913 319 enim
931 294 1078 322 Passiones
1090 301 1245 325 sanctorum
1255 304 1404 336 martyrum
1421 305 1492 331 sacri
1506 313 1626 335 canones

841 345 1016 374 censuerunt,
1035 346 1065 368 ut
1085 343 1167 370 liceat
1188 352 1234 372 cas
1255 347 1337 374 etiam
1364 349 1390 375 in
1417 349 1536 379 Ecclesia
1557 353 1624 387 legi,

840 391 901 410 eum
917 386 1097 413 anniversarii
1113 388 1172 416 dies
1188 397 1283 417 eorum
1300 392 1483 422 celebrantur.
1506 406 1514 422 ι
1529 397 1624 427 Canon

838 430 884 464 qui
897 429 922 456 id
935 432 1039 459 censuit
1056 433 1126 460 inter
1139 435 1255 462 concilia
1271 436 1397 465 Africana
1413 445 1454 467 est
1470 449 1544 469 num.
1564 444 1598 471 50
1614 454 1622 473 :

843 475 957 508 Ἐξέστω
966 476 1006 503 ἔτι
1019 478 1071 513 μὴν
1083 479 1313 513 ἀναγινώσκεσθαι
1326 483 1359 510 τὰ
1370 485 1447 521 Πάθη
1456 486 1510 513 τῶν
1520 490 1624 524 μαρτύ-

837 529 906 556 ρων,
921 522 1001 557 ἡνίκα
1024 525 1051 550 αἱ
1079 525 1185 560 ἐτήσιαι
1199 527 1289 554 αὐτῶν
1311 529 1410 566 ἡμέραι
1426 530 1620 564 ἐπιτελοῦνται.

839 576 848 592 ι
865 566 956 594 Liceat
972 569 1054 595 etiam
1073 570 1125 606 legi
1144 571 1289 601 Passiones
1305 580 1452 612 martyrum
1463 599 1470 611 ,
1494 587 1554 607 cum
1571 590 1620 608 an-

835 612 976 640 niversarii
1001 614 1060 642 dies
1086 624 1181 644 eorum
1215 619 1398 649 celebrantur.
1418 633 1427 649 ι
1462 624 1521 652 Dixi
1555 635 1619 655 vero

833 658 956 692 probata,
969 664 998 686 ut
1009 668 1070 694 qua;
1084 661 1117 689 de
1130 668 1288 691 sanctorum
1301 666 1423 695 historiis
1435 669 1469 696 ab
1484 670 1619 700 ha‘reticis

834 704 873 731 vel
901 704 962 732 aliis
982 705 1052 734 falso
1071 708 1170 742 scripta
1193 715 1257 737 sunt
1276 712 1447 741 excluderem
1473 715 1520 751 (ut
1542 717 1619 752 jubet

832 755 918 775 canon
936 748 1082 778 Trullanus
1097 753 1186 788 thn).
1204 754 1264 786 Quo
1278 757 1320 783 vel
1334 758 1392 784 solo
1402 748 1502 788 factum
1517 748 1572 795 est,
1588 769 1618 791 ut

831 800 862 820 ea
885 793 990 827 legendi
1018 795 1045 821 in
1064 795 1186 825 Ecclesia
1209 804 1286 827 vetus
1303 805 1470 832 consuetudo
1484 807 1617 836 aGelasio

798 829 817 856 Β
832 839 972 874 antiquata
983 841 1026 868 sit.
1037 841 1161 871 Gelasius
1173 852 1240 879 papa
1252 846 1279 873 in
1294 847 1417 877 Romano
1432 853 1547 879 concilio
1562 855 1615 888 (ed.

833 880 913 909 Labb.
927 887 946 910 t.
963 883 1007 917 Ν,
1022 885 1141 921 p.1265)
1158 897 1164 914 :
1185 898 1193 914 ι
1204 889 1285 918 Gesta
1302 897 1458 922 sanctorum
1467 880 1615 933 nlatty'ruiti

830 928 979 956 secundum
993 931 1131 966 antiquam
1148 938 1384 973 consuetudinem,
1401 941 1532 977 singulari
1551 953 1626 972 caua

831 973 881 1000 tela
894 974 919 1000 in
935 981 1029 1003 sancta
1048 977 1167 1006 Romana
1186 979 1305 1009 Ecclesia
1320 992 1374 1011 non
1386 986 1512 1022 leguntur
1529 999 1535 1016 :
1550 992 1613 1024 quia

828 1025 933 1053 eorum,
960 1022 1006 1056 qui
1027 1024 1232 1060 conscripsere,
1267 1029 1378 1056 nomina
1400 1032 1508 1065 penitus
1537 1035 1610 1068 igno-

828 1069 932 1099 rantur,
953 1071 980 1094 et
1001 1068 1035 1095 ab
1060 1069 1215 1099 inﬁdelibus
1233 1078 1281 1100 aut
1308 1074 1400 1103 idiotis
1425 1079 1560 1112 superﬂua
1585 1087 1612 1109 et

827 1110 918 1138 minus
929 1117 990 1146 apta
1001 1135 1007 1146 ,
1025 1122 1105 1149 quam
1122 1117 1160 1143 rei
1174 1118 1241 1145 ordo
1258 1119 1355 1153 fuerit,
1368 1123 1467 1157 scripta
1484 1132 1544 1153 esse
1561 1135 1612 1161 pu—

826 1160 930 1191 tantur,
961 1159 1032 1186 sicut
1050 1162 1191 1195 cujusdam
1219 1164 1323 1197 Quirici
1351 1172 1376 1195 et
1401 1169 1517 1204 Juiittaa,
1539 1159 1609 1201 sicut

825 1202 933 1238 Georgii
955 1205 1125 1241 aliorumque
1155 1209 1290 1243 ejusmodi
1315 1212 1471 1249 Passiones,
1493 1226 1553 1252 qua:
1575 1220 1625 1247 ab.

824 1247 958 1277 haereticis
971 1252 1147 1286 perhibentur
1159 1258 1316 1291 compositte
1332 1269 1338 1286 :
1361 1247 1470 1296 propter
1481 1247 1563 1298 quod,
1579 1271 1609 1294 ut

823 1293 926 1321 dictum
939 1301 990 1329 est,
1004 1305 1038 1325 ne
1056 1299 1097 1326 vel
1110 1299 1176 1328 levis
1195 1303 1382 1333 subsannandi
1395 1307 1513 1335 oriretur
1528 1317 1608 1338 occa-

808 1338 880 1372 .sio,
904 1340 931 1367 in
959 1346 1052 1370 sancta
1079 1343 1202 1373 Romana
1225 1347 1345 1377 Ecclesia
1367 1358 1421 1378 non
1441 1353 1576 1388 leguntur.
1593 1366 1604 1383 ι

821 1383 967 1420 Antiquam
988 1391 1213 1419 consuetudinem
1237 1394 1341 1429 legendi
1356 1402 1432 1431 gesta
1455 1383 1605 1436 martyrum

821 1431 848 1457 in
862 1431 982 1461 Ecclesia
1004 1435 1128 1465 Gelasius
1151 1439 1236 1466 mttlto
1248 1447 1310 1469 ante
1323 1443 1412 1471 Caroli
1432 1431 1551 1481 tempora
1566 1448 1606 1475 fa-

821 1482 902 1513 tetur,
919 1485 944 1507 et
960 1481 1097 1510 Adrianus
1110 1484 1197 1512 eidem
1215 1486 1312 1514 Carolo
1333 1489 1493 1519 denuntiat:
1512 1499 1539 1521 et
1554 1494 1604 1521 ιιι-

821 1528 896 1552 vetus
913 1530 939 1552 et
963 1526 1122 1556 Petltinsius
1142 1531 1259 1564 primunt
1277 1540 1291 1559 a
1307 1532 1404 1562 Carolo
1426 1539 1602 1567 eonstitutatn

819 1577 879 1598 esse
901 1572 1030 1599 tradunt?
1056 1574 1089 1601 Et
1118 1581 1146 1603 ut
1174 1578 1260 1612 magis
1285 1584 1376 1608 teneas
1405 1583 1470 1617 quid
1494 1591 1600 1619 essent,

819 1616 931 1645 adeatur
957 1617 1072 1647 Basilius
1098 1620 1281 1652 Seleucicnsis
1302 1625 1339 1652 De
1353 1632 1406 1654 mla
1421 1633 1446 1655 et
1465 1630 1601 1659 mit-acutis

818 1669 917 1691 sancta:
939 1664 1056 1699 Theatra,
1080 1668 1127 1695 lib.
1145 1677 1176 1696 ιι.
1192 1670 1216 1698 ls
1229 1673 1355 1708 martyris
1370 1673 1476 1703 Thecla:
1497 1677 1540 1705 die
1556 1686 1601 1705 sn-

818 1707 899 1735 lemni
923 1710 955 1737 ad
978 1711 1129 1740 habendam
1152 1707 1307 1744 orationem
1323 1718 1350 1744 in
1365 1719 1424 1752 ejus
1440 1721 1545 1750 laudem
1571 1731 1601 1752 se

817 1759 990 1787 comparans,
1010 1756 1054 1783 die
1074 1760 1250 1788 antecedente
1271 1762 1298 1789 in
1323 1766 1510 1798 aegritudinem
1537 1777 1600 1803 pcr-

816 1807 897 1834 quam
914 1804 1149 1841 pravanrinciilit,
1172 1811 1198 1834 et
1219 1813 1337 1844 martyre
1353 1812 1478 1839 morbum
1501 1814 1600 1842 dissol-

815 1852 904 1879 vente,
918 1848 944 1875 in
954 1849 1046 1877 laudes
1057 1851 1116 1885 ejus
1127 1852 1275 1882 clfunditur
1287 1856 1314 1883 in
1326 1857 1438 1885 ecclesia
1454 1868 1460 1886 :
1476 1858 1529 1887 Ἦν
1544 1862 1598 1898 γὰρ

814 1893 898 1929 αὐτῆς
913 1895 929 1929 ή
945 1895 1052 1930 ὲτήσιος
1077 1898 1168 1934 ἑορτή-
1193 1904 1441 1940 παρεσκευασάμην
1464 1906 1493 1933 δὲ

814 1940 884 1976 πρὸς
892 1940 1002 1969 ἔπαινον
1014 1944 1112 1980 μικρὸν
1120 1945 1167 1980 τῆς
1173 1946 1278 1983 ἑορτῆς·
1286 1948 1379 1986 ὤφθην
1386 1952 1432 1978 ὲπ).
1439 1953 1485 1979 τοῦ
1492 1940 1597 1990 δεικέη-

813 1985 882 2019 ρίου·
903 1985 1012 2020 λέγεται
1026 1988 1054 2014 δὲ
1068 1988 1154 2022 οὕτως
1166 1992 1268 2025 ὁτόπος
1278 1995 1307 2021 ὲν
1325 1992 1346 2028 ᾧ
1358 1985 1554 2027 ἐπιδείκνυνται
1571 1985 1595 2027 al

811 2030 946 2065 λέγοντες,
958 2033 1037 2060 τοῦτό
1057 2036 1130 2073 ὲᾳτιν
1144 2038 1157 2063 ὸ
1171 2037 1266 2073 ἄμϐων
1281 2040 1338 2075 ἢτοι
1355 2043 1385 2068 τὸ
1404 2044 1593 2082 ἀκροατήριον·

811 2079 858 2104 καὶ
871 2076 948 2105 εἶπον
962 2080 1009 2114 μὲν
1028 2082 1106 2108 ἄττα.
1122 2092 1131 2107 ‹
1145 2083 1302 2113 Convenlus
1321 2089 1523 2119 anniversarius
1533 2093 1593 2127 ejus

811 2121 951 2156 agebatur,
966 2127 993 2149 et
1007 2124 1039 2150 ad
1049 2124 1199 2153 orationem
1212 2128 1336 2163 exiguam
1347 2131 1380 2157 de
1394 2131 1518 2161 laudibus
1530 2121 1591 2163 festi

19 2165 173 2199 aumamrgi
194 2167 451 2198 orationes.d“bias
473 2179 543 2199 85w
566 2173 599 2200 El
617 2176 759 2209 negabime
775 2172 797 2201 ι)
812 2165 962 2193 habendam
975 2175 1017 2194 me
1031 2175 1264 2203 comparaverant.
1277 2173 1427 2203 lndieterio
1438 2180 1589 2212 comparui,

18 2214 30 2233 e
44 2213 70 2235 et
86 2209 331 2239 Aununtiationem
347 2213 476 2249 Virginis,
493 2221 520 2243 et
535 2217 709 2252 Theophania
724 2221 757 2247 ad

17 2252 111 2280 ristum
136 2256 291 2289 pertinere?
311 2257 426 2293 Negabit
453 2262 565 2290 scilicet.
593 2263 662 2297 Quid
681 2266 758 2292 tum?

17 2298 114 2327 ctiones
132 2300 158 2327 in
168 2302 385 2333 solemnitatibus
396 2311 553 2335 sanctorum
568 2309 645 2338 valde
659 2310 757 2338 Carolo

17 2343 140 2377 .iquiores
169 2351 248 2375 sunt:
277 2353 304 2376 et
322 2355 472 2386 martyrum
496 2353 561 2380 Acta
591 2354 618 2381 in
638 2355 755 2383 Ecclesia

17 2398 33 2416 e
44 2391 171 2418 eumdem
183 2392 310 2421 Carolum
325 2395 493 2431 legebantur.
513 2398 612 2428 Volens
624 2405 689 2436 puto
704 2402 756 2429 hoc

19 2437 105 2463 oravit
136 2437 272 2467 Rivetus:
301 2448 389 2476 neque
411 2443 484 2470 enim
513 2444 580 2472 adeo
612 2446 701 2476 infans
729 2449 754 2476 in

17 2489 51 2509 ius
68 2484 274 2518 ecclesiasticis,
302 2492 328 2514 et
345 2488 454 2523 scriptis
471 2489 600 2524 Patrum,
625 2501 686 2527 qua:
707 2503 756 2529 pro

19 2528 79 2555 dine
88 2529 232 2563 deartuat,
248 2532 446 2562 existimandus
461 2539 512 2563 est.
528 2535 606 2569 Quod
624 2539 646 2566 si
661 2540 754 2568 nolens

17 2574 162 2606 nesciverit,
184 2576 297 2604 edoctus
312 2579 393 2606 modo
406 2580 474 2607 sciat
491 2586 517 2608 et
531 2582 714 2618 Obmutescat,
728 2590 755 2613 et

17 2625 84 2647 tonat
96 2621 200 2656 aliquid
210 2629 241 2649 ex
255 2622 325 2650 fastu
342 2624 388 2652 illo
399 2646 406 2658 ,
421 2630 448 2653 et
463 2627 592 2655 tantailla
606 2637 686 2663 quam
702 2630 753 2657 sibi

17 2665 87 2693 dicat
101 2666 235 2695 doctrina.
253 2669 318 2696 Acta
334 2676 482 2707 martyrum
497 2673 609 2708 probata
629 2679 692 2701 ante
703 2675 754 2702 (ia-

17 2718 55 2737 um
70 2712 97 2738 in
112 2711 233 2741 Ecclesia
247 2715 414 2750 legebantur,
430 2715 680 2754 consequenterque
694 2723 754 2751 festi

809 2209 861 2237 hoc
877 2215 918 2238 est
932 2211 958 2238 in
985 2212 1045 2239 loco
1065 2214 1110 2240 ubi
1127 2216 1207 2243 verba
1224 2217 1321 2246 facturi
1341 2228 1370 2248 se
1385 2209 1521 2256 exhibent,
1534 2225 1591 2254 sive

808 2255 963 2289 ambonem,
977 2258 1033 2285 sive
1045 2266 1212 2295 suggestum,
1221 2264 1278 2291 sive
1286 2265 1450 2295 auditorium
1459 2270 1587 2304 appelles,

807 2305 834 2327 et
848 2308 932 2335 pauca
954 2304 1077 2337 quaedam
1094 2306 1160 2333 dixi.
1189 2316 1198 2333 ι
1222 2308 1273 2341 Qui
1291 2311 1348 2345 jam
1367 2313 1490 2343 adductis
1512 2317 1589 2344 testi-

807 2346 904 2374 moniis
922 2347 1001 2375 ﬁdem
1017 2357 1070 2376 non
1088 2352 1207 2383 adhibet,
1222 2353 1327 2382 etiamst
1342 2363 1470 2385 sexcenta
1484 2365 1534 2386 alta
1549 2362 1590 2389 of-

805 2390 938 2425 ferantur,
953 2395 1119 2427 pervicacius
1135 2397 1299 2426 indurescet.
1315 2400 1484 2436 Legebantur
1499 2405 1588 2441 itaque

805 2436 832 2464 in
854 2438 972 2466 Ecclesia
988 2444 1044 2467 tum
1065 2441 1159 2470 Latina
1184 2448 1240 2471 tum
1262 2445 1354 2473 Graeca
1369 2455 1423 2476 non
1444 2436 1589 2486 Scriptura:

804 2489 886 2510 sacrae
899 2484 1076 2519 solummodo,
1092 2488 1139 2515 sed
1153 2493 1179 2515 et
1198 2489 1263 2516 Acta
1279 2496 1434 2525 martyrum,
1455 2500 1482 2522 et
1498 2497 1525 2524 in
1539 2498 1587 2525 iis-

803 2527 864 2554 dem
876 2529 1092 2559 solemnitatibus
1102 2533 1136 2560 ab
1148 2533 1344 2569 antiquioribus
1356 2537 1478 2567 Patribus
1489 2541 1587 2571 habita:

806 2574 942 2602 orationes
953 2581 1016 2604 ante
1027 2577 1163 2612 Carolum,
1177 2581 1299 2615 quamvis
1313 2582 1339 2610 id
1352 2586 1476 2620 nequiter
1488 2595 1586 2624 negent

802 2623 830 2647 et
844 2619 957 2649 Rivetus
970 2627 998 2650 et
1011 2623 1176 2654 Perkinsius.

839 2674 947 2708 Dicent,
963 2676 1070 2707 facinus
1089 2681 1141 2709 hoc
1159 2690 1212 2710 non
1235 2691 1296 2712 esse
1314 2690 1405 2713 natum
1427 2688 1498 2722 apud
1524 2689 1585 2718 illos
1607 2691 1610 2697 λ

805 2727 841 2747 no
858 2729 914 2754 om,
929 2723 975 2750 sed
985 2725 1092 2760 culpam
1109 2728 1276 2757 referendam
1288 2739 1348 2758 esse
1361 2732 1388 2758 in
1401 2731 1585 2768 Sigebertum.

1032 2757 1038 2760 _
1408 2757 1582 2768 ηε--ν........

17 2760 126 2785 ιοιοιιυω
150 2757 208 2786 dies
227 2760 443 2789 celebrabantur.
470 2763 607 2792 Adrianus
629 2773 697 2799 papa
722 2769 748 2796 in
794 2761 955 2808 et'Paulum
966 2769 1174 2806 Emilium,qui
1184 2780 1246 2802 ante
1261 2784 1290 2803 se
1303 2776 1424 2804 fraudem
1436 2778 1582 2808 hanccon-

17 2801 79 2828 stola
96 2802 132 2828 ad
147 2803 266 2836 ejusdem
280 2804 370 2833 Caroli
384 2808 512 2842 scriptum
531 2809 569 2837 De
581 2810 751 2847 imu’ginibug.

802 2819 939 2846 ct‘pt‘l‘unt.
962 2813 1057 2843 Dicent
1082 2819 1227 2853 equidem,
1252 2822 1297 2849 sed
1315 2822 1412 2851 callido
1427 2826 1568 2855 mendacio
