  <div class='ocr_page' id='page_1' title='image "/cluster/home/n/w/nwhite01/storage/ocr_20150623/10/njp.32101077772406/683.png"; bbox 0 0 1844 3047; ppageno 0'>
   <div class='ocr_carea' id='block_1_1' title="bbox 230 100 299 127">
    <p class='ocr_par' dir='ltr' id='par_1_1' title="bbox 230 100 299 127">
     <span class='ocr_line' id='line_1_1' title="bbox 230 100 299 127; baseline 0.014 -1"><span class='ocrx_word' id='word_1_1' title='bbox 230 100 299 127; x_wconf 72' lang='grc' dir='ltr'><strong>12ῑῦ</strong></span> 
     </span>
    </p>
   </div>
   <div class='ocr_carea' id='block_1_2' title="bbox 673 102 1421 135">
    <p class='ocr_par' dir='ltr' id='par_1_2' title="bbox 673 102 1421 135">
     <span class='ocr_line' id='line_1_2' title="bbox 673 102 1421 135; baseline 0.008 -6"><span class='ocrx_word' id='word_1_2' title='bbox 673 102 798 130; x_wconf 71' lang='lat' dir='ltr'><strong>LEONIS</strong></span> <span class='ocrx_word' id='word_1_3' title='bbox 816 103 956 132; x_wconf 76' lang='lat' dir='ltr'><strong>ALLATII</strong></span> <span class='ocrx_word' id='word_1_4' title='bbox 975 105 1136 133; x_wconf 76' lang='lat' dir='ltr'><strong>DIATRIBA</strong></span> <span class='ocrx_word' id='word_1_5' title='bbox 1155 106 1197 134; x_wconf 88' lang='lat' dir='ltr'><strong>DE</strong></span> <span class='ocrx_word' id='word_1_6' title='bbox 1217 106 1421 135; x_wconf 79' lang='lat' dir='ltr'><strong>TIIEODORIS.</strong></span> 
     </span>
    </p>
   </div>
   <div class='ocr_carea' id='block_1_3' title="bbox 1770 106 1823 133">
    <p class='ocr_par' dir='ltr' id='par_1_3' title="bbox 1770 106 1823 133">
     <span class='ocr_line' id='line_1_3' title="bbox 1770 106 1823 133; baseline 0 0"><span class='ocrx_word' id='word_1_7' title='bbox 1770 106 1823 133; x_wconf 64' lang='lat'><strong>{220</strong></span> 
     </span>
    </p>
   </div>
   <div class='ocr_carea' id='block_1_4' title="bbox 227 160 1821 195">
    <p class='ocr_par' dir='ltr' id='par_1_4' title="bbox 227 160 1821 195">
     <span class='ocr_line' id='line_1_4' title="bbox 227 160 1821 195; baseline 0.002 -8"><span class='ocrx_word' id='word_1_8' title='bbox 227 160 417 195; x_wconf 77' lang='lat' dir='ltr'><strong>Proponamus</strong></span> <span class='ocrx_word' id='word_1_9' title='bbox 430 160 510 187; x_wconf 87' lang='lat' dir='ltr'><strong>verba</strong></span> <span class='ocrx_word' id='word_1_10' title='bbox 527 160 657 194; x_wconf 79' lang='lat' dir='ltr'><strong>Sigeberti</strong></span> <span class='ocrx_word' id='word_1_11' title='bbox 675 165 732 188; x_wconf 89' lang='lat' dir='ltr'><strong>tum</strong></span> <span class='ocrx_word' id='word_1_12' title='bbox 749 169 781 188; x_wconf 87' lang='lat' dir='ltr'><strong>ex</strong></span> <span class='ocrx_word' id='word_1_13' title='bbox 798 161 937 195; x_wconf 84' lang='lat' dir='ltr'><strong>Chronico,</strong></span> <span class='ocrx_word' id='word_1_14' title='bbox 950 168 1006 190; x_wconf 94' lang='lat' dir='ltr'><strong>tum</strong></span> <span class='ocrx_word' id='word_1_15' title='bbox 1024 169 1044 195; x_wconf 76' lang='grc' dir='ltr'>Α</span> <span class='ocrx_word' id='word_1_16' title='bbox 1059 164 1132 192; x_wconf 86' lang='lat' dir='ltr'><strong>nium</strong></span> <span class='ocrx_word' id='word_1_17' title='bbox 1149 165 1388 193; x_wconf 83' lang='lat' dir='ltr'><strong>Annuntiationem</strong></span> <span class='ocrx_word' id='word_1_18' title='bbox 1400 164 1578 193; x_wconf 73' lang='lat' dir='ltr'><strong>sanctissimae</strong></span> <span class='ocrx_word' id='word_1_19' title='bbox 1591 163 1638 192; x_wconf 86' lang='lat' dir='ltr'><strong>Dei</strong></span> <span class='ocrx_word' id='word_1_20' title='bbox 1653 163 1801 195; x_wconf 84' lang='lat' dir='ltr'><strong>Genitricis;</strong></span> <span class='ocrx_word' id='word_1_21' title='bbox 1815 174 1821 187; x_wconf 79' lang='grc' dir='ltr'>ι</span> 
     </span>
    </p>
   </div>
   <div class='ocr_carea' id='block_1_5' title="bbox 227 205 1013 241">
    <p class='ocr_par' dir='ltr' id='par_1_5' title="bbox 227 205 1013 241">
     <span class='ocr_line' id='line_1_5' title="bbox 227 205 1013 241; baseline 0.003 -7"><span class='ocrx_word' id='word_1_22' title='bbox 227 214 262 234; x_wconf 89' lang='lat' dir='ltr'><strong>ex</strong></span> <span class='ocrx_word' id='word_1_23' title='bbox 276 206 346 233; x_wconf 91' lang='lat' dir='ltr'><strong>libro</strong></span> <span class='ocrx_word' id='word_1_24' title='bbox 360 205 395 232; x_wconf 87' lang='lat' dir='ltr'><strong>De</strong></span> <span class='ocrx_word' id='word_1_25' title='bbox 411 206 582 241; x_wconf 74' lang='lat' dir='ltr'><strong>scriptoribus</strong></span> <span class='ocrx_word' id='word_1_26' title='bbox 605 206 681 240; x_wconf 72' lang='lat' dir='ltr'><strong>(cap.</strong></span> <span class='ocrx_word' id='word_1_27' title='bbox 710 207 760 241; x_wconf 81' lang='grc'><strong>81)</strong></span> <span class='ocrx_word' id='word_1_28' title='bbox 780 216 786 234; x_wconf 90' lang='lat'>:</span> <span class='ocrx_word' id='word_1_29' title='bbox 807 217 816 232; x_wconf 85' lang='grc'><em>‹</em></span> <span class='ocrx_word' id='word_1_30' title='bbox 834 208 948 235; x_wconf 80' lang='lat' dir='ltr'><strong>Carolus</strong></span> <span class='ocrx_word' id='word_1_31' title='bbox 962 208 1013 236; x_wconf 92' lang='lat' dir='ltr'><strong>im-</strong></span> 
     </span>
    </p>
   </div>
   <div class='ocr_carea' id='block_1_6' title="bbox 228 251 1013 289">
    <p class='ocr_par' dir='ltr' id='par_1_6' title="bbox 228 251 1013 289">
     <span class='ocr_line' id='line_1_6' title="bbox 228 251 1013 289; baseline 0.006 -12"><span class='ocrx_word' id='word_1_32' title='bbox 228 256 337 286; x_wconf 85' lang='lat' dir='ltr'><strong>perator</strong></span> <span class='ocrx_word' id='word_1_33' title='bbox 364 258 410 285; x_wconf 86' lang='lat' dir='ltr'><strong>per</strong></span> <span class='ocrx_word' id='word_1_34' title='bbox 430 259 542 278; x_wconf 88' lang='lat' dir='ltr'><strong>manum</strong></span> <span class='ocrx_word' id='word_1_35' title='bbox 571 251 648 279; x_wconf 89' lang='lat' dir='ltr'><strong>Pauli</strong></span> <span class='ocrx_word' id='word_1_36' title='bbox 672 253 778 280; x_wconf 91' lang='lat' dir='ltr'><strong>diaconi</strong></span> <span class='ocrx_word' id='word_1_37' title='bbox 803 254 845 281; x_wconf 90' lang='lat' dir='ltr'><strong>sui</strong></span> <span class='ocrx_word' id='word_1_38' title='bbox 866 254 1013 289; x_wconf 83' lang='lat' dir='ltr'><strong>decerpens</strong></span> 
     </span>
    </p>
   </div>
   <div class='ocr_carea' id='block_1_7' title="bbox 228 297 1011 333">
    <p class='ocr_par' dir='ltr' id='par_1_7' title="bbox 228 297 1011 333">
     <span class='ocr_line' id='line_1_7' title="bbox 228 297 1011 333; baseline 0.003 -9"><span class='ocrx_word' id='word_1_39' title='bbox 228 297 329 331; x_wconf 85' lang='lat' dir='ltr'><strong>optima</strong></span> <span class='ocrx_word' id='word_1_40' title='bbox 343 303 459 331; x_wconf 77' lang='lat' dir='ltr'><strong>qumque</strong></span> <span class='ocrx_word' id='word_1_41' title='bbox 486 297 519 324; x_wconf 91' lang='lat' dir='ltr'><strong>de</strong></span> <span class='ocrx_word' id='word_1_42' title='bbox 541 297 649 332; x_wconf 78' lang='lat' dir='ltr'><strong>scriptis</strong></span> <span class='ocrx_word' id='word_1_43' title='bbox 674 299 869 326; x_wconf 87' lang='lat' dir='ltr'><strong>catholicorum</strong></span> <span class='ocrx_word' id='word_1_44' title='bbox 882 298 992 326; x_wconf 82' lang='lat' dir='ltr'><strong>Patrum</strong></span> <span class='ocrx_word' id='word_1_45' title='bbox 1003 321 1011 333; x_wconf 90' lang='lat'><strong>,</strong></span> 
     </span>
    </p>
   </div>
   <div class='ocr_carea' id='block_1_8' title="bbox 229 342 1013 380">
    <p class='ocr_par' dir='ltr' id='par_1_8' title="bbox 229 342 1013 380">
     <span class='ocr_line' id='line_1_8' title="bbox 229 342 1013 380; baseline 0.005 -11"><span class='ocrx_word' id='word_1_46' title='bbox 229 343 358 370; x_wconf 82' lang='lat' dir='ltr'><strong>lectiones</strong></span> <span class='ocrx_word' id='word_1_47' title='bbox 372 343 519 377; x_wconf 83' lang='lat' dir='ltr'><strong>unicuique</strong></span> <span class='ocrx_word' id='word_1_48' title='bbox 535 342 673 371; x_wconf 76' lang='lat' dir='ltr'><strong>festivitati</strong></span> <span class='ocrx_word' id='word_1_49' title='bbox 689 345 882 372; x_wconf 77' lang='lat' dir='ltr'><strong>convenientes</strong></span> <span class='ocrx_word' id='word_1_50' title='bbox 899 353 947 380; x_wconf 91' lang='lat' dir='ltr'><strong>per</strong></span> <span class='ocrx_word' id='word_1_51' title='bbox 959 347 1013 373; x_wconf 92' lang='lat' dir='ltr'><strong>cir-</strong></span> 
     </span>
    </p>
   </div>
   <div class='ocr_carea' id='block_1_9' title="bbox 227 389 1011 426">
    <p class='ocr_par' dir='ltr' id='par_1_9' title="bbox 227 389 1011 426">
     <span class='ocr_line' id='line_1_9' title="bbox 227 389 1011 426; baseline 0.005 -10"><span class='ocrx_word' id='word_1_52' title='bbox 227 390 319 416; x_wconf 90' lang='lat' dir='ltr'><strong>culum</strong></span> <span class='ocrx_word' id='word_1_53' title='bbox 336 389 400 416; x_wconf 90' lang='lat' dir='ltr'><strong>anni</strong></span> <span class='ocrx_word' id='word_1_54' title='bbox 419 389 445 416; x_wconf 93' lang='lat' dir='ltr'><strong>in</strong></span> <span class='ocrx_word' id='word_1_55' title='bbox 462 389 584 417; x_wconf 85' lang='lat' dir='ltr'><strong>Ecclesia</strong></span> <span class='ocrx_word' id='word_1_56' title='bbox 602 390 732 426; x_wconf 77' lang='lat' dir='ltr'><strong>legendas</strong></span> <span class='ocrx_word' id='word_1_57' title='bbox 746 392 888 426; x_wconf 88' lang='lat' dir='ltr'><strong>compilari</strong></span> <span class='ocrx_word' id='word_1_58' title='bbox 909 391 973 420; x_wconf 82' lang='lat' dir='ltr'><strong>fecit</strong></span> <span class='ocrx_word' id='word_1_59' title='bbox 985 393 1011 420; x_wconf 92' lang='lat' dir='ltr'><strong>in</strong></span> 
     </span>
    </p>
   </div>
   <div class='ocr_carea' id='block_1_10' title="bbox 226 435 1012 471">
    <p class='ocr_par' dir='ltr' id='par_1_10' title="bbox 226 435 1012 471">
     <span class='ocr_line' id='line_1_10' title="bbox 226 435 1012 471; baseline 0.005 -10"><span class='ocrx_word' id='word_1_60' title='bbox 226 435 336 463; x_wconf 87' lang='lat' dir='ltr'><strong>duobus</strong></span> <span class='ocrx_word' id='word_1_61' title='bbox 368 435 563 463; x_wconf 77' lang='lat' dir='ltr'><strong>voluminibus.</strong></span> <span class='ocrx_word' id='word_1_62' title='bbox 590 446 599 462; x_wconf 83' lang='lat' dir='ltr'><strong>l</strong></span> <span class='ocrx_word' id='word_1_63' title='bbox 629 436 667 464; x_wconf 90' lang='lat' dir='ltr'><strong>De</strong></span> <span class='ocrx_word' id='word_1_64' title='bbox 683 436 752 465; x_wconf 87' lang='lat' dir='ltr'><strong>Vitis</strong></span> <span class='ocrx_word' id='word_1_65' title='bbox 781 442 956 471; x_wconf 89' lang='lat' dir='ltr'><strong>sanctorum,</strong></span> <span class='ocrx_word' id='word_1_66' title='bbox 978 438 1012 465; x_wconf 91' lang='lat' dir='ltr'><strong>de</strong></span> 
     </span>
    </p>
   </div>
   <div class='ocr_carea' id='block_1_11' title="bbox 228 475 1011 518">
    <p class='ocr_par' dir='ltr' id='par_1_11' title="bbox 228 475 1011 518">
     <span class='ocr_line' id='line_1_11' title="bbox 228 475 1011 518; baseline 0.005 -11"><span class='ocrx_word' id='word_1_67' title='bbox 228 475 336 516; x_wconf 78' lang='lat' dir='ltr'><strong>hymnis</strong></span> <span class='ocrx_word' id='word_1_68' title='bbox 350 480 376 507; x_wconf 86' lang='lat' dir='ltr'><strong>in</strong></span> <span class='ocrx_word' id='word_1_69' title='bbox 393 480 445 513; x_wconf 88' lang='lat' dir='ltr'><strong>his,</strong></span> <span class='ocrx_word' id='word_1_70' title='bbox 463 488 498 508; x_wconf 89' lang='lat' dir='ltr'><strong>ne</strong></span> <span class='ocrx_word' id='word_1_71' title='bbox 512 481 622 508; x_wconf 85' lang='lat' dir='ltr'><strong>verbum</strong></span> <span class='ocrx_word' id='word_1_72' title='bbox 631 481 750 516; x_wconf 84' lang='lat' dir='ltr'><strong>quidem.</strong></span> <span class='ocrx_word' id='word_1_73' title='bbox 773 481 833 515; x_wconf 86' lang='lat' dir='ltr'><strong>Qua</strong></span> <span class='ocrx_word' id='word_1_74' title='bbox 849 482 936 510; x_wconf 76' lang='lat' dir='ltr'><strong>fronte</strong></span> <span class='ocrx_word' id='word_1_75' title='bbox 947 490 1011 518; x_wconf 82' lang='lat' dir='ltr'><strong>ergo</strong></span> 
     </span>
    </p>
   </div>
   <div class='ocr_carea' id='block_1_12' title="bbox 226 522 1009 562">
    <p class='ocr_par' dir='ltr' id='par_1_12' title="bbox 226 522 1009 562">
     <span class='ocr_line' id='line_1_12' title="bbox 226 522 1009 562; baseline 0.006 -10"><span class='ocrx_word' id='word_1_76' title='bbox 226 526 336 557; x_wconf 87' lang='lat' dir='ltr'><strong>dicitur,</strong></span> <span class='ocrx_word' id='word_1_77' title='bbox 348 534 380 553; x_wconf 89' lang='lat' dir='ltr'><strong>ex</strong></span> <span class='ocrx_word' id='word_1_78' title='bbox 399 526 440 553; x_wconf 90' lang='lat' dir='ltr'><strong>his</strong></span> <span class='ocrx_word' id='word_1_79' title='bbox 450 522 581 561; x_wconf 65' lang='lat' dir='ltr'><strong>Sigeber&#39;ti</strong></span> <span class='ocrx_word' id='word_1_80' title='bbox 597 527 698 560; x_wconf 84' lang='lat' dir='ltr'><strong>verbis,</strong></span> <span class='ocrx_word' id='word_1_81' title='bbox 712 532 739 554; x_wconf 90' lang='lat' dir='ltr'><strong>et</strong></span> <span class='ocrx_word' id='word_1_82' title='bbox 750 527 826 556; x_wconf 83' lang='lat' dir='ltr'><strong>Vitas</strong></span> <span class='ocrx_word' id='word_1_83' title='bbox 842 533 1009 562; x_wconf 87' lang='lat' dir='ltr'><strong>sanctorum,</strong></span> 
     </span>
    </p>
   </div>
   <div class='ocr_carea' id='block_1_13' title="bbox 225 571 1009 609">
    <p class='ocr_par' dir='ltr' id='par_1_13' title="bbox 225 571 1009 609">
     <span class='ocr_line' id='line_1_13' title="bbox 225 571 1009 609; baseline 0.004 -10"><span class='ocrx_word' id='word_1_84' title='bbox 225 577 252 600; x_wconf 87' lang='lat' dir='ltr'><strong>et</strong></span> <span class='ocrx_word' id='word_1_85' title='bbox 275 572 391 607; x_wconf 85' lang='lat' dir='ltr'><strong>hymnos</strong></span> <span class='ocrx_word' id='word_1_86' title='bbox 416 571 492 598; x_wconf 77' lang='lat' dir='ltr'><strong>festis</strong></span> <span class='ocrx_word' id='word_1_87' title='bbox 514 573 709 599; x_wconf 70' lang='lat' dir='ltr'><strong>convenientes</strong></span> <span class='ocrx_word' id='word_1_88' title='bbox 736 581 750 599; x_wconf 86' lang='lat' dir='ltr'><strong>a</strong></span> <span class='ocrx_word' id='word_1_89' title='bbox 777 574 875 601; x_wconf 74' lang='lat' dir='ltr'><strong>Carolo</strong></span> <span class='ocrx_word' id='word_1_90' title='bbox 892 575 1009 609; x_wconf 87' lang='lat' dir='ltr'><strong>primum</strong></span> 
     </span>
    </p>
   </div>
   <div class='ocr_carea' id='block_1_14' title="bbox 225 617 1008 653">
    <p class='ocr_par' dir='ltr' id='par_1_14' title="bbox 225 617 1008 653">
     <span class='ocr_line' id='line_1_14' title="bbox 225 617 1008 653; baseline 0.003 -8"><span class='ocrx_word' id='word_1_91' title='bbox 225 618 389 645; x_wconf 86' lang='lat' dir='ltr'><strong>constitutos</strong></span> <span class='ocrx_word' id='word_1_92' title='bbox 409 617 511 644; x_wconf 80' lang='lat' dir='ltr'><strong>fuisse?</strong></span> <span class='ocrx_word' id='word_1_93' title='bbox 535 617 567 644; x_wconf 89' lang='lat' dir='ltr'><strong>Et</strong></span> <span class='ocrx_word' id='word_1_94' title='bbox 579 619 717 653; x_wconf 90' lang='lat' dir='ltr'><strong>quomodo</strong></span> <span class='ocrx_word' id='word_1_95' title='bbox 728 620 834 653; x_wconf 86' lang='lat' dir='ltr'><strong>primus</strong></span> <span class='ocrx_word' id='word_1_96' title='bbox 849 621 1008 653; x_wconf 82' lang='lat' dir='ltr'><strong>constituit,</strong></span> 
     </span>
    </p>
   </div>
   <div class='ocr_carea' id='block_1_15' title="bbox 225 663 1009 701">
    <p class='ocr_par' dir='ltr' id='par_1_15' title="bbox 225 663 1009 701">
     <span class='ocr_line' id='line_1_15' title="bbox 225 663 1009 701; baseline 0.004 -11"><span class='ocrx_word' id='word_1_97' title='bbox 225 663 271 698; x_wconf 89' lang='lat' dir='ltr'><strong>qui</strong></span> <span class='ocrx_word' id='word_1_98' title='bbox 283 671 316 691; x_wconf 84' lang='lat' dir='ltr'><strong>ex</strong></span> <span class='ocrx_word' id='word_1_99' title='bbox 335 663 530 690; x_wconf 87' lang='lat' dir='ltr'><strong>catholicorum</strong></span> <span class='ocrx_word' id='word_1_100' title='bbox 547 663 657 691; x_wconf 91' lang='lat' dir='ltr'><strong>Patrum</strong></span> <span class='ocrx_word' id='word_1_101' title='bbox 669 665 781 699; x_wconf 74' lang='lat' dir='ltr'><strong>scriptis</strong></span> <span class='ocrx_word' id='word_1_102' title='bbox 793 686 800 698; x_wconf 90' lang='lat'><strong>,</strong></span> <span class='ocrx_word' id='word_1_103' title='bbox 815 673 877 700; x_wconf 70' lang='lat' dir='ltr'><strong>qua:</strong></span> <span class='ocrx_word' id='word_1_104' title='bbox 892 671 953 693; x_wconf 90' lang='lat' dir='ltr'><strong>ante</strong></span> <span class='ocrx_word' id='word_1_105' title='bbox 967 666 1009 701; x_wconf 88' lang='lat' dir='ltr'><strong>ip-</strong></span> 
     </span>
    </p>
   </div>
   <div class='ocr_carea' id='block_1_16' title="bbox 225 710 1009 748">
    <p class='ocr_par' dir='ltr' id='par_1_16' title="bbox 225 710 1009 748">
     <span class='ocr_line' id='line_1_16' title="bbox 225 710 1009 748; baseline 0.005 -12"><span class='ocrx_word' id='word_1_106' title='bbox 225 718 285 737; x_wconf 86' lang='lat' dir='ltr'><strong>sum</strong></span> <span class='ocrx_word' id='word_1_107' title='bbox 302 714 397 742; x_wconf 86' lang='lat' dir='ltr'><strong>erant,</strong></span> <span class='ocrx_word' id='word_1_108' title='bbox 420 710 565 744; x_wconf 89' lang='lat' dir='ltr'><strong>decerpere</strong></span> <span class='ocrx_word' id='word_1_109' title='bbox 586 710 703 737; x_wconf 85' lang='lat' dir='ltr'><strong>Paulum</strong></span> <span class='ocrx_word' id='word_1_110' title='bbox 715 711 817 746; x_wconf 79' lang='lat' dir='ltr'><strong>jussit?</strong></span> <span class='ocrx_word' id='word_1_111' title='bbox 838 712 921 740; x_wconf 83' lang='lat' dir='ltr'><strong>Erant</strong></span> <span class='ocrx_word' id='word_1_112' title='bbox 944 720 1009 748; x_wconf 81' lang='lat' dir='ltr'><strong>ergo</strong></span> 
     </span>
    </p>
   </div>
   <div class='ocr_carea' id='block_1_17' title="bbox 225 755 1008 790">
    <p class='ocr_par' dir='ltr' id='par_1_17' title="bbox 225 755 1008 790">
     <span class='ocr_line' id='line_1_17' title="bbox 225 755 1008 790; baseline 0.001 -6"><span class='ocrx_word' id='word_1_113' title='bbox 225 761 287 784; x_wconf 86' lang='lat' dir='ltr'><strong>ante</strong></span> <span class='ocrx_word' id='word_1_114' title='bbox 303 757 429 783; x_wconf 86' lang='lat' dir='ltr'><strong>Carolurn</strong></span> <span class='ocrx_word' id='word_1_115' title='bbox 451 755 583 790; x_wconf 90' lang='lat' dir='ltr'><strong>ejusmodi</strong></span> <span class='ocrx_word' id='word_1_116' title='bbox 605 756 705 790; x_wconf 88' lang='lat' dir='ltr'><strong>scripta</strong></span> <span class='ocrx_word' id='word_1_117' title='bbox 737 756 763 782; x_wconf 92' lang='lat' dir='ltr'><strong>in</strong></span> <span class='ocrx_word' id='word_1_118' title='bbox 794 756 932 788; x_wconf 82' lang='lat' dir='ltr'><strong>Ecclesia,</strong></span> <span class='ocrx_word' id='word_1_119' title='bbox 962 758 1008 785; x_wconf 91' lang='lat' dir='ltr'><strong>sed</strong></span> 
     </span>
    </p>
   </div>
   <div class='ocr_carea' id='block_1_18' title="bbox 223 801 1008 833">
    <p class='ocr_par' dir='ltr' id='par_1_18' title="bbox 223 801 1008 833">
     <span class='ocr_line' id='line_1_18' title="bbox 223 801 1008 833; baseline 0.001 -4"><span class='ocrx_word' id='word_1_120' title='bbox 223 811 287 829; x_wconf 90' lang='lat' dir='ltr'><strong>cum</strong></span> <span class='ocrx_word' id='word_1_121' title='bbox 312 803 346 830; x_wconf 87' lang='lat' dir='ltr'><strong>ab</strong></span> <span class='ocrx_word' id='word_1_122' title='bbox 375 802 508 829; x_wconf 60' lang='lat' dir='ltr'><strong>hagreticis</strong></span> <span class='ocrx_word' id='word_1_123' title='bbox 529 801 598 828; x_wconf 89' lang='lat' dir='ltr'><strong>male</strong></span> <span class='ocrx_word' id='word_1_124' title='bbox 630 802 741 833; x_wconf 87' lang='lat' dir='ltr'><strong>habita,</strong></span> <span class='ocrx_word' id='word_1_125' title='bbox 763 807 790 829; x_wconf 88' lang='lat' dir='ltr'><strong>et</strong></span> <span class='ocrx_word' id='word_1_126' title='bbox 811 802 941 830; x_wconf 84' lang='lat' dir='ltr'><strong>addititiis</strong></span> <span class='ocrx_word' id='word_1_127' title='bbox 961 803 1008 830; x_wconf 91' lang='lat' dir='ltr'><strong>do-</strong></span> 
     </span>
    </p>
   </div>
   <div class='ocr_carea' id='block_1_19' title="bbox 224 848 1006 883">
    <p class='ocr_par' dir='ltr' id='par_1_19' title="bbox 224 848 1006 883">
     <span class='ocr_line' id='line_1_19' title="bbox 224 848 1006 883; baseline 0 -8"><span class='ocrx_word' id='word_1_128' title='bbox 224 848 319 876; x_wconf 83' lang='lat' dir='ltr'><strong>ctrinis</strong></span> <span class='ocrx_word' id='word_1_129' title='bbox 329 852 508 882; x_wconf 84' lang='lat' dir='ltr'><strong>conspurcata</strong></span> <span class='ocrx_word' id='word_1_130' title='bbox 519 848 603 874; x_wconf 89' lang='lat' dir='ltr'><strong>multa</strong></span> <span class='ocrx_word' id='word_1_131' title='bbox 613 852 743 881; x_wconf 83' lang='lat' dir='ltr'><strong>cerneret,</strong></span> <span class='ocrx_word' id='word_1_132' title='bbox 753 848 837 883; x_wconf 83' lang='lat' dir='ltr'><strong>jussit</strong></span> <span class='ocrx_word' id='word_1_133' title='bbox 846 854 876 876; x_wconf 90' lang='lat' dir='ltr'><strong>ut</strong></span> <span class='ocrx_word' id='word_1_134' title='bbox 888 849 1006 876; x_wconf 85' lang='lat' dir='ltr'><strong>triticum</strong></span> 
     </span>
    </p>
   </div>
   <div class='ocr_carea' id='block_1_20' title="bbox 224 890 1009 929">
    <p class='ocr_par' dir='ltr' id='par_1_20' title="bbox 224 890 1009 929">
     <span class='ocr_line' id='line_1_20' title="bbox 224 890 1009 929; baseline 0.003 -9"><span class='ocrx_word' id='word_1_135' title='bbox 224 901 256 920; x_wconf 85' lang='lat' dir='ltr'><strong>ex</strong></span> <span class='ocrx_word' id='word_1_136' title='bbox 272 893 467 920; x_wconf 88' lang='lat' dir='ltr'><strong>catholicorum</strong></span> <span class='ocrx_word' id='word_1_137' title='bbox 486 892 614 927; x_wconf 86' lang='lat' dir='ltr'><strong>scriptis,</strong></span> <span class='ocrx_word' id='word_1_138' title='bbox 633 893 741 927; x_wconf 79' lang='lat' dir='ltr'><strong>rejectis</strong></span> <span class='ocrx_word' id='word_1_139' title='bbox 764 893 914 926; x_wconf 78' lang='lat' dir='ltr'><strong>haereticis,</strong></span> <span class='ocrx_word' id='word_1_140' title='bbox 929 890 1009 929; x_wconf 69' lang='lat' dir='ltr'><strong>elig&#39;e-</strong></span> 
     </span>
    </p>
   </div>
   <div class='ocr_carea' id='block_1_21' title="bbox 223 938 1009 973">
    <p class='ocr_par' dir='ltr' id='par_1_21' title="bbox 223 938 1009 973">
     <span class='ocr_line' id='line_1_21' title="bbox 223 938 1009 973; baseline 0.001 -7"><span class='ocrx_word' id='word_1_141' title='bbox 223 945 308 966; x_wconf 79' lang='lat' dir='ltr'><strong>retur.</strong></span> <span class='ocrx_word' id='word_1_142' title='bbox 322 938 379 966; x_wconf 87' lang='lat' dir='ltr'><strong>Non</strong></span> <span class='ocrx_word' id='word_1_143' title='bbox 398 939 489 973; x_wconf 84' lang='lat' dir='ltr'><strong>itaque</strong></span> <span class='ocrx_word' id='word_1_144' title='bbox 503 938 560 973; x_wconf 86' lang='lat' dir='ltr'><strong>ipse</strong></span> <span class='ocrx_word' id='word_1_145' title='bbox 578 938 683 973; x_wconf 88' lang='lat' dir='ltr'><strong>primus</strong></span> <span class='ocrx_word' id='word_1_146' title='bbox 703 940 854 967; x_wconf 88' lang='lat' dir='ltr'><strong>constituit.</strong></span> <span class='ocrx_word' id='word_1_147' title='bbox 877 939 945 967; x_wconf 91' lang='lat' dir='ltr'><strong>Tum</strong></span> <span class='ocrx_word' id='word_1_148' title='bbox 960 940 1009 968; x_wconf 90' lang='lat' dir='ltr'><strong>de-</strong></span> 
     </span>
    </p>
   </div>
   <div class='ocr_carea' id='block_1_22' title="bbox 224 982 1010 1016">
    <p class='ocr_par' dir='ltr' id='par_1_22' title="bbox 224 982 1010 1016">
     <span class='ocr_line' id='line_1_22' title="bbox 224 982 1010 1016; baseline 0.004 -7"><span class='ocrx_word' id='word_1_149' title='bbox 224 990 310 1015; x_wconf 89' lang='lat' dir='ltr'><strong>mum,</strong></span> <span class='ocrx_word' id='word_1_150' title='bbox 329 990 362 1009; x_wconf 89' lang='lat' dir='ltr'><strong>an</strong></span> <span class='ocrx_word' id='word_1_151' title='bbox 383 990 466 1009; x_wconf 90' lang='lat' dir='ltr'><strong>unum</strong></span> <span class='ocrx_word' id='word_1_152' title='bbox 481 987 507 1009; x_wconf 92' lang='lat' dir='ltr'><strong>et</strong></span> <span class='ocrx_word' id='word_1_153' title='bbox 524 983 594 1009; x_wconf 89' lang='lat' dir='ltr'><strong>idem</strong></span> <span class='ocrx_word' id='word_1_154' title='bbox 612 983 678 1016; x_wconf 89' lang='lat' dir='ltr'><strong>tibi,</strong></span> <span class='ocrx_word' id='word_1_155' title='bbox 694 982 803 1016; x_wconf 73' lang='lat' dir='ltr'><strong>Rivete,</strong></span> <span class='ocrx_word' id='word_1_156' title='bbox 818 985 922 1012; x_wconf 86' lang='lat' dir='ltr'><strong>videtur</strong></span> <span class='ocrx_word' id='word_1_157' title='bbox 935 992 1010 1012; x_wconf 86' lang='lat' dir='ltr'><strong>com-</strong></span> 
     </span>
    </p>
   </div>
   <div class='ocr_carea' id='block_1_23' title="bbox 224 1028 1007 1065">
    <p class='ocr_par' dir='ltr' id='par_1_23' title="bbox 224 1028 1007 1065">
     <span class='ocr_line' id='line_1_23' title="bbox 224 1028 1007 1065; baseline 0.003 -10"><span class='ocrx_word' id='word_1_158' title='bbox 224 1029 309 1063; x_wconf 83' lang='lat' dir='ltr'><strong>pilare</strong></span> <span class='ocrx_word' id='word_1_159' title='bbox 332 1028 438 1061; x_wconf 75' lang='lat' dir='ltr'><strong>facere,</strong></span> <span class='ocrx_word' id='word_1_160' title='bbox 475 1032 502 1055; x_wconf 91' lang='lat' dir='ltr'><strong>et</strong></span> <span class='ocrx_word' id='word_1_161' title='bbox 525 1029 714 1056; x_wconf 85' lang='lat' dir='ltr'><strong>constituere?</strong></span> <span class='ocrx_word' id='word_1_162' title='bbox 738 1029 893 1065; x_wconf 85' lang='lat' dir='ltr'><strong>Compilare</strong></span> <span class='ocrx_word' id='word_1_163' title='bbox 917 1035 958 1057; x_wconf 92' lang='lat' dir='ltr'><strong>est</strong></span> <span class='ocrx_word' id='word_1_164' title='bbox 981 1030 1007 1057; x_wconf 90' lang='lat' dir='ltr'><strong>in</strong></span> 
     </span>
    </p>
   </div>
   <div class='ocr_carea' id='block_1_24' title="bbox 224 1074 1007 1110">
    <p class='ocr_par' dir='ltr' id='par_1_24' title="bbox 224 1074 1007 1110">
     <span class='ocr_line' id='line_1_24' title="bbox 224 1074 1007 1110; baseline 0.001 -9"><span class='ocrx_word' id='word_1_165' title='bbox 224 1083 307 1102; x_wconf 91' lang='lat' dir='ltr'><strong>unum</strong></span> <span class='ocrx_word' id='word_1_166' title='bbox 334 1082 451 1110; x_wconf 81' lang='lat' dir='ltr'><strong>cogere:</strong></span> <span class='ocrx_word' id='word_1_167' title='bbox 479 1074 598 1109; x_wconf 76' lang='lat' dir='ltr'><strong>priurum</strong></span> <span class='ocrx_word' id='word_1_168' title='bbox 623 1075 802 1108; x_wconf 83' lang='lat' dir='ltr'><strong>constituere,</strong></span> <span class='ocrx_word' id='word_1_169' title='bbox 824 1080 866 1103; x_wconf 89' lang='lat' dir='ltr'><strong>est</strong></span> <span class='ocrx_word' id='word_1_170' title='bbox 890 1076 1007 1110; x_wconf 86' lang='lat' dir='ltr'><strong>primum</strong></span> 
     </span>
    </p>
   </div>
   <div class='ocr_carea' id='block_1_25' title="bbox 223 1120 1008 1156">
    <p class='ocr_par' dir='ltr' id='par_1_25' title="bbox 223 1120 1008 1156">
     <span class='ocr_line' id='line_1_25' title="bbox 223 1120 1008 1156; baseline 0.003 -9"><span class='ocrx_word' id='word_1_171' title='bbox 223 1125 356 1152; x_wconf 81' lang='lat' dir='ltr'><strong>statuere,</strong></span> <span class='ocrx_word' id='word_1_172' title='bbox 374 1127 525 1155; x_wconf 86' lang='lat' dir='ltr'><strong>proponere</strong></span> <span class='ocrx_word' id='word_1_173' title='bbox 536 1139 543 1152; x_wconf 88' lang='lat'><strong>,</strong></span> <span class='ocrx_word' id='word_1_174' title='bbox 557 1120 723 1147; x_wconf 89' lang='lat' dir='ltr'><strong>decernere.</strong></span> <span class='ocrx_word' id='word_1_175' title='bbox 742 1120 932 1156; x_wconf 86' lang='lat' dir='ltr'><strong>Compilantur</strong></span> <span class='ocrx_word' id='word_1_176' title='bbox 948 1129 1008 1156; x_wconf 73' lang='lat' dir='ltr'><strong>qua:</strong></span> 
     </span>
    </p>
   </div>
   <div class='ocr_carea' id='block_1_26' title="bbox 223 1166 1009 1202">
    <p class='ocr_par' dir='ltr' id='par_1_26' title="bbox 223 1166 1009 1202">
     <span class='ocr_line' id='line_1_26' title="bbox 223 1166 1009 1202; baseline 0.001 -9"><span class='ocrx_word' id='word_1_177' title='bbox 223 1171 285 1194; x_wconf 88' lang='lat' dir='ltr'><strong>ante</strong></span> <span class='ocrx_word' id='word_1_178' title='bbox 306 1171 401 1199; x_wconf 80' lang='lat' dir='ltr'><strong>erant;</strong></span> <span class='ocrx_word' id='word_1_179' title='bbox 424 1166 544 1201; x_wconf 89' lang='lat' dir='ltr'><strong>primum</strong></span> <span class='ocrx_word' id='word_1_180' title='bbox 561 1167 766 1193; x_wconf 87' lang='lat' dir='ltr'><strong>constituuntur</strong></span> <span class='ocrx_word' id='word_1_181' title='bbox 792 1175 852 1202; x_wconf 75' lang='lat' dir='ltr'><strong>quae</strong></span> <span class='ocrx_word' id='word_1_182' title='bbox 875 1170 932 1194; x_wconf 86' lang='lat' dir='ltr'><strong>tum</strong></span> <span class='ocrx_word' id='word_1_183' title='bbox 952 1167 1009 1202; x_wconf 70' lang='lat' dir='ltr'><strong>pri-</strong></span> 
     </span>
    </p>
   </div>
   <div class='ocr_carea' id='block_1_27' title="bbox 222 1210 1009 1247">
    <p class='ocr_par' dir='ltr' id='par_1_27' title="bbox 222 1210 1009 1247">
     <span class='ocr_line' id='line_1_27' title="bbox 222 1210 1009 1247; baseline 0 -8"><span class='ocrx_word' id='word_1_184' title='bbox 222 1220 296 1239; x_wconf 89' lang='lat' dir='ltr'><strong>mum</strong></span> <span class='ocrx_word' id='word_1_185' title='bbox 319 1215 478 1239; x_wconf 82' lang='lat' dir='ltr'><strong>nascuntur.</strong></span> <span class='ocrx_word' id='word_1_186' title='bbox 499 1210 527 1238; x_wconf 90' lang='lat' dir='ltr'><strong>Si</strong></span> <span class='ocrx_word' id='word_1_187' title='bbox 548 1218 613 1246; x_wconf 75' lang='lat' dir='ltr'><strong>ergo</strong></span> <span class='ocrx_word' id='word_1_188' title='bbox 636 1216 714 1238; x_wconf 86' lang='lat' dir='ltr'><strong>erant</strong></span> <span class='ocrx_word' id='word_1_189' title='bbox 727 1215 823 1245; x_wconf 82' lang='lat' dir='ltr'><strong>antea,</strong></span> <span class='ocrx_word' id='word_1_190' title='bbox 850 1219 902 1239; x_wconf 91' lang='lat' dir='ltr'><strong>non</strong></span> <span class='ocrx_word' id='word_1_191' title='bbox 921 1213 1009 1247; x_wconf 88' lang='lat' dir='ltr'><strong>potuit</strong></span> 
     </span>
    </p>
   </div>
   <div class='ocr_carea' id='block_1_28' title="bbox 222 1249 1006 1292">
    <p class='ocr_par' dir='ltr' id='par_1_28' title="bbox 222 1249 1006 1292">
     <span class='ocr_line' id='line_1_28' title="bbox 222 1249 1006 1292; baseline 0.001 -8"><span class='ocrx_word' id='word_1_192' title='bbox 222 1258 326 1292; x_wconf 90' lang='lat' dir='ltr'><strong>primus</strong></span> <span class='ocrx_word' id='word_1_193' title='bbox 342 1257 510 1285; x_wconf 84' lang='lat' dir='ltr'><strong>constituere</strong></span> <span class='ocrx_word' id='word_1_194' title='bbox 523 1249 539 1288; x_wconf 62' lang='grc'><strong>,’</strong></span> <span class='ocrx_word' id='word_1_195' title='bbox 552 1256 640 1291; x_wconf 88' lang='lat' dir='ltr'><strong>potuit</strong></span> <span class='ocrx_word' id='word_1_196' title='bbox 661 1261 752 1284; x_wconf 90' lang='lat' dir='ltr'><strong>tamen</strong></span> <span class='ocrx_word' id='word_1_197' title='bbox 769 1257 826 1291; x_wconf 90' lang='lat' dir='ltr'><strong>ipse</strong></span> <span class='ocrx_word' id='word_1_198' title='bbox 841 1258 988 1292; x_wconf 81' lang='lat' dir='ltr'><strong>compilare</strong></span> <span class='ocrx_word' id='word_1_199' title='bbox 999 1278 1006 1291; x_wconf 95' lang='lat'><strong>,</strong></span> 
     </span>
    </p>
   </div>
   <div class='ocr_carea' id='block_1_29' title="bbox 221 1302 1008 1339">
    <p class='ocr_par' dir='ltr' id='par_1_29' title="bbox 221 1302 1008 1339">
     <span class='ocr_line' id='line_1_29' title="bbox 221 1302 1008 1339; baseline 0.003 -10"><span class='ocrx_word' id='word_1_200' title='bbox 221 1304 262 1331; x_wconf 88' lang='lat' dir='ltr'><strong>vel</strong></span> <span class='ocrx_word' id='word_1_201' title='bbox 278 1302 367 1330; x_wconf 76' lang='lat' dir='ltr'><strong>facere</strong></span> <span class='ocrx_word' id='word_1_202' title='bbox 393 1307 423 1330; x_wconf 89' lang='lat' dir='ltr'><strong>ut</strong></span> <span class='ocrx_word' id='word_1_203' title='bbox 443 1303 546 1330; x_wconf 87' lang='lat' dir='ltr'><strong>Paulus</strong></span> <span class='ocrx_word' id='word_1_204' title='bbox 563 1303 733 1338; x_wconf 86' lang='lat' dir='ltr'><strong>eompilaret.</strong></span> <span class='ocrx_word' id='word_1_205' title='bbox 745 1302 814 1330; x_wconf 86' lang='lat' dir='ltr'><strong>Male</strong></span> <span class='ocrx_word' id='word_1_206' title='bbox 824 1310 889 1338; x_wconf 77' lang='lat' dir='ltr'><strong>ergo</strong></span> <span class='ocrx_word' id='word_1_207' title='bbox 904 1303 1008 1339; x_wconf 77' lang='lat' dir='ltr'><strong>legeras</strong></span> 
     </span>
    </p>
   </div>
   <div class='ocr_carea' id='block_1_30' title="bbox 221 1348 1006 1384">
    <p class='ocr_par' dir='ltr' id='par_1_30' title="bbox 221 1348 1006 1384">
     <span class='ocr_line' id='line_1_30' title="bbox 221 1348 1006 1384; baseline 0.001 -8"><span class='ocrx_word' id='word_1_208' title='bbox 221 1349 302 1376; x_wconf 88' lang='lat' dir='ltr'><strong>verba</strong></span> <span class='ocrx_word' id='word_1_209' title='bbox 318 1348 460 1384; x_wconf 86' lang='lat' dir='ltr'><strong>Sigeberti,</strong></span> <span class='ocrx_word' id='word_1_210' title='bbox 476 1348 554 1383; x_wconf 88' lang='lat' dir='ltr'><strong>pejus</strong></span> <span class='ocrx_word' id='word_1_211' title='bbox 568 1355 746 1383; x_wconf 83' lang='lat' dir='ltr'><strong>conceperas,</strong></span> <span class='ocrx_word' id='word_1_212' title='bbox 764 1349 884 1384; x_wconf 89' lang='lat' dir='ltr'><strong>pessime</strong></span> <span class='ocrx_word' id='word_1_213' title='bbox 901 1353 946 1376; x_wconf 89' lang='lat' dir='ltr'><strong>tua</strong></span> <span class='ocrx_word' id='word_1_214' title='bbox 957 1357 1006 1384; x_wconf 91' lang='lat' dir='ltr'><strong>pro</strong></span> 
     </span>
    </p>
   </div>
   <div class='ocr_carea' id='block_1_31' title="bbox 221 1395 1007 1427">
    <p class='ocr_par' dir='ltr' id='par_1_31' title="bbox 221 1395 1007 1427">
     <span class='ocr_line' id='line_1_31' title="bbox 221 1395 1007 1427; baseline 0 -4"><span class='ocrx_word' id='word_1_215' title='bbox 221 1396 294 1423; x_wconf 86' lang='lat' dir='ltr'><strong>illius</strong></span> <span class='ocrx_word' id='word_1_216' title='bbox 313 1396 404 1423; x_wconf 89' lang='lat' dir='ltr'><strong>verbis</strong></span> <span class='ocrx_word' id='word_1_217' title='bbox 419 1395 590 1427; x_wconf 82' lang='lat' dir='ltr'><strong>divenditas,</strong></span> <span class='ocrx_word' id='word_1_218' title='bbox 613 1399 640 1422; x_wconf 93' lang='lat' dir='ltr'><strong>et</strong></span> <span class='ocrx_word' id='word_1_219' title='bbox 659 1395 785 1422; x_wconf 87' lang='lat' dir='ltr'><strong>lectorem</strong></span> <span class='ocrx_word' id='word_1_220' title='bbox 803 1395 888 1422; x_wconf 82' lang='lat' dir='ltr'><strong>fallis.</strong></span> <span class='ocrx_word' id='word_1_221' title='bbox 908 1395 939 1423; x_wconf 86' lang='lat' dir='ltr'><strong>Et</strong></span> <span class='ocrx_word' id='word_1_222' title='bbox 968 1396 1007 1423; x_wconf 88' lang='lat' dir='ltr'><strong>sic</strong></span> 
     </span>
    </p>
   </div>
   <div class='ocr_carea' id='block_1_32' title="bbox 220 1440 1007 1476">
    <p class='ocr_par' dir='ltr' id='par_1_32' title="bbox 220 1440 1007 1476">
     <span class='ocr_line' id='line_1_32' title="bbox 220 1440 1007 1476; baseline 0 -7"><span class='ocrx_word' id='word_1_223' title='bbox 220 1442 282 1470; x_wconf 86' lang='lat' dir='ltr'><strong>talis</strong></span> <span class='ocrx_word' id='word_1_224' title='bbox 299 1449 377 1469; x_wconf 86' lang='lat' dir='ltr'><strong>error</strong></span> <span class='ocrx_word' id='word_1_225' title='bbox 405 1442 432 1468; x_wconf 93' lang='lat' dir='ltr'><strong>in</strong></span> <span class='ocrx_word' id='word_1_226' title='bbox 462 1445 577 1476; x_wconf 84' lang='lat' dir='ltr'><strong>utroque</strong></span> <span class='ocrx_word' id='word_1_227' title='bbox 603 1445 724 1468; x_wconf 85' lang='lat' dir='ltr'><strong>vestrum</strong></span> <span class='ocrx_word' id='word_1_228' title='bbox 750 1440 810 1468; x_wconf 78' lang='lat' dir='ltr'><strong>fuit.</strong></span> <span class='ocrx_word' id='word_1_229' title='bbox 839 1441 915 1469; x_wconf 87' lang='lat' dir='ltr'><strong>Pauli</strong></span> <span class='ocrx_word' id='word_1_230' title='bbox 943 1449 1007 1469; x_wconf 87' lang='lat' dir='ltr'><strong>vero</strong></span> 
     </span>
    </p>
   </div>
   <div class='ocr_carea' id='block_1_33' title="bbox 220 1486 1004 1522">
    <p class='ocr_par' dir='ltr' id='par_1_33' title="bbox 220 1486 1004 1522">
     <span class='ocr_line' id='line_1_33' title="bbox 220 1486 1004 1522; baseline 0 -8"><span class='ocrx_word' id='word_1_231' title='bbox 220 1486 324 1514; x_wconf 72' lang='lat' dir='ltr'><strong>:Emilii</strong></span> <span class='ocrx_word' id='word_1_232' title='bbox 344 1487 382 1514; x_wconf 82' lang='lat' dir='ltr'><strong>De</strong></span> <span class='ocrx_word' id='word_1_233' title='bbox 402 1487 480 1522; x_wconf 79' lang='lat' dir='ltr'><strong>gestis</strong></span> <span class='ocrx_word' id='word_1_234' title='bbox 495 1486 661 1513; x_wconf 77' lang='lat' dir='ltr'><strong>Francorum</strong></span> <span class='ocrx_word' id='word_1_235' title='bbox 675 1487 701 1513; x_wconf 91' lang='lat' dir='ltr'><strong>in</strong></span> <span class='ocrx_word' id='word_1_236' title='bbox 722 1486 820 1514; x_wconf 81' lang='lat' dir='ltr'><strong>Carolo</strong></span> <span class='ocrx_word' id='word_1_237' title='bbox 845 1487 899 1522; x_wconf 88' lang='lat' dir='ltr'><strong>(ed.</strong></span> <span class='ocrx_word' id='word_1_238' title='bbox 921 1486 1004 1514; x_wconf 83' lang='lat' dir='ltr'><strong>Basil.</strong></span> 
     </span>
    </p>
   </div>
   <div class='ocr_carea' id='block_1_34' title="bbox 220 1532 1008 1569">
    <p class='ocr_par' dir='ltr' id='par_1_34' title="bbox 220 1532 1008 1569">
     <span class='ocr_line' id='line_1_34' title="bbox 220 1532 1008 1569; baseline 0 -9"><span class='ocrx_word' id='word_1_239' title='bbox 220 1541 247 1568; x_wconf 92' lang='lat' dir='ltr'><strong>p.</strong></span> <span class='ocrx_word' id='word_1_240' title='bbox 256 1533 301 1569; x_wconf 85' lang='lat'><strong>65)</strong></span> <span class='ocrx_word' id='word_1_241' title='bbox 308 1533 390 1560; x_wconf 86' lang='lat' dir='ltr'><strong>verba</strong></span> <span class='ocrx_word' id='word_1_242' title='bbox 398 1537 477 1560; x_wconf 89' lang='lat' dir='ltr'><strong>sunt:</strong></span> <span class='ocrx_word' id='word_1_243' title='bbox 494 1543 503 1558; x_wconf 80' lang='grc' dir='ltr'>ι</span> <span class='ocrx_word' id='word_1_244' title='bbox 517 1532 715 1560; x_wconf 85' lang='lat' dir='ltr'><strong>Vetustissimis</strong></span> <span class='ocrx_word' id='word_1_245' title='bbox 725 1533 936 1568; x_wconf 85' lang='lat' dir='ltr'><strong>exemplaribus,</strong></span> <span class='ocrx_word' id='word_1_246' title='bbox 947 1541 1008 1561; x_wconf 84' lang='lat' dir='ltr'><strong>san-</strong></span> 
     </span>
    </p>
   </div>
   <div class='ocr_carea' id='block_1_35' title="bbox 219 1577 1007 1614">
    <p class='ocr_par' dir='ltr' id='par_1_35' title="bbox 219 1577 1007 1614">
     <span class='ocr_line' id='line_1_35' title="bbox 219 1577 1007 1614; baseline 0.001 -9"><span class='ocrx_word' id='word_1_247' title='bbox 219 1578 324 1614; x_wconf 87' lang='lat' dir='ltr'><strong>ctisque</strong></span> <span class='ocrx_word' id='word_1_248' title='bbox 336 1579 505 1609; x_wconf 85' lang='lat' dir='ltr'><strong>auctoribus,</strong></span> <span class='ocrx_word' id='word_1_249' title='bbox 528 1577 643 1612; x_wconf 90' lang='lat' dir='ltr'><strong>imperio</strong></span> <span class='ocrx_word' id='word_1_250' title='bbox 661 1586 766 1612; x_wconf 88' lang='lat' dir='ltr'><strong>opeque</strong></span> <span class='ocrx_word' id='word_1_251' title='bbox 779 1578 871 1605; x_wconf 86' lang='lat' dir='ltr'><strong>Caroli</strong></span> <span class='ocrx_word' id='word_1_252' title='bbox 888 1579 1007 1614; x_wconf 84' lang='lat' dir='ltr'><strong>undique</strong></span> 
     </span>
    </p>
   </div>
   <div class='ocr_carea' id='block_1_36' title="bbox 219 1624 1008 1660">
    <p class='ocr_par' dir='ltr' id='par_1_36' title="bbox 219 1624 1008 1660">
     <span class='ocr_line' id='line_1_36' title="bbox 219 1624 1008 1660; baseline 0 -8"><span class='ocrx_word' id='word_1_253' title='bbox 219 1624 393 1660; x_wconf 75' lang='lat' dir='ltr'><strong>conquisitis,</strong></span> <span class='ocrx_word' id='word_1_254' title='bbox 406 1629 557 1659; x_wconf 83' lang='lat' dir='ltr'><strong>martyrum</strong></span> <span class='ocrx_word' id='word_1_255' title='bbox 569 1624 640 1651; x_wconf 82' lang='lat' dir='ltr'><strong>vitas</strong></span> <span class='ocrx_word' id='word_1_256' title='bbox 653 1628 833 1659; x_wconf 80' lang='lat' dir='ltr'><strong>mortemque,</strong></span> <span class='ocrx_word' id='word_1_257' title='bbox 846 1631 879 1651; x_wconf 91' lang='lat' dir='ltr'><strong>ac</strong></span> <span class='ocrx_word' id='word_1_258' title='bbox 893 1629 1008 1652; x_wconf 77' lang='lat' dir='ltr'><strong>caetero-</strong></span> 
     </span>
    </p>
   </div>
   <div class='ocr_carea' id='block_1_37' title="bbox 220 1669 1007 1704">
    <p class='ocr_par' dir='ltr' id='par_1_37' title="bbox 220 1669 1007 1704">
     <span class='ocr_line' id='line_1_37' title="bbox 220 1669 1007 1704; baseline 0.001 -8"><span class='ocrx_word' id='word_1_259' title='bbox 220 1677 281 1696; x_wconf 93' lang='lat' dir='ltr'><strong>rum</strong></span> <span class='ocrx_word' id='word_1_260' title='bbox 307 1669 434 1696; x_wconf 85' lang='lat' dir='ltr'><strong>divorum</strong></span> <span class='ocrx_word' id='word_1_261' title='bbox 451 1689 458 1702; x_wconf 94' lang='lat'><strong>,</strong></span> <span class='ocrx_word' id='word_1_262' title='bbox 490 1677 597 1696; x_wconf 89' lang='lat' dir='ltr'><strong>summa</strong></span> <span class='ocrx_word' id='word_1_263' title='bbox 631 1669 762 1696; x_wconf 86' lang='lat' dir='ltr'><strong>brevitate</strong></span> <span class='ocrx_word' id='word_1_264' title='bbox 788 1670 945 1704; x_wconf 84' lang='lat' dir='ltr'><strong>perstrinxit</strong></span> <span class='ocrx_word' id='word_1_265' title='bbox 979 1670 1007 1697; x_wconf 89' lang='lat' dir='ltr'><strong>in</strong></span> 
     </span>
    </p>
   </div>
   <div class='ocr_carea' id='block_1_38' title="bbox 219 1714 1005 1750">
    <p class='ocr_par' dir='ltr' id='par_1_38' title="bbox 219 1714 1005 1750">
     <span class='ocr_line' id='line_1_38' title="bbox 219 1714 1005 1750; baseline 0.004 -9"><span class='ocrx_word' id='word_1_266' title='bbox 219 1714 327 1749; x_wconf 87' lang='lat' dir='ltr'><strong>templis</strong></span> <span class='ocrx_word' id='word_1_267' title='bbox 347 1715 487 1750; x_wconf 76' lang='lat' dir='ltr'><strong>legendas.</strong></span> <span class='ocrx_word' id='word_1_268' title='bbox 504 1724 514 1741; x_wconf 72' lang='grc' dir='ltr'>ι</span> <span class='ocrx_word' id='word_1_269' title='bbox 540 1715 612 1741; x_wconf 85' lang='lat' dir='ltr'><strong>Nulli</strong></span> <span class='ocrx_word' id='word_1_270' title='bbox 633 1715 678 1742; x_wconf 92' lang='lat' dir='ltr'><strong>hic</strong></span> <span class='ocrx_word' id='word_1_271' title='bbox 698 1715 792 1750; x_wconf 91' lang='lat' dir='ltr'><strong>hymni</strong></span> <span class='ocrx_word' id='word_1_272' title='bbox 809 1722 1005 1745; x_wconf 87' lang='lat' dir='ltr'><strong>memorantur.</strong></span> 
     </span>
    </p>
   </div>
   <div class='ocr_carea' id='block_1_39' title="bbox 219 1761 1006 1796">
    <p class='ocr_par' dir='ltr' id='par_1_39' title="bbox 219 1761 1006 1796">
     <span class='ocr_line' id='line_1_39' title="bbox 219 1761 1006 1796; baseline 0.001 -7"><span class='ocrx_word' id='word_1_273' title='bbox 219 1762 362 1789; x_wconf 84' lang='lat' dir='ltr'><strong>Lectiones</strong></span> <span class='ocrx_word' id='word_1_274' title='bbox 380 1769 451 1796; x_wconf 89' lang='lat' dir='ltr'><strong>quas</strong></span> <span class='ocrx_word' id='word_1_275' title='bbox 474 1769 581 1789; x_wconf 91' lang='lat' dir='ltr'><strong>summa</strong></span> <span class='ocrx_word' id='word_1_276' title='bbox 597 1761 728 1789; x_wconf 84' lang='lat' dir='ltr'><strong>brevitate</strong></span> <span class='ocrx_word' id='word_1_277' title='bbox 744 1762 915 1796; x_wconf 70' lang='lat' dir='ltr'><strong>[perstrinxit</strong></span> <span class='ocrx_word' id='word_1_278' title='bbox 937 1762 1006 1790; x_wconf 89' lang='lat' dir='ltr'><strong>Pau-</strong></span> 
     </span>
    </p>
   </div>
   <div class='ocr_carea' id='block_1_40' title="bbox 219 1806 1007 1842">
    <p class='ocr_par' dir='ltr' id='par_1_40' title="bbox 219 1806 1007 1842">
     <span class='ocr_line' id='line_1_40' title="bbox 219 1806 1007 1842; baseline 0 -8"><span class='ocrx_word' id='word_1_279' title='bbox 219 1807 279 1840; x_wconf 89' lang='lat' dir='ltr'><strong>lus,</strong></span> <span class='ocrx_word' id='word_1_280' title='bbox 292 1814 325 1834; x_wconf 93' lang='lat' dir='ltr'><strong>ex</strong></span> <span class='ocrx_word' id='word_1_281' title='bbox 343 1807 539 1834; x_wconf 87' lang='lat' dir='ltr'><strong>vetustissimis</strong></span> <span class='ocrx_word' id='word_1_282' title='bbox 554 1806 755 1842; x_wconf 81' lang='lat' dir='ltr'><strong>exemplaribus</strong></span> <span class='ocrx_word' id='word_1_283' title='bbox 777 1807 933 1842; x_wconf 85' lang='lat' dir='ltr'><strong>sanctisque</strong></span> <span class='ocrx_word' id='word_1_284' title='bbox 958 1815 1007 1835; x_wconf 93' lang='lat' dir='ltr'><strong>au-</strong></span> 
     </span>
    </p>
   </div>
   <div class='ocr_carea' id='block_1_41' title="bbox 219 1851 1007 1888">
    <p class='ocr_par' dir='ltr' id='par_1_41' title="bbox 219 1851 1007 1888">
     <span class='ocr_line' id='line_1_41' title="bbox 219 1851 1007 1888; baseline 0.001 -9"><span class='ocrx_word' id='word_1_285' title='bbox 219 1852 341 1880; x_wconf 88' lang='lat' dir='ltr'><strong>cto&#39;ribus</strong></span> <span class='ocrx_word' id='word_1_286' title='bbox 361 1852 495 1888; x_wconf 72' lang='lat' dir='ltr'><strong>decerpta:</strong></span> <span class='ocrx_word' id='word_1_287' title='bbox 511 1856 584 1880; x_wconf 91' lang='lat' dir='ltr'><strong>sunt.</strong></span> <span class='ocrx_word' id='word_1_288' title='bbox 603 1851 735 1879; x_wconf 86' lang='lat' dir='ltr'><strong>Laborem</strong></span> <span class='ocrx_word' id='word_1_289' title='bbox 746 1851 823 1879; x_wconf 88' lang='lat' dir='ltr'><strong>Pauli</strong></span> <span class='ocrx_word' id='word_1_290' title='bbox 840 1859 891 1887; x_wconf 89' lang='lat' dir='ltr'><strong>ope</strong></span> <span class='ocrx_word' id='word_1_291' title='bbox 905 1861 953 1880; x_wconf 86' lang='lat' dir='ltr'><strong>sua</strong></span> <span class='ocrx_word' id='word_1_292' title='bbox 969 1857 1007 1880; x_wconf 87' lang='lat' dir='ltr'><strong>at-</strong></span> 
     </span>
    </p>
   </div>
   <div class='ocr_carea' id='block_1_42' title="bbox 219 1898 1006 1935">
    <p class='ocr_par' dir='ltr' id='par_1_42' title="bbox 219 1898 1006 1935">
     <span class='ocr_line' id='line_1_42' title="bbox 219 1898 1006 1935; baseline 0 -9"><span class='ocrx_word' id='word_1_293' title='bbox 219 1906 272 1934; x_wconf 91' lang='lat' dir='ltr'><strong>que</strong></span> <span class='ocrx_word' id='word_1_294' title='bbox 290 1899 404 1933; x_wconf 87' lang='lat' dir='ltr'><strong>imperio</strong></span> <span class='ocrx_word' id='word_1_295' title='bbox 421 1899 536 1926; x_wconf 89' lang='lat' dir='ltr'><strong>Carolus</strong></span> <span class='ocrx_word' id='word_1_296' title='bbox 560 1898 714 1934; x_wconf 86' lang='lat' dir='ltr'><strong>promovit,</strong></span> <span class='ocrx_word' id='word_1_297' title='bbox 728 1898 894 1933; x_wconf 83' lang='lat' dir='ltr'><strong>exemplaria</strong></span> <span class='ocrx_word' id='word_1_298' title='bbox 909 1907 1006 1935; x_wconf 84' lang='lat' dir='ltr'><strong>nempe</strong></span> 
     </span>
    </p>
   </div>
   <div class='ocr_carea' id='block_1_43' title="bbox 219 1945 1005 1981">
    <p class='ocr_par' dir='ltr' id='par_1_43' title="bbox 219 1945 1005 1981">
     <span class='ocr_line' id='line_1_43' title="bbox 219 1945 1005 1981; baseline 0.001 -9"><span class='ocrx_word' id='word_1_299' title='bbox 219 1945 406 1980; x_wconf 88' lang='lat' dir='ltr'><strong>conquirendo</strong></span> <span class='ocrx_word' id='word_1_300' title='bbox 417 1965 424 1979; x_wconf 91' lang='lat'><strong>,</strong></span> <span class='ocrx_word' id='word_1_301' title='bbox 442 1948 470 1972; x_wconf 90' lang='lat' dir='ltr'><strong>et</strong></span> <span class='ocrx_word' id='word_1_302' title='bbox 493 1950 619 1980; x_wconf 90' lang='lat' dir='ltr'><strong>sumptus</strong></span> <span class='ocrx_word' id='word_1_303' title='bbox 633 1945 786 1981; x_wconf 76' lang='lat' dir='ltr'><strong>erogando,</strong></span> <span class='ocrx_word' id='word_1_304' title='bbox 808 1948 838 1972; x_wconf 90' lang='lat' dir='ltr'><strong>ut</strong></span> <span class='ocrx_word' id='word_1_305' title='bbox 853 1946 1005 1980; x_wconf 86' lang='lat' dir='ltr'><strong>promptius</strong></span> 
     </span>
    </p>
   </div>
   <div class='ocr_carea' id='block_1_44' title="bbox 220 1991 1005 2027">
    <p class='ocr_par' dir='ltr' id='par_1_44' title="bbox 220 1991 1005 2027">
     <span class='ocr_line' id='line_1_44' title="bbox 220 1991 1005 2027; baseline -0.003 -7"><span class='ocrx_word' id='word_1_306' title='bbox 220 1993 248 2020; x_wconf 91' lang='lat' dir='ltr'><strong>in</strong></span> <span class='ocrx_word' id='word_1_307' title='bbox 277 1991 398 2019; x_wconf 87' lang='lat' dir='ltr'><strong>Ecclesia</strong></span> <span class='ocrx_word' id='word_1_308' title='bbox 425 1992 588 2027; x_wconf 78' lang='lat' dir='ltr'><strong>legerentur,</strong></span> <span class='ocrx_word' id='word_1_309' title='bbox 606 2000 667 2027; x_wconf 65' lang='lat' dir='ltr'><strong>quae</strong></span> <span class='ocrx_word' id='word_1_310' title='bbox 682 1991 766 2019; x_wconf 88' lang='lat' dir='ltr'><strong>nimia</strong></span> <span class='ocrx_word' id='word_1_311' title='bbox 788 1999 836 2019; x_wconf 88' lang='lat' dir='ltr'><strong>sua</strong></span> <span class='ocrx_word' id='word_1_312' title='bbox 853 1992 1005 2026; x_wconf 82' lang='lat' dir='ltr'><strong>prolixitate</strong></span> 
     </span>
    </p>
   </div>
   <div class='ocr_carea' id='block_1_45' title="bbox 219 2037 1006 2072">
    <p class='ocr_par' dir='ltr' id='par_1_45' title="bbox 219 2037 1006 2072">
     <span class='ocr_line' id='line_1_45' title="bbox 219 2037 1006 2072; baseline -0.003 -6"><span class='ocrx_word' id='word_1_313' title='bbox 219 2039 334 2066; x_wconf 90' lang='lat' dir='ltr'><strong>lectores</strong></span> <span class='ocrx_word' id='word_1_314' title='bbox 348 2038 486 2072; x_wconf 74' lang='lat' dir='ltr'><strong>segniores</strong></span> <span class='ocrx_word' id='word_1_315' title='bbox 504 2038 663 2066; x_wconf 86' lang='lat' dir='ltr'><strong>reddebant.</strong></span> <span class='ocrx_word' id='word_1_316' title='bbox 680 2037 823 2071; x_wconf 85' lang='lat' dir='ltr'><strong>Quomodo</strong></span> <span class='ocrx_word' id='word_1_317' title='bbox 838 2037 929 2072; x_wconf 88' lang='lat' dir='ltr'><strong>itaque</strong></span> <span class='ocrx_word' id='word_1_318' title='bbox 949 2037 1006 2072; x_wconf 90' lang='lat' dir='ltr'><strong>pri-</strong></span> 
     </span>
    </p>
   </div>
   <div class='ocr_carea' id='block_1_46' title="bbox 219 2078 1005 2111">
    <p class='ocr_par' dir='ltr' id='par_1_46' title="bbox 219 2078 1005 2111">
     <span class='ocr_line' id='line_1_46' title="bbox 219 2078 1005 2111; baseline -0.003 0"><span class='ocrx_word' id='word_1_319' title='bbox 219 2091 280 2111; x_wconf 86' lang='lat' dir='ltr'><strong>mus</strong></span> <span class='ocrx_word' id='word_1_320' title='bbox 291 2078 406 2111; x_wconf 79' lang='lat' dir='ltr'><strong>Carolus</strong></span> <span class='ocrx_word' id='word_1_321' title='bbox 425 2083 555 2111; x_wconf 86' lang='lat' dir='ltr'><strong>lectiones</strong></span> <span class='ocrx_word' id='word_1_322' title='bbox 577 2082 653 2110; x_wconf 83' lang='lat' dir='ltr'><strong>testis</strong></span> <span class='ocrx_word' id='word_1_323' title='bbox 668 2087 824 2110; x_wconf 89' lang='lat' dir='ltr'><strong>sanctorum</strong></span> <span class='ocrx_word' id='word_1_324' title='bbox 842 2082 1005 2110; x_wconf 79' lang='lat' dir='ltr'><strong>convenien-</strong></span> 
     </span>
    </p>
   </div>
   <div class='ocr_carea' id='block_1_47' title="bbox 219 2128 433 2157">
    <p class='ocr_par' dir='ltr' id='par_1_47' title="bbox 219 2128 433 2157">
     <span class='ocr_line' id='line_1_47' title="bbox 219 2128 433 2157; baseline -0.009 -1"><span class='ocrx_word' id='word_1_325' title='bbox 219 2134 259 2157; x_wconf 85' lang='lat' dir='ltr'><strong>tes</strong></span> <span class='ocrx_word' id='word_1_326' title='bbox 273 2128 433 2156; x_wconf 85' lang='lat' dir='ltr'><strong>constituit?</strong></span> 
     </span>
    </p>
   </div>
   <div class='ocr_carea' id='block_1_48' title="bbox 1064 209 1823 246">
    <p class='ocr_par' dir='ltr' id='par_1_48' title="bbox 1064 209 1823 246">
     <span class='ocr_line' id='line_1_48' title="bbox 1064 209 1823 246; baseline -0.003 -8"><span class='ocrx_word' id='word_1_327' title='bbox 1064 217 1117 237; x_wconf 92' lang='lat' dir='ltr'><strong>non</strong></span> <span class='ocrx_word' id='word_1_328' title='bbox 1135 215 1165 238; x_wconf 85' lang='lat' dir='ltr'><strong>ut</strong></span> <span class='ocrx_word' id='word_1_329' title='bbox 1180 216 1321 246; x_wconf 78' lang='lat' dir='ltr'><strong>argutatur</strong></span> <span class='ocrx_word' id='word_1_330' title='bbox 1339 210 1450 238; x_wconf 83' lang='lat' dir='ltr'><strong>Rivetus</strong></span> <span class='ocrx_word' id='word_1_331' title='bbox 1465 211 1515 237; x_wconf 86' lang='lat' dir='ltr'><strong>has</strong></span> <span class='ocrx_word' id='word_1_332' title='bbox 1525 217 1586 238; x_wconf 90' lang='lat' dir='ltr'><strong>esse</strong></span> <span class='ocrx_word' id='word_1_333' title='bbox 1603 209 1708 238; x_wconf 85' lang='lat' dir='ltr'><strong>dubias.</strong></span> <span class='ocrx_word' id='word_1_334' title='bbox 1725 209 1784 244; x_wconf 81' lang='lat' dir='ltr'><strong>quia</strong></span> <span class='ocrx_word' id='word_1_335' title='bbox 1795 210 1823 236; x_wconf 71' lang='lat' dir='ltr'><strong>le-</strong></span> 
     </span>
    </p>
   </div>
   <div class='ocr_carea' id='block_1_49' title="bbox 1062 255 1821 292">
    <p class='ocr_par' dir='ltr' id='par_1_49' title="bbox 1062 255 1821 292">
     <span class='ocr_line' id='line_1_49' title="bbox 1062 255 1821 292; baseline -0.003 -9"><span class='ocrx_word' id='word_1_336' title='bbox 1062 256 1167 284; x_wconf 86' lang='lat' dir='ltr'><strong>ctiones</strong></span> <span class='ocrx_word' id='word_1_337' title='bbox 1177 261 1203 284; x_wconf 90' lang='lat' dir='ltr'><strong>et</strong></span> <span class='ocrx_word' id='word_1_338' title='bbox 1216 257 1310 292; x_wconf 77' lang='lat' dir='ltr'><strong>hymni</strong></span> <span class='ocrx_word' id='word_1_339' title='bbox 1324 257 1420 285; x_wconf 88' lang='lat' dir='ltr'><strong>diebus</strong></span> <span class='ocrx_word' id='word_1_340' title='bbox 1432 256 1510 284; x_wconf 74' lang='lat' dir='ltr'><strong>festis</strong></span> <span class='ocrx_word' id='word_1_341' title='bbox 1520 255 1710 284; x_wconf 83' lang='lat' dir='ltr'><strong>convenientes</strong></span> <span class='ocrx_word' id='word_1_342' title='bbox 1720 255 1821 289; x_wconf 81' lang='lat' dir='ltr'><strong>primum</strong></span> 
     </span>
    </p>
   </div>
   <div class='ocr_carea' id='block_1_50' title="bbox 1062 300 1822 337">
    <p class='ocr_par' dir='ltr' id='par_1_50' title="bbox 1062 300 1822 337">
     <span class='ocr_line' id='line_1_50' title="bbox 1062 300 1822 337; baseline -0.004 -8"><span class='ocrx_word' id='word_1_343' title='bbox 1062 310 1077 329; x_wconf 89' lang='lat' dir='ltr'><strong>a</strong></span> <span class='ocrx_word' id='word_1_344' title='bbox 1090 302 1187 329; x_wconf 82' lang='lat' dir='ltr'><strong>Carolo</strong></span> <span class='ocrx_word' id='word_1_345' title='bbox 1209 301 1306 337; x_wconf 71' lang='lat' dir='ltr'><strong>Magno</strong></span> <span class='ocrx_word' id='word_1_346' title='bbox 1328 302 1469 330; x_wconf 90' lang='lat' dir='ltr'><strong>constituti</strong></span> <span class='ocrx_word' id='word_1_347' title='bbox 1489 302 1555 329; x_wconf 89' lang='lat' dir='ltr'><strong>sint.</strong></span> <span class='ocrx_word' id='word_1_348' title='bbox 1569 300 1699 334; x_wconf 81' lang='lat' dir='ltr'><strong>Quamvis</strong></span> <span class='ocrx_word' id='word_1_349' title='bbox 1709 308 1768 327; x_wconf 85' lang='lat' dir='ltr'><strong>vero</strong></span> <span class='ocrx_word' id='word_1_350' title='bbox 1791 308 1822 326; x_wconf 71' lang='grc' dir='ltr'><strong>ιτ-</strong></span> 
     </span>
    </p>
   </div>
   <div class='ocr_carea' id='block_1_51' title="bbox 1063 346 1824 380">
    <p class='ocr_par' dir='ltr' id='par_1_51' title="bbox 1063 346 1824 380">
     <span class='ocr_line' id='line_1_51' title="bbox 1063 346 1824 380; baseline -0.001 -7"><span class='ocrx_word' id='word_1_351' title='bbox 1063 351 1220 378; x_wconf 66' lang='lat' dir='ltr'><strong>gumentum</strong></span> <span class='ocrx_word' id='word_1_352' title='bbox 1240 347 1373 375; x_wconf 84' lang='lat' dir='ltr'><strong>Perkinsii</strong></span> <span class='ocrx_word' id='word_1_353' title='bbox 1401 347 1505 374; x_wconf 88' lang='lat' dir='ltr'><strong>nullum</strong></span> <span class='ocrx_word' id='word_1_354' title='bbox 1529 346 1575 378; x_wconf 85' lang='lat' dir='ltr'><strong>sit,</strong></span> <span class='ocrx_word' id='word_1_355' title='bbox 1594 351 1625 373; x_wconf 87' lang='lat' dir='ltr'><strong>ut</strong></span> <span class='ocrx_word' id='word_1_356' title='bbox 1649 353 1726 380; x_wconf 83' lang='lat' dir='ltr'><strong>supra</strong></span> <span class='ocrx_word' id='word_1_357' title='bbox 1743 346 1824 380; x_wconf 76' lang='lat' dir='ltr'><strong>proba-</strong></span> 
     </span>
    </p>
   </div>
   <div class='ocr_carea' id='block_1_52' title="bbox 1062 390 1822 425">
    <p class='ocr_par' dir='ltr' id='par_1_52' title="bbox 1062 390 1822 425">
     <span class='ocr_line' id='line_1_52' title="bbox 1062 390 1822 425; baseline -0.004 -6"><span class='ocrx_word' id='word_1_358' title='bbox 1062 396 1119 418; x_wconf 88' lang='lat' dir='ltr'><strong>tum</strong></span> <span class='ocrx_word' id='word_1_359' title='bbox 1134 396 1186 425; x_wconf 88' lang='lat' dir='ltr'><strong>est,</strong></span> <span class='ocrx_word' id='word_1_360' title='bbox 1203 396 1320 419; x_wconf 84' lang='lat' dir='ltr'><strong>attamen</strong></span> <span class='ocrx_word' id='word_1_361' title='bbox 1331 392 1397 419; x_wconf 89' lang='lat' dir='ltr'><strong>illud</strong></span> <span class='ocrx_word' id='word_1_362' title='bbox 1416 392 1565 419; x_wconf 84' lang='lat' dir='ltr'><strong>maximum</strong></span> <span class='ocrx_word' id='word_1_363' title='bbox 1584 391 1611 417; x_wconf 93' lang='lat' dir='ltr'><strong>in</strong></span> <span class='ocrx_word' id='word_1_364' title='bbox 1635 390 1727 417; x_wconf 80' lang='lat' dir='ltr'><strong>Biveto</strong></span> <span class='ocrx_word' id='word_1_365' title='bbox 1741 390 1822 420; x_wconf 80' lang='lat' dir='ltr'><strong>fuerit,</strong></span> 
     </span>
    </p>
   </div>
   <div class='ocr_carea' id='block_1_53' title="bbox 1062 436 1823 472">
    <p class='ocr_par' dir='ltr' id='par_1_53' title="bbox 1062 436 1823 472">
     <span class='ocr_line' id='line_1_53' title="bbox 1062 436 1823 472; baseline -0.004 -8"><span class='ocrx_word' id='word_1_366' title='bbox 1062 437 1156 465; x_wconf 86' lang='lat' dir='ltr'><strong>critico</strong></span> <span class='ocrx_word' id='word_1_367' title='bbox 1183 445 1274 466; x_wconf 84' lang='lat' dir='ltr'><strong>rerum</strong></span> <span class='ocrx_word' id='word_1_368' title='bbox 1301 445 1440 466; x_wconf 90' lang='lat' dir='ltr'><strong>sacrarum</strong></span> <span class='ocrx_word' id='word_1_369' title='bbox 1455 436 1674 472; x_wconf 88' lang='lat' dir='ltr'><strong>improbissimo,</strong></span> <span class='ocrx_word' id='word_1_370' title='bbox 1689 443 1771 471; x_wconf 86' lang='lat' dir='ltr'><strong>pauca</strong></span> <span class='ocrx_word' id='word_1_371' title='bbox 1783 436 1823 462; x_wconf 73' lang='lat' dir='ltr'><strong>ista</strong></span> 
     </span>
    </p>
   </div>
   <div class='ocr_carea' id='block_1_54' title="bbox 1061 475 1823 516">
    <p class='ocr_par' dir='ltr' id='par_1_54' title="bbox 1061 475 1823 516">
     <span class='ocr_line' id='line_1_54' title="bbox 1061 475 1823 516; baseline -0.003 -7"><span class='ocrx_word' id='word_1_372' title='bbox 1061 482 1194 511; x_wconf 88' lang='lat' dir='ltr'><strong>Perkinsii</strong></span> <span class='ocrx_word' id='word_1_373' title='bbox 1216 484 1350 512; x_wconf 86' lang='lat' dir='ltr'><strong>intellecta</strong></span> <span class='ocrx_word' id='word_1_374' title='bbox 1379 491 1433 511; x_wconf 91' lang='lat' dir='ltr'><strong>non</strong></span> <span class='ocrx_word' id='word_1_375' title='bbox 1451 482 1546 510; x_wconf 83' lang='lat' dir='ltr'><strong>fuisse.</strong></span> <span class='ocrx_word' id='word_1_376' title='bbox 1558 475 1592 508; x_wconf 69' lang='lat' dir='ltr'><strong>Et</strong></span> <span class='ocrx_word' id='word_1_377' title='bbox 1607 482 1685 516; x_wconf 86' lang='lat' dir='ltr'><strong>plane</strong></span> <span class='ocrx_word' id='word_1_378' title='bbox 1697 488 1823 516; x_wconf 79' lang='lat' dir='ltr'><strong>argumen-</strong></span> 
     </span>
    </p>
   </div>
   <div class='ocr_carea' id='block_1_55' title="bbox 1063 525 1823 562">
    <p class='ocr_par' dir='ltr' id='par_1_55' title="bbox 1063 525 1823 562">
     <span class='ocr_line' id='line_1_55' title="bbox 1063 525 1823 562; baseline -0.003 -8"><span class='ocrx_word' id='word_1_379' title='bbox 1063 533 1118 555; x_wconf 91' lang='lat' dir='ltr'><strong>tum</strong></span> <span class='ocrx_word' id='word_1_380' title='bbox 1134 527 1267 556; x_wconf 86' lang='lat' dir='ltr'><strong>Perkinsii</strong></span> <span class='ocrx_word' id='word_1_381' title='bbox 1281 529 1318 555; x_wconf 82' lang='lat' dir='ltr'><strong>ita</strong></span> <span class='ocrx_word' id='word_1_382' title='bbox 1334 532 1493 562; x_wconf 84' lang='lat' dir='ltr'><strong>conceptum</strong></span> <span class='ocrx_word' id='word_1_383' title='bbox 1511 527 1700 554; x_wconf 86' lang='lat' dir='ltr'><strong>stultissimum</strong></span> <span class='ocrx_word' id='word_1_384' title='bbox 1713 531 1762 553; x_wconf 88' lang='lat' dir='ltr'><strong>est.</strong></span> <span class='ocrx_word' id='word_1_385' title='bbox 1773 525 1823 552; x_wconf 58' lang='lat' dir='ltr'><strong>Ete</strong></span> 
     </span>
    </p>
   </div>
   <div class='ocr_carea' id='block_1_56' title="bbox 1061 572 1822 610">
    <p class='ocr_par' dir='ltr' id='par_1_56' title="bbox 1061 572 1822 610">
     <span class='ocr_line' id='line_1_56' title="bbox 1061 572 1822 610; baseline -0.007 -8"><span class='ocrx_word' id='word_1_386' title='bbox 1061 576 1116 602; x_wconf 90' lang='lat' dir='ltr'><strong>nim</strong></span> <span class='ocrx_word' id='word_1_387' title='bbox 1129 574 1152 602; x_wconf 90' lang='lat' dir='ltr'><strong>si</strong></span> <span class='ocrx_word' id='word_1_388' title='bbox 1168 574 1231 610; x_wconf 89' lang='lat' dir='ltr'><strong>quia</strong></span> <span class='ocrx_word' id='word_1_389' title='bbox 1245 575 1409 609; x_wconf 86' lang='lat' dir='ltr'><strong>hymnorum</strong></span> <span class='ocrx_word' id='word_1_390' title='bbox 1427 578 1454 601; x_wconf 89' lang='lat' dir='ltr'><strong>et</strong></span> <span class='ocrx_word' id='word_1_391' title='bbox 1476 573 1608 600; x_wconf 81' lang='lat' dir='ltr'><strong>festorum</strong></span> <span class='ocrx_word' id='word_1_392' title='bbox 1624 572 1727 610; x_wconf 68' lang='lat' dir='ltr'><strong>dierum</strong></span> <span class='ocrx_word' id='word_1_393' title='bbox 1741 572 1822 598; x_wconf 87' lang='lat' dir='ltr'><strong>memi-</strong></span> 
     </span>
    </p>
   </div>
   <div class='ocr_carea' id='block_1_57' title="bbox 1061 617 1824 656">
    <p class='ocr_par' dir='ltr' id='par_1_57' title="bbox 1061 617 1824 656">
     <span class='ocr_line' id='line_1_57' title="bbox 1061 617 1824 656; baseline -0.005 -8"><span class='ocrx_word' id='word_1_394' title='bbox 1061 621 1112 653; x_wconf 90' lang='lat' dir='ltr'><strong>nit,</strong></span> <span class='ocrx_word' id='word_1_395' title='bbox 1131 621 1191 648; x_wconf 90' lang='lat' dir='ltr'><strong>ideo</strong></span> <span class='ocrx_word' id='word_1_396' title='bbox 1204 625 1258 648; x_wconf 88' lang='lat' dir='ltr'><strong>tres</strong></span> <span class='ocrx_word' id='word_1_397' title='bbox 1276 621 1318 648; x_wconf 90' lang='lat' dir='ltr'><strong>vel</strong></span> <span class='ocrx_word' id='word_1_398' title='bbox 1335 625 1454 656; x_wconf 90' lang='lat' dir='ltr'><strong>quatuor</strong></span> <span class='ocrx_word' id='word_1_399' title='bbox 1471 619 1528 646; x_wconf 67' lang='lat' dir='ltr'><strong>islte</strong></span> <span class='ocrx_word' id='word_1_400' title='bbox 1541 618 1677 645; x_wconf 89' lang='lat' dir='ltr'><strong>orationes</strong></span> <span class='ocrx_word' id='word_1_401' title='bbox 1690 617 1824 652; x_wconf 71' lang='lat' dir='ltr'><strong>rejiciendae</strong></span> 
     </span>
    </p>
   </div>
   <div class='ocr_carea' id='block_1_58' title="bbox 1061 663 1823 700">
    <p class='ocr_par' dir='ltr' id='par_1_58' title="bbox 1061 663 1823 700">
     <span class='ocr_line' id='line_1_58' title="bbox 1061 663 1823 700; baseline -0.005 -7"><span class='ocrx_word' id='word_1_402' title='bbox 1061 670 1134 696; x_wconf 85' lang='lat' dir='ltr'><strong>sunt.</strong></span> <span class='ocrx_word' id='word_1_403' title='bbox 1163 665 1308 700; x_wconf 86' lang='lat' dir='ltr'><strong>rejicienda</strong></span> <span class='ocrx_word' id='word_1_404' title='bbox 1336 671 1415 693; x_wconf 87' lang='lat' dir='ltr'><strong>erunt</strong></span> <span class='ocrx_word' id='word_1_405' title='bbox 1431 669 1458 693; x_wconf 89' lang='lat' dir='ltr'><strong>et</strong></span> <span class='ocrx_word' id='word_1_406' title='bbox 1482 664 1646 700; x_wconf 81' lang='lat' dir='ltr'><strong>Evangelia,</strong></span> <span class='ocrx_word' id='word_1_407' title='bbox 1666 668 1692 691; x_wconf 87' lang='lat' dir='ltr'><strong>et</strong></span> <span class='ocrx_word' id='word_1_408' title='bbox 1713 663 1823 698; x_wconf 71' lang='lat' dir='ltr'><strong>Epistola:</strong></span> 
     </span>
    </p>
   </div>
   <div class='ocr_carea' id='block_1_59' title="bbox 1059 710 1824 746">
    <p class='ocr_par' dir='ltr' id='par_1_59' title="bbox 1059 710 1824 746">
     <span class='ocr_line' id='line_1_59' title="bbox 1059 710 1824 746; baseline -0.007 -7"><span class='ocrx_word' id='word_1_409' title='bbox 1059 712 1152 744; x_wconf 88' lang='lat' dir='ltr'><strong>Pauli,</strong></span> <span class='ocrx_word' id='word_1_410' title='bbox 1173 717 1200 739; x_wconf 88' lang='lat' dir='ltr'><strong>et</strong></span> <span class='ocrx_word' id='word_1_411' title='bbox 1222 716 1262 739; x_wconf 89' lang='lat' dir='ltr'><strong>tot</strong></span> <span class='ocrx_word' id='word_1_412' title='bbox 1289 712 1341 739; x_wconf 86' lang='lat' dir='ltr'><strong>alia</strong></span> <span class='ocrx_word' id='word_1_413' title='bbox 1367 717 1541 744; x_wconf 91' lang='lat' dir='ltr'><strong>sanctorum,</strong></span> <span class='ocrx_word' id='word_1_414' title='bbox 1567 711 1615 746; x_wconf 86' lang='lat' dir='ltr'><strong>qui</strong></span> <span class='ocrx_word' id='word_1_415' title='bbox 1629 715 1690 738; x_wconf 85' lang='lat' dir='ltr'><strong>ante</strong></span> <span class='ocrx_word' id='word_1_416' title='bbox 1712 710 1824 737; x_wconf 81' lang='lat' dir='ltr'><strong>Carolum</strong></span> 
     </span>
    </p>
   </div>
   <div class='ocr_carea' id='block_1_60' title="bbox 1059 756 1824 792">
    <p class='ocr_par' dir='ltr' id='par_1_60' title="bbox 1059 756 1824 792">
     <span class='ocr_line' id='line_1_60' title="bbox 1059 756 1824 792; baseline -0.005 -7"><span class='ocrx_word' id='word_1_417' title='bbox 1059 759 1202 791; x_wconf 68' lang='lat' dir='ltr'><strong>vixerunt,</strong></span> <span class='ocrx_word' id='word_1_418' title='bbox 1228 763 1403 785; x_wconf 89' lang='lat' dir='ltr'><strong>monumenta</strong></span> <span class='ocrx_word' id='word_1_419' title='bbox 1420 757 1618 792; x_wconf 85' lang='lat' dir='ltr'><strong>pulcherrima,</strong></span> <span class='ocrx_word' id='word_1_420' title='bbox 1642 761 1668 784; x_wconf 89' lang='lat' dir='ltr'><strong>et</strong></span> <span class='ocrx_word' id='word_1_421' title='bbox 1677 756 1710 783; x_wconf 88' lang='lat' dir='ltr'><strong>de</strong></span> <span class='ocrx_word' id='word_1_422' title='bbox 1723 763 1824 790; x_wconf 88' lang='lat' dir='ltr'><strong>quorum</strong></span> 
     </span>
    </p>
   </div>
   <div class='ocr_carea' id='block_1_61' title="bbox 1060 802 1825 836">
    <p class='ocr_par' dir='ltr' id='par_1_61' title="bbox 1060 802 1825 836">
     <span class='ocr_line' id='line_1_61' title="bbox 1060 802 1825 836; baseline -0.005 -5"><span class='ocrx_word' id='word_1_423' title='bbox 1060 804 1217 832; x_wconf 82' lang='lat' dir='ltr'><strong>auctoribus</strong></span> <span class='ocrx_word' id='word_1_424' title='bbox 1231 804 1356 831; x_wconf 91' lang='lat' dir='ltr'><strong>dubitare</strong></span> <span class='ocrx_word' id='word_1_425' title='bbox 1370 803 1447 831; x_wconf 76' lang='lat' dir='ltr'><strong>nefas</strong></span> <span class='ocrx_word' id='word_1_426' title='bbox 1470 808 1552 836; x_wconf 87' lang='lat' dir='ltr'><strong>esset,</strong></span> <span class='ocrx_word' id='word_1_427' title='bbox 1563 803 1605 830; x_wconf 78' lang='lat' dir='ltr'><strong>vel</strong></span> <span class='ocrx_word' id='word_1_428' title='bbox 1616 809 1650 829; x_wconf 88' lang='lat' dir='ltr'><strong>eo</strong></span> <span class='ocrx_word' id='word_1_429' title='bbox 1665 802 1723 829; x_wconf 89' lang='lat' dir='ltr'><strong>solo</strong></span> <span class='ocrx_word' id='word_1_430' title='bbox 1732 802 1825 828; x_wconf 77' lang='lat' dir='ltr'><strong>nomine</strong></span> 
     </span>
    </p>
   </div>
   <div class='ocr_carea' id='block_1_62' title="bbox 1059 847 1825 885">
    <p class='ocr_par' dir='ltr' id='par_1_62' title="bbox 1059 847 1825 885">
     <span class='ocr_line' id='line_1_62' title="bbox 1059 847 1825 885; baseline -0.007 -7"><span class='ocrx_word' id='word_1_431' title='bbox 1059 850 1131 885; x_wconf 77' lang='lat' dir='ltr'><strong>quod</strong></span> <span class='ocrx_word' id='word_1_432' title='bbox 1147 850 1174 877; x_wconf 77' lang='lat' dir='ltr'><strong>in</strong></span> <span class='ocrx_word' id='word_1_433' title='bbox 1186 850 1239 878; x_wconf 92' lang='lat' dir='ltr'><strong>illis</strong></span> <span class='ocrx_word' id='word_1_434' title='bbox 1255 849 1358 877; x_wconf 89' lang='lat' dir='ltr'><strong>mentio</strong></span> <span class='ocrx_word' id='word_1_435' title='bbox 1371 850 1496 880; x_wconf 87' lang='lat' dir='ltr'><strong>habetur,</strong></span> <span class='ocrx_word' id='word_1_436' title='bbox 1506 853 1531 876; x_wconf 89' lang='lat' dir='ltr'><strong>et</strong></span> <span class='ocrx_word' id='word_1_437' title='bbox 1542 849 1649 876; x_wconf 91' lang='lat' dir='ltr'><strong>dierum</strong></span> <span class='ocrx_word' id='word_1_438' title='bbox 1663 847 1794 876; x_wconf 78' lang='lat' dir='ltr'><strong>festorum.</strong></span> <span class='ocrx_word' id='word_1_439' title='bbox 1805 854 1825 873; x_wconf 61' lang='lat' dir='ltr'><strong>et</strong></span> 
     </span>
    </p>
   </div>
   <div class='ocr_carea' id='block_1_63' title="bbox 1060 892 1824 931">
    <p class='ocr_par' dir='ltr' id='par_1_63' title="bbox 1060 892 1824 931">
     <span class='ocr_line' id='line_1_63' title="bbox 1060 892 1824 931; baseline -0.005 -9"><span class='ocrx_word' id='word_1_440' title='bbox 1060 895 1239 931; x_wconf 79' lang='lat' dir='ltr'><strong>hymnorum,</strong></span> <span class='ocrx_word' id='word_1_441' title='bbox 1265 894 1339 930; x_wconf 88' lang='lat' dir='ltr'><strong>quod</strong></span> <span class='ocrx_word' id='word_1_442' title='bbox 1361 895 1412 922; x_wconf 84' lang='lat' dir='ltr'><strong>ista</strong></span> <span class='ocrx_word' id='word_1_443' title='bbox 1433 894 1551 929; x_wconf 90' lang='lat' dir='ltr'><strong>primum</strong></span> <span class='ocrx_word' id='word_1_444' title='bbox 1573 900 1587 920; x_wconf 89' lang='lat' dir='ltr'><strong>a</strong></span> <span class='ocrx_word' id='word_1_445' title='bbox 1615 892 1714 920; x_wconf 84' lang='lat' dir='ltr'><strong>Carolo</strong></span> <span class='ocrx_word' id='word_1_446' title='bbox 1737 894 1824 919; x_wconf 62' lang='lat' dir='ltr'><strong>ceriali-</strong></span> 
     </span>
    </p>
   </div>
   <div class='ocr_carea' id='block_1_64' title="bbox 1058 940 1194 968">
    <p class='ocr_par' dir='ltr' id='par_1_64' title="bbox 1058 940 1194 968">
     <span class='ocr_line' id='line_1_64' title="bbox 1058 940 1194 968; baseline -0.007 0"><span class='ocrx_word' id='word_1_447' title='bbox 1058 945 1116 968; x_wconf 87' lang='lat' dir='ltr'><strong>tuta</strong></span> <span class='ocrx_word' id='word_1_448' title='bbox 1130 940 1194 968; x_wconf 87' lang='lat' dir='ltr'><strong>sint.</strong></span> 
     </span>
    </p>
   </div>
   <div class='ocr_carea' id='block_1_65' title="bbox 1093 985 1823 1022">
    <p class='ocr_par' dir='ltr' id='par_1_65' title="bbox 1093 985 1823 1022">
     <span class='ocr_line' id='line_1_65' title="bbox 1093 985 1823 1022; baseline -0.003 -8"><span class='ocrx_word' id='word_1_449' title='bbox 1093 986 1127 1014; x_wconf 88' lang='lat' dir='ltr'><strong>Et</strong></span> <span class='ocrx_word' id='word_1_450' title='bbox 1139 991 1170 1014; x_wconf 86' lang='lat' dir='ltr'><strong>ut</strong></span> <span class='ocrx_word' id='word_1_451' title='bbox 1182 986 1269 1022; x_wconf 79' lang='lat' dir='ltr'><strong>magis</strong></span> <span class='ocrx_word' id='word_1_452' title='bbox 1279 994 1390 1022; x_wconf 74' lang='lat' dir='ltr'><strong>urgeam</strong></span> <span class='ocrx_word' id='word_1_453' title='bbox 1402 1006 1410 1019; x_wconf 93' lang='lat'><strong>,</strong></span> <span class='ocrx_word' id='word_1_454' title='bbox 1430 986 1472 1014; x_wconf 63' lang='lat' dir='ltr'><strong>hae</strong></span> <span class='ocrx_word' id='word_1_455' title='bbox 1489 985 1686 1020; x_wconf 81' lang='lat' dir='ltr'><strong>Thaumaturgi</strong></span> <span class='ocrx_word' id='word_1_456' title='bbox 1705 986 1823 1012; x_wconf 54' lang='lat' dir='ltr'><strong>orationis</strong></span> 
     </span>
    </p>
   </div>
   <div class='ocr_carea' id='block_1_66' title="bbox 1059 1032 1822 1068">
    <p class='ocr_par' dir='ltr' id='par_1_66' title="bbox 1059 1032 1822 1068">
     <span class='ocr_line' id='line_1_66' title="bbox 1059 1032 1822 1068; baseline -0.001 -8"><span class='ocrx_word' id='word_1_457' title='bbox 1059 1038 1176 1068; x_wconf 87' lang='lat' dir='ltr'><strong>quatuor</strong></span> <span class='ocrx_word' id='word_1_458' title='bbox 1203 1037 1277 1065; x_wconf 87' lang='lat' dir='ltr'><strong>sunt,</strong></span> <span class='ocrx_word' id='word_1_459' title='bbox 1299 1037 1355 1060; x_wconf 88' lang='lat' dir='ltr'><strong>tres</strong></span> <span class='ocrx_word' id='word_1_460' title='bbox 1382 1033 1410 1059; x_wconf 92' lang='lat' dir='ltr'><strong>in</strong></span> <span class='ocrx_word' id='word_1_461' title='bbox 1434 1032 1695 1063; x_wconf 82' lang='lat' dir='ltr'><strong>Annuntiationem.</strong></span> <span class='ocrx_word' id='word_1_462' title='bbox 1711 1033 1784 1059; x_wconf 70' lang='lat' dir='ltr'><strong>unica</strong></span> <span class='ocrx_word' id='word_1_463' title='bbox 1803 1033 1822 1059; x_wconf 83' lang='lat' dir='ltr'><strong>in</strong></span> 
     </span>
    </p>
   </div>
   <div class='ocr_carea' id='block_1_67' title="bbox 1059 1077 1823 1112">
    <p class='ocr_par' dir='ltr' id='par_1_67' title="bbox 1059 1077 1823 1112">
     <span class='ocr_line' id='line_1_67' title="bbox 1059 1077 1823 1112; baseline -0.003 -7"><span class='ocrx_word' id='word_1_464' title='bbox 1059 1077 1274 1112; x_wconf 86' lang='lat' dir='ltr'><strong>Theophaniam,</strong></span> <span class='ocrx_word' id='word_1_465' title='bbox 1286 1082 1313 1104; x_wconf 90' lang='lat' dir='ltr'><strong>ct</strong></span> <span class='ocrx_word' id='word_1_466' title='bbox 1325 1085 1358 1104; x_wconf 89' lang='lat' dir='ltr'><strong>ex</strong></span> <span class='ocrx_word' id='word_1_467' title='bbox 1371 1077 1414 1105; x_wconf 91' lang='lat' dir='ltr'><strong>his</strong></span> <span class='ocrx_word' id='word_1_468' title='bbox 1431 1078 1457 1104; x_wconf 92' lang='lat' dir='ltr'><strong>in</strong></span> <span class='ocrx_word' id='word_1_469' title='bbox 1470 1085 1523 1104; x_wconf 89' lang='lat' dir='ltr'><strong>uua</strong></span> <span class='ocrx_word' id='word_1_470' title='bbox 1538 1081 1658 1108; x_wconf 87' lang='lat' dir='ltr'><strong>tantum,</strong></span> <span class='ocrx_word' id='word_1_471' title='bbox 1673 1084 1734 1111; x_wconf 69' lang='lat' dir='ltr'><strong>quae</strong></span> <span class='ocrx_word' id='word_1_472' title='bbox 1744 1082 1823 1104; x_wconf 56' lang='lat' dir='ltr'><strong>utse-</strong></span> 
     </span>
    </p>
   </div>
   <div class='ocr_carea' id='block_1_68' title="bbox 1058 1122 1823 1155">
    <p class='ocr_par' dir='ltr' id='par_1_68' title="bbox 1058 1122 1823 1155">
     <span class='ocr_line' id='line_1_68' title="bbox 1058 1122 1823 1155; baseline -0.004 -5"><span class='ocrx_word' id='word_1_473' title='bbox 1058 1123 1145 1151; x_wconf 83' lang='lat' dir='ltr'><strong>cunda</strong></span> <span class='ocrx_word' id='word_1_474' title='bbox 1162 1123 1189 1150; x_wconf 92' lang='lat' dir='ltr'><strong>in</strong></span> <span class='ocrx_word' id='word_1_475' title='bbox 1203 1123 1460 1155; x_wconf 84' lang='lat' dir='ltr'><strong>Annuntiationem,</strong></span> <span class='ocrx_word' id='word_1_476' title='bbox 1477 1127 1504 1149; x_wconf 90' lang='lat' dir='ltr'><strong>et</strong></span> <span class='ocrx_word' id='word_1_477' title='bbox 1519 1122 1626 1149; x_wconf 86' lang='lat' dir='ltr'><strong>dierum</strong></span> <span class='ocrx_word' id='word_1_478' title='bbox 1647 1123 1786 1153; x_wconf 80' lang='lat' dir='ltr'><strong>festorum,</strong></span> <span class='ocrx_word' id='word_1_479' title='bbox 1805 1128 1823 1147; x_wconf 75' lang='lat' dir='ltr'><strong>rt</strong></span> 
     </span>
    </p>
   </div>
   <div class='ocr_carea' id='block_1_69' title="bbox 1059 1166 1821 1204">
    <p class='ocr_par' dir='ltr' id='par_1_69' title="bbox 1059 1166 1821 1204">
     <span class='ocr_line' id='line_1_69' title="bbox 1059 1166 1821 1204; baseline -0.004 -9"><span class='ocrx_word' id='word_1_480' title='bbox 1059 1169 1223 1204; x_wconf 89' lang='lat' dir='ltr'><strong>hymnorum</strong></span> <span class='ocrx_word' id='word_1_481' title='bbox 1239 1167 1267 1195; x_wconf 84' lang='lat' dir='ltr'><strong>ﬁt</strong></span> <span class='ocrx_word' id='word_1_482' title='bbox 1280 1167 1391 1194; x_wconf 89' lang='lat' dir='ltr'><strong>mentio.</strong></span> <span class='ocrx_word' id='word_1_483' title='bbox 1406 1166 1471 1200; x_wconf 61' lang='lat' dir='ltr'><strong>Quae</strong></span> <span class='ocrx_word' id='word_1_484' title='bbox 1483 1166 1582 1201; x_wconf 86' lang='lat' dir='ltr'><strong>poterit</strong></span> <span class='ocrx_word' id='word_1_485' title='bbox 1605 1167 1739 1201; x_wconf 74' lang='lat' dir='ltr'><strong>assignari</strong></span> <span class='ocrx_word' id='word_1_486' title='bbox 1754 1167 1821 1193; x_wconf 68' lang='lat' dir='ltr'><strong>ratio,</strong></span> 
     </span>
    </p>
   </div>
   <div class='ocr_carea' id='block_1_70' title="bbox 1058 1211 1822 1246">
    <p class='ocr_par' dir='ltr' id='par_1_70' title="bbox 1058 1211 1822 1246">
     <span class='ocr_line' id='line_1_70' title="bbox 1058 1211 1822 1246; baseline -0.007 -4"><span class='ocrx_word' id='word_1_487' title='bbox 1058 1220 1088 1242; x_wconf 89' lang='lat' dir='ltr'><strong>ut</strong></span> <span class='ocrx_word' id='word_1_488' title='bbox 1102 1222 1155 1242; x_wconf 90' lang='lat' dir='ltr'><strong>una</strong></span> <span class='ocrx_word' id='word_1_489' title='bbox 1169 1214 1252 1241; x_wconf 88' lang='lat' dir='ltr'><strong>simul</strong></span> <span class='ocrx_word' id='word_1_490' title='bbox 1263 1221 1325 1241; x_wconf 88' lang='lat' dir='ltr'><strong>cum</strong></span> <span class='ocrx_word' id='word_1_491' title='bbox 1338 1213 1389 1240; x_wconf 88' lang='lat' dir='ltr'><strong>hac</strong></span> <span class='ocrx_word' id='word_1_492' title='bbox 1399 1212 1510 1246; x_wconf 74' lang='lat' dir='ltr'><strong>reliquae</strong></span> <span class='ocrx_word' id='word_1_493' title='bbox 1525 1212 1707 1246; x_wconf 82' lang='lat' dir='ltr'><strong>rejiciantur?</strong></span> <span class='ocrx_word' id='word_1_494' title='bbox 1728 1211 1822 1238; x_wconf 66' lang='lat' dir='ltr'><strong>Etiamsi</strong></span> 
     </span>
    </p>
   </div>
   <div class='ocr_carea' id='block_1_71' title="bbox 1057 1257 1823 1295">
    <p class='ocr_par' dir='ltr' id='par_1_71' title="bbox 1057 1257 1823 1295">
     <span class='ocr_line' id='line_1_71' title="bbox 1057 1257 1823 1295; baseline -0.005 -8"><span class='ocrx_word' id='word_1_495' title='bbox 1057 1268 1118 1295; x_wconf 80' lang='lat' dir='ltr'><strong>quae</strong></span> <span class='ocrx_word' id='word_1_496' title='bbox 1131 1259 1164 1287; x_wconf 85' lang='lat' dir='ltr'><strong>de</strong></span> <span class='ocrx_word' id='word_1_497' title='bbox 1177 1258 1253 1287; x_wconf 83' lang='lat' dir='ltr'><strong>festis</strong></span> <span class='ocrx_word' id='word_1_498' title='bbox 1273 1263 1299 1285; x_wconf 91' lang='lat' dir='ltr'><strong>et</strong></span> <span class='ocrx_word' id='word_1_499' title='bbox 1323 1258 1431 1293; x_wconf 82' lang='lat' dir='ltr'><strong>hymnis</strong></span> <span class='ocrx_word' id='word_1_500' title='bbox 1444 1258 1574 1292; x_wconf 87' lang='lat' dir='ltr'><strong>loquitur,</strong></span> <span class='ocrx_word' id='word_1_501' title='bbox 1587 1265 1603 1284; x_wconf 92' lang='lat' dir='ltr'><strong>e</strong></span> <span class='ocrx_word' id='word_1_502' title='bbox 1614 1257 1726 1292; x_wconf 87' lang='lat' dir='ltr'><strong>scriptis</strong></span> <span class='ocrx_word' id='word_1_503' title='bbox 1750 1257 1823 1284; x_wconf 85' lang='lat' dir='ltr'><strong>Thau-</strong></span> 
     </span>
    </p>
   </div>
   <div class='ocr_carea' id='block_1_72' title="bbox 1058 1304 1824 1341">
    <p class='ocr_par' dir='ltr' id='par_1_72' title="bbox 1058 1304 1824 1341">
     <span class='ocr_line' id='line_1_72' title="bbox 1058 1304 1824 1341; baseline -0.004 -8"><span class='ocrx_word' id='word_1_504' title='bbox 1058 1306 1173 1341; x_wconf 82' lang='lat' dir='ltr'><strong>maturgi</strong></span> <span class='ocrx_word' id='word_1_505' title='bbox 1196 1309 1268 1333; x_wconf 87' lang='lat' dir='ltr'><strong>esset</strong></span> <span class='ocrx_word' id='word_1_506' title='bbox 1294 1304 1509 1338; x_wconf 78' lang='lat' dir='ltr'><strong>exterminanda,</strong></span> <span class='ocrx_word' id='word_1_507' title='bbox 1528 1304 1579 1332; x_wconf 90' lang='lat' dir='ltr'><strong>ista</strong></span> <span class='ocrx_word' id='word_1_508' title='bbox 1599 1311 1655 1331; x_wconf 92' lang='lat' dir='ltr'><strong>non</strong></span> <span class='ocrx_word' id='word_1_509' title='bbox 1670 1311 1726 1331; x_wconf 89' lang='lat' dir='ltr'><strong>una</strong></span> <span class='ocrx_word' id='word_1_510' title='bbox 1747 1311 1824 1331; x_wconf 77' lang='lat' dir='ltr'><strong>secum</strong></span> 
     </span>
    </p>
   </div>
   <div class='ocr_carea' id='block_1_73' title="bbox 1058 1349 1824 1380">
    <p class='ocr_par' dir='ltr' id='par_1_73' title="bbox 1058 1349 1824 1380">
     <span class='ocr_line' id='line_1_73' title="bbox 1058 1349 1824 1380; baseline -0.007 0"><span class='ocrx_word' id='word_1_511' title='bbox 1058 1352 1177 1380; x_wconf 66' lang='lat' dir='ltr'><strong>traheret</strong></span> <span class='ocrx_word' id='word_1_512' title='bbox 1188 1352 1264 1378; x_wconf 89' lang='lat' dir='ltr'><strong>alias.</strong></span> <span class='ocrx_word' id='word_1_513' title='bbox 1279 1350 1333 1378; x_wconf 87' lang='lat' dir='ltr'><strong>Fac</strong></span> <span class='ocrx_word' id='word_1_514' title='bbox 1342 1350 1414 1378; x_wconf 91' lang='lat' dir='ltr'><strong>enim</strong></span> <span class='ocrx_word' id='word_1_515' title='bbox 1429 1350 1498 1377; x_wconf 87' lang='lat' dir='ltr'><strong>inter</strong></span> <span class='ocrx_word' id='word_1_516' title='bbox 1505 1349 1646 1377; x_wconf 85' lang='lat' dir='ltr'><strong>orationes</strong></span> <span class='ocrx_word' id='word_1_517' title='bbox 1655 1349 1824 1379; x_wconf 77' lang='lat' dir='ltr'><strong>Seleucianas,</strong></span> 
     </span>
    </p>
   </div>
   <div class='ocr_carea' id='block_1_74' title="bbox 1057 1395 1823 1434">
    <p class='ocr_par' dir='ltr' id='par_1_74' title="bbox 1057 1395 1823 1434">
     <span class='ocr_line' id='line_1_74' title="bbox 1057 1395 1823 1434; baseline -0.003 -9"><span class='ocrx_word' id='word_1_518' title='bbox 1057 1399 1099 1425; x_wconf 90' lang='lat' dir='ltr'><strong>vel</strong></span> <span class='ocrx_word' id='word_1_519' title='bbox 1122 1396 1377 1434; x_wconf 75' lang='lat' dir='ltr'><strong>Chrysostomianas</strong></span> <span class='ocrx_word' id='word_1_520' title='bbox 1396 1395 1431 1423; x_wconf 93' lang='lat' dir='ltr'><strong>sit</strong></span> <span class='ocrx_word' id='word_1_521' title='bbox 1448 1403 1513 1427; x_wconf 90' lang='lat' dir='ltr'><strong>una,</strong></span> <span class='ocrx_word' id='word_1_522' title='bbox 1539 1403 1601 1430; x_wconf 74' lang='lat' dir='ltr'><strong>qua:</strong></span> <span class='ocrx_word' id='word_1_523' title='bbox 1622 1395 1823 1423; x_wconf 75' lang='lat' dir='ltr'><strong>belcueiensem.</strong></span> 
     </span>
    </p>
   </div>
   <div class='ocr_carea' id='block_1_75' title="bbox 1057 1440 1824 1478">
    <p class='ocr_par' dir='ltr' id='par_1_75' title="bbox 1057 1440 1824 1478">
     <span class='ocr_line' id='line_1_75' title="bbox 1057 1440 1824 1478; baseline -0.005 -8"><span class='ocrx_word' id='word_1_524' title='bbox 1057 1443 1099 1470; x_wconf 88' lang='lat' dir='ltr'><strong>vel</strong></span> <span class='ocrx_word' id='word_1_525' title='bbox 1117 1442 1340 1478; x_wconf 81' lang='lat' dir='ltr'><strong>Chrysostomurn</strong></span> <span class='ocrx_word' id='word_1_526' title='bbox 1358 1448 1411 1468; x_wconf 91' lang='lat' dir='ltr'><strong>non</strong></span> <span class='ocrx_word' id='word_1_527' title='bbox 1436 1445 1582 1475; x_wconf 79' lang='lat' dir='ltr'><strong>agnoscat,</strong></span> <span class='ocrx_word' id='word_1_528' title='bbox 1609 1440 1708 1467; x_wconf 89' lang='lat' dir='ltr'><strong>ideone</strong></span> <span class='ocrx_word' id='word_1_529' title='bbox 1736 1445 1762 1467; x_wconf 86' lang='lat' dir='ltr'><strong>et</strong></span> <span class='ocrx_word' id='word_1_530' title='bbox 1779 1440 1824 1466; x_wconf 86' lang='lat' dir='ltr'><strong>reli-</strong></span> 
     </span>
    </p>
   </div>
   <div class='ocr_carea' id='block_1_76' title="bbox 1057 1484 1823 1524">
    <p class='ocr_par' dir='ltr' id='par_1_76' title="bbox 1057 1484 1823 1524">
     <span class='ocr_line' id='line_1_76' title="bbox 1057 1484 1823 1524; baseline -0.005 -9"><span class='ocrx_word' id='word_1_531' title='bbox 1057 1496 1118 1524; x_wconf 60' lang='lat' dir='ltr'><strong>quas</strong></span> <span class='ocrx_word' id='word_1_532' title='bbox 1135 1488 1194 1515; x_wconf 72' lang='lat' dir='ltr'><strong>alia:</strong></span> <span class='ocrx_word' id='word_1_533' title='bbox 1211 1486 1389 1514; x_wconf 78' lang='lat' dir='ltr'><strong>amandanda:</strong></span> <span class='ocrx_word' id='word_1_534' title='bbox 1415 1486 1497 1513; x_wconf 84' lang='lat' dir='ltr'><strong>sunt?</strong></span> <span class='ocrx_word' id='word_1_535' title='bbox 1521 1485 1614 1512; x_wconf 77' lang='grc' dir='ltr'>Κακοῦ</span> <span class='ocrx_word' id='word_1_536' title='bbox 1631 1484 1823 1520; x_wconf 67' lang='grc' dir='ltr'><strong>κόρακοςιιπὶι</strong></span> 
     </span>
    </p>
   </div>
   <div class='ocr_carea' id='block_1_77' title="bbox 1058 1531 1822 1566">
    <p class='ocr_par' dir='ltr' id='par_1_77' title="bbox 1058 1531 1822 1566">
     <span class='ocr_line' id='line_1_77' title="bbox 1058 1531 1822 1566; baseline -0.005 -5"><span class='ocrx_word' id='word_1_537' title='bbox 1058 1534 1120 1561; x_wconf 85' lang='grc' dir='ltr'><strong>ὼόν.</strong></span> <span class='ocrx_word' id='word_1_538' title='bbox 1138 1533 1210 1561; x_wconf 87' lang='lat' dir='ltr'><strong>Inter</strong></span> <span class='ocrx_word' id='word_1_539' title='bbox 1224 1533 1317 1560; x_wconf 87' lang='lat' dir='ltr'><strong>decem</strong></span> <span class='ocrx_word' id='word_1_540' title='bbox 1341 1532 1525 1560; x_wconf 85' lang='lat' dir='ltr'><strong>adolescentes</strong></span> <span class='ocrx_word' id='word_1_541' title='bbox 1545 1539 1618 1559; x_wconf 84' lang='lat' dir='ltr'><strong>unus</strong></span> <span class='ocrx_word' id='word_1_542' title='bbox 1645 1531 1758 1566; x_wconf 85' lang='lat' dir='ltr'><strong>spurius</strong></span> <span class='ocrx_word' id='word_1_543' title='bbox 1780 1535 1822 1562; x_wconf 80' lang='lat' dir='ltr'><strong>est,</strong></span> 
     </span>
    </p>
   </div>
   <div class='ocr_carea' id='block_1_78' title="bbox 1058 1577 1823 1616">
    <p class='ocr_par' dir='ltr' id='par_1_78' title="bbox 1058 1577 1823 1616">
     <span class='ocr_line' id='line_1_78' title="bbox 1058 1577 1823 1616; baseline -0.008 -8"><span class='ocrx_word' id='word_1_544' title='bbox 1058 1588 1146 1616; x_wconf 77' lang='lat' dir='ltr'><strong>neque</strong></span> <span class='ocrx_word' id='word_1_545' title='bbox 1164 1579 1330 1612; x_wconf 86' lang='lat' dir='ltr'><strong>indubitate,</strong></span> <span class='ocrx_word' id='word_1_546' title='bbox 1350 1585 1413 1612; x_wconf 85' lang='lat' dir='ltr'><strong>ergo</strong></span> <span class='ocrx_word' id='word_1_547' title='bbox 1440 1577 1530 1605; x_wconf 66' lang='lat' dir='ltr'><strong>caeteri</strong></span> <span class='ocrx_word' id='word_1_548' title='bbox 1545 1583 1642 1604; x_wconf 87' lang='lat' dir='ltr'><strong>omnes</strong></span> <span class='ocrx_word' id='word_1_549' title='bbox 1651 1577 1758 1612; x_wconf 80' lang='lat' dir='ltr'><strong>spurii?</strong></span> <span class='ocrx_word' id='word_1_550' title='bbox 1772 1577 1823 1603; x_wconf 70' lang='lat' dir='ltr'><strong>lntrr</strong></span> 
     </span>
    </p>
   </div>
   <div class='ocr_carea' id='block_1_79' title="bbox 1057 1622 1822 1660">
    <p class='ocr_par' dir='ltr' id='par_1_79' title="bbox 1057 1622 1822 1660">
     <span class='ocr_line' id='line_1_79' title="bbox 1057 1622 1822 1660; baseline -0.007 -6"><span class='ocrx_word' id='word_1_551' title='bbox 1057 1627 1150 1654; x_wconf 85' lang='lat' dir='ltr'><strong>decem</strong></span> <span class='ocrx_word' id='word_1_552' title='bbox 1166 1626 1282 1660; x_wconf 83' lang='lat' dir='ltr'><strong>pecudes</strong></span> <span class='ocrx_word' id='word_1_553' title='bbox 1295 1633 1349 1652; x_wconf 90' lang='lat' dir='ltr'><strong>una</strong></span> <span class='ocrx_word' id='word_1_554' title='bbox 1373 1625 1449 1659; x_wconf 77' lang='lat' dir='ltr'><strong>nigra</strong></span> <span class='ocrx_word' id='word_1_555' title='bbox 1469 1628 1511 1651; x_wconf 92' lang='lat' dir='ltr'><strong>cst</strong></span> <span class='ocrx_word' id='word_1_556' title='bbox 1521 1644 1528 1656; x_wconf 90' lang='lat'><strong>,</strong></span> <span class='ocrx_word' id='word_1_557' title='bbox 1543 1631 1609 1658; x_wconf 84' lang='lat' dir='ltr'><strong>ergo</strong></span> <span class='ocrx_word' id='word_1_558' title='bbox 1621 1627 1648 1650; x_wconf 90' lang='lat' dir='ltr'><strong>et</strong></span> <span class='ocrx_word' id='word_1_559' title='bbox 1663 1622 1773 1657; x_wconf 72' lang='lat' dir='ltr'><strong>reliqua:</strong></span> <span class='ocrx_word' id='word_1_560' title='bbox 1787 1630 1822 1648; x_wconf 84' lang='lat' dir='ltr'><strong>no-</strong></span> 
     </span>
    </p>
   </div>
   <div class='ocr_carea' id='block_1_80' title="bbox 1057 1667 1823 1702">
    <p class='ocr_par' dir='ltr' id='par_1_80' title="bbox 1057 1667 1823 1702">
     <span class='ocr_line' id='line_1_80' title="bbox 1057 1667 1823 1702; baseline -0.008 -3"><span class='ocrx_word' id='word_1_561' title='bbox 1057 1673 1136 1699; x_wconf 78' lang='lat' dir='ltr'><strong>vem?</strong></span> <span class='ocrx_word' id='word_1_562' title='bbox 1161 1671 1194 1699; x_wconf 86' lang='lat' dir='ltr'><strong>Et</strong></span> <span class='ocrx_word' id='word_1_563' title='bbox 1221 1676 1250 1698; x_wconf 89' lang='lat' dir='ltr'><strong>ut</strong></span> <span class='ocrx_word' id='word_1_564' title='bbox 1271 1670 1375 1702; x_wconf 85' lang='lat' dir='ltr'><strong>ﬁniam,</strong></span> <span class='ocrx_word' id='word_1_565' title='bbox 1402 1670 1472 1697; x_wconf 90' lang='lat' dir='ltr'><strong>inter</strong></span> <span class='ocrx_word' id='word_1_566' title='bbox 1496 1669 1606 1696; x_wconf 86' lang='lat' dir='ltr'><strong>critieos</strong></span> <span class='ocrx_word' id='word_1_567' title='bbox 1620 1676 1717 1696; x_wconf 85' lang='lat' dir='ltr'><strong>sacros</strong></span> <span class='ocrx_word' id='word_1_568' title='bbox 1731 1667 1823 1695; x_wconf 64' lang='lat' dir='ltr'><strong>Riretm</strong></span> 
     </span>
    </p>
   </div>
   <div class='ocr_carea' id='block_1_81' title="bbox 1057 1713 1823 1750">
    <p class='ocr_par' dir='ltr' id='par_1_81' title="bbox 1057 1713 1823 1750">
     <span class='ocr_line' id='line_1_81' title="bbox 1057 1713 1823 1750; baseline -0.008 -6"><span class='ocrx_word' id='word_1_569' title='bbox 1057 1724 1152 1744; x_wconf 90' lang='lat' dir='ltr'><strong>amens</strong></span> <span class='ocrx_word' id='word_1_570' title='bbox 1179 1716 1345 1750; x_wconf 79' lang='lat' dir='ltr'><strong>demenSque</strong></span> <span class='ocrx_word' id='word_1_571' title='bbox 1371 1718 1423 1748; x_wconf 88' lang='lat' dir='ltr'><strong>est,</strong></span> <span class='ocrx_word' id='word_1_572' title='bbox 1449 1721 1515 1749; x_wconf 73' lang='lat' dir='ltr'><strong>ergo</strong></span> <span class='ocrx_word' id='word_1_573' title='bbox 1545 1720 1571 1742; x_wconf 85' lang='lat' dir='ltr'><strong>et</strong></span> <span class='ocrx_word' id='word_1_574' title='bbox 1592 1718 1732 1749; x_wconf 89' lang='lat' dir='ltr'><strong>quotquot</strong></span> <span class='ocrx_word' id='word_1_575' title='bbox 1756 1713 1823 1740; x_wconf 56' lang='lat' dir='ltr'><strong>enim</strong></span> 
     </span>
    </p>
   </div>
   <div class='ocr_carea' id='block_1_82' title="bbox 1057 1760 1824 1796">
    <p class='ocr_par' dir='ltr' id='par_1_82' title="bbox 1057 1760 1824 1796">
     <span class='ocr_line' id='line_1_82' title="bbox 1057 1760 1824 1796; baseline -0.005 -6"><span class='ocrx_word' id='word_1_576' title='bbox 1057 1763 1127 1790; x_wconf 89' lang='lat' dir='ltr'><strong>sacri</strong></span> <span class='ocrx_word' id='word_1_577' title='bbox 1138 1761 1220 1790; x_wconf 88' lang='lat' dir='ltr'><strong>sunt?</strong></span> <span class='ocrx_word' id='word_1_578' title='bbox 1241 1761 1341 1788; x_wconf 86' lang='lat' dir='ltr'><strong>Demus</strong></span> <span class='ocrx_word' id='word_1_579' title='bbox 1363 1768 1427 1796; x_wconf 74' lang='lat' dir='ltr'><strong>ergo</strong></span> <span class='ocrx_word' id='word_1_580' title='bbox 1451 1760 1647 1788; x_wconf 86' lang='lat' dir='ltr'><strong>dubitationem</strong></span> <span class='ocrx_word' id='word_1_581' title='bbox 1666 1767 1732 1787; x_wconf 60' lang='lat' dir='ltr'><strong>esse</strong></span> <span class='ocrx_word' id='word_1_582' title='bbox 1750 1760 1781 1786; x_wconf 85' lang='lat' dir='ltr'><strong>de</strong></span> <span class='ocrx_word' id='word_1_583' title='bbox 1795 1766 1824 1785; x_wconf 59' lang='lat' dir='ltr'><strong>se</strong></span> 
     </span>
    </p>
   </div>
   <div class='ocr_carea' id='block_1_83' title="bbox 1057 1804 1825 1840">
    <p class='ocr_par' dir='ltr' id='par_1_83' title="bbox 1057 1804 1825 1840">
     <span class='ocr_line' id='line_1_83' title="bbox 1057 1804 1825 1840; baseline -0.005 -7"><span class='ocrx_word' id='word_1_584' title='bbox 1057 1807 1145 1834; x_wconf 85' lang='lat' dir='ltr'><strong>cunda</strong></span> <span class='ocrx_word' id='word_1_585' title='bbox 1163 1806 1189 1832; x_wconf 90' lang='lat' dir='ltr'><strong>in</strong></span> <span class='ocrx_word' id='word_1_586' title='bbox 1204 1804 1458 1838; x_wconf 79' lang='lat' dir='ltr'><strong>Annuntiationem,</strong></span> <span class='ocrx_word' id='word_1_587' title='bbox 1472 1805 1536 1840; x_wconf 90' lang='lat' dir='ltr'><strong>quia</strong></span> <span class='ocrx_word' id='word_1_588' title='bbox 1552 1809 1579 1832; x_wconf 86' lang='lat' dir='ltr'><strong>et</strong></span> <span class='ocrx_word' id='word_1_589' title='bbox 1601 1804 1714 1840; x_wconf 77' lang='lat' dir='ltr'><strong>hymni,</strong></span> <span class='ocrx_word' id='word_1_590' title='bbox 1733 1809 1761 1831; x_wconf 85' lang='lat' dir='ltr'><strong>et</strong></span> <span class='ocrx_word' id='word_1_591' title='bbox 1782 1804 1825 1830; x_wconf 62' lang='lat' dir='ltr'><strong>dits</strong></span> 
     </span>
    </p>
   </div>
   <div class='ocr_carea' id='block_1_84' title="bbox 1057 1849 1824 1886">
    <p class='ocr_par' dir='ltr' id='par_1_84' title="bbox 1057 1849 1824 1886">
     <span class='ocr_line' id='line_1_84' title="bbox 1057 1849 1824 1886; baseline -0.005 -7"><span class='ocrx_word' id='word_1_592' title='bbox 1057 1851 1118 1879; x_wconf 83' lang='lat' dir='ltr'><strong>festi</strong></span> <span class='ocrx_word' id='word_1_593' title='bbox 1139 1851 1165 1878; x_wconf 93' lang='lat' dir='ltr'><strong>in</strong></span> <span class='ocrx_word' id='word_1_594' title='bbox 1177 1859 1208 1879; x_wconf 89' lang='lat' dir='ltr'><strong>ea</strong></span> <span class='ocrx_word' id='word_1_595' title='bbox 1225 1851 1361 1884; x_wconf 84' lang='lat' dir='ltr'><strong>tinniunt;</strong></span> <span class='ocrx_word' id='word_1_596' title='bbox 1379 1858 1443 1885; x_wconf 77' lang='lat' dir='ltr'><strong>ergo</strong></span> <span class='ocrx_word' id='word_1_597' title='bbox 1465 1855 1607 1886; x_wconf 88' lang='lat' dir='ltr'><strong>propterea</strong></span> <span class='ocrx_word' id='word_1_598' title='bbox 1624 1855 1652 1878; x_wconf 89' lang='lat' dir='ltr'><strong>et</strong></span> <span class='ocrx_word' id='word_1_599' title='bbox 1668 1850 1731 1878; x_wconf 76' lang='lat' dir='ltr'><strong>alia:</strong></span> <span class='ocrx_word' id='word_1_600' title='bbox 1744 1849 1824 1876; x_wconf 77' lang='lat' dir='ltr'><strong>ibidem</strong></span> 
     </span>
    </p>
   </div>
   <div class='ocr_carea' id='block_1_85' title="bbox 1057 1894 1824 1926">
    <p class='ocr_par' dir='ltr' id='par_1_85' title="bbox 1057 1894 1824 1926">
     <span class='ocr_line' id='line_1_85' title="bbox 1057 1894 1824 1926; baseline -0.007 -2"><span class='ocrx_word' id='word_1_601' title='bbox 1057 1904 1170 1924; x_wconf 67' lang='lat' dir='ltr'><strong>annexa:</strong></span> <span class='ocrx_word' id='word_1_602' title='bbox 1194 1897 1221 1923; x_wconf 96' lang='lat' dir='ltr'><strong>in</strong></span> <span class='ocrx_word' id='word_1_603' title='bbox 1245 1896 1358 1924; x_wconf 90' lang='lat' dir='ltr'><strong>dubium</strong></span> <span class='ocrx_word' id='word_1_604' title='bbox 1370 1896 1528 1923; x_wconf 81' lang='lat' dir='ltr'><strong>vertantur?</strong></span> <span class='ocrx_word' id='word_1_605' title='bbox 1540 1894 1698 1926; x_wconf 81' lang='lat' dir='ltr'><strong>Vertantur,</strong></span> <span class='ocrx_word' id='word_1_606' title='bbox 1715 1894 1824 1922; x_wconf 78' lang='lat' dir='ltr'><strong>fatebitur</strong></span> 
     </span>
    </p>
   </div>
   <div class='ocr_carea' id='block_1_86' title="bbox 1056 1941 1824 1976">
    <p class='ocr_par' dir='ltr' id='par_1_86' title="bbox 1056 1941 1824 1976">
     <span class='ocr_line' id='line_1_86' title="bbox 1056 1941 1824 1976; baseline -0.005 -5"><span class='ocrx_word' id='word_1_607' title='bbox 1056 1943 1148 1973; x_wconf 78' lang='lat' dir='ltr'><strong>forsan</strong></span> <span class='ocrx_word' id='word_1_608' title='bbox 1159 1943 1283 1976; x_wconf 79' lang='lat' dir='ltr'><strong>Rivetus,</strong></span> <span class='ocrx_word' id='word_1_609' title='bbox 1302 1943 1345 1970; x_wconf 91' lang='lat' dir='ltr'><strong>cui</strong></span> <span class='ocrx_word' id='word_1_610' title='bbox 1362 1943 1453 1970; x_wconf 87' lang='lat' dir='ltr'><strong>omnia</strong></span> <span class='ocrx_word' id='word_1_611' title='bbox 1468 1949 1547 1970; x_wconf 89' lang='lat' dir='ltr'><strong>sacra</strong></span> <span class='ocrx_word' id='word_1_612' title='bbox 1563 1942 1590 1969; x_wconf 90' lang='lat' dir='ltr'><strong>in</strong></span> <span class='ocrx_word' id='word_1_613' title='bbox 1608 1941 1725 1968; x_wconf 87' lang='lat' dir='ltr'><strong>dubium</strong></span> <span class='ocrx_word' id='word_1_614' title='bbox 1739 1947 1824 1967; x_wconf 71' lang='lat' dir='ltr'><strong>vertere</strong></span> 
     </span>
    </p>
   </div>
   <div class='ocr_carea' id='block_1_87' title="bbox 1056 1985 1823 2023">
    <p class='ocr_par' dir='ltr' id='par_1_87' title="bbox 1056 1985 1823 2023">
     <span class='ocr_line' id='line_1_87' title="bbox 1056 1985 1823 2023; baseline -0.005 -7"><span class='ocrx_word' id='word_1_615' title='bbox 1056 1989 1084 2016; x_wconf 92' lang='lat' dir='ltr'><strong>in</strong></span> <span class='ocrx_word' id='word_1_616' title='bbox 1101 1989 1195 2016; x_wconf 91' lang='lat' dir='ltr'><strong>animo</strong></span> <span class='ocrx_word' id='word_1_617' title='bbox 1210 1993 1260 2016; x_wconf 89' lang='lat' dir='ltr'><strong>est.</strong></span> <span class='ocrx_word' id='word_1_618' title='bbox 1279 1988 1313 2016; x_wconf 86' lang='lat' dir='ltr'><strong>Et</strong></span> <span class='ocrx_word' id='word_1_619' title='bbox 1336 1988 1393 2015; x_wconf 66' lang='lat' dir='ltr'><strong>hate</strong></span> <span class='ocrx_word' id='word_1_620' title='bbox 1415 1988 1525 2023; x_wconf 86' lang='lat' dir='ltr'><strong>quidem</strong></span> <span class='ocrx_word' id='word_1_621' title='bbox 1543 1987 1577 2015; x_wconf 85' lang='lat' dir='ltr'><strong>ad</strong></span> <span class='ocrx_word' id='word_1_622' title='bbox 1593 1987 1716 2014; x_wconf 84' lang='lat' dir='ltr'><strong>rationes</strong></span> <span class='ocrx_word' id='word_1_623' title='bbox 1738 1985 1823 2015; x_wconf 70' lang='lat' dir='ltr'><strong>Riveli.</strong></span> 
     </span>
    </p>
   </div>
   <div class='ocr_carea' id='block_1_88' title="bbox 1055 2032 1823 2068">
    <p class='ocr_par' dir='ltr' id='par_1_88' title="bbox 1055 2032 1823 2068">
     <span class='ocr_line' id='line_1_88' title="bbox 1055 2032 1823 2068; baseline -0.004 -7"><span class='ocrx_word' id='word_1_624' title='bbox 1055 2033 1218 2066; x_wconf 86' lang='lat' dir='ltr'><strong>Gordianis,</strong></span> <span class='ocrx_word' id='word_1_625' title='bbox 1242 2038 1272 2061; x_wconf 92' lang='lat' dir='ltr'><strong>ut</strong></span> <span class='ocrx_word' id='word_1_626' title='bbox 1295 2033 1345 2068; x_wconf 88' lang='lat' dir='ltr'><strong>ipsi</strong></span> <span class='ocrx_word' id='word_1_627' title='bbox 1376 2033 1496 2066; x_wconf 89' lang='lat' dir='ltr'><strong>videtur,</strong></span> <span class='ocrx_word' id='word_1_628' title='bbox 1524 2032 1603 2060; x_wconf 86' lang='lat' dir='ltr'><strong>nodis</strong></span> <span class='ocrx_word' id='word_1_629' title='bbox 1631 2032 1823 2062; x_wconf 51' lang='lat' dir='ltr'><strong>circumﬂexu.</strong></span> 
     </span>
    </p>
   </div>
   <div class='ocr_carea' id='block_1_89' title="bbox 1055 2081 1199 2109">
    <p class='ocr_par' dir='ltr' id='par_1_89' title="bbox 1055 2081 1199 2109">
     <span class='ocr_line' id='line_1_89' title="bbox 1055 2081 1199 2109; baseline -0.014 0"><span class='ocrx_word' id='word_1_630' title='bbox 1055 2081 1123 2109; x_wconf 86' lang='lat' dir='ltr'><strong>satis</strong></span> <span class='ocrx_word' id='word_1_631' title='bbox 1135 2081 1199 2109; x_wconf 88' lang='lat' dir='ltr'><strong>sint.</strong></span> 
     </span>
    </p>
   </div>
   <div class='ocr_carea' id='block_1_90' title="bbox 1093 2124 1822 2160">
    <p class='ocr_par' dir='ltr' id='par_1_90' title="bbox 1093 2124 1822 2160">
     <span class='ocr_line' id='line_1_90' title="bbox 1093 2124 1822 2160; baseline -0.004 -6"><span class='ocrx_word' id='word_1_632' title='bbox 1093 2126 1223 2154; x_wconf 87' lang='lat' dir='ltr'><strong>Scribunt</strong></span> <span class='ocrx_word' id='word_1_633' title='bbox 1237 2126 1282 2153; x_wconf 90' lang='lat' dir='ltr'><strong>alii</strong></span> <span class='ocrx_word' id='word_1_634' title='bbox 1301 2135 1309 2153; x_wconf 89' lang='lat'><strong>:</strong></span> <span class='ocrx_word' id='word_1_635' title='bbox 1326 2125 1425 2158; x_wconf 82' lang='lat' dir='ltr'><strong>Verba,</strong></span> <span class='ocrx_word' id='word_1_636' title='bbox 1441 2133 1502 2160; x_wconf 68' lang='lat' dir='ltr'><strong>qua:</strong></span> <span class='ocrx_word' id='word_1_637' title='bbox 1518 2125 1551 2152; x_wconf 91' lang='lat' dir='ltr'><strong>ad</strong></span> <span class='ocrx_word' id='word_1_638' title='bbox 1567 2124 1697 2152; x_wconf 82' lang='lat' dir='ltr'><strong>Jordanis</strong></span> <span class='ocrx_word' id='word_1_639' title='bbox 1716 2125 1785 2160; x_wconf 81' lang='lat' dir='ltr'><strong>ripas</strong></span> <span class='ocrx_word' id='word_1_640' title='bbox 1805 2129 1822 2150; x_wconf 71' lang='lat' dir='ltr'>ﬂ</span> 
     </span>
    </p>
   </div>
   <div class='ocr_carea' id='block_1_91' title="bbox 252 2171 1822 2209">
    <p class='ocr_par' dir='ltr' id='par_1_91' title="bbox 252 2171 1822 2209">
     <span class='ocr_line' id='line_1_91' title="bbox 252 2171 1822 2209; baseline -0.004 -8"><span class='ocrx_word' id='word_1_641' title='bbox 252 2173 346 2209; x_wconf 80' lang='lat' dir='ltr'><strong>Neque</strong></span> <span class='ocrx_word' id='word_1_642' title='bbox 370 2173 436 2200; x_wconf 89' lang='lat' dir='ltr'><strong>illud</strong></span> <span class='ocrx_word' id='word_1_643' title='bbox 467 2173 649 2201; x_wconf 89' lang='lat' dir='ltr'><strong>omittendum</strong></span> <span class='ocrx_word' id='word_1_644' title='bbox 674 2176 736 2200; x_wconf 89' lang='lat' dir='ltr'><strong>est:</strong></span> <span class='ocrx_word' id='word_1_645' title='bbox 761 2172 843 2200; x_wconf 91' lang='lat' dir='ltr'><strong>verba</strong></span> <span class='ocrx_word' id='word_1_646' title='bbox 871 2171 1003 2200; x_wconf 78' lang='lat' dir='ltr'><strong>Perkinsii</strong></span> <span class='ocrx_word' id='word_1_647' title='bbox 1019 2179 1041 2206; x_wconf 85' lang='grc' dir='ltr'><strong>ι)</strong></span> <span class='ocrx_word' id='word_1_648' title='bbox 1056 2173 1084 2200; x_wconf 92' lang='lat' dir='ltr'><strong>in</strong></span> <span class='ocrx_word' id='word_1_649' title='bbox 1096 2178 1188 2200; x_wconf 89' lang='lat' dir='ltr'><strong>monte</strong></span> <span class='ocrx_word' id='word_1_650' title='bbox 1198 2172 1265 2200; x_wconf 81' lang='lat' dir='ltr'><strong>dicit</strong></span> <span class='ocrx_word' id='word_1_651' title='bbox 1280 2171 1360 2200; x_wconf 86' lang='lat' dir='ltr'><strong>Pater</strong></span> <span class='ocrx_word' id='word_1_652' title='bbox 1372 2172 1406 2199; x_wconf 88' lang='lat' dir='ltr'><strong>de</strong></span> <span class='ocrx_word' id='word_1_653' title='bbox 1416 2171 1536 2204; x_wconf 89' lang='lat' dir='ltr'><strong>Christo,</strong></span> <span class='ocrx_word' id='word_1_654' title='bbox 1551 2171 1589 2198; x_wconf 87' lang='lat' dir='ltr'><strong>ita</strong></span> <span class='ocrx_word' id='word_1_655' title='bbox 1604 2171 1748 2206; x_wconf 79' lang='lat' dir='ltr'><strong>conjungit</strong></span> <span class='ocrx_word' id='word_1_656' title='bbox 1760 2175 1822 2204; x_wconf 78' lang='lat' dir='ltr'><strong>atque</strong></span> 
     </span>
    </p>
   </div>
   <div class='ocr_carea' id='block_1_92' title="bbox 218 2219 1003 2254">
    <p class='ocr_par' dir='ltr' id='par_1_92' title="bbox 218 2219 1003 2254">
     <span class='ocr_line' id='line_1_92' title="bbox 218 2219 1003 2254; baseline -0.001 -7"><span class='ocrx_word' id='word_1_657' title='bbox 218 2227 279 2254; x_wconf 64' lang='lat' dir='ltr'><strong>quae</strong></span> <span class='ocrx_word' id='word_1_658' title='bbox 299 2219 367 2254; x_wconf 90' lang='lat' dir='ltr'><strong>ipse,</strong></span> <span class='ocrx_word' id='word_1_659' title='bbox 385 2224 415 2246; x_wconf 90' lang='lat' dir='ltr'><strong>ut</strong></span> <span class='ocrx_word' id='word_1_660' title='bbox 428 2227 511 2254; x_wconf 82' lang='lat' dir='ltr'><strong>supra</strong></span> <span class='ocrx_word' id='word_1_661' title='bbox 526 2219 592 2251; x_wconf 88' lang='lat' dir='ltr'><strong>dixi,</strong></span> <span class='ocrx_word' id='word_1_662' title='bbox 606 2227 659 2246; x_wconf 92' lang='lat' dir='ltr'><strong>non</strong></span> <span class='ocrx_word' id='word_1_663' title='bbox 671 2219 735 2252; x_wconf 90' lang='lat' dir='ltr'><strong>vidi,</strong></span> <span class='ocrx_word' id='word_1_664' title='bbox 748 2226 779 2246; x_wconf 81' lang='lat' dir='ltr'><strong>ex</strong></span> <span class='ocrx_word' id='word_1_665' title='bbox 798 2219 897 2254; x_wconf 85' lang='lat' dir='ltr'><strong>quibus</strong></span> <span class='ocrx_word' id='word_1_666' title='bbox 909 2223 948 2246; x_wconf 88' lang='lat' dir='ltr'><strong>tot</strong></span> <span class='ocrx_word' id='word_1_667' title='bbox 959 2227 1003 2246; x_wconf 93' lang='lat' dir='ltr'><strong>er-</strong></span> 
     </span>
    </p>
   </div>
   <div class='ocr_carea' id='block_1_93' title="bbox 219 2264 1004 2300">
    <p class='ocr_par' dir='ltr' id='par_1_93' title="bbox 219 2264 1004 2300">
     <span class='ocr_line' id='line_1_93' title="bbox 219 2264 1004 2300; baseline -0.001 -8"><span class='ocrx_word' id='word_1_668' title='bbox 219 2273 294 2293; x_wconf 88' lang='lat' dir='ltr'><strong>rores</strong></span> <span class='ocrx_word' id='word_1_669' title='bbox 319 2269 535 2300; x_wconf 87' lang='lat' dir='ltr'><strong>consequuntur,</strong></span> <span class='ocrx_word' id='word_1_670' title='bbox 574 2264 686 2292; x_wconf 79' lang='lat' dir='ltr'><strong>Rivetus</strong></span> <span class='ocrx_word' id='word_1_671' title='bbox 706 2264 811 2292; x_wconf 90' lang='lat' dir='ltr'><strong>videtur</strong></span> <span class='ocrx_word' id='word_1_672' title='bbox 836 2272 889 2291; x_wconf 91' lang='lat' dir='ltr'><strong>non</strong></span> <span class='ocrx_word' id='word_1_673' title='bbox 924 2264 1004 2292; x_wconf 88' lang='lat' dir='ltr'><strong>intel-</strong></span> 
     </span>
    </p>
   </div>
   <div class='ocr_carea' id='block_1_94' title="bbox 219 2309 1002 2346">
    <p class='ocr_par' dir='ltr' id='par_1_94' title="bbox 219 2309 1002 2346">
     <span class='ocr_line' id='line_1_94' title="bbox 219 2309 1002 2346; baseline -0.001 -8"><span class='ocrx_word' id='word_1_674' title='bbox 219 2311 326 2338; x_wconf 80' lang='lat' dir='ltr'><strong>lexisse.</strong></span> <span class='ocrx_word' id='word_1_675' title='bbox 350 2311 598 2346; x_wconf 80' lang='lat' dir='ltr'><strong>Argumentabatur</strong></span> <span class='ocrx_word' id='word_1_676' title='bbox 617 2310 752 2345; x_wconf 85' lang='lat' dir='ltr'><strong>siquidem</strong></span> <span class='ocrx_word' id='word_1_677' title='bbox 775 2309 950 2343; x_wconf 80' lang='lat' dir='ltr'><strong>Perkinsius,</strong></span> <span class='ocrx_word' id='word_1_678' title='bbox 979 2311 1002 2338; x_wconf 90' lang='lat' dir='ltr'><strong>si</strong></span> 
     </span>
    </p>
   </div>
   <div class='ocr_carea' id='block_1_95' title="bbox 219 2355 1002 2391">
    <p class='ocr_par' dir='ltr' id='par_1_95' title="bbox 219 2355 1002 2391">
     <span class='ocr_line' id='line_1_95' title="bbox 219 2355 1002 2391; baseline -0.001 -8"><span class='ocrx_word' id='word_1_679' title='bbox 219 2364 293 2384; x_wconf 69' lang='lat' dir='ltr'><strong>sana:</strong></span> <span class='ocrx_word' id='word_1_680' title='bbox 306 2356 406 2383; x_wconf 90' lang='lat' dir='ltr'><strong>mentis</strong></span> <span class='ocrx_word' id='word_1_681' title='bbox 424 2363 536 2391; x_wconf 86' lang='lat' dir='ltr'><strong>compos</strong></span> <span class='ocrx_word' id='word_1_682' title='bbox 551 2356 704 2387; x_wconf 86' lang='lat' dir='ltr'><strong>scribebat,</strong></span> <span class='ocrx_word' id='word_1_683' title='bbox 714 2355 856 2388; x_wconf 89' lang='lat' dir='ltr'><strong>lectiones,</strong></span> <span class='ocrx_word' id='word_1_684' title='bbox 873 2355 1002 2390; x_wconf 87' lang='lat' dir='ltr'><strong>hymnos,</strong></span> 
     </span>
    </p>
   </div>
   <div class='ocr_carea' id='block_1_96' title="bbox 218 2399 1004 2435">
    <p class='ocr_par' dir='ltr' id='par_1_96' title="bbox 218 2399 1004 2435">
     <span class='ocr_line' id='line_1_96' title="bbox 218 2399 1004 2435; baseline -0.001 -7"><span class='ocrx_word' id='word_1_685' title='bbox 218 2405 245 2428; x_wconf 91' lang='lat' dir='ltr'><strong>et</strong></span> <span class='ocrx_word' id='word_1_686' title='bbox 259 2399 332 2428; x_wconf 86' lang='lat' dir='ltr'><strong>Vitas</strong></span> <span class='ocrx_word' id='word_1_687' title='bbox 347 2405 503 2428; x_wconf 84' lang='lat' dir='ltr'><strong>sanctorum</strong></span> <span class='ocrx_word' id='word_1_688' title='bbox 526 2401 623 2428; x_wconf 86' lang='lat' dir='ltr'><strong>diebus</strong></span> <span class='ocrx_word' id='word_1_689' title='bbox 640 2400 716 2428; x_wconf 83' lang='lat' dir='ltr'><strong>festis</strong></span> <span class='ocrx_word' id='word_1_690' title='bbox 730 2400 932 2434; x_wconf 81' lang='lat' dir='ltr'><strong>convenientes,</strong></span> <span class='ocrx_word' id='word_1_691' title='bbox 948 2400 1004 2435; x_wconf 88' lang='lat' dir='ltr'><strong>pri-</strong></span> 
     </span>
    </p>
   </div>
   <div class='ocr_carea' id='block_1_97' title="bbox 219 2445 1003 2481">
    <p class='ocr_par' dir='ltr' id='par_1_97' title="bbox 219 2445 1003 2481">
     <span class='ocr_line' id='line_1_97' title="bbox 219 2445 1003 2481; baseline 0.001 -8"><span class='ocrx_word' id='word_1_692' title='bbox 219 2454 294 2474; x_wconf 89' lang='lat' dir='ltr'><strong>mum</strong></span> <span class='ocrx_word' id='word_1_693' title='bbox 306 2454 322 2474; x_wconf 91' lang='lat' dir='ltr'><strong>a</strong></span> <span class='ocrx_word' id='word_1_694' title='bbox 333 2446 431 2474; x_wconf 87' lang='lat' dir='ltr'><strong>Carolo</strong></span> <span class='ocrx_word' id='word_1_695' title='bbox 441 2446 604 2474; x_wconf 89' lang='lat' dir='ltr'><strong>constitutos</strong></span> <span class='ocrx_word' id='word_1_696' title='bbox 617 2446 711 2473; x_wconf 76' lang='lat' dir='ltr'><strong>fuisse.</strong></span> <span class='ocrx_word' id='word_1_697' title='bbox 726 2445 797 2481; x_wconf 74' lang='lat' dir='ltr'><strong>Ergo</strong></span> <span class='ocrx_word' id='word_1_698' title='bbox 813 2447 853 2473; x_wconf 77' lang='lat' dir='ltr'><strong>ha:</strong></span> <span class='ocrx_word' id='word_1_699' title='bbox 867 2446 1003 2474; x_wconf 89' lang='lat' dir='ltr'><strong>orationes</strong></span> 
     </span>
    </p>
   </div>
   <div class='ocr_carea' id='block_1_98' title="bbox 219 2491 1001 2528">
    <p class='ocr_par' dir='ltr' id='par_1_98' title="bbox 219 2491 1001 2528">
     <span class='ocr_line' id='line_1_98' title="bbox 219 2491 1001 2528; baseline -0.003 -8"><span class='ocrx_word' id='word_1_700' title='bbox 219 2496 260 2520; x_wconf 86' lang='lat' dir='ltr'><strong>tot</strong></span> <span class='ocrx_word' id='word_1_701' title='bbox 281 2496 345 2520; x_wconf 77' lang='lat' dir='ltr'><strong>ante</strong></span> <span class='ocrx_word' id='word_1_702' title='bbox 366 2493 465 2520; x_wconf 61' lang='lat' dir='ltr'><strong>saecula</strong></span> <span class='ocrx_word' id='word_1_703' title='bbox 484 2492 630 2520; x_wconf 89' lang='lat' dir='ltr'><strong>scribentis</strong></span> <span class='ocrx_word' id='word_1_704' title='bbox 654 2491 852 2528; x_wconf 77' lang='lat' dir='ltr'><strong>Thaumaturgi</strong></span> <span class='ocrx_word' id='word_1_705' title='bbox 873 2500 934 2520; x_wconf 86' lang='lat' dir='ltr'><strong>esse</strong></span> <span class='ocrx_word' id='word_1_706' title='bbox 948 2500 1001 2519; x_wconf 92' lang='lat' dir='ltr'><strong>non</strong></span> 
     </span>
    </p>
   </div>
   <div class='ocr_carea' id='block_1_99' title="bbox 219 2537 1004 2573">
    <p class='ocr_par' dir='ltr' id='par_1_99' title="bbox 219 2537 1004 2573">
     <span class='ocr_line' id='line_1_99' title="bbox 219 2537 1004 2573; baseline 0.001 -8"><span class='ocrx_word' id='word_1_707' title='bbox 219 2542 343 2573; x_wconf 88' lang='lat' dir='ltr'><strong>possunt.</strong></span> <span class='ocrx_word' id='word_1_708' title='bbox 363 2537 395 2565; x_wconf 88' lang='lat' dir='ltr'><strong>Et</strong></span> <span class='ocrx_word' id='word_1_709' title='bbox 410 2537 583 2565; x_wconf 78' lang='lat' dir='ltr'><strong>manifestum</strong></span> <span class='ocrx_word' id='word_1_710' title='bbox 605 2543 662 2570; x_wconf 86' lang='lat' dir='ltr'><strong>est,</strong></span> <span class='ocrx_word' id='word_1_711' title='bbox 685 2539 758 2573; x_wconf 90' lang='lat' dir='ltr'><strong>quod</strong></span> <span class='ocrx_word' id='word_1_712' title='bbox 787 2539 815 2566; x_wconf 89' lang='lat' dir='ltr'><strong>in</strong></span> <span class='ocrx_word' id='word_1_713' title='bbox 842 2546 936 2566; x_wconf 89' lang='lat' dir='ltr'><strong>earum</strong></span> <span class='ocrx_word' id='word_1_714' title='bbox 960 2546 1004 2566; x_wconf 83' lang='lat' dir='ltr'><strong>se-</strong></span> 
     </span>
    </p>
   </div>
   <div class='ocr_carea' id='block_1_100' title="bbox 219 2583 1001 2618">
    <p class='ocr_par' dir='ltr' id='par_1_100' title="bbox 219 2583 1001 2618">
     <span class='ocr_line' id='line_1_100' title="bbox 219 2583 1001 2618; baseline 0 -8"><span class='ocrx_word' id='word_1_715' title='bbox 219 2583 324 2616; x_wconf 79' lang='lat' dir='ltr'><strong>cunda,</strong></span> <span class='ocrx_word' id='word_1_716' title='bbox 337 2583 396 2618; x_wconf 89' lang='lat' dir='ltr'><strong>ipso</strong></span> <span class='ocrx_word' id='word_1_717' title='bbox 410 2583 499 2610; x_wconf 89' lang='lat' dir='ltr'><strong>statim</strong></span> <span class='ocrx_word' id='word_1_718' title='bbox 513 2583 606 2616; x_wconf 91' lang='lat' dir='ltr'><strong>initio,</strong></span> <span class='ocrx_word' id='word_1_719' title='bbox 620 2584 713 2611; x_wconf 84' lang='lat' dir='ltr'><strong>talium</strong></span> <span class='ocrx_word' id='word_1_720' title='bbox 729 2584 830 2612; x_wconf 88' lang='lat' dir='ltr'><strong>mentio</strong></span> <span class='ocrx_word' id='word_1_721' title='bbox 846 2584 978 2611; x_wconf 86' lang='lat' dir='ltr'><strong>habeatur</strong></span> <span class='ocrx_word' id='word_1_722' title='bbox 993 2592 1001 2610; x_wconf 86' lang='lat'>:</span> 
     </span>
    </p>
   </div>
   <div class='ocr_carea' id='block_1_101' title="bbox 224 2629 1004 2669">
    <p class='ocr_par' dir='ltr' id='par_1_101' title="bbox 224 2629 1004 2669">
     <span class='ocr_line' id='line_1_101' title="bbox 224 2629 1004 2669; baseline 0.001 -13"><span class='ocrx_word' id='word_1_723' title='bbox 224 2629 337 2665; x_wconf 80' lang='grc' dir='ltr'><strong>Ἐορτὰς</strong></span> <span class='ocrx_word' id='word_1_724' title='bbox 354 2630 404 2665; x_wconf 72' lang='grc' dir='ltr'><strong>μὲν</strong></span> <span class='ocrx_word' id='word_1_725' title='bbox 419 2630 527 2661; x_wconf 83' lang='grc' dir='ltr'><strong>ἁπάσας</strong></span> <span class='ocrx_word' id='word_1_726' title='bbox 538 2631 585 2656; x_wconf 81' lang='grc' dir='ltr'><strong>καὶ</strong></span> <span class='ocrx_word' id='word_1_727' title='bbox 596 2630 732 2669; x_wconf 71' lang='grc' dir='ltr'><strong>ὑμνῳδίας</strong></span> <span class='ocrx_word' id='word_1_728' title='bbox 744 2630 803 2657; x_wconf 83' lang='grc' dir='ltr'><strong>δέον</strong></span> <span class='ocrx_word' id='word_1_729' title='bbox 815 2631 889 2666; x_wconf 84' lang='grc' dir='ltr'><strong>ἡμᾶς</strong></span> <span class='ocrx_word' id='word_1_730' title='bbox 903 2629 1004 2657; x_wconf 78' lang='grc' dir='ltr'><strong>θυσιῶν</strong></span> 
     </span>
    </p>
   </div>
   <div class='ocr_carea' id='block_1_102' title="bbox 220 2675 1003 2712">
    <p class='ocr_par' dir='ltr' id='par_1_102' title="bbox 220 2675 1003 2712">
     <span class='ocr_line' id='line_1_102' title="bbox 220 2675 1003 2712; baseline 0.003 -11"><span class='ocrx_word' id='word_1_731' title='bbox 220 2675 297 2710; x_wconf 85' lang='grc' dir='ltr'>δίκην</span> <span class='ocrx_word' id='word_1_732' title='bbox 318 2676 482 2712; x_wconf 79' lang='grc' dir='ltr'><strong>προσφέρειν</strong></span> <span class='ocrx_word' id='word_1_733' title='bbox 507 2676 546 2711; x_wconf 82' lang='grc' dir='ltr'><strong>τῷ</strong></span> <span class='ocrx_word' id='word_1_734' title='bbox 561 2676 629 2711; x_wconf 83' lang='grc' dir='ltr'><strong>Θεῷ,</strong></span> <span class='ocrx_word' id='word_1_735' title='bbox 647 2676 754 2712; x_wconf 82' lang='grc' dir='ltr'>πρῶτον</span> <span class='ocrx_word' id='word_1_736' title='bbox 777 2677 806 2703; x_wconf 83' lang='grc' dir='ltr'><strong>δὲ</strong></span> <span class='ocrx_word' id='word_1_737' title='bbox 823 2676 930 2704; x_wconf 82' lang='grc' dir='ltr'><strong>πάντων</strong></span> <span class='ocrx_word' id='word_1_738' title='bbox 957 2676 1003 2703; x_wconf 79' lang='grc' dir='ltr'><strong>τὸν</strong></span> 
     </span>
    </p>
   </div>
   <div class='ocr_carea' id='block_1_103' title="bbox 221 2720 1002 2756">
    <p class='ocr_par' dir='ltr' id='par_1_103' title="bbox 221 2720 1002 2756">
     <span class='ocr_line' id='line_1_103' title="bbox 221 2720 1002 2756; baseline 0.001 -9"><span class='ocrx_word' id='word_1_739' title='bbox 221 2720 426 2756; x_wconf 83' lang='grc' dir='ltr'><strong>Εὑαγγελισμὺν</strong></span> <span class='ocrx_word' id='word_1_740' title='bbox 442 2721 492 2756; x_wconf 83' lang='grc' dir='ltr'><strong>τῆς</strong></span> <span class='ocrx_word' id='word_1_741' title='bbox 503 2722 585 2755; x_wconf 81' lang='grc' dir='ltr'><strong>ἁγίας</strong></span> <span class='ocrx_word' id='word_1_742' title='bbox 598 2721 738 2748; x_wconf 80' lang='grc' dir='ltr'><strong>Θεοτόκου·</strong></span> <span class='ocrx_word' id='word_1_743' title='bbox 759 2731 768 2747; x_wconf 75' lang='grc' dir='ltr'>ι</span> <span class='ocrx_word' id='word_1_744' title='bbox 780 2721 877 2748; x_wconf 89' lang='lat' dir='ltr'><strong>Sacras</strong></span> <span class='ocrx_word' id='word_1_745' title='bbox 893 2721 1002 2756; x_wconf 87' lang='lat' dir='ltr'><strong>quidem</strong></span> 
     </span>
    </p>
   </div>
   <div class='ocr_carea' id='block_1_104' title="bbox 222 2765 1004 2802">
    <p class='ocr_par' dir='ltr' id='par_1_104' title="bbox 222 2765 1004 2802">
     <span class='ocr_line' id='line_1_104' title="bbox 222 2765 1004 2802; baseline 0.004 -11"><span class='ocrx_word' id='word_1_746' title='bbox 222 2765 351 2792; x_wconf 81' lang='lat' dir='ltr'><strong>festorum</strong></span> <span class='ocrx_word' id='word_1_747' title='bbox 367 2766 537 2794; x_wconf 88' lang='lat' dir='ltr'><strong>celebritates</strong></span> <span class='ocrx_word' id='word_1_748' title='bbox 558 2771 639 2802; x_wconf 87' lang='lat' dir='ltr'><strong>atque</strong></span> <span class='ocrx_word' id='word_1_749' title='bbox 656 2768 772 2802; x_wconf 89' lang='lat' dir='ltr'><strong>hymnos</strong></span> <span class='ocrx_word' id='word_1_750' title='bbox 786 2767 864 2794; x_wconf 87' lang='lat' dir='ltr'><strong>decet</strong></span> <span class='ocrx_word' id='word_1_751' title='bbox 883 2775 934 2794; x_wconf 89' lang='lat' dir='ltr'><strong>nos</strong></span> <span class='ocrx_word' id='word_1_752' title='bbox 962 2774 1004 2794; x_wconf 86' lang='lat' dir='ltr'><strong>sa-</strong></span> 
     </span>
    </p>
   </div>
   <div class='ocr_carea' id='block_1_105' title="bbox 221 2809 1001 2845">
    <p class='ocr_par' dir='ltr' id='par_1_105' title="bbox 221 2809 1001 2845">
     <span class='ocr_line' id='line_1_105' title="bbox 221 2809 1001 2845; baseline 0.004 -8"><span class='ocrx_word' id='word_1_753' title='bbox 221 2809 385 2839; x_wconf 81' lang='lat' dir='ltr'><strong>criﬁciorum</strong></span> <span class='ocrx_word' id='word_1_754' title='bbox 400 2811 486 2839; x_wconf 85' lang='lat' dir='ltr'><strong>instar</strong></span> <span class='ocrx_word' id='word_1_755' title='bbox 498 2810 596 2840; x_wconf 75' lang='lat' dir='ltr'><strong>oﬂerre</strong></span> <span class='ocrx_word' id='word_1_756' title='bbox 611 2812 677 2845; x_wconf 89' lang='lat' dir='ltr'><strong>Deo,</strong></span> <span class='ocrx_word' id='word_1_757' title='bbox 694 2812 812 2845; x_wconf 86' lang='lat' dir='ltr'><strong>primum</strong></span> <span class='ocrx_word' id='word_1_758' title='bbox 832 2816 923 2840; x_wconf 87' lang='lat' dir='ltr'><strong>autem</strong></span> <span class='ocrx_word' id='word_1_759' title='bbox 939 2819 1001 2840; x_wconf 89' lang='lat' dir='ltr'><strong>om-</strong></span> 
     </span>
    </p>
   </div>
   <div class='ocr_carea' id='block_1_106' title="bbox 1056 2216 1821 2253">
    <p class='ocr_par' dir='ltr' id='par_1_106' title="bbox 1056 2216 1821 2253">
     <span class='ocr_line' id='line_1_106' title="bbox 1056 2216 1821 2253; baseline -0.004 -8"><span class='ocrx_word' id='word_1_760' title='bbox 1056 2218 1259 2253; x_wconf 82' lang='lat' dir='ltr'><strong>interpretatur,</strong></span> <span class='ocrx_word' id='word_1_761' title='bbox 1286 2225 1319 2245; x_wconf 91' lang='lat' dir='ltr'><strong>ac</strong></span> <span class='ocrx_word' id='word_1_762' title='bbox 1341 2217 1365 2244; x_wconf 90' lang='lat' dir='ltr'><strong>si</strong></span> <span class='ocrx_word' id='word_1_763' title='bbox 1388 2217 1445 2252; x_wconf 88' lang='lat' dir='ltr'><strong>ipsa</strong></span> <span class='ocrx_word' id='word_1_764' title='bbox 1462 2216 1590 2251; x_wconf 86' lang='lat' dir='ltr'><strong>baptismi</strong></span> <span class='ocrx_word' id='word_1_765' title='bbox 1606 2217 1673 2243; x_wconf 87' lang='lat' dir='ltr'><strong>hora</strong></span> <span class='ocrx_word' id='word_1_766' title='bbox 1688 2217 1761 2243; x_wconf 83' lang='lat' dir='ltr'><strong>dicta</strong></span> <span class='ocrx_word' id='word_1_767' title='bbox 1773 2216 1821 2242; x_wconf 65' lang='lat' dir='ltr'><strong>iui:-</strong></span> 
     </span>
    </p>
   </div>
   <div class='ocr_carea' id='block_1_107' title="bbox 1055 2261 1819 2297">
    <p class='ocr_par' dir='ltr' id='par_1_107' title="bbox 1055 2261 1819 2297">
     <span class='ocr_line' id='line_1_107' title="bbox 1055 2261 1819 2297; baseline -0.008 -6"><span class='ocrx_word' id='word_1_768' title='bbox 1055 2268 1116 2291; x_wconf 87' lang='lat' dir='ltr'><strong>sent</strong></span> <span class='ocrx_word' id='word_1_769' title='bbox 1128 2284 1136 2297; x_wconf 87' lang='lat'><strong>,</strong></span> <span class='ocrx_word' id='word_1_770' title='bbox 1154 2268 1249 2291; x_wconf 89' lang='lat' dir='ltr'><strong>auctor</strong></span> <span class='ocrx_word' id='word_1_771' title='bbox 1270 2263 1388 2291; x_wconf 72' lang='lat' dir='ltr'><strong>homiliaa</strong></span> <span class='ocrx_word' id='word_1_772' title='bbox 1408 2264 1435 2290; x_wconf 88' lang='lat' dir='ltr'><strong>in</strong></span> <span class='ocrx_word' id='word_1_773' title='bbox 1448 2261 1676 2297; x_wconf 85' lang='lat' dir='ltr'><strong>Theophauiam:</strong></span> <span class='ocrx_word' id='word_1_774' title='bbox 1700 2271 1710 2287; x_wconf 78' lang='grc' dir='ltr'>ι</span> <span class='ocrx_word' id='word_1_775' title='bbox 1730 2261 1775 2289; x_wconf 79' lang='lat' dir='ltr'><strong>Hic</strong></span> <span class='ocrx_word' id='word_1_776' title='bbox 1791 2266 1819 2287; x_wconf 60' lang='grc' dir='ltr'><strong>ετξ</strong></span> 
     </span>
    </p>
   </div>
   <div class='ocr_carea' id='block_1_108' title="bbox 1055 2308 1820 2344">
    <p class='ocr_par' dir='ltr' id='par_1_108' title="bbox 1055 2308 1820 2344">
     <span class='ocr_line' id='line_1_108' title="bbox 1055 2308 1820 2344; baseline -0.007 -8"><span class='ocrx_word' id='word_1_777' title='bbox 1055 2309 1141 2338; x_wconf 85' lang='lat' dir='ltr'><strong>Filius</strong></span> <span class='ocrx_word' id='word_1_778' title='bbox 1156 2317 1234 2338; x_wconf 87' lang='lat' dir='ltr'><strong>meus</strong></span> <span class='ocrx_word' id='word_1_779' title='bbox 1244 2309 1370 2341; x_wconf 88' lang='lat' dir='ltr'><strong>dilectus,</strong></span> <span class='ocrx_word' id='word_1_780' title='bbox 1392 2309 1419 2336; x_wconf 90' lang='lat' dir='ltr'><strong>in</strong></span> <span class='ocrx_word' id='word_1_781' title='bbox 1433 2316 1489 2344; x_wconf 92' lang='lat' dir='ltr'><strong>quo</strong></span> <span class='ocrx_word' id='word_1_782' title='bbox 1503 2309 1569 2335; x_wconf 88' lang='lat' dir='ltr'><strong>mihi</strong></span> <span class='ocrx_word' id='word_1_783' title='bbox 1595 2308 1663 2336; x_wconf 88' lang='lat' dir='ltr'><strong>bene</strong></span> <span class='ocrx_word' id='word_1_784' title='bbox 1677 2309 1820 2343; x_wconf 73' lang='lat' dir='ltr'><strong>complacuz.</strong></span> 
     </span>
    </p>
   </div>
   <div class='ocr_carea' id='block_1_109' title="bbox 1055 2354 1822 2390">
    <p class='ocr_par' dir='ltr' id='par_1_109' title="bbox 1055 2354 1822 2390">
     <span class='ocr_line' id='line_1_109' title="bbox 1055 2354 1822 2390; baseline -0.007 -7"><span class='ocrx_word' id='word_1_785' title='bbox 1055 2356 1140 2383; x_wconf 84' lang='lat' dir='ltr'><strong>Filius</strong></span> <span class='ocrx_word' id='word_1_786' title='bbox 1148 2355 1398 2387; x_wconf 79' lang='lat' dir='ltr'><strong>consubstantialis,</strong></span> <span class='ocrx_word' id='word_1_787' title='bbox 1411 2364 1420 2380; x_wconf 84' lang='lat'><strong>)</strong></span> <span class='ocrx_word' id='word_1_788' title='bbox 1429 2360 1493 2388; x_wconf 90' lang='lat' dir='ltr'><strong>etc.,</strong></span> <span class='ocrx_word' id='word_1_789' title='bbox 1502 2354 1574 2382; x_wconf 86' lang='lat' dir='ltr'><strong>unde</strong></span> <span class='ocrx_word' id='word_1_790' title='bbox 1585 2354 1729 2390; x_wconf 87' lang='lat' dir='ltr'><strong>perspicue</strong></span> <span class='ocrx_word' id='word_1_791' title='bbox 1741 2355 1822 2388; x_wconf 70' lang='lat' dir='ltr'><strong>sigmlr</strong></span> 
     </span>
    </p>
   </div>
   <div class='ocr_carea' id='block_1_110' title="bbox 1054 2399 1821 2435">
    <p class='ocr_par' dir='ltr' id='par_1_110' title="bbox 1054 2399 1821 2435">
     <span class='ocr_line' id='line_1_110' title="bbox 1054 2399 1821 2435; baseline -0.007 -6"><span class='ocrx_word' id='word_1_792' title='bbox 1054 2406 1132 2429; x_wconf 89' lang='lat' dir='ltr'><strong>catur</strong></span> <span class='ocrx_word' id='word_1_793' title='bbox 1146 2407 1284 2429; x_wconf 88' lang='lat' dir='ltr'><strong>auctorem</strong></span> <span class='ocrx_word' id='word_1_794' title='bbox 1298 2401 1371 2429; x_wconf 91' lang='lat' dir='ltr'><strong>illius</strong></span> <span class='ocrx_word' id='word_1_795' title='bbox 1386 2401 1504 2428; x_wconf 77' lang='lat' dir='ltr'><strong>homilize</strong></span> <span class='ocrx_word' id='word_1_796' title='bbox 1514 2400 1657 2435; x_wconf 80' lang='lat' dir='ltr'><strong>scripsisse</strong></span> <span class='ocrx_word' id='word_1_797' title='bbox 1670 2405 1734 2434; x_wconf 89' lang='lat' dir='ltr'><strong>post</strong></span> <span class='ocrx_word' id='word_1_798' title='bbox 1743 2399 1793 2426; x_wconf 76' lang='lat' dir='ltr'><strong>Arii</strong></span> <span class='ocrx_word' id='word_1_799' title='bbox 1803 2403 1821 2424; x_wconf 75' lang='lat' dir='ltr'><strong>et</strong></span> 
     </span>
    </p>
   </div>
   <div class='ocr_carea' id='block_1_111' title="bbox 1056 2444 1820 2480">
    <p class='ocr_par' dir='ltr' id='par_1_111' title="bbox 1056 2444 1820 2480">
     <span class='ocr_line' id='line_1_111' title="bbox 1056 2444 1820 2480; baseline -0.005 -6"><span class='ocrx_word' id='word_1_800' title='bbox 1056 2446 1165 2474; x_wconf 87' lang='lat' dir='ltr'><strong>concilii</strong></span> <span class='ocrx_word' id='word_1_801' title='bbox 1177 2444 1279 2474; x_wconf 71' lang='lat' dir='ltr'><strong>Nicmni</strong></span> <span class='ocrx_word' id='word_1_802' title='bbox 1292 2450 1428 2480; x_wconf 91' lang='lat' dir='ltr'><strong>tempora,</strong></span> <span class='ocrx_word' id='word_1_803' title='bbox 1445 2445 1500 2472; x_wconf 91' lang='lat' dir='ltr'><strong>imo</strong></span> <span class='ocrx_word' id='word_1_804' title='bbox 1516 2451 1579 2480; x_wconf 87' lang='lat' dir='ltr'><strong>post</strong></span> <span class='ocrx_word' id='word_1_805' title='bbox 1596 2446 1670 2479; x_wconf 86' lang='lat' dir='ltr'><strong>ipsos</strong></span> <span class='ocrx_word' id='word_1_806' title='bbox 1683 2444 1820 2472; x_wconf 77' lang='lat' dir='ltr'><strong>Nestorium</strong></span> 
     </span>
    </p>
   </div>
   <div class='ocr_carea' id='block_1_112' title="bbox 1053 2489 1819 2527">
    <p class='ocr_par' dir='ltr' id='par_1_112' title="bbox 1053 2489 1819 2527">
     <span class='ocr_line' id='line_1_112' title="bbox 1053 2489 1819 2527; baseline -0.005 -8"><span class='ocrx_word' id='word_1_807' title='bbox 1053 2496 1081 2519; x_wconf 91' lang='lat' dir='ltr'><strong>et</strong></span> <span class='ocrx_word' id='word_1_808' title='bbox 1105 2491 1281 2527; x_wconf 80' lang='lat' dir='ltr'><strong>Eutychctem</strong></span> <span class='ocrx_word' id='word_1_809' title='bbox 1308 2492 1461 2518; x_wconf 86' lang='lat' dir='ltr'><strong>damnatos.</strong></span> <span class='ocrx_word' id='word_1_810' title='bbox 1482 2489 1554 2517; x_wconf 81' lang='lat' dir='ltr'><strong>idem</strong></span> <span class='ocrx_word' id='word_1_811' title='bbox 1576 2498 1686 2526; x_wconf 90' lang='lat' dir='ltr'><strong>quoque</strong></span> <span class='ocrx_word' id='word_1_812' title='bbox 1702 2490 1819 2526; x_wconf 72' lang='lat' dir='ltr'><strong>judicium</strong></span> 
     </span>
    </p>
   </div>
   <div class='ocr_carea' id='block_1_113' title="bbox 1054 2537 1819 2572">
    <p class='ocr_par' dir='ltr' id='par_1_113' title="bbox 1054 2537 1819 2572">
     <span class='ocr_line' id='line_1_113' title="bbox 1054 2537 1819 2572; baseline -0.003 -8"><span class='ocrx_word' id='word_1_813' title='bbox 1054 2537 1209 2565; x_wconf 83' lang='lat' dir='ltr'><strong>iaciendum</strong></span> <span class='ocrx_word' id='word_1_814' title='bbox 1223 2537 1257 2564; x_wconf 92' lang='lat' dir='ltr'><strong>de</strong></span> <span class='ocrx_word' id='word_1_815' title='bbox 1271 2537 1408 2564; x_wconf 74' lang='lat' dir='ltr'><strong>duodecim</strong></span> <span class='ocrx_word' id='word_1_816' title='bbox 1424 2537 1555 2571; x_wconf 75' lang='lat' dir='ltr'><strong>capitibus</strong></span> <span class='ocrx_word' id='word_1_817' title='bbox 1568 2537 1600 2564; x_wconf 79' lang='lat' dir='ltr'><strong>de</strong></span> <span class='ocrx_word' id='word_1_818' title='bbox 1617 2537 1685 2572; x_wconf 74' lang='lat' dir='ltr'><strong>ﬁde,</strong></span> <span class='ocrx_word' id='word_1_819' title='bbox 1697 2545 1759 2564; x_wconf 90' lang='lat' dir='ltr'><strong>cum</strong></span> <span class='ocrx_word' id='word_1_820' title='bbox 1771 2543 1819 2562; x_wconf 74' lang='lat' dir='ltr'><strong>ana-</strong></span> 
     </span>
    </p>
   </div>
   <div class='ocr_carea' id='block_1_114' title="bbox 1054 2581 1818 2618">
    <p class='ocr_par' dir='ltr' id='par_1_114' title="bbox 1054 2581 1818 2618">
     <span class='ocr_line' id='line_1_114' title="bbox 1054 2581 1818 2618; baseline -0.005 -8"><span class='ocrx_word' id='word_1_821' title='bbox 1054 2583 1236 2611; x_wconf 78' lang='lat' dir='ltr'><strong>thematismis</strong></span> <span class='ocrx_word' id='word_1_822' title='bbox 1251 2591 1312 2618; x_wconf 83' lang='lat' dir='ltr'><strong>quae</strong></span> <span class='ocrx_word' id='word_1_823' title='bbox 1326 2590 1389 2610; x_wconf 91' lang='lat' dir='ltr'><strong>cum</strong></span> <span class='ocrx_word' id='word_1_824' title='bbox 1409 2581 1633 2610; x_wconf 85' lang='lat' dir='ltr'><strong>Nestorianorum</strong></span> <span class='ocrx_word' id='word_1_825' title='bbox 1651 2587 1677 2609; x_wconf 90' lang='lat' dir='ltr'><strong>et</strong></span> <span class='ocrx_word' id='word_1_826' title='bbox 1693 2582 1818 2617; x_wconf 59' lang='lat' dir='ltr'><strong>Eutychu-</strong></span> 
     </span>
    </p>
   </div>
   <div class='ocr_carea' id='block_1_115' title="bbox 1055 2627 1818 2663">
    <p class='ocr_par' dir='ltr' id='par_1_115' title="bbox 1055 2627 1818 2663">
     <span class='ocr_line' id='line_1_115' title="bbox 1055 2627 1818 2663; baseline -0.005 -7"><span class='ocrx_word' id='word_1_827' title='bbox 1055 2637 1152 2657; x_wconf 92' lang='lat' dir='ltr'><strong>norum</strong></span> <span class='ocrx_word' id='word_1_828' title='bbox 1168 2636 1276 2656; x_wconf 88' lang='lat' dir='ltr'><strong>errores</strong></span> <span class='ocrx_word' id='word_1_829' title='bbox 1294 2634 1321 2660; x_wconf 83' lang='lat' dir='ltr'><strong>et</strong></span> <span class='ocrx_word' id='word_1_830' title='bbox 1339 2628 1523 2663; x_wconf 87' lang='lat' dir='ltr'><strong>blasphemias</strong></span> <span class='ocrx_word' id='word_1_831' title='bbox 1539 2627 1685 2660; x_wconf 85' lang='lat' dir='ltr'><strong>damnent,</strong></span> <span class='ocrx_word' id='word_1_832' title='bbox 1703 2635 1758 2654; x_wconf 86' lang='lat' dir='ltr'><strong>non</strong></span> <span class='ocrx_word' id='word_1_833' title='bbox 1770 2634 1818 2661; x_wconf 76' lang='lat' dir='ltr'><strong>pus-</strong></span> 
     </span>
    </p>
   </div>
   <div class='ocr_carea' id='block_1_116' title="bbox 1054 2672 1818 2708">
    <p class='ocr_par' dir='ltr' id='par_1_116' title="bbox 1054 2672 1818 2708">
     <span class='ocr_line' id='line_1_116' title="bbox 1054 2672 1818 2708; baseline -0.001 -7"><span class='ocrx_word' id='word_1_834' title='bbox 1054 2679 1118 2702; x_wconf 88' lang='lat' dir='ltr'><strong>sunt</strong></span> <span class='ocrx_word' id='word_1_835' title='bbox 1136 2678 1275 2701; x_wconf 88' lang='lat' dir='ltr'><strong>auctorem</strong></span> <span class='ocrx_word' id='word_1_836' title='bbox 1291 2673 1389 2701; x_wconf 82' lang='lat' dir='ltr'><strong>habere</strong></span> <span class='ocrx_word' id='word_1_837' title='bbox 1406 2674 1566 2708; x_wconf 79' lang='lat' dir='ltr'><strong>Gregorium</strong></span> <span class='ocrx_word' id='word_1_838' title='bbox 1588 2672 1818 2707; x_wconf 72' lang='lat' dir='ltr'><strong>Thaumatnrgum.</strong></span> 
     </span>
    </p>
   </div>
   <div class='ocr_carea' id='block_1_117' title="bbox 1054 2719 1818 2755">
    <p class='ocr_par' dir='ltr' id='par_1_117' title="bbox 1054 2719 1818 2755">
     <span class='ocr_line' id='line_1_117' title="bbox 1054 2719 1818 2755; baseline -0.004 -8"><span class='ocrx_word' id='word_1_839' title='bbox 1054 2720 1100 2755; x_wconf 92' lang='lat' dir='ltr'><strong>qui</strong></span> <span class='ocrx_word' id='word_1_840' title='bbox 1117 2720 1210 2747; x_wconf 87' lang='lat' dir='ltr'><strong>multis</strong></span> <span class='ocrx_word' id='word_1_841' title='bbox 1223 2724 1285 2747; x_wconf 87' lang='lat' dir='ltr'><strong>ante</strong></span> <span class='ocrx_word' id='word_1_842' title='bbox 1299 2720 1396 2747; x_wconf 91' lang='lat' dir='ltr'><strong>harum</strong></span> <span class='ocrx_word' id='word_1_843' title='bbox 1412 2719 1551 2747; x_wconf 66' lang='lat' dir='ltr'><strong>hareseon</strong></span> <span class='ocrx_word' id='word_1_844' title='bbox 1566 2724 1656 2746; x_wconf 89' lang='lat' dir='ltr'><strong>ortum</strong></span> <span class='ocrx_word' id='word_1_845' title='bbox 1671 2719 1752 2746; x_wconf 86' lang='lat' dir='ltr'><strong>annis</strong></span> <span class='ocrx_word' id='word_1_846' title='bbox 1765 2719 1818 2745; x_wconf 74' lang='lat' dir='ltr'><strong>dirui</strong></span> 
     </span>
    </p>
   </div>
   <div class='ocr_carea' id='block_1_118' title="bbox 1053 2762 1819 2799">
    <p class='ocr_par' dir='ltr' id='par_1_118' title="bbox 1053 2762 1819 2799">
     <span class='ocr_line' id='line_1_118' title="bbox 1053 2762 1819 2799; baseline -0.005 -6"><span class='ocrx_word' id='word_1_847' title='bbox 1053 2773 1133 2794; x_wconf 90' lang='lat' dir='ltr'><strong>suum</strong></span> <span class='ocrx_word' id='word_1_848' title='bbox 1144 2765 1258 2793; x_wconf 86' lang='lat' dir='ltr'><strong>obierat.</strong></span> <span class='ocrx_word' id='word_1_849' title='bbox 1270 2764 1333 2793; x_wconf 76' lang='lat' dir='ltr'><strong>Haec</strong></span> <span class='ocrx_word' id='word_1_850' title='bbox 1345 2764 1415 2792; x_wconf 92' lang='lat' dir='ltr'><strong>ratio</strong></span> <span class='ocrx_word' id='word_1_851' title='bbox 1428 2771 1481 2792; x_wconf 92' lang='lat' dir='ltr'><strong>non</strong></span> <span class='ocrx_word' id='word_1_852' title='bbox 1490 2764 1571 2799; x_wconf 86' lang='lat' dir='ltr'><strong>plane</strong></span> <span class='ocrx_word' id='word_1_853' title='bbox 1582 2764 1731 2791; x_wconf 84' lang='lat' dir='ltr'><strong>concludit.</strong></span> <span class='ocrx_word' id='word_1_854' title='bbox 1745 2762 1819 2795; x_wconf 62' lang='lat' dir='ltr'><strong>Neque</strong></span> 
     </span>
    </p>
   </div>
   <div class='ocr_carea' id='block_1_119' title="bbox 1054 2803 1818 2846">
    <p class='ocr_par' dir='ltr' id='par_1_119' title="bbox 1054 2803 1818 2846">
     <span class='ocr_line' id='line_1_119' title="bbox 1054 2803 1818 2846; baseline -0.004 -7"><span class='ocrx_word' id='word_1_855' title='bbox 1054 2811 1126 2839; x_wconf 90' lang='lat' dir='ltr'><strong>enim</strong></span> <span class='ocrx_word' id='word_1_856' title='bbox 1148 2811 1212 2846; x_wconf 86' lang='lat' dir='ltr'><strong>quia</strong></span> <span class='ocrx_word' id='word_1_857' title='bbox 1238 2810 1349 2842; x_wconf 83' lang='lat' dir='ltr'><strong>Patrum</strong></span> <span class='ocrx_word' id='word_1_858' title='bbox 1373 2803 1516 2839; x_wconf 86' lang='lat' dir='ltr'><strong>sententiis</strong></span> <span class='ocrx_word' id='word_1_859' title='bbox 1531 2810 1662 2843; x_wconf 73' lang='lat' dir='ltr'><strong>haereses,</strong></span> <span class='ocrx_word' id='word_1_860' title='bbox 1676 2817 1738 2844; x_wconf 68' lang='lat' dir='ltr'><strong>quae</strong></span> <span class='ocrx_word' id='word_1_861' title='bbox 1762 2810 1818 2843; x_wconf 61' lang='lat' dir='ltr'><strong>ipsa:</strong></span> 
     </span>
    </p>
   </div>
  </div>
