1844 3047
25 101 53 130 ειὶξ
403 95 524 124 LEONIS
544 94 682 123 ALLATH
702 93 864 121 DlATRlBA
883 92 928 120 DE
949 92 1153 120 TllEODOl’JS.

1521 95 1589 122 1222

29 162 129 187 'secuue
159 160 236 188 sunt,
266 155 433 191 iugulantur,
464 156 524 183 ideo
548 156 616 184 bene
641 155 756 182 infertur
771 158 791 185 Α
807 161 859 188 que
878 152 1026 180 Personam
1041 161 1088 187 per
1103 161 1132 181 se
1150 152 1308 185 subsistere,
1327 157 1354 180 et
1367 153 1447 181 aliam
1465 162 1525 182 esse
1541 155 1590 190 hy-

25 211 68 233 ctas
79 203 214 231 sententias
228 202 267 229 vel
279 203 475 230 commentaria
487 223 495 235 ,
519 203 547 229 in
562 202 661 237 quibus
683 202 749 229 tales

25 250 116 277 nit-mire
136 249 300 284 digeruntur,
322 255 374 275 non
394 255 455 275 esse
473 247 583 275 Patrum
600 248 646 282 qui
663 247 749 274 haere-

25 302 59 321 ηις
75 294 249 329 praeiret-unt:
278 301 339 320 cum
373 292 488 327 Spiritus
514 297 625 321 sanctus
655 301 747 320 eorum

25 344 95 366 antem
109 342 133 365 et
151 338 280 365 calamum
304 338 441 372 dirigens,
467 343 529 366 ante
543 345 651 366 exortas
677 339 749 374 ipsas

25 392 103 417 -reses,
113 391 156 411 eas
168 383 345 418 proﬂigaveril
358 393 364 416 ;
384 389 412 411 ut
426 385 555 412 haberent
569 385 670 416 ﬁdeles,
687 392 748 412 eum

25 439 38 457 ιε
51 434 221 460 nasceremur,
239 429 271 456 ad
292 429 433 456 veritatem
451 431 645 458 ostendendam
660 431 749 458 subsi-

25 483 40 502 ι.
54 474 109 502 lude
120 475 187 502 natis
199 474 356 506 lneresibus,
372 475 417 509 qui
436 480 492 502 tum
507 475 630 502 vivebant
647 476 747 508 ﬁdeles,

38 521 193 555 antiquorum
214 520 323 548 Patrum
343 522 453 556 scriptis
479 522 587 556 eclogas
606 522 749 549 commini—

25 567 127 598 ebanlltr,
158 572 186 593 ut
206 574 304 594 novum
332 567 440 602 quidem
470 568 656 595 haereticorum
689 575 749 595 esse

25 621 84 647 gma,
97 612 156 640 illud
177 617 265 640 autem
279 612 407 641 Ecclesia:
419 613 640 648 antiquissimum
655 617 682 640 et
696 612 749 640 Pa-

25 667 52 685 ιιιι
65 659 256 686 commentariis
274 659 452 691 insinuatum,
464 667 496 686 es
506 660 605 694 quibus
617 660 681 687 illud
701 660 749 687 eli-

25 710 78 738 rent,
98 709 346 733 commonstrarent.
371 705 409 734 De
429 714 483 741 quo
499 714 549 734 nos
575 707 638 733 alibi
660 707 746 741 plura.

25 759 67 778 lare
79 751 160 786 potuit
178 756 206 778 et
224 751 446 788 Thaumaturgus
470 757 533 780 ante
553 752 748 789 Eutychianam

26 797 137 823 Arianam
150 797 273 824 haeresim
286 798 425 825 veritatem
435 806 568 832 promere,
580 800 685 834 etquod
699 799 750 826 Ec-

27 843 58 870 sia
70 843 121 877 ipsa
134 847 195 877 post
212 843 316 878 aliquot
341 844 439 871 saecula
462 844 592 872 adversus
607 845 748 872 haereticos

28 889 61 914 sui
93 888 272 917 defensionem
296 895 468 924 proponeret,
493 891 686 925 prmnuntiare.
717 891 750 918 Et

25 942 85 961 orum
108 935 173 961 ratio
194 943 248 962 non
272 943 468 971 usquequaque
490 936 590 963 absona
610 936 705 970 fuerit,
721 943 750 964 ut

25 994 26 1002 ι
44 978 119 1006 Riveti
134 989 140 1006 :
164 989 173 1005 ι
188 979 369 1006 Bellarminus
387 980 458 1013 nihiL
474 989 503 1008 se
528 981 626 1008 habere
645 987 748 1009 certum

25 1024 108 1051 lﬁtetur
130 1030 182 1052 tam
208 1026 242 1053 de
264 1026 384 1053 homiliis
410 1027 437 1053 in
464 1026 706 1055 Annuntiationem
724 1033 750 1055 et

25 1069 144 1103 iphaniam
156 1071 336 1107 Dominicam,
355 1079 437 1106 quam
453 1072 486 1099 de
504 1073 593 1100 libello
608 1073 645 1100 De
660 1075 748 1101 anima

28 1113 173 1147 Tatianum,
186 1124 305 1151 quorum
331 1122 434 1145 veteres
454 1126 505 1145 non
524 1119 716 1146 meminerunt.
737 1129 745 1145 ι

25 1168 46 1195 go
57 1161 97 1188 illa
115 1162 194 1190 dubia
214 1162 326 1190 fuerint.
353 1163 436 1196 Quasi
454 1173 517 1192 vero
529 1165 600 1200 quod
616 1167 747 1193 incertum

33 1205 192 1240 Bellarmino,
213 1209 239 1236 id
259 1217 367 1244 quoque
388 1209 415 1236 in
432 1209 552 1238 Ecclesia
568 1211 679 1239 dubium
692 1213 726 1239 sit
742 1223 748 1240 :

25 1259 124 1285 quorum
143 1261 255 1288 operum
276 1260 380 1282 veteres
396 1263 450 1282 non
469 1257 626 1290 meminere,
651 1265 682 1284 ea
705 1258 741 1285 in-

25 1303 48 1324 ta
57 1299 120 1331 sint;
134 1305 159 1327 et
173 1302 253 1335 quasi
273 1306 379 1329 veteres
391 1302 512 1329 omnium
529 1304 711 1338 meminerint,
723 1310 750 1332 et

25 1345 149 1373 iomnium
165 1352 299 1380 veterum,
316 1356 485 1384 quaecunque
496 1349 541 1377 illa
556 1349 673 1382 fuerint,
694 1359 749 1386 prm

25 1390 92 1418 nibus
107 1392 265 1422 habeamus.
285 1393 338 1421 Sed
352 1394 450 1427 Riveti,
469 1403 531 1422 cum
551 1396 681 1424 solidiora
695 1405 748 1424 non

25 1438 132 1470 mat,llili
152 1445 318 1474 nugamenta
335 1441 393 1468 haec
412 1446 485 1470 sunt.

25 1526 63 1554 lon
85 1529 170 1558 minor
192 1531 338 1560 difﬁcultas
360 1536 402 1560 est
426 1533 459 1560 de
478 1533 648 1568 Expositione
671 1535 745 1570 ﬁdei,

25 1582 51 1600 an
72 1575 113 1602 ille
130 1578 242 1612 scripsit
265 1583 293 1606 et
310 1580 469 1615 publicavit,
493 1583 653 1616 voeavitque
678 1583 747 1610 κατὰ

25 1627 67 1651 μσς·
88 1624 139 1649 no'n
153 1624 227 1659 quod
248 1632 283 1653 ex
304 1630 396 1660 parte,
418 1635 478 1662 quae
497 1634 560 1655 sunt
578 1629 639 1656 ﬁdei
661 1630 749 1657 tradat

25 1672 132 1700 exponat,
146 1669 188 1696 vel
201 1671 276 1705 quod
296 1679 344 1706 per
360 1679 451 1708 partes
465 1674 531 1701 inibi
550 1674 616 1702 ﬁdes
630 1675 748 1710 explice-

25 1732 26 1739 η
43 1711 78 1738 vel
89 1714 158 1747 quod
173 1715 256 1743 ﬁdem
276 1724 330 1744 non
348 1718 502 1746 universam
518 1720 565 1746 sed
579 1720 677 1752 partim
691 1724 747 1747 tra-

25 1759 81 1786 ,vcl
101 1761 173 1794 quod
194 1763 370 1797 particularis
392 1765 459 1793 ﬁdes
481 1765 577 1798 fuerit,
604 1767 651 1794 sed
674 1767 748 1801 quod

25 1803 83 1834 mlas
99 1810 124 1833 et
134 1808 268 1842 speciales
281 1809 342 1837 ﬁdei
354 1814 446 1844 partes
455 1811 589 1838 enucleat.
603 1811 670 1839 Eam
681 1811 748 1840 Vos-

25 1858 29 1876 l
51 1851 166 1886 invenit,
189 1855 331 1891 ediditque
346 1856 440 1885 Latine
458 1858 557 1891 solum,
574 1866 636 1886 cum
653 1859 746 1887 Graeca

36 1896 152 1927 habuerit
164 1901 217 1937 (5).
239 1901 338 1930 Subdit
351 1903 542 1938 Belial-minus,
558 1904 673 1933 fortasse
691 1905 746 1933 falli

25 1943 98 1970 sium.
115 1945 182 1973 Nam
201 1947 345 1982 Expositio
357 1949 431 1983 ﬁdei,
447 1950 527 1985 cujus
545 1951 669 1979 meminit
683 1960 748 1979 san-

25 1987 157 2019 :Basilius
183 1992 211 2019 in
234 1993 349 2028 epistola
374 2002 424 2022 ccx
446 1995 479 2022 ad
503 1995 746 2031 Neoctesarienses,

25 2040 28 2056 ε
41 2040 55 2058 a
66 2033 271 2072 Thanmatnrgo
288 2039 387 2073 scripta
403 2039 534 2067 adversus
545 2040 683 2069 ASlianum
696 2042 745 2078 (6),

26 2082 75 2106 tum
88 2081 177 2109 diliert
193 2091 209 2110 a
223 2082 357 2110 Vossiana
379 2085 451 2112 ista:
465 2085 492 2112 in
509 2085 552 2113 illa
570 2087 642 2114 enim
661 2088 745 2116 habe-

25 2133 50 2156 ιι,
66 2126 172 2156 Patrem
195 2135 224 2156 et
234 2129 334 2156 Filium
354 2130 491 2166 hypostasi
516 2140 577 2161 esse
599 2142 695 2168 unum,
719 2139 746 2162 et

802 199 932 234 postasim
946 198 1045 231 Patris,
1062 199 1142 226 aliam
1157 199 1228 232 Filii,
1242 204 1294 226 etc.
1309 198 1441 226 Praeterea
1454 199 1588 228 Vossiana

800 245 911 272 videtur
927 245 1041 272 omnino
1057 245 1157 280 scripta
1174 249 1269 272 contra
1282 244 1409 276 Arianos,
1427 252 1458 272 ac
1473 253 1521 280 per
1536 246 1590 274 hoc

801 291 867 318 satis
882 290 928 317 diu
946 296 1006 325 post
1022 295 1143 326 tempora
1159 290 1376 326 Thaumaturgi;
1395 291 1435 318 sic
1453 291 1532 318 enim
1545 292 1587 318 in-

801 337 884 371 cipit:
901 346 909 361 ι
925 336 1109 364 lnimicissimi
1135 341 1162 364 et
1185 337 1265 364 alieni
1291 345 1306 364 a
1326 337 1510 366 confessione.
1523 345 1589 372 apo-

800 383 894 410 stolica
910 387 984 414 sunt,
998 382 1042 417 qui
1061 383 1155 410 dicunt
1174 389 1234 410 esse
1249 382 1346 409 Filium
1363 390 1397 409 ex
1411 390 1464 410 non
1477 388 1589 410 exstan-

801 427 883 459 tibus,
899 437 908 453 ι
922 432 975 455 etc.
989 427 1022 454 Et
1039 427 1110 454 infra
1125 437 1131 455 :
1148 437 1157 453 ι
1170 427 1223 455 Eos
1235 435 1310 459 vero,
1324 428 1370 463 qui
1386 428 1589 455 communicant

800 481 861 500 eum
879 473 913 500 iis
928 473 975 508 qui
987 473 1114 508 rejieiunt
1129 474 1323 506 homoonsion,
1339 478 1468 509 tanquam
1484 474 1587 501 alienos

800 527 814 545 a
831 518 998 553 Scripturis;
1026 523 1053 546 ct
1078 519 1124 554 qui
1150 520 1245 546 dicunt
1273 519 1375 554 aliquid
1399 527 1434 547 ex
1454 519 1587 547 Trinitate

800 569 920 592 creatum
937 573 1007 598 esse,
1027 565 1130 593 alienos
1150 565 1350 593 existimamus.
1366 575 1376 590 ι
1403 565 1517 592 Constat
1537 573 1586 592 au-

801 615 853 637 tem
871 610 988 638 Arianos
1005 611 1107 638 dixisse
1134 610 1232 637 Filium
1250 618 1311 638 esse
1334 618 1367 637 ex
1385 617 1439 637 non
1455 610 1586 637 exstanti-

800 658 860 689 bus,
870 663 896 685 et
910 658 1036 693 reiecisse
1046 658 1236 686 homoousion.
1248 658 1401 692 Quinetiam
1417 658 1453 686 ita
1468 658 1587 693 disputat

800 704 844 731 hic
866 709 962 732 auctor
985 704 1019 731 de
1041 705 1244 737 incarnatione,
1271 710 1302 733 ut
1323 705 1448 733 videatur
1464 707 1587 734 refellere

800 750 976 778 Nes'orianos
1001 755 1028 778 et
1045 750 1240 786 Eutychianos.
1265 751 1298 778 Et
1316 752 1374 779 hzec
1388 751 1497 787 quidem
1522 758 1588 780 sunt

800 794 957 823 Bellarmini
971 800 1141 830 argumenta.

765 833 785 859 Β
834 842 930 870 Posset
944 842 1005 869 addi
1017 842 1167 869 auctoritas
1178 842 1284 870 Leontii
1303 842 1340 869 De
1351 843 1440 873 sectis,
1454 847 1508 870 act.
1521 851 1583 874 vm,

799 889 826 922 4,
837 889 884 924 qni
899 889 937 916 ait
951 898 957 916 :
979 888 1058 915 Ἀλλὰ
1073 888 1120 915 καὶ
1144 888 1227 924 ἄλλην
1253 889 1319 924 ἡμῖν
1335 888 1433 924 χρῆσιν
1460 889 1587 924 παραφέ-

800 944 900 972 ρουσιν,
916 936 954 967 ὡς
973 935 1027 963 ἀπὸ
1049 934 1097 962 τοῦ
1118 935 1195 970 ἁγίου
1221 935 1371 971 Γρηγορίου
1395 935 1441 961 τοῦ
1456 935 1587 971 Θαυματ-

799 982 896 1018 ουργοῦ
909 983 941 1009 ἐκ
951 981 1006 1016 τῆς
1019 981 1095 1008 κατὰ
1103 981 1194 1016 μέρος
1213 981 1353 1014 Πίστεως·
1367 982 1408 1008 Οὐ
1423 981 1477 1008 δύο
1491 982 1585 1015 πρόσ-

800 1036 874 1061 ωπα,
888 1030 924 1056 οὺ
937 1028 991 1055 δύο
1004 1028 1121 1062 ⁴φύσεις·
1135 1028 1171 1054 οὺ
1181 1027 1228 1054 δεῖ
1240 1027 1295 1061 γὰρ
1309 1028 1442 1061 τέσσαρα
1456 1034 1585 1061 προσκυ-

799 1076 872 1104 νεῖν-⁸
887 1077 933 1104 καὶ
946 1077 980 1104 τὰ
989 1076 1098 1111 ἐφεξῆς·
1115 1076 1229 1111 λέγομεν
1245 1075 1273 1102 δὲ
1290 1076 1336 1102 καὶ
1355 1075 1422 1111 πρὸς
1438 1075 1527 1107 τοῦτο,
1545 1076 1586 1102 ὅτι

799 1123 905 1159 πρῶτον
923 1123 971 1158 μὲν
1000 1123 1047 1149 καὶ
1075 1122 1143 1158 αὕτη
1170 1122 1333 1157 ἀμφεὸλήοη
1355 1122 1430 1157 παρὰ
1453 1123 1508 1152 τοῖς
1532 1131 1585 1148 πα-

799 1169 956 1205 λαιοτέροις,
984 1169 1021 1205 μὴ
1038 1166 1107 1196 εἶναι
1133 1168 1180 1195 τοῦ
1206 1168 1283 1202 ἁγίου
1310 1168 1471 1204 Γρηγορίου·
1491 1168 1585 1195 ἔπειτα

798 1215 948 1251 Γρηγόριος
961 1216 975 1242 ὁ
997 1215 1140 1246 Νυσσαεὺς
1162 1215 1275 1250 γράφων
1305 1215 1446 1249 ἐπιτάφιον
1469 1215 1509 1246 εἰς
1540 1214 1585 1241 τὸν

799 1261 1011 1297 Θαυματουργὺν
1038 1260 1128 1294 λέγει,
1152 1260 1235 1295 μηδὲν
1265 1260 1433 1295 σύγγραμμα
1455 1259 1584 1295 φέρεσθαι

799 1306 892 1339 αὐτοῦ,
905 1306 980 1342 εἰμὴ
1009 1307 1092 1342 μόνην
1114 1306 1161 1342 τὴν
1181 1306 1284 1338 Πίστιν,
1301 1306 1334 1340 ἣν
1359 1306 1430 1332 κατὰ
1452 1305 1584 1332 ὀπτασίαν

800 1351 880 1379 εἶδεν.
909 1362 917 1378 ι
933 1352 1077 1380 Proferunt
1095 1352 1175 1380 nobis
1194 1356 1221 1379 et
1232 1352 1312 1379 aliam
1328 1352 1474 1386 quamdam
1491 1356 1585 1379 aucto-

800 1400 907 1427 ritatem
927 1399 1013 1426 sancti
1027 1399 1150 1434 Gregorii
1168 1398 1364 1434 Thaumaturgi
1383 1406 1417 1425 ex
1432 1398 1505 1426 illius
1522 1407 1584 1426 con-

800 1445 911 1480 fessione
930 1445 992 1480 ﬁdei
1015 1446 1063 1481 τῆς
1083 1444 1153 1472 κατὰ
1172 1445 1262 1481 μέρος.
1290 1444 1352 1472 Non
1368 1446 1435 1472 duas
1448 1454 1584 1480 personas,

800 1491 898 1526 inquit,
917 1499 967 1518 non
986 1491 1054 1518 duas
1074 1496 1205 1518 naturas:
1223 1491 1285 1526 quia
1307 1499 1357 1518 non
1372 1491 1510 1518 adoranda
1523 1497 1584 1519 sunt

799 1545 921 1575 quatuor.
945 1538 978 1566 Et
1002 1539 1054 1566 alia
1077 1547 1138 1574 quae
1158 1543 1320 1574 sequuntur.
1346 1539 1386 1567 Ad
1410 1540 1463 1567 hoc
1475 1547 1586 1575 quoque

798 1584 1015 1620 respondemus,
1039 1585 1158 1619 primtttn
1186 1585 1219 1612 de
1241 1585 1292 1612 hac
1314 1585 1407 1612 itidem
1431 1585 1583 1613 dubitatum

798 1631 869 1665 apud
883 1631 1061 1666 antiquiores,
1075 1639 1109 1658 an
1125 1631 1161 1658 sit
1172 1630 1307 1665 Gregorii.
1323 1630 1426 1659 Deinde
1437 1631 1584 1667 Gregorius

798 1677 940 1714 Nyssenus
976 1677 1129 1704 oralionem
1153 1677 1186 1704 de
1210 1677 1416 1713 Thaumaturgo
1442 1677 1583 1705 funebrem

799 1725 933 1758 scribens,
951 1726 1056 1752 nullum
1077 1725 1116 1752 ait
1134 1732 1203 1759 opus
1225 1724 1311 1759 ipsius
1333 1725 1360 1752 in
1378 1725 1504 1753 manibus
1524 1733 1585 1754 esse

798 1776 895 1806 prmter
906 1771 992 1799 solam
1008 1771 1113 1803 Fidem,
1130 1778 1212 1806 quam
1224 1771 1251 1798 in
1264 1771 1369 1799 visione
1384 1772 1582 1807 conspexerit.»

798 1818 853 1846 Nec
871 1818 944 1845 aliud
964 1818 1084 1846 sensisse
1101 1817 1244 1852 Eulogium
1266 1818 1450 1853 patriarcham
1465 1818 1585 1846 Alexan-

797 1864 905 1891 drinum
920 1864 1056 1900 colligitur
1069 1871 1102 1891 ex
1118 1864 1335 1892 oratione.illius
1348 1865 1424 1892 tertia
1453 1864 1584 1892 adversus

798 1909 995 1938 calumniantes
1008 1915 1117 1938 sanctos
1129 1909 1234 1942 Patres,
1255 1915 1283 1938 et
1306 1911 1452 1939 concilium
1470 1911 1585 1940 Chalce-

797 1956 918 1984 donense
939 1956 988 1992 (7),
1012 1964 1074 1985 ettm
1092 1956 1157 1984 dicit
1175 1966 1182 1984 :
1199 1957 1269 1983 Εἰδέ
1288 1965 1330 1989 τις
1343 1958 1410 1993 ἡμῖν
1427 1958 1585 1986 ’Λοανάσιον

798 2001 827 2027 ὲν
846 2001 886 2036 τῷ
898 2001 969 2035 Περὶ
989 2001 1171 2035 σαρκώσεως
1186 2001 1346 2039 προκομίζει
1369 2002 1449 2037 λόγῳ,
1472 2003 1519 2030 καὶ
1538 2003 1585 2031 τὸν

797 2047 1011 2082 Νεοκαισαρείας
1034 2048 1182 2083 Γρηγόριον
1204 2048 1233 2074 ὲν
1263 2047 1301 2082 τῷ
1326 2048 1396 2081 Περὶ
1427 2048 1482 2082 τῆς
1509 2049 1584 2076 κατὰ

793 2093 884 2128 μέρος
900 2094 1039 2126 πίστεως,
1057 2093 1103 2120 δύο
1120 2094 1208 2128 λέγειν
1226 2094 1389 2129 ,κωλύοντας
1404 2094 1450 2121 ἐπὶ
1464 2095 1583 2131 Χριστοῦ

795 2139 845 2171 τὰς
857 2139 961 2174 φύσεις,
973 2147 1000 2166 κ.
1014 2148 1039 2166 τ.
1051 2138 1075 2165 λ.
1093 2148 1103 2164 ι
1118 2138 1146 2166 Si
1161 2147 1224 2166 vero
1236 2139 1297 2173 quis
1312 2138 1391 2166 nobis
1401 2139 1581 2167 Athanasium

50 2172 147 2221 animi~
156 2174 326 2221 cogitatione
355 2176 504 2211 distingui,
529 2178 601 2206 unde
625 2180 744 2215 suspicio
761 2190 782 2218 υ
797 2185 916 2220 proferat
930 2186 957 2212 in
975 2185 1044 2213 libro
1061 2185 1100 2213 De
1118 2186 1315 2218 incarnatione;
1331 2185 1489 2221 Gregorium
1517 2186 1581 2214 item

35 2222 88 2244 erat
103 2225 117 2245 a
128 2218 264 2255 Gregorio
279 2219 363 2248 foveri
378 2221 500 2250 haeresim
511 2222 636 2257 Sabellii;
649 2234 746 2259 quam-

25 2269 52 2288 !m
82 2271 144 2291 eum
167 2265 288 2294 Basilius
320 2274 335 2293 a
360 2266 560 2297 Sabellianismi
591 2272 746 2306 suspicione

25 2307 99 2336 nderc
119 2311 282 2345 contendit;
304 2312 351 2340 sed
368 2312 500 2341 Vossiana
523 2315 671 2344 Sabellium
695 2327 746 2346 no-

25 2354 79 2381 llim
106 2357 221 2389 refutat,
245 2366 335 2394 neque
360 2368 480 2394 unquam
506 2361 571 2390 dicit
589 2363 696 2392 Patrem
719 2370 745 2393 ct

25 2407 53 2426 un
68 2402 211 2437 hypostasi
230 2412 292 2432 esse
309 2413 404 2440 unum,
420 2413 446 2434 et
462 2409 518 2436 sola
538 2410 653 2438 rationis
669 2413 744 2447 cogi-

28 2455 57 2473 ee
69 2448 222 2485 distingui;
246 2452 293 2478 sed
314 2458 409 2481 contra
431 2455 513 2486 dicit,
533 2455 639 2484 Patrem
659 2463 686 2485 et
701 2458 745 2485 Fi-

40 2500 132 2522 natura
147 2496 306 2525 divinitatis
322 2506 382 2526 esse
402 2507 498 2533 unum,
521 2506 547 2528 et
561 2510 742 2538 unamquam-

25 2572 194 2621 iﬁgregium
219 2577 273 2618 hoc
295 2586 346 2621 nec
367 2579 632 2621 breve-opusculum
653 2583 744 2621 Thau-

26 2613 147 2654 irgi'nos
167 2613 292 2653 denique
309 2613 400 2642 Graece
420 2613 555 2644 edidimus
578 2625 610 2644 ex
631 2620 744 2654 antiquo

25 2652 49 2670 ce
69 2644 205 2674 Vaticano
232 2657 260 2674 ιιι
273 2649 420 2687 volumine
443 2652 559 2687 septimo
577 2652 742 2687 Scriptorum

27 2687 77 2717 1H3.
90 2687 166 2717 part.
184 2691 204 2714 ι,
230 2683 393 2717 p.170-l76.
407 2683 485 2713 Α.Μζ

25 2714 269 2759 [iluittsmqnoq'ue
283 2721 417 2759 opusculi,
432 2722 504 2759 quod
522 2719 744 2759 Thaumaturgus

25 2751 62 2777 usit
77 2751 116 2778 De
129 2751 279 2792 Trinitate,
300 2751 472 2792 insignenos
488 2757 669 2792 fragmentum
685 2751 743 2786 eiii;

25 2792 97 2829 Iahon
119 2787 231 2829 codicem
245 2787 366 2829 Arabico
377 2789 438 2829 Vat.
454 2791 500 2829 _(in
518 2787 607 2829 quam
622 2793 742 2829 linguam

31 2826 196 2851 conversam
216 2821 317 2858 fuerat)
341 2823 433 2860 Spicil.
450 2821 564 2864 Romf}.
577 2827 619 2862 Ill,
639 2821 743 2864 p7696-

798 2231 1033 2267 Thaumaturgum
1055 2231 1082 2259 in
1101 2232 1171 2259 libro
1189 2231 1228 2258 De
1256 2232 1307 2266 ﬁde
1331 2232 1472 2259 secundum
1493 2237 1581 2267 partes

796 2277 925 2312 exposita,
942 2277 1117 2312 prohibentes
1140 2277 1207 2304 duas
1223 2277 1250 2303 ill
1264 2276 1375 2304 Christo
1395 2284 1518 2304 asserere
1534 2286 1581 2304 na-

796 2327 884 2354 turas,
899 2332 908 2349 »
931 2327 984 2350 etc.
1009 2322 1042 2350 Et
1059 2330 1093 2350 ne
1105 2323 1138 2350 de
1155 2322 1208 2349 alia
1221 2330 1282 2349 eum
1304 2323 1378 2358 loqui
1393 2323 1513 2358 suspicio
1525 2324 1582 2350 ori-

796 2373 881 2401 retur,
899 2368 969 2396 infra
988 2376 1021 2395 ex
1039 2368 1132 2396 eadem
1152 2368 1204 2403 ﬁde
1217 2369 1298 2396 verba
1322 2369 1367 2396 illa
1383 2368 1497 2403 profert,
1520 2377 1582 2405 qua:

795 2414 958 2449 Apollinaris
975 2414 1139 2449 impietatem
1159 2414 1281 2442 redolere
1298 2415 1460 2442 videbantur
1475 2424 1481 2442 :
1499 2415 1530 2442 'H
1549 2415 1580 2443 δὲ

795 2460 840 2486 τὸν
855 2460 1067 2496 Θαυματουργὺν
1081 2460 1230 2497 Γρηγόριον
1244 2460 1447 2497 ὑποϐαλλομένη
1471 2461 1580 2497 χρῆσις,

794 2506 902 2541 λέγεται
923 2507 972 2542 μὲν
997 2506 1051 2542 γὰρ
1063 2507 1165 2534 ἐκείνου
1177 2527 1184 2539 ,
1195 2507 1239 2534 τὸν
1259 2507 1287 2534 δὲ
1311 2508 1512 2545 Ἀπολλινάριον
1524 2509 1580 2535 εἰσ-

985 2621 1075 2663 hoc'et
1087 2617 1260 2663 subsequens
1273 2622 1578 2663 Eulogiitestimonium

795 2657 911 2685 Allatius
929 2657 983 2684 ἀπὸ
1001 2657 1134 2689 στόματος
1149 2657 1253 2685 Φώτίου
1277 2659 1304 2686 in
1320 2657 1499 2689 Bibliotheca,
1515 2659 1578 2686 cod.

793 2700 891 2725 ccxxx,
910 2700 937 2727 p.
949 2692 1011 2728 845.
1030 2692 1123 2727 Neque
1136 2693 1208 2720 enim
1226 2694 1333 2720 illarum
1347 2694 1377 2720 11
1392 2693 1497 2728 Eulogii
1518 2701 1581 2721 ora-

795 2728 898 2772 tionum
911 2727 1421 2772 quidq'uatn‘superesthpraeterlphotii
1440 2727 1578 2772 φέροι-ΗΞ.

793 2762 849 2790 Nos
870 2767 959 2790 tamen
982 2762 1080 2798 Script.
1095 2762 1146 2790 vet.
1165 2769 1184 2791 ι.
1199 2763 1255 2797 VII,
1272 2767 1343 2798 part.
1355 2771 1376 2797 ι,
1397 2771 1425 2798 p.
1439 2763 1500 2796 l77,
1517 2762 1580 2798 178,

793 2804 826 2834 ex
847 2798 900 2824 alio
913 2796 1020 2834 Eulogii
1042 2798 1198 2833 dogmatico
1224 2807 1306 2834 opere
1324 2807 1379 2828 non
1395 2799 1580 2834 spernendum

1224 2807 1306 2834 opere
1324 2807 1379 2828 non
1395 2799 1580 2834 spernendum

794 2807 826 2824 ex
847 2807 900 2824 3110
913 2807 1020 2834 ῑιυιοςιι
1042 2807 1198 2833 uogmatlco
1224 2807 1241 2824 0
1260 2812 1261 2820 ι

794 2832 976 2865 fragmentum
994 2834 1166 2867 protulimus.
1180 2834 1212 2862 Α.
