  <div class='ocr_page' id='page_1' title='image "/cluster/home/n/w/nwhite01/storage/ocr_20150623/10/njp.32101077772406/686.png"; bbox 0 0 1844 3047; ppageno 0'>
   <div class='ocr_carea' id='block_1_1' title="bbox 23 110 76 138">
    <p class='ocr_par' dir='ltr' id='par_1_1' title="bbox 23 110 76 138">
     <span class='ocr_line' id='line_1_1' title="bbox 23 110 76 138; baseline -0.019 0"><span class='ocrx_word' id='word_1_1' title='bbox 23 110 76 138; x_wconf 70' lang='grc'><strong>1225</strong></span> 
     </span>
    </p>
   </div>
   <div class='ocr_carea' id='block_1_2' title="bbox 390 103 1155 136">
    <p class='ocr_par' dir='ltr' id='par_1_2' title="bbox 390 103 1155 136">
     <span class='ocr_line' id='line_1_2' title="bbox 390 103 1155 136; baseline -0.001 -2"><span class='ocrx_word' id='word_1_2' title='bbox 390 121 392 124; x_wconf 91' lang='grc'><strong>-</strong></span> <span class='ocrx_word' id='word_1_3' title='bbox 416 106 539 136; x_wconf 74' lang='lat' dir='ltr'><strong>LEONIS</strong></span> <span class='ocrx_word' id='word_1_4' title='bbox 555 103 690 134; x_wconf 72' lang='lat' dir='ltr'><strong>ALLATll</strong></span> <span class='ocrx_word' id='word_1_5' title='bbox 707 106 867 135; x_wconf 72' lang='lat' dir='ltr'><strong>DlATlllBA</strong></span> <span class='ocrx_word' id='word_1_6' title='bbox 886 105 929 134; x_wconf 86' lang='lat' dir='ltr'><strong>DE</strong></span> <span class='ocrx_word' id='word_1_7' title='bbox 949 104 1155 134; x_wconf 75' lang='lat' dir='ltr'><strong>THEODORIS.</strong></span> 
     </span>
    </p>
   </div>
   <div class='ocr_carea' id='block_1_3' title="bbox 1538 105 1607 133">
    <p class='ocr_par' dir='ltr' id='par_1_3' title="bbox 1538 105 1607 133">
     <span class='ocr_line' id='line_1_3' title="bbox 1538 105 1607 133; baseline 0.014 -1"><span class='ocrx_word' id='word_1_8' title='bbox 1538 106 1548 132; x_wconf 81' lang='lat' dir='ltr'><strong>l</strong></span> <span class='ocrx_word' id='word_1_9' title='bbox 1555 105 1607 133; x_wconf 64' lang='lat'><strong>2‘26</strong></span> 
     </span>
    </p>
   </div>
   <div class='ocr_carea' id='block_1_4' title="bbox 20 161 748 199">
    <p class='ocr_par' dir='ltr' id='par_1_4' title="bbox 20 163 748 199">
     <span class='ocr_line' id='line_1_4' title="bbox 20 163 748 199; baseline -0.007 -3"><span class='ocrx_word' id='word_1_10' title='bbox 20 167 162 197; x_wconf 76' lang='lat' dir='ltr'><strong>divinitatem</strong></span> <span class='ocrx_word' id='word_1_11' title='bbox 190 163 250 192; x_wconf 83' lang='lat' dir='ltr'><strong>Filii</strong></span> <span class='ocrx_word' id='word_1_12' title='bbox 269 171 322 192; x_wconf 91' lang='lat' dir='ltr'><strong>non</strong></span> <span class='ocrx_word' id='word_1_13' title='bbox 346 164 462 199; x_wconf 91' lang='lat' dir='ltr'><strong>primum</strong></span> <span class='ocrx_word' id='word_1_14' title='bbox 487 164 599 196; x_wconf 85' lang='lat' dir='ltr'><strong>Arium,</strong></span> <span class='ocrx_word' id='word_1_15' title='bbox 627 164 673 191; x_wconf 87' lang='lat' dir='ltr'><strong>sed</strong></span> <span class='ocrx_word' id='word_1_16' title='bbox 702 164 748 191; x_wconf 83' lang='lat' dir='ltr'><strong>alic</strong></span> 
     </span>
    </p>
   </div>
   <div class='ocr_carea' id='block_1_5' title="bbox 879 161 1607 199">
    <p class='ocr_par' dir='ltr' id='par_1_5' title="bbox 887 161 1607 199">
     <span class='ocr_line' id='line_1_5' title="bbox 887 161 1607 199; baseline 0 -10"><span class='ocrx_word' id='word_1_17' title='bbox 887 163 1037 199; x_wconf 71' lang='grc' dir='ltr'><strong>μαρτυρίαν</strong></span> <span class='ocrx_word' id='word_1_18' title='bbox 1053 161 1204 198; x_wconf 79' lang='grc' dir='ltr'>Γρηγόριον</span> <span class='ocrx_word' id='word_1_19' title='bbox 1227 162 1272 188; x_wconf 75' lang='grc' dir='ltr'>τὸν</span> <span class='ocrx_word' id='word_1_20' title='bbox 1293 163 1321 188; x_wconf 86' lang='grc' dir='ltr'>ὲν</span> <span class='ocrx_word' id='word_1_21' title='bbox 1345 161 1463 196; x_wconf 77' lang='grc' dir='ltr'>θαύμασι</span> <span class='ocrx_word' id='word_1_22' title='bbox 1494 162 1607 198; x_wconf 80' lang='grc' dir='ltr'>διαλάμ-</span> 
     </span>
    </p>
   </div>
   <div class='ocr_carea' id='block_1_6' title="bbox 18 208 768 244">
    <p class='ocr_par' dir='ltr' id='par_1_6' title="bbox 18 208 768 244">
     <span class='ocr_line' id='line_1_6' title="bbox 18 208 768 244; baseline -0.008 -3"><span class='ocrx_word' id='word_1_23' title='bbox 18 214 84 241; x_wconf 84' lang='lat' dir='ltr'><strong>etiam</strong></span> <span class='ocrx_word' id='word_1_24' title='bbox 97 213 153 238; x_wconf 89' lang='lat' dir='ltr'><strong>ante</strong></span> <span class='ocrx_word' id='word_1_25' title='bbox 168 209 255 244; x_wconf 91' lang='lat' dir='ltr'><strong>ipsum</strong></span> <span class='ocrx_word' id='word_1_26' title='bbox 269 209 302 236; x_wconf 86' lang='lat' dir='ltr'><strong>ab</strong></span> <span class='ocrx_word' id='word_1_27' title='bbox 317 209 375 243; x_wconf 83' lang='lat' dir='ltr'><strong>ipso</strong></span> <span class='ocrx_word' id='word_1_28' title='bbox 385 208 488 235; x_wconf 77' lang='lat' dir='ltr'><strong>Christi</strong></span> <span class='ocrx_word' id='word_1_29' title='bbox 508 209 622 236; x_wconf 85' lang='lat' dir='ltr'><strong>adventu</strong></span> <span class='ocrx_word' id='word_1_30' title='bbox 640 216 768 243; x_wconf 78' lang='lat' dir='ltr'><strong>negasse;</strong></span> 
     </span>
    </p>
   </div>
   <div class='ocr_carea' id='block_1_7' title="bbox 18 253 771 289">
    <p class='ocr_par' dir='ltr' id='par_1_7' title="bbox 18 253 771 289">
     <span class='ocr_line' id='line_1_7' title="bbox 18 253 771 289; baseline -0.008 -3"><span class='ocrx_word' id='word_1_31' title='bbox 18 264 39 286; x_wconf 77' lang='lat' dir='ltr'><strong>et</strong></span> <span class='ocrx_word' id='word_1_32' title='bbox 62 256 236 284; x_wconf 85' lang='lat' dir='ltr'><strong>Nestorianam</strong></span> <span class='ocrx_word' id='word_1_33' title='bbox 269 254 391 281; x_wconf 71' lang='lat' dir='ltr'><strong>luere-sim</strong></span> <span class='ocrx_word' id='word_1_34' title='bbox 419 253 669 289; x_wconf 80' lang='lat' dir='ltr'><strong>Eutychianamque</strong></span> <span class='ocrx_word' id='word_1_35' title='bbox 708 258 771 281; x_wconf 84' lang='lat' dir='ltr'><strong>ante</strong></span> 
     </span>
    </p>
   </div>
   <div class='ocr_carea' id='block_1_8' title="bbox 18 299 771 339">
    <p class='ocr_par' dir='ltr' id='par_1_8' title="bbox 18 299 771 339">
     <span class='ocr_line' id='line_1_8' title="bbox 18 299 771 339; baseline -0.008 -8"><span class='ocrx_word' id='word_1_36' title='bbox 18 307 90 339; x_wconf 88' lang='lat' dir='ltr'><strong>ipsum</strong></span> <span class='ocrx_word' id='word_1_37' title='bbox 106 301 254 328; x_wconf 86' lang='lat' dir='ltr'><strong>Nestorium</strong></span> <span class='ocrx_word' id='word_1_38' title='bbox 278 305 305 328; x_wconf 90' lang='lat' dir='ltr'><strong>et</strong></span> <span class='ocrx_word' id='word_1_39' title='bbox 331 299 507 335; x_wconf 84' lang='lat' dir='ltr'><strong>Eutychetem</strong></span> <span class='ocrx_word' id='word_1_40' title='bbox 526 300 560 328; x_wconf 88' lang='lat' dir='ltr'><strong>ab</strong></span> <span class='ocrx_word' id='word_1_41' title='bbox 580 300 641 327; x_wconf 86' lang='lat' dir='ltr'><strong>aliis</strong></span> <span class='ocrx_word' id='word_1_42' title='bbox 664 307 771 334; x_wconf 89' lang='lat' dir='ltr'><strong>quoque</strong></span> 
     </span>
    </p>
   </div>
   <div class='ocr_carea' id='block_1_9' title="bbox 18 345 771 382">
    <p class='ocr_par' dir='ltr' id='par_1_9' title="bbox 18 345 771 382">
     <span class='ocr_line' id='line_1_9' title="bbox 18 345 771 382; baseline -0.005 -6"><span class='ocrx_word' id='word_1_43' title='bbox 18 350 86 376; x_wconf 78' lang='lat' dir='ltr'><strong>fuisse</strong></span> <span class='ocrx_word' id='word_1_44' title='bbox 105 347 309 382; x_wconf 74' lang='lat' dir='ltr'><strong>promulgatam,</strong></span> <span class='ocrx_word' id='word_1_45' title='bbox 333 346 443 373; x_wconf 91' lang='lat' dir='ltr'><strong>memini</strong></span> <span class='ocrx_word' id='word_1_46' title='bbox 467 354 511 373; x_wconf 87' lang='lat' dir='ltr'><strong>me</strong></span> <span class='ocrx_word' id='word_1_47' title='bbox 538 346 601 373; x_wconf 84' lang='lat' dir='ltr'><strong>alibi</strong></span> <span class='ocrx_word' id='word_1_48' title='bbox 625 346 692 373; x_wconf 84' lang='lat' dir='ltr'><strong>satis</strong></span> <span class='ocrx_word' id='word_1_49' title='bbox 712 345 771 372; x_wconf 81' lang='lat' dir='ltr'><strong>fuse</strong></span> 
     </span>
    </p>
   </div>
   <div class='ocr_carea' id='block_1_10' title="bbox 18 391 772 428">
    <p class='ocr_par' dir='ltr' id='par_1_10' title="bbox 18 391 772 428">
     <span class='ocr_line' id='line_1_10' title="bbox 18 391 772 428; baseline -0.004 -8"><span class='ocrx_word' id='word_1_50' title='bbox 18 394 137 428; x_wconf 68' lang='lat' dir='ltr'><strong>probasse.</strong></span> <span class='ocrx_word' id='word_1_51' title='bbox 163 391 322 418; x_wconf 74' lang='lat' dir='ltr'><strong>Vossianam</strong></span> <span class='ocrx_word' id='word_1_52' title='bbox 344 399 409 418; x_wconf 86' lang='lat' dir='ltr'><strong>vero</strong></span> <span class='ocrx_word' id='word_1_53' title='bbox 424 399 530 426; x_wconf 84' lang='lat' dir='ltr'><strong>semper</strong></span> <span class='ocrx_word' id='word_1_54' title='bbox 549 400 564 418; x_wconf 92' lang='lat' dir='ltr'><strong>a</strong></span> <span class='ocrx_word' id='word_1_55' title='bbox 581 399 634 418; x_wconf 89' lang='lat' dir='ltr'><strong>non</strong></span> <span class='ocrx_word' id='word_1_56' title='bbox 652 396 772 419; x_wconf 86' lang='lat' dir='ltr'><strong>conteru-</strong></span> 
     </span>
    </p>
   </div>
   <div class='ocr_carea' id='block_1_11' title="bbox 18 438 771 470">
    <p class='ocr_par' dir='ltr' id='par_1_11' title="bbox 18 438 771 470">
     <span class='ocr_line' id='line_1_11' title="bbox 18 438 771 470; baseline -0.004 -4"><span class='ocrx_word' id='word_1_57' title='bbox 18 440 96 467; x_wconf 87' lang='lat' dir='ltr'><strong>nendis</strong></span> <span class='ocrx_word' id='word_1_58' title='bbox 114 438 278 470; x_wconf 80' lang='lat' dir='ltr'><strong>auctoribus,</strong></span> <span class='ocrx_word' id='word_1_59' title='bbox 303 443 330 464; x_wconf 88' lang='lat' dir='ltr'><strong>ct</strong></span> <span class='ocrx_word' id='word_1_60' title='bbox 354 438 381 464; x_wconf 90' lang='lat' dir='ltr'><strong>in</strong></span> <span class='ocrx_word' id='word_1_61' title='bbox 402 438 589 465; x_wconf 86' lang='lat' dir='ltr'><strong>discernendis</strong></span> <span class='ocrx_word' id='word_1_62' title='bbox 616 443 771 465; x_wconf 87' lang='lat' dir='ltr'><strong>sanctorum</strong></span> 
     </span>
    </p>
   </div>
   <div class='ocr_carea' id='block_1_12' title="bbox 18 484 771 520">
    <p class='ocr_par' dir='ltr' id='par_1_12' title="bbox 18 484 771 520">
     <span class='ocr_line' id='line_1_12' title="bbox 18 484 771 520; baseline -0.004 -7"><span class='ocrx_word' id='word_1_63' title='bbox 18 485 107 520; x_wconf 55' lang='lat' dir='ltr'><strong>)criptis</strong></span> <span class='ocrx_word' id='word_1_64' title='bbox 119 484 329 512; x_wconf 83' lang='lat' dir='ltr'><strong>accuratissimis</strong></span> <span class='ocrx_word' id='word_1_65' title='bbox 341 485 458 520; x_wconf 71' lang='lat' dir='ltr'><strong>agt-itam</strong></span> <span class='ocrx_word' id='word_1_66' title='bbox 472 484 552 512; x_wconf 82' lang='lat' dir='ltr'><strong>veluti</strong></span> <span class='ocrx_word' id='word_1_67' title='bbox 566 484 771 518; x_wconf 80' lang='lat' dir='ltr'><strong>Thaumaturgi,</strong></span> 
     </span>
    </p>
   </div>
   <div class='ocr_carea' id='block_1_13' title="bbox 18 531 766 565">
    <p class='ocr_par' dir='ltr' id='par_1_13' title="bbox 18 531 766 565">
     <span class='ocr_line' id='line_1_13' title="bbox 18 531 766 565; baseline -0.001 -7"><span class='ocrx_word' id='word_1_68' title='bbox 18 537 34 558; x_wconf 66' lang='lat' dir='ltr'><strong>at</strong></span> <span class='ocrx_word' id='word_1_69' title='bbox 45 531 238 565; x_wconf 79' lang='lat' dir='ltr'><strong>Thaumaturgo</strong></span> <span class='ocrx_word' id='word_1_70' title='bbox 255 536 348 558; x_wconf 88' lang='lat' dir='ltr'><strong>nostro</strong></span> <span class='ocrx_word' id='word_1_71' title='bbox 364 531 536 562; x_wconf 74' lang='lat' dir='ltr'><strong>rindicatam,</strong></span> <span class='ocrx_word' id='word_1_72' title='bbox 552 531 675 565; x_wconf 82' lang='lat' dir='ltr'><strong>quilibet,</strong></span> <span class='ocrx_word' id='word_1_73' title='bbox 692 531 766 557; x_wconf 86' lang='lat' dir='ltr'><strong>dunt-</strong></span> 
     </span>
    </p>
   </div>
   <div class='ocr_carea' id='block_1_14' title="bbox 18 574 773 608">
    <p class='ocr_par' dir='ltr' id='par_1_14' title="bbox 18 574 773 608">
     <span class='ocr_line' id='line_1_14' title="bbox 18 574 773 608; baseline -0.003 -5"><span class='ocrx_word' id='word_1_74' title='bbox 18 577 80 603; x_wconf 87' lang='lat' dir='ltr'><strong>nodo</strong></span> <span class='ocrx_word' id='word_1_75' title='bbox 96 576 128 603; x_wconf 84' lang='lat' dir='ltr'><strong>sit</strong></span> <span class='ocrx_word' id='word_1_76' title='bbox 143 576 170 603; x_wconf 89' lang='lat' dir='ltr'><strong>in</strong></span> <span class='ocrx_word' id='word_1_77' title='bbox 184 575 295 602; x_wconf 82' lang='lat' dir='ltr'><strong>Patrum</strong></span> <span class='ocrx_word' id='word_1_78' title='bbox 317 576 500 602; x_wconf 86' lang='lat' dir='ltr'><strong>monumentis</strong></span> <span class='ocrx_word' id='word_1_79' title='bbox 516 576 661 608; x_wconf 85' lang='lat' dir='ltr'><strong>exercitus,</strong></span> <span class='ocrx_word' id='word_1_80' title='bbox 681 574 773 602; x_wconf 82' lang='lat' dir='ltr'><strong>fatebi-</strong></span> 
     </span>
    </p>
   </div>
   <div class='ocr_carea' id='block_1_15' title="bbox 18 620 441 655">
    <p class='ocr_par' dir='ltr' id='par_1_15' title="bbox 18 620 441 655">
     <span class='ocr_line' id='line_1_15' title="bbox 18 620 441 655; baseline 0 -8"><span class='ocrx_word' id='word_1_81' title='bbox 18 630 56 648; x_wconf 85' lang='lat' dir='ltr'><strong>ur.</strong></span> <span class='ocrx_word' id='word_1_82' title='bbox 70 620 121 648; x_wconf 86' lang='lat' dir='ltr'><strong>Nec</strong></span> <span class='ocrx_word' id='word_1_83' title='bbox 135 621 257 655; x_wconf 71' lang='lat' dir='ltr'><strong>singulos</strong></span> <span class='ocrx_word' id='word_1_84' title='bbox 273 628 441 648; x_wconf 83' lang='lat' dir='ltr'><strong>recenseam.</strong></span> 
     </span>
    </p>
   </div>
   <div class='ocr_carea' id='block_1_16' title="bbox 38 664 772 701">
    <p class='ocr_par' dir='ltr' id='par_1_16' title="bbox 38 664 772 701">
     <span class='ocr_line' id='line_1_16' title="bbox 38 664 772 701; baseline -0.003 -7"><span class='ocrx_word' id='word_1_85' title='bbox 38 667 164 694; x_wconf 84' lang='lat' dir='ltr'><strong>Collector</strong></span> <span class='ocrx_word' id='word_1_86' title='bbox 191 667 258 695; x_wconf 82' lang='lat' dir='ltr'><strong>satis</strong></span> <span class='ocrx_word' id='word_1_87' title='bbox 282 667 425 701; x_wconf 85' lang='lat' dir='ltr'><strong>antiquus,</strong></span> <span class='ocrx_word' id='word_1_88' title='bbox 450 666 576 701; x_wconf 86' lang='lat' dir='ltr'><strong>quisquis</strong></span> <span class='ocrx_word' id='word_1_89' title='bbox 606 666 651 692; x_wconf 89' lang='lat' dir='ltr'><strong>ille</strong></span> <span class='ocrx_word' id='word_1_90' title='bbox 681 664 772 698; x_wconf 79' lang='lat' dir='ltr'><strong>fuerit,</strong></span> 
     </span>
    </p>
   </div>
   <div class='ocr_carea' id='block_1_17' title="bbox 18 711 774 739">
    <p class='ocr_par' dir='ltr' id='par_1_17' title="bbox 18 711 774 739">
     <span class='ocr_line' id='line_1_17' title="bbox 18 711 774 739; baseline -0.003 0"><span class='ocrx_word' id='word_1_91' title='bbox 18 712 185 739; x_wconf 71' lang='lat' dir='ltr'><strong>luctoritatum</strong></span> <span class='ocrx_word' id='word_1_92' title='bbox 204 712 237 739; x_wconf 88' lang='lat' dir='ltr'><strong>de</strong></span> <span class='ocrx_word' id='word_1_93' title='bbox 253 711 360 738; x_wconf 82' lang='lat' dir='ltr'><strong>duabus</strong></span> <span class='ocrx_word' id='word_1_94' title='bbox 383 711 410 737; x_wconf 93' lang='lat' dir='ltr'><strong>in</strong></span> <span class='ocrx_word' id='word_1_95' title='bbox 424 711 532 738; x_wconf 79' lang='lat' dir='ltr'><strong>Christo</strong></span> <span class='ocrx_word' id='word_1_96' title='bbox 544 711 648 737; x_wconf 87' lang='lat' dir='ltr'><strong>naturis</strong></span> <span class='ocrx_word' id='word_1_97' title='bbox 664 718 696 737; x_wconf 79' lang='lat' dir='ltr'><strong>ex</strong></span> <span class='ocrx_word' id='word_1_98' title='bbox 712 718 774 737; x_wconf 81' lang='lat' dir='ltr'><strong>san-</strong></span> 
     </span>
    </p>
   </div>
   <div class='ocr_carea' id='block_1_18' title="bbox 18 756 774 792">
    <p class='ocr_par' dir='ltr' id='par_1_18' title="bbox 18 756 774 792">
     <span class='ocr_line' id='line_1_18' title="bbox 18 756 774 792; baseline -0.003 -8"><span class='ocrx_word' id='word_1_99' title='bbox 18 758 54 784; x_wconf 82' lang='lat' dir='ltr'><strong>:tis</strong></span> <span class='ocrx_word' id='word_1_100' title='bbox 76 757 208 791; x_wconf 80' lang='lat' dir='ltr'><strong>l&#39;atribus,</strong></span> <span class='ocrx_word' id='word_1_101' title='bbox 229 764 312 792; x_wconf 86' lang='lat' dir='ltr'><strong>quam</strong></span> <span class='ocrx_word' id='word_1_102' title='bbox 329 764 391 784; x_wconf 87' lang='lat' dir='ltr'><strong>esse</strong></span> <span class='ocrx_word' id='word_1_103' title='bbox 407 761 522 783; x_wconf 88' lang='lat' dir='ltr'><strong>veterem</strong></span> <span class='ocrx_word' id='word_1_104' title='bbox 543 756 728 783; x_wconf 79' lang='lat' dir='ltr'><strong>collectionem</strong></span> <span class='ocrx_word' id='word_1_105' title='bbox 748 760 774 782; x_wconf 90' lang='lat' dir='ltr'><strong>et</strong></span> 
     </span>
    </p>
   </div>
   <div class='ocr_carea' id='block_1_19' title="bbox 18 801 773 838">
    <p class='ocr_par' dir='ltr' id='par_1_19' title="bbox 18 801 773 838">
     <span class='ocr_line' id='line_1_19' title="bbox 18 801 773 838; baseline -0.001 -9"><span class='ocrx_word' id='word_1_106' title='bbox 18 803 158 838; x_wconf 88' lang='lat' dir='ltr'><strong>npluribus</strong></span> <span class='ocrx_word' id='word_1_107' title='bbox 174 803 289 837; x_wconf 86' lang='lat' dir='ltr'><strong>reperiri</strong></span> <span class='ocrx_word' id='word_1_108' title='bbox 308 801 480 830; x_wconf 81' lang='lat' dir='ltr'><strong>bibliothecis</strong></span> <span class='ocrx_word' id='word_1_109' title='bbox 496 802 576 829; x_wconf 86' lang='lat' dir='ltr'><strong>tradit</strong></span> <span class='ocrx_word' id='word_1_110' title='bbox 595 801 719 833; x_wconf 87' lang='lat' dir='ltr'><strong>Vossius,</strong></span> <span class='ocrx_word' id='word_1_111' title='bbox 739 809 773 828; x_wconf 79' lang='lat' dir='ltr'><strong>ex</strong></span> 
     </span>
    </p>
   </div>
   <div class='ocr_carea' id='block_1_20' title="bbox 819 205 1607 245">
    <p class='ocr_par' dir='ltr' id='par_1_20' title="bbox 819 205 1607 245">
     <span class='ocr_line' id='line_1_20' title="bbox 819 205 1607 245; baseline -0.001 -9"><span class='ocrx_word' id='word_1_112' title='bbox 819 210 917 244; x_wconf 69' lang='grc' dir='ltr'>ψαντα,</span> <span class='ocrx_word' id='word_1_113' title='bbox 942 209 1006 245; x_wconf 77' lang='grc' dir='ltr'>παρ’</span> <span class='ocrx_word' id='word_1_114' title='bbox 1025 205 1061 235; x_wconf 83' lang='grc' dir='ltr'><strong>ὧν</strong></span> <span class='ocrx_word' id='word_1_115' title='bbox 1079 209 1125 234; x_wconf 72' lang='grc' dir='ltr'>καὶ</span> <span class='ocrx_word' id='word_1_116' title='bbox 1144 207 1191 243; x_wconf 84' lang='grc' dir='ltr'>τὴν</span> <span class='ocrx_word' id='word_1_117' title='bbox 1214 207 1373 242; x_wconf 74' lang='grc' dir='ltr'><strong>ἐπωνυμίαν</strong></span> <span class='ocrx_word' id='word_1_118' title='bbox 1391 207 1570 243; x_wconf 77' lang='grc' dir='ltr'>ὲπλούτησενο</span> <span class='ocrx_word' id='word_1_119' title='bbox 1591 212 1607 235; x_wconf 81' lang='grc' dir='ltr'><strong><em>ῡ</em></strong></span> 
     </span>
    </p>
   </div>
   <div class='ocr_carea' id='block_1_21' title="bbox 822 252 1603 289">
    <p class='ocr_par' dir='ltr' id='par_1_21' title="bbox 822 252 1603 289">
     <span class='ocr_line' id='line_1_21' title="bbox 822 252 1603 289; baseline -0.001 -9"><span class='ocrx_word' id='word_1_120' title='bbox 822 253 931 289; x_wconf 79' lang='grc' dir='ltr'>μὲνγὰρ</span> <span class='ocrx_word' id='word_1_121' title='bbox 944 253 1054 288; x_wconf 77' lang='grc' dir='ltr'>Κύριος,</span> <span class='ocrx_word' id='word_1_122' title='bbox 1067 263 1075 278; x_wconf 78' lang='grc' dir='ltr'><strong>ι</strong></span> <span class='ocrx_word' id='word_1_123' title='bbox 1091 252 1139 279; x_wconf 76' lang='grc' dir='ltr'>Διὰ</span> <span class='ocrx_word' id='word_1_124' title='bbox 1149 252 1193 278; x_wconf 73' lang='grc' dir='ltr'><strong>δύο</strong></span> <span class='ocrx_word' id='word_1_125' title='bbox 1208 253 1350 288; x_wconf 75' lang='grc' dir='ltr'>μαρτύρων</span> <span class='ocrx_word' id='word_1_126' title='bbox 1359 253 1376 288; x_wconf 84' lang='grc' dir='ltr'><strong>ἢ</strong></span> <span class='ocrx_word' id='word_1_127' title='bbox 1391 253 1437 278; x_wconf 71' lang='grc' dir='ltr'>καὶ</span> <span class='ocrx_word' id='word_1_128' title='bbox 1446 253 1527 287; x_wconf 83' lang='grc' dir='ltr'><strong>τριῶν</strong></span> <span class='ocrx_word' id='word_1_129' title='bbox 1539 254 1603 285; x_wconf 80' lang='grc' dir='ltr'>πᾶν,</span> 
     </span>
    </p>
   </div>
   <div class='ocr_carea' id='block_1_22' title="bbox 821 297 1605 334">
    <p class='ocr_par' dir='ltr' id='par_1_22' title="bbox 821 297 1605 334">
     <span class='ocr_line' id='line_1_22' title="bbox 821 297 1605 334; baseline -0.001 -9"><span class='ocrx_word' id='word_1_130' title='bbox 821 297 891 332; x_wconf 73' lang='grc' dir='ltr'>εἷπε,</span> <span class='ocrx_word' id='word_1_131' title='bbox 900 299 973 334; x_wconf 77' lang='grc' dir='ltr'>ῥῆμα</span> <span class='ocrx_word' id='word_1_132' title='bbox 985 299 1155 333; x_wconf 72' lang='grc' dir='ltr'><strong>σταθήσεται,</strong></span> <span class='ocrx_word' id='word_1_133' title='bbox 1163 307 1171 322; x_wconf 81' lang='grc' dir='ltr'><strong>ι</strong></span> <span class='ocrx_word' id='word_1_134' title='bbox 1185 297 1215 324; x_wconf 72' lang='grc' dir='ltr'><strong>τὸ</strong></span> <span class='ocrx_word' id='word_1_135' title='bbox 1222 298 1348 334; x_wconf 76' lang='grc' dir='ltr'><strong>ἀποχρῶν</strong></span> <span class='ocrx_word' id='word_1_136' title='bbox 1356 298 1444 324; x_wconf 83' lang='grc' dir='ltr'>αὐτῶν</span> <span class='ocrx_word' id='word_1_137' title='bbox 1450 299 1488 330; x_wconf 82' lang='grc' dir='ltr'><strong>εἰς</strong></span> <span class='ocrx_word' id='word_1_138' title='bbox 1496 298 1605 333; x_wconf 78' lang='grc' dir='ltr'><strong>βεϐαίω-</strong></span> 
     </span>
    </p>
   </div>
   <div class='ocr_carea' id='block_1_23' title="bbox 822 343 1604 380">
    <p class='ocr_par' dir='ltr' id='par_1_23' title="bbox 822 343 1604 380">
     <span class='ocr_line' id='line_1_23' title="bbox 822 343 1604 380; baseline 0 -10"><span class='ocrx_word' id='word_1_139' title='bbox 822 353 864 370; x_wconf 85' lang='grc' dir='ltr'><strong>σιν</strong></span> <span class='ocrx_word' id='word_1_140' title='bbox 879 345 947 380; x_wconf 75' lang='grc' dir='ltr'>τάχα</span> <span class='ocrx_word' id='word_1_141' title='bbox 963 343 1115 380; x_wconf 82' lang='grc' dir='ltr'>προδηλῶν·</span> <span class='ocrx_word' id='word_1_142' title='bbox 1133 345 1212 379; x_wconf 78' lang='grc' dir='ltr'>ἡμεῖς</span> <span class='ocrx_word' id='word_1_143' title='bbox 1232 343 1260 370; x_wconf 79' lang='grc' dir='ltr'><strong>δὲ</strong></span> <span class='ocrx_word' id='word_1_144' title='bbox 1286 343 1332 370; x_wconf 74' lang='grc' dir='ltr'>τὸν</span> <span class='ocrx_word' id='word_1_145' title='bbox 1355 344 1473 370; x_wconf 80' lang='grc' dir='ltr'>τοιοῦτον</span> <span class='ocrx_word' id='word_1_146' title='bbox 1488 344 1604 379; x_wconf 82' lang='grc' dir='ltr'>ἀριθμὸν</span> 
     </span>
    </p>
   </div>
   <div class='ocr_carea' id='block_1_24' title="bbox 822 387 1604 424">
    <p class='ocr_par' dir='ltr' id='par_1_24' title="bbox 822 387 1604 424">
     <span class='ocr_line' id='line_1_24' title="bbox 822 387 1604 424; baseline 0.001 -10"><span class='ocrx_word' id='word_1_147' title='bbox 822 388 894 414; x_wconf 83' lang='grc' dir='ltr'>κατὰ</span> <span class='ocrx_word' id='word_1_148' title='bbox 910 387 1007 423; x_wconf 85' lang='grc' dir='ltr'>πολλὴν</span> <span class='ocrx_word' id='word_1_149' title='bbox 1037 388 1166 423; x_wconf 78' lang='grc' dir='ltr'><strong>εὐπορίαν</strong></span> <span class='ocrx_word' id='word_1_150' title='bbox 1190 388 1424 421; x_wconf 81' lang='grc' dir='ltr'>διπλασιάσαντες,</span> <span class='ocrx_word' id='word_1_151' title='bbox 1447 389 1526 415; x_wconf 74' lang='grc' dir='ltr'>ἕκτον</span> <span class='ocrx_word' id='word_1_152' title='bbox 1553 389 1604 424; x_wconf 74' lang='grc' dir='ltr'><strong>ήδη</strong></span> 
     </span>
    </p>
   </div>
   <div class='ocr_carea' id='block_1_25' title="bbox 821 433 1605 470">
    <p class='ocr_par' dir='ltr' id='par_1_25' title="bbox 821 433 1605 470">
     <span class='ocr_line' id='line_1_25' title="bbox 821 433 1605 470; baseline 0.004 -10"><span class='ocrx_word' id='word_1_153' title='bbox 821 433 914 460; x_wconf 79' lang='grc' dir='ltr'>τοῦτον</span> <span class='ocrx_word' id='word_1_154' title='bbox 926 435 1084 470; x_wconf 77' lang='grc' dir='ltr'><strong>παράγομεν</strong></span> <span class='ocrx_word' id='word_1_155' title='bbox 1113 434 1208 469; x_wconf 84' lang='grc' dir='ltr'>ἔχοντα</span> <span class='ocrx_word' id='word_1_156' title='bbox 1220 435 1286 461; x_wconf 78' lang='grc' dir='ltr'>πολὺ</span> <span class='ocrx_word' id='word_1_157' title='bbox 1298 435 1365 470; x_wconf 81' lang='grc' dir='ltr'>πρὸς</span> <span class='ocrx_word' id='word_1_158' title='bbox 1394 437 1449 467; x_wconf 86' lang='grc' dir='ltr'>τοῖς</span> <span class='ocrx_word' id='word_1_159' title='bbox 1463 435 1552 467; x_wconf 74' lang='grc' dir='ltr'>ἄλλοις</span> <span class='ocrx_word' id='word_1_160' title='bbox 1574 436 1605 463; x_wconf 74' lang='grc' dir='ltr'>τὸ</span> 
     </span>
    </p>
   </div>
   <div class='ocr_carea' id='block_1_26' title="bbox 822 479 1606 515">
    <p class='ocr_par' dir='ltr' id='par_1_26' title="bbox 822 479 1606 515">
     <span class='ocr_line' id='line_1_26' title="bbox 822 479 1606 515; baseline 0.003 -9"><span class='ocrx_word' id='word_1_161' title='bbox 822 479 987 511; x_wconf 80' lang='grc' dir='ltr'>ἀξιόπιστον,</span> <span class='ocrx_word' id='word_1_162' title='bbox 997 480 1025 512; x_wconf 76' lang='grc' dir='ltr'>ὃς</span> <span class='ocrx_word' id='word_1_163' title='bbox 1036 481 1065 506; x_wconf 81' lang='grc' dir='ltr'>ὲν</span> <span class='ocrx_word' id='word_1_164' title='bbox 1078 480 1116 515; x_wconf 84' lang='grc' dir='ltr'><strong>τῷ</strong></span> <span class='ocrx_word' id='word_1_165' title='bbox 1132 480 1206 507; x_wconf 79' lang='grc' dir='ltr'>κατὰ</span> <span class='ocrx_word' id='word_1_166' title='bbox 1218 480 1308 515; x_wconf 79' lang='grc' dir='ltr'>μέρος</span> <span class='ocrx_word' id='word_1_167' title='bbox 1321 481 1451 514; x_wconf 79' lang='grc' dir='ltr'><strong>Πίστεως</strong></span> <span class='ocrx_word' id='word_1_168' title='bbox 1464 482 1545 508; x_wconf 76' lang='grc' dir='ltr'>αὐτοῦ</span> <span class='ocrx_word' id='word_1_169' title='bbox 1563 482 1606 508; x_wconf 81' lang='grc' dir='ltr'>λό-</span> 
     </span>
    </p>
   </div>
   <div class='ocr_carea' id='block_1_27' title="bbox 822 522 1606 561">
    <p class='ocr_par' dir='ltr' id='par_1_27' title="bbox 822 522 1606 561">
     <span class='ocr_line' id='line_1_27' title="bbox 822 522 1606 561; baseline 0.004 -11"><span class='ocrx_word' id='word_1_170' title='bbox 822 533 863 559; x_wconf 83' lang='grc' dir='ltr'><strong>γῳ</strong></span> <span class='ocrx_word' id='word_1_171' title='bbox 872 524 956 551; x_wconf 79' lang='grc' dir='ltr'>ταῦτα</span> <span class='ocrx_word' id='word_1_172' title='bbox 964 533 1053 560; x_wconf 76' lang='grc' dir='ltr'>φησιν·</span> <span class='ocrx_word' id='word_1_173' title='bbox 1063 525 1279 560; x_wconf 75' lang='grc' dir='ltr'>Ὁμολογοῦμεν</span> <span class='ocrx_word' id='word_1_174' title='bbox 1289 522 1449 559; x_wconf 60' lang='grc' dir='ltr'>ὁμοούολιον</span> <span class='ocrx_word' id='word_1_175' title='bbox 1463 526 1502 559; x_wconf 86' lang='grc' dir='ltr'><strong>τῷ</strong></span> <span class='ocrx_word' id='word_1_176' title='bbox 1515 525 1606 561; x_wconf 60' lang='lat' dir='ltr'><strong>Harp!</strong></span> 
     </span>
    </p>
   </div>
   <div class='ocr_carea' id='block_1_28' title="bbox 822 569 1605 605">
    <p class='ocr_par' dir='ltr' id='par_1_28' title="bbox 822 569 1605 605">
     <span class='ocr_line' id='line_1_28' title="bbox 822 569 1605 605; baseline 0.003 -9"><span class='ocrx_word' id='word_1_177' title='bbox 822 569 908 596; x_wconf 78' lang='grc' dir='ltr'><strong>εἶναι·</strong></span> <span class='ocrx_word' id='word_1_178' title='bbox 928 571 974 596; x_wconf 71' lang='grc' dir='ltr'>καὶ</span> <span class='ocrx_word' id='word_1_179' title='bbox 990 570 1024 596; x_wconf 82' lang='grc' dir='ltr'><strong>τὰ</strong></span> <span class='ocrx_word' id='word_1_180' title='bbox 1045 570 1115 605; x_wconf 75' lang='grc' dir='ltr'><strong>ἑξῆς.</strong></span> <span class='ocrx_word' id='word_1_181' title='bbox 1146 580 1155 596; x_wconf 89' lang='grc'><strong>‹</strong></span> <span class='ocrx_word' id='word_1_182' title='bbox 1172 570 1228 598; x_wconf 80' lang='lat' dir='ltr'><strong>Hoc</strong></span> <span class='ocrx_word' id='word_1_183' title='bbox 1247 578 1355 605; x_wconf 90' lang='lat' dir='ltr'><strong>quoque</strong></span> <span class='ocrx_word' id='word_1_184' title='bbox 1375 572 1559 603; x_wconf 87' lang='lat' dir='ltr'><strong>ostendemus,</strong></span> <span class='ocrx_word' id='word_1_185' title='bbox 1581 572 1605 599; x_wconf 89' lang='lat' dir='ltr'><strong>si</strong></span> 
     </span>
    </p>
   </div>
   <div class='ocr_carea' id='block_1_29' title="bbox 823 616 1604 652">
    <p class='ocr_par' dir='ltr' id='par_1_29' title="bbox 823 616 1604 652">
     <span class='ocr_line' id='line_1_29' title="bbox 823 616 1604 652; baseline -0.001 -8"><span class='ocrx_word' id='word_1_186' title='bbox 823 618 971 652; x_wconf 82' lang='lat' dir='ltr'><strong>placuerit,</strong></span> <span class='ocrx_word' id='word_1_187' title='bbox 1003 617 1030 643; x_wconf 92' lang='lat' dir='ltr'><strong>in</strong></span> <span class='ocrx_word' id='word_1_188' title='bbox 1057 617 1240 643; x_wconf 89' lang='lat' dir='ltr'><strong>testimonium</strong></span> <span class='ocrx_word' id='word_1_189' title='bbox 1272 616 1438 643; x_wconf 75' lang='lat' dir='ltr'><strong>adducentes</strong></span> <span class='ocrx_word' id='word_1_190' title='bbox 1465 617 1604 644; x_wconf 83' lang='lat' dir='ltr'><strong>miraculis</strong></span> 
     </span>
    </p>
   </div>
   <div class='ocr_carea' id='block_1_30' title="bbox 824 659 1603 696">
    <p class='ocr_par' dir='ltr' id='par_1_30' title="bbox 824 659 1603 696">
     <span class='ocr_line' id='line_1_30' title="bbox 824 659 1603 696; baseline 0 -9"><span class='ocrx_word' id='word_1_191' title='bbox 824 660 984 696; x_wconf 62' lang='lat' dir='ltr'><strong>praeclarum</strong></span> <span class='ocrx_word' id='word_1_192' title='bbox 998 659 1176 694; x_wconf 79' lang='lat' dir='ltr'><strong>Gregorium,</strong></span> <span class='ocrx_word' id='word_1_193' title='bbox 1191 667 1222 686; x_wconf 80' lang='lat' dir='ltr'><strong>ex</strong></span> <span class='ocrx_word' id='word_1_194' title='bbox 1237 660 1336 693; x_wconf 89' lang='lat' dir='ltr'><strong>quibus</strong></span> <span class='ocrx_word' id='word_1_195' title='bbox 1351 660 1431 686; x_wconf 82' lang='lat' dir='ltr'><strong>etiam</strong></span> <span class='ocrx_word' id='word_1_196' title='bbox 1455 667 1603 695; x_wconf 80' lang='lat' dir='ltr'><strong>cognomen</strong></span> 
     </span>
    </p>
   </div>
   <div class='ocr_carea' id='block_1_31' title="bbox 824 704 1605 739">
    <p class='ocr_par' dir='ltr' id='par_1_31' title="bbox 824 704 1605 739">
     <span class='ocr_line' id='line_1_31' title="bbox 824 704 1605 739; baseline 0 -7"><span class='ocrx_word' id='word_1_197' title='bbox 824 705 936 739; x_wconf 84' lang='lat' dir='ltr'><strong>adeptus</strong></span> <span class='ocrx_word' id='word_1_198' title='bbox 950 711 1000 732; x_wconf 89' lang='lat' dir='ltr'><strong>est.</strong></span> <span class='ocrx_word' id='word_1_199' title='bbox 1020 704 1142 739; x_wconf 86' lang='lat' dir='ltr'><strong>Namque</strong></span> <span class='ocrx_word' id='word_1_200' title='bbox 1155 704 1297 736; x_wconf 83' lang='lat' dir='ltr'><strong>Dominus,</strong></span> <span class='ocrx_word' id='word_1_201' title='bbox 1311 714 1320 729; x_wconf 81' lang='grc' dir='ltr'><strong>ι</strong></span> <span class='ocrx_word' id='word_1_202' title='bbox 1336 705 1361 731; x_wconf 91' lang='lat' dir='ltr'><strong>in</strong></span> <span class='ocrx_word' id='word_1_203' title='bbox 1375 713 1422 731; x_wconf 89' lang='lat' dir='ltr'><strong>ore</strong></span> <span class='ocrx_word' id='word_1_204' title='bbox 1433 705 1548 732; x_wconf 87' lang='lat' dir='ltr'><strong>duorum</strong></span> <span class='ocrx_word' id='word_1_205' title='bbox 1563 707 1605 733; x_wconf 74' lang='lat' dir='ltr'><strong>vel</strong></span> 
     </span>
    </p>
   </div>
   <div class='ocr_carea' id='block_1_32' title="bbox 824 751 1604 786">
    <p class='ocr_par' dir='ltr' id='par_1_32' title="bbox 824 751 1604 786">
     <span class='ocr_line' id='line_1_32' title="bbox 824 751 1604 786; baseline 0 -8"><span class='ocrx_word' id='word_1_206' title='bbox 824 752 905 778; x_wconf 89' lang='lat' dir='ltr'><strong>trium</strong></span> <span class='ocrx_word' id='word_1_207' title='bbox 929 751 1036 779; x_wconf 87' lang='lat' dir='ltr'><strong>testium</strong></span> <span class='ocrx_word' id='word_1_208' title='bbox 1052 758 1132 778; x_wconf 86' lang='lat' dir='ltr'><strong>omne</strong></span> <span class='ocrx_word' id='word_1_209' title='bbox 1147 752 1259 778; x_wconf 86' lang='lat' dir='ltr'><strong>verbum</strong></span> <span class='ocrx_word' id='word_1_210' title='bbox 1278 756 1359 782; x_wconf 88' lang='lat' dir='ltr'><strong>stare,</strong></span> <span class='ocrx_word' id='word_1_211' title='bbox 1379 761 1387 776; x_wconf 78' lang='grc' dir='ltr'><strong>ι</strong></span> <span class='ocrx_word' id='word_1_212' title='bbox 1407 752 1478 786; x_wconf 91' lang='lat' dir='ltr'><strong>quod</strong></span> <span class='ocrx_word' id='word_1_213' title='bbox 1496 751 1522 778; x_wconf 89' lang='lat' dir='ltr'><strong>id</strong></span> <span class='ocrx_word' id='word_1_214' title='bbox 1538 753 1604 779; x_wconf 83' lang='lat' dir='ltr'><strong>satis</strong></span> 
     </span>
    </p>
   </div>
   <div class='ocr_carea' id='block_1_33' title="bbox 824 794 1604 830">
    <p class='ocr_par' dir='ltr' id='par_1_33' title="bbox 824 794 1604 830">
     <span class='ocr_line' id='line_1_33' title="bbox 824 794 1604 830; baseline 0.001 -8"><span class='ocrx_word' id='word_1_215' title='bbox 824 800 895 823; x_wconf 84' lang='lat' dir='ltr'><strong>esset</strong></span> <span class='ocrx_word' id='word_1_216' title='bbox 911 796 944 822; x_wconf 85' lang='lat' dir='ltr'><strong>ad</strong></span> <span class='ocrx_word' id='word_1_217' title='bbox 965 803 1023 822; x_wconf 91' lang='lat' dir='ltr'><strong>rem</strong></span> <span class='ocrx_word' id='word_1_218' title='bbox 1039 795 1244 827; x_wconf 85' lang='lat' dir='ltr'><strong>colirmandam,</strong></span> <span class='ocrx_word' id='word_1_219' title='bbox 1260 795 1367 822; x_wconf 84' lang='lat' dir='ltr'><strong>asserit.</strong></span> <span class='ocrx_word' id='word_1_220' title='bbox 1386 794 1420 821; x_wconf 85' lang='lat' dir='ltr'><strong>At</strong></span> <span class='ocrx_word' id='word_1_221' title='bbox 1441 802 1492 822; x_wconf 86' lang='lat' dir='ltr'><strong>nos</strong></span> <span class='ocrx_word' id='word_1_222' title='bbox 1508 796 1604 830; x_wconf 86' lang='lat' dir='ltr'><strong>hujus-</strong></span> 
     </span>
    </p>
   </div>
   <div class='ocr_carea' id='block_1_34' title="bbox 18 839 1606 883">
    <p class='ocr_par' dir='ltr' id='par_1_34' title="bbox 18 839 1606 883">
     <span class='ocr_line' id='line_1_34' title="bbox 18 839 1606 883; baseline -0.001 -9"><span class='ocrx_word' id='word_1_223' title='bbox 18 856 53 876; x_wconf 65' lang='lat' dir='ltr'><strong>tac</strong></span> <span class='ocrx_word' id='word_1_224' title='bbox 66 848 156 876; x_wconf 81' lang='lat' dir='ltr'><strong>eadem</strong></span> <span class='ocrx_word' id='word_1_225' title='bbox 170 848 247 875; x_wconf 84' lang='lat' dir='ltr'><strong>Fidei</strong></span> <span class='ocrx_word' id='word_1_226' title='bbox 261 849 419 883; x_wconf 66' lang='lat' dir='ltr'><strong>expositione</strong></span> <span class='ocrx_word' id='word_1_227' title='bbox 431 848 572 875; x_wconf 76' lang='lat' dir='ltr'><strong>secundent</strong></span> <span class='ocrx_word' id='word_1_228' title='bbox 592 853 678 881; x_wconf 80' lang='lat' dir='ltr'><strong>partes</strong></span> <span class='ocrx_word' id='word_1_229' title='bbox 698 847 774 874; x_wconf 66' lang='grc' dir='ltr'><strong>ιυςιῑι</strong></span> <span class='ocrx_word' id='word_1_230' title='bbox 789 844 811 871; x_wconf 85' lang='grc' dir='ltr'><strong><em>Β</em></strong></span> <span class='ocrx_word' id='word_1_231' title='bbox 826 841 898 868; x_wconf 79' lang='lat' dir='ltr'><strong>mOdi</strong></span> <span class='ocrx_word' id='word_1_232' title='bbox 920 848 1073 872; x_wconf 68' lang='lat' dir='ltr'><strong>numerum.</strong></span> <span class='ocrx_word' id='word_1_233' title='bbox 1091 848 1153 867; x_wconf 72' lang='lat' dir='ltr'><strong>cum</strong></span> <span class='ocrx_word' id='word_1_234' title='bbox 1171 839 1354 867; x_wconf 66' lang='grc' dir='ltr'><strong>θῖτυηάίιηῑίυε</strong></span> <span class='ocrx_word' id='word_1_235' title='bbox 1374 845 1537 875; x_wconf 60' lang='grc' dir='ltr'><strong>ειψβρῑονθιι</strong></span> <span class='ocrx_word' id='word_1_236' title='bbox 1553 841 1606 868; x_wconf 76' lang='lat' dir='ltr'><strong>du-</strong></span> 
     </span>
    </p>
   </div>
   <div class='ocr_carea' id='block_1_35' title="bbox 18 893 776 930">
    <p class='ocr_par' dir='ltr' id='par_1_35' title="bbox 18 893 776 930">
     <span class='ocr_line' id='line_1_35' title="bbox 18 893 776 930; baseline 0.001 -10"><span class='ocrx_word' id='word_1_237' title='bbox 18 895 117 921; x_wconf 87' lang='lat' dir='ltr'><strong>nonium</strong></span> <span class='ocrx_word' id='word_1_238' title='bbox 138 895 250 929; x_wconf 78' lang='lat' dir='ltr'><strong>profert,</strong></span> <span class='ocrx_word' id='word_1_239' title='bbox 269 895 339 930; x_wconf 90' lang='lat' dir='ltr'><strong>quod</strong></span> <span class='ocrx_word' id='word_1_240' title='bbox 354 894 438 922; x_wconf 85' lang='lat' dir='ltr'><strong>edidit</strong></span> <span class='ocrx_word' id='word_1_241' title='bbox 459 893 582 921; x_wconf 85' lang='lat' dir='ltr'><strong>Vossius.</strong></span> <span class='ocrx_word' id='word_1_242' title='bbox 602 893 776 921; x_wconf 77' lang='lat' dir='ltr'><strong>Andronicus</strong></span> 
     </span>
    </p>
   </div>
   <div class='ocr_carea' id='block_1_36' title="bbox 18 940 774 972">
    <p class='ocr_par' dir='ltr' id='par_1_36' title="bbox 18 940 774 972">
     <span class='ocr_line' id='line_1_36' title="bbox 18 940 774 972; baseline 0.003 -8"><span class='ocrx_word' id='word_1_243' title='bbox 18 940 164 972; x_wconf 76' lang='lat' dir='ltr'><strong>iamaterus,</strong></span> <span class='ocrx_word' id='word_1_244' title='bbox 190 948 242 967; x_wconf 88' lang='lat' dir='ltr'><strong>non</strong></span> <span class='ocrx_word' id='word_1_245' title='bbox 265 941 480 968; x_wconf 85' lang='lat' dir='ltr'><strong>contemnendus</strong></span> <span class='ocrx_word' id='word_1_246' title='bbox 495 944 604 971; x_wconf 84' lang='lat' dir='ltr'><strong>auctor,</strong></span> <span class='ocrx_word' id='word_1_247' title='bbox 630 944 657 966; x_wconf 87' lang='lat' dir='ltr'><strong>et</strong></span> <span class='ocrx_word' id='word_1_248' title='bbox 686 940 712 966; x_wconf 95' lang='lat' dir='ltr'><strong>in</strong></span> <span class='ocrx_word' id='word_1_249' title='bbox 737 940 774 966; x_wconf 86' lang='lat' dir='ltr'><strong>le-</strong></span> 
     </span>
    </p>
   </div>
   <div class='ocr_carea' id='block_1_37' title="bbox 19 984 774 1016">
    <p class='ocr_par' dir='ltr' id='par_1_37' title="bbox 19 984 774 1016">
     <span class='ocr_line' id='line_1_37' title="bbox 19 984 774 1016; baseline 0 -6"><span class='ocrx_word' id='word_1_250' title='bbox 19 985 82 1011; x_wconf 86' lang='lat' dir='ltr'><strong>tione</strong></span> <span class='ocrx_word' id='word_1_251' title='bbox 97 990 253 1012; x_wconf 87' lang='lat' dir='ltr'><strong>sanctorum</strong></span> <span class='ocrx_word' id='word_1_252' title='bbox 269 984 379 1012; x_wconf 81' lang='lat' dir='ltr'><strong>Patrum</strong></span> <span class='ocrx_word' id='word_1_253' title='bbox 395 985 607 1016; x_wconf 82' lang='lat' dir='ltr'><strong>versatissimus,</strong></span> <span class='ocrx_word' id='word_1_254' title='bbox 632 985 703 1011; x_wconf 73' lang='lat' dir='ltr'><strong>inter</strong></span> <span class='ocrx_word' id='word_1_255' title='bbox 722 985 774 1010; x_wconf 89' lang='lat' dir='ltr'><strong>alia</strong></span> 
     </span>
    </p>
   </div>
   <div class='ocr_carea' id='block_1_38' title="bbox 18 1030 774 1064">
    <p class='ocr_par' dir='ltr' id='par_1_38' title="bbox 18 1030 774 1064">
     <span class='ocr_line' id='line_1_38' title="bbox 18 1030 774 1064; baseline 0.001 -8"><span class='ocrx_word' id='word_1_256' title='bbox 18 1034 150 1057; x_wconf 81' lang='lat' dir='ltr'><strong>auctorum</strong></span> <span class='ocrx_word' id='word_1_257' title='bbox 169 1030 324 1058; x_wconf 89' lang='lat' dir='ltr'><strong>testimonia</strong></span> <span class='ocrx_word' id='word_1_258' title='bbox 346 1038 360 1057; x_wconf 88' lang='lat' dir='ltr'><strong>a</strong></span> <span class='ocrx_word' id='word_1_259' title='bbox 376 1038 406 1058; x_wconf 89' lang='lat' dir='ltr'><strong>se</strong></span> <span class='ocrx_word' id='word_1_260' title='bbox 422 1031 533 1058; x_wconf 84' lang='lat' dir='ltr'><strong>collecta</strong></span> <span class='ocrx_word' id='word_1_261' title='bbox 550 1030 583 1057; x_wconf 89' lang='lat' dir='ltr'><strong>de</strong></span> <span class='ocrx_word' id='word_1_262' title='bbox 599 1030 774 1064; x_wconf 78' lang='lat' dir='ltr'><strong>processione</strong></span> 
     </span>
    </p>
   </div>
   <div class='ocr_carea' id='block_1_39' title="bbox 18 1075 774 1110">
    <p class='ocr_par' dir='ltr' id='par_1_39' title="bbox 18 1075 774 1110">
     <span class='ocr_line' id='line_1_39' title="bbox 18 1075 774 1110; baseline 0 -9"><span class='ocrx_word' id='word_1_263' title='bbox 18 1075 111 1109; x_wconf 47' lang='lat' dir='ltr'><strong>ipiritus</strong></span> <span class='ocrx_word' id='word_1_264' title='bbox 139 1076 242 1107; x_wconf 84' lang='lat' dir='ltr'><strong>sancti.</strong></span> <span class='ocrx_word' id='word_1_265' title='bbox 271 1083 302 1102; x_wconf 80' lang='lat' dir='ltr'><strong>ex</strong></span> <span class='ocrx_word' id='word_1_266' title='bbox 319 1075 369 1102; x_wconf 89' lang='lat' dir='ltr'><strong>hac</strong></span> <span class='ocrx_word' id='word_1_267' title='bbox 395 1083 503 1110; x_wconf 85' lang='lat' dir='ltr'><strong>quoque</strong></span> <span class='ocrx_word' id='word_1_268' title='bbox 515 1075 589 1103; x_wconf 76' lang='lat' dir='ltr'><strong>Fidei</strong></span> <span class='ocrx_word' id='word_1_269' title='bbox 613 1076 774 1109; x_wconf 70' lang='lat' dir='ltr'><strong>expositione</strong></span> 
     </span>
    </p>
   </div>
   <div class='ocr_carea' id='block_1_40' title="bbox 20 1119 773 1154">
    <p class='ocr_par' dir='ltr' id='par_1_40' title="bbox 20 1119 773 1154">
     <span class='ocr_line' id='line_1_40' title="bbox 20 1119 773 1154; baseline -0.001 -8"><span class='ocrx_word' id='word_1_270' title='bbox 20 1127 77 1146; x_wconf 84' lang='lat' dir='ltr'><strong>nam</strong></span> <span class='ocrx_word' id='word_1_271' title='bbox 96 1125 123 1146; x_wconf 85' lang='lat' dir='ltr'><strong>et</strong></span> <span class='ocrx_word' id='word_1_272' title='bbox 139 1120 254 1147; x_wconf 82' lang='lat' dir='ltr'><strong>alteram</strong></span> <span class='ocrx_word' id='word_1_273' title='bbox 274 1127 306 1147; x_wconf 89' lang='lat' dir='ltr'><strong>ac</strong></span> <span class='ocrx_word' id='word_1_274' title='bbox 323 1120 428 1147; x_wconf 88' lang='lat' dir='ltr'><strong>tertiam</strong></span> <span class='ocrx_word' id='word_1_275' title='bbox 444 1121 632 1147; x_wconf 84' lang='lat' dir='ltr'><strong>auctoritatem</strong></span> <span class='ocrx_word' id='word_1_276' title='bbox 656 1119 773 1154; x_wconf 78' lang='lat' dir='ltr'><strong>collegit,</strong></span> 
     </span>
    </p>
   </div>
   <div class='ocr_carea' id='block_1_41' title="bbox 18 1164 775 1200">
    <p class='ocr_par' dir='ltr' id='par_1_41' title="bbox 18 1164 775 1200">
     <span class='ocr_line' id='line_1_41' title="bbox 18 1164 775 1200; baseline -0.001 -8"><span class='ocrx_word' id='word_1_277' title='bbox 18 1170 24 1191; x_wconf 87' lang='lat' dir='ltr'><strong>t</strong></span> <span class='ocrx_word' id='word_1_278' title='bbox 44 1165 80 1192; x_wconf 92' lang='lat' dir='ltr'><strong>uti</strong></span> <span class='ocrx_word' id='word_1_279' title='bbox 102 1165 239 1200; x_wconf 77' lang='lat' dir='ltr'><strong>genuinas</strong></span> <span class='ocrx_word' id='word_1_280' title='bbox 258 1165 452 1200; x_wconf 74' lang='lat' dir='ltr'><strong>Thaumaturgi</strong></span> <span class='ocrx_word' id='word_1_281' title='bbox 476 1166 533 1192; x_wconf 88' lang='lat' dir='ltr'><strong>suis</strong></span> <span class='ocrx_word' id='word_1_282' title='bbox 563 1164 775 1192; x_wconf 77' lang='lat' dir='ltr'><strong>animadversio-</strong></span> 
     </span>
    </p>
   </div>
   <div class='ocr_carea' id='block_1_42' title="bbox 18 1210 775 1246">
    <p class='ocr_par' dir='ltr' id='par_1_42' title="bbox 18 1210 775 1246">
     <span class='ocr_line' id='line_1_42' title="bbox 18 1210 775 1246; baseline -0.001 -8"><span class='ocrx_word' id='word_1_283' title='bbox 18 1211 74 1238; x_wconf 90' lang='lat' dir='ltr'><strong>ibus</strong></span> <span class='ocrx_word' id='word_1_284' title='bbox 87 1218 226 1246; x_wconf 77' lang='lat' dir='ltr'><strong>exponere</strong></span> <span class='ocrx_word' id='word_1_285' title='bbox 249 1215 380 1243; x_wconf 88' lang='lat' dir='ltr'><strong>conatur;</strong></span> <span class='ocrx_word' id='word_1_286' title='bbox 401 1210 445 1238; x_wconf 92' lang='lat' dir='ltr'><strong>cui</strong></span> <span class='ocrx_word' id='word_1_287' title='bbox 466 1211 635 1246; x_wconf 88' lang='lat' dir='ltr'><strong>respondens</strong></span> <span class='ocrx_word' id='word_1_288' title='bbox 655 1210 775 1237; x_wconf 77' lang='lat' dir='ltr'><strong>Joannes</strong></span> 
     </span>
    </p>
   </div>
   <div class='ocr_carea' id='block_1_43' title="bbox 19 1255 775 1291">
    <p class='ocr_par' dir='ltr' id='par_1_43' title="bbox 19 1255 775 1291">
     <span class='ocr_line' id='line_1_43' title="bbox 19 1255 775 1291; baseline -0.001 -8"><span class='ocrx_word' id='word_1_289' title='bbox 19 1264 96 1283; x_wconf 87' lang='lat' dir='ltr'><strong>eccus</strong></span> <span class='ocrx_word' id='word_1_290' title='bbox 118 1255 277 1291; x_wconf 81' lang='lat' dir='ltr'><strong>patriarcha</strong></span> <span class='ocrx_word' id='word_1_291' title='bbox 291 1255 626 1290; x_wconf 85' lang='lat' dir='ltr'><strong>Constantinopolitanus,</strong></span> <span class='ocrx_word' id='word_1_292' title='bbox 651 1262 705 1281; x_wconf 91' lang='lat' dir='ltr'><strong>non</strong></span> <span class='ocrx_word' id='word_1_293' title='bbox 728 1261 775 1282; x_wconf 86' lang='lat' dir='ltr'><strong>eas</strong></span> 
     </span>
    </p>
   </div>
   <div class='ocr_carea' id='block_1_44' title="bbox 18 1299 775 1334">
    <p class='ocr_par' dir='ltr' id='par_1_44' title="bbox 18 1299 775 1334">
     <span class='ocr_line' id='line_1_44' title="bbox 18 1299 775 1334; baseline 0.001 -9"><span class='ocrx_word' id='word_1_294' title='bbox 18 1307 122 1333; x_wconf 80' lang='lat' dir='ltr'><strong>inquam</strong></span> <span class='ocrx_word' id='word_1_295' title='bbox 141 1299 252 1334; x_wconf 74' lang='lat' dir='ltr'><strong>spurius</strong></span> <span class='ocrx_word' id='word_1_296' title='bbox 273 1299 379 1334; x_wconf 84' lang='lat' dir='ltr'><strong>rejieit,</strong></span> <span class='ocrx_word' id='word_1_297' title='bbox 403 1299 451 1326; x_wconf 85' lang='lat' dir='ltr'><strong>sed</strong></span> <span class='ocrx_word' id='word_1_298' title='bbox 477 1299 516 1326; x_wconf 92' lang='lat' dir='ltr'><strong>uti</strong></span> <span class='ocrx_word' id='word_1_299' title='bbox 539 1299 672 1333; x_wconf 74' lang='lat' dir='ltr'><strong>genuinas</strong></span> <span class='ocrx_word' id='word_1_300' title='bbox 691 1307 775 1334; x_wconf 60' lang='lat' dir='ltr'><strong>agnoa</strong></span> 
     </span>
    </p>
   </div>
   <div class='ocr_carea' id='block_1_45' title="bbox 18 1345 775 1380">
    <p class='ocr_par' dir='ltr' id='par_1_45' title="bbox 18 1345 775 1380">
     <span class='ocr_line' id='line_1_45' title="bbox 18 1345 775 1380; baseline 0 -8"><span class='ocrx_word' id='word_1_301' title='bbox 18 1353 81 1377; x_wconf 64' lang='lat' dir='ltr'><strong>nens,</strong></span> <span class='ocrx_word' id='word_1_302' title='bbox 97 1353 150 1373; x_wconf 86' lang='lat' dir='ltr'><strong>sua</strong></span> <span class='ocrx_word' id='word_1_303' title='bbox 172 1345 356 1380; x_wconf 82' lang='lat' dir='ltr'><strong>explicatione</strong></span> <span class='ocrx_word' id='word_1_304' title='bbox 370 1345 405 1372; x_wconf 89' lang='lat' dir='ltr'><strong>ab</strong></span> <span class='ocrx_word' id='word_1_305' title='bbox 419 1345 522 1372; x_wconf 83' lang='lat' dir='ltr'><strong>absona</strong></span> <span class='ocrx_word' id='word_1_306' title='bbox 538 1345 671 1373; x_wconf 80' lang='lat' dir='ltr'><strong>Camateri</strong></span> <span class='ocrx_word' id='word_1_307' title='bbox 691 1352 775 1380; x_wconf 75' lang='lat' dir='ltr'><strong>expo-</strong></span> 
     </span>
    </p>
   </div>
   <div class='ocr_carea' id='block_1_46' title="bbox 19 1391 774 1426">
    <p class='ocr_par' dir='ltr' id='par_1_46' title="bbox 19 1391 774 1426">
     <span class='ocr_line' id='line_1_46' title="bbox 19 1391 774 1426; baseline 0 -8"><span class='ocrx_word' id='word_1_308' title='bbox 19 1391 89 1418; x_wconf 87' lang='lat' dir='ltr'><strong>tione</strong></span> <span class='ocrx_word' id='word_1_309' title='bbox 110 1392 140 1418; x_wconf 89' lang='lat' dir='ltr'><strong>in</strong></span> <span class='ocrx_word' id='word_1_310' title='bbox 165 1396 269 1419; x_wconf 86' lang='lat' dir='ltr'><strong>rectam</strong></span> <span class='ocrx_word' id='word_1_311' title='bbox 292 1391 408 1426; x_wconf 82' lang='lat' dir='ltr'><strong>ﬁdeique</strong></span> <span class='ocrx_word' id='word_1_312' title='bbox 437 1398 586 1418; x_wconf 82' lang='lat' dir='ltr'><strong>consonam</strong></span> <span class='ocrx_word' id='word_1_313' title='bbox 613 1391 774 1418; x_wconf 85' lang='lat' dir='ltr'><strong>sententiam</strong></span> 
     </span>
    </p>
   </div>
   <div class='ocr_carea' id='block_1_47' title="bbox 19 1436 774 1470">
    <p class='ocr_par' dir='ltr' id='par_1_47' title="bbox 19 1436 774 1470">
     <span class='ocr_line' id='line_1_47' title="bbox 19 1436 774 1470; baseline 0.001 -7"><span class='ocrx_word' id='word_1_314' title='bbox 19 1437 120 1470; x_wconf 88' lang='lat' dir='ltr'><strong>aducit,</strong></span> <span class='ocrx_word' id='word_1_315' title='bbox 144 1441 174 1464; x_wconf 83' lang='lat' dir='ltr'><strong>et</strong></span> <span class='ocrx_word' id='word_1_316' title='bbox 194 1444 290 1464; x_wconf 89' lang='lat' dir='ltr'><strong>verum</strong></span> <span class='ocrx_word' id='word_1_317' title='bbox 315 1436 473 1464; x_wconf 88' lang='lat' dir='ltr'><strong>earumdem</strong></span> <span class='ocrx_word' id='word_1_318' title='bbox 503 1443 613 1464; x_wconf 85' lang='lat' dir='ltr'><strong>sensum</strong></span> <span class='ocrx_word' id='word_1_319' title='bbox 641 1436 774 1464; x_wconf 78' lang='lat' dir='ltr'><strong>enucleat.</strong></span> 
     </span>
    </p>
   </div>
   <div class='ocr_carea' id='block_1_48' title="bbox 19 1481 776 1517">
    <p class='ocr_par' dir='ltr' id='par_1_48' title="bbox 19 1481 776 1517">
     <span class='ocr_line' id='line_1_48' title="bbox 19 1481 776 1517; baseline 0 -9"><span class='ocrx_word' id='word_1_320' title='bbox 19 1482 68 1509; x_wconf 74' lang='lat' dir='ltr'><strong>uotl</strong></span> <span class='ocrx_word' id='word_1_321' title='bbox 92 1483 116 1510; x_wconf 93' lang='lat' dir='ltr'><strong>si</strong></span> <span class='ocrx_word' id='word_1_322' title='bbox 139 1481 363 1517; x_wconf 72' lang='grc' dir='ltr'>ψευδεπίγραψον</span> <span class='ocrx_word' id='word_1_323' title='bbox 382 1485 544 1516; x_wconf 80' lang='lat' dir='ltr'><strong>reputasset,</strong></span> <span class='ocrx_word' id='word_1_324' title='bbox 566 1481 729 1509; x_wconf 81' lang='lat' dir='ltr'><strong>extricassct</strong></span> <span class='ocrx_word' id='word_1_325' title='bbox 746 1489 776 1509; x_wconf 85' lang='lat' dir='ltr'><strong>se</strong></span> 
     </span>
    </p>
   </div>
   <div class='ocr_carea' id='block_1_49' title="bbox 19 1526 776 1561">
    <p class='ocr_par' dir='ltr' id='par_1_49' title="bbox 19 1526 776 1561">
     <span class='ocr_line' id='line_1_49' title="bbox 19 1526 776 1561; baseline -0.001 -7"><span class='ocrx_word' id='word_1_326' title='bbox 19 1527 111 1561; x_wconf 87' lang='lat' dir='ltr'><strong>cilius,</strong></span> <span class='ocrx_word' id='word_1_327' title='bbox 139 1527 292 1555; x_wconf 79' lang='lat' dir='ltr'><strong>asserenda</strong></span> <span class='ocrx_word' id='word_1_328' title='bbox 321 1534 374 1554; x_wconf 90' lang='lat' dir='ltr'><strong>non</strong></span> <span class='ocrx_word' id='word_1_329' title='bbox 401 1534 462 1554; x_wconf 87' lang='lat' dir='ltr'><strong>esse</strong></span> <span class='ocrx_word' id='word_1_330' title='bbox 490 1526 545 1554; x_wconf 89' lang='lat' dir='ltr'><strong>illis</strong></span> <span class='ocrx_word' id='word_1_331' title='bbox 572 1527 776 1558; x_wconf 84' lang='lat' dir='ltr'><strong>attendendum,</strong></span> 
     </span>
    </p>
   </div>
   <div class='ocr_carea' id='block_1_50' title="bbox 18 1572 777 1608">
    <p class='ocr_par' dir='ltr' id='par_1_50' title="bbox 18 1572 777 1608">
     <span class='ocr_line' id='line_1_50' title="bbox 18 1572 777 1608; baseline -0.003 -7"><span class='ocrx_word' id='word_1_332' title='bbox 18 1581 51 1600; x_wconf 88' lang='lat' dir='ltr'><strong>tm</strong></span> <span class='ocrx_word' id='word_1_333' title='bbox 68 1578 166 1601; x_wconf 84' lang='lat' dir='ltr'><strong>essent</strong></span> <span class='ocrx_word' id='word_1_334' title='bbox 189 1573 384 1608; x_wconf 71' lang='lat' dir='ltr'><strong>supposititize.</strong></span> <span class='ocrx_word' id='word_1_335' title='bbox 403 1573 530 1606; x_wconf 86' lang='lat' dir='ltr'><strong>Quinimo</strong></span> <span class='ocrx_word' id='word_1_336' title='bbox 544 1572 615 1600; x_wconf 91' lang='lat' dir='ltr'><strong>idem</strong></span> <span class='ocrx_word' id='word_1_337' title='bbox 630 1572 734 1600; x_wconf 86' lang='lat' dir='ltr'><strong>Veceus</strong></span> <span class='ocrx_word' id='word_1_338' title='bbox 750 1573 777 1599; x_wconf 93' lang='lat' dir='ltr'><strong>in</strong></span> 
     </span>
    </p>
   </div>
   <div class='ocr_carea' id='block_1_51' title="bbox 18 1618 777 1653">
    <p class='ocr_par' dir='ltr' id='par_1_51' title="bbox 18 1618 777 1653">
     <span class='ocr_line' id='line_1_51' title="bbox 18 1618 777 1653; baseline -0.001 -7"><span class='ocrx_word' id='word_1_339' title='bbox 18 1619 109 1646; x_wconf 79' lang='lat' dir='ltr'><strong>alioue</strong></span> <span class='ocrx_word' id='word_1_340' title='bbox 122 1618 165 1646; x_wconf 86' lang='lat' dir='ltr'><strong>De</strong></span> <span class='ocrx_word' id='word_1_341' title='bbox 185 1619 282 1645; x_wconf 78' lang='lat' dir='ltr'><strong>unione</strong></span> <span class='ocrx_word' id='word_1_342' title='bbox 298 1618 477 1645; x_wconf 78' lang='lat' dir='ltr'><strong>Ecclesiarum</strong></span> <span class='ocrx_word' id='word_1_343' title='bbox 493 1626 524 1645; x_wconf 79' lang='lat' dir='ltr'><strong>ex</strong></span> <span class='ocrx_word' id='word_1_344' title='bbox 539 1626 571 1646; x_wconf 86' lang='lat' dir='ltr'><strong>ea</strong></span> <span class='ocrx_word' id='word_1_345' title='bbox 586 1622 715 1653; x_wconf 85' lang='lat' dir='ltr'><strong>tanquam</strong></span> <span class='ocrx_word' id='word_1_346' title='bbox 732 1626 777 1653; x_wconf 80' lang='lat' dir='ltr'><strong>ge-</strong></span> 
     </span>
    </p>
   </div>
   <div class='ocr_carea' id='block_1_52' title="bbox 18 1665 776 1693">
    <p class='ocr_par' dir='ltr' id='par_1_52' title="bbox 18 1665 776 1693">
     <span class='ocr_line' id='line_1_52' title="bbox 18 1665 776 1693; baseline 0.001 -2"><span class='ocrx_word' id='word_1_347' title='bbox 18 1666 69 1692; x_wconf 86' lang='lat' dir='ltr'><strong>rina</strong></span> <span class='ocrx_word' id='word_1_348' title='bbox 89 1666 123 1693; x_wconf 89' lang='lat' dir='ltr'><strong>ad</strong></span> <span class='ocrx_word' id='word_1_349' title='bbox 140 1665 310 1693; x_wconf 81' lang='lat' dir='ltr'><strong>relellendos</strong></span> <span class='ocrx_word' id='word_1_350' title='bbox 322 1665 430 1692; x_wconf 78' lang='lat' dir='ltr'><strong>Grzecos</strong></span> <span class='ocrx_word' id='word_1_351' title='bbox 446 1665 631 1692; x_wconf 87' lang='lat' dir='ltr'><strong>testimonium</strong></span> <span class='ocrx_word' id='word_1_352' title='bbox 646 1666 776 1692; x_wconf 87' lang='lat' dir='ltr'><strong>assumit:</strong></span> 
     </span>
    </p>
   </div>
   <div class='ocr_carea' id='block_1_53' title="bbox 18 1711 777 1747">
    <p class='ocr_par' dir='ltr' id='par_1_53' title="bbox 18 1711 777 1747">
     <span class='ocr_line' id='line_1_53' title="bbox 18 1711 777 1747; baseline -0.001 -9"><span class='ocrx_word' id='word_1_353' title='bbox 18 1715 21 1732; x_wconf 64' lang='grc' dir='ltr'>ν</span> <span class='ocrx_word' id='word_1_354' title='bbox 40 1711 130 1746; x_wconf 82' lang='grc' dir='ltr'>μέγας</span> <span class='ocrx_word' id='word_1_355' title='bbox 149 1711 202 1738; x_wconf 77' lang='grc' dir='ltr'>καὶ</span> <span class='ocrx_word' id='word_1_356' title='bbox 224 1711 434 1747; x_wconf 76' lang='grc' dir='ltr'>Θαυματουργὺς</span> <span class='ocrx_word' id='word_1_357' title='bbox 459 1711 606 1746; x_wconf 76' lang='grc' dir='ltr'>Γρηγόριος</span> <span class='ocrx_word' id='word_1_358' title='bbox 627 1711 777 1737; x_wconf 64' lang='lat' dir='ltr'><strong>Nemausu-</strong></span> 
     </span>
    </p>
   </div>
   <div class='ocr_carea' id='block_1_54' title="bbox 18 1754 777 1792">
    <p class='ocr_par' dir='ltr' id='par_1_54' title="bbox 18 1754 777 1792">
     <span class='ocr_line' id='line_1_54' title="bbox 18 1754 777 1792; baseline 0.001 -9"><span class='ocrx_word' id='word_1_359' title='bbox 18 1757 59 1789; x_wconf 76' lang='grc' dir='ltr'><strong>[ας</strong></span> <span class='ocrx_word' id='word_1_360' title='bbox 71 1758 228 1789; x_wconf 74' lang='grc' dir='ltr'>ἐπίσκοπος</span> <span class='ocrx_word' id='word_1_361' title='bbox 240 1758 268 1784; x_wconf 78' lang='grc' dir='ltr'>ἐν</span> <span class='ocrx_word' id='word_1_362' title='bbox 283 1757 322 1792; x_wconf 83' lang='grc' dir='ltr'><strong>τῷ</strong></span> <span class='ocrx_word' id='word_1_363' title='bbox 335 1757 406 1792; x_wconf 84' lang='grc' dir='ltr'><strong>λόγῳ</strong></span> <span class='ocrx_word' id='word_1_364' title='bbox 433 1754 463 1784; x_wconf 74' lang='grc' dir='ltr'><strong>οὗ</strong></span> <span class='ocrx_word' id='word_1_365' title='bbox 486 1759 502 1792; x_wconf 88' lang='grc' dir='ltr'><strong>ή</strong></span> <span class='ocrx_word' id='word_1_366' title='bbox 523 1757 604 1792; x_wconf 83' lang='grc' dir='ltr'>ἀρχή⁶</span> <span class='ocrx_word' id='word_1_367' title='bbox 627 1758 660 1782; x_wconf 84' lang='grc' dir='ltr'><strong><em>Ἐ</em></strong></span> <span class='ocrx_word' id='word_1_368' title='bbox 662 1759 777 1792; x_wconf 79' lang='grc' dir='ltr'>χθιστοι</span> 
     </span>
    </p>
   </div>
   <div class='ocr_carea' id='block_1_55' title="bbox 18 1802 777 1838">
    <p class='ocr_par' dir='ltr' id='par_1_55' title="bbox 18 1802 777 1838">
     <span class='ocr_line' id='line_1_55' title="bbox 18 1802 777 1838; baseline 0.003 -11"><span class='ocrx_word' id='word_1_369' title='bbox 18 1803 31 1828; x_wconf 62' lang='lat' dir='ltr'><strong>xi</strong></span> <span class='ocrx_word' id='word_1_370' title='bbox 55 1803 218 1838; x_wconf 73' lang='grc' dir='ltr'><strong>ἀλλότριοι</strong></span> <span class='ocrx_word' id='word_1_371' title='bbox 248 1803 302 1837; x_wconf 82' lang='grc' dir='ltr'><strong>τῆς</strong></span> <span class='ocrx_word' id='word_1_372' title='bbox 327 1802 531 1837; x_wconf 73' lang='grc' dir='ltr'>ἁποστολικῆς</span> <span class='ocrx_word' id='word_1_373' title='bbox 556 1804 725 1838; x_wconf 67' lang='grc' dir='ltr'>ὁμολογίας,</span> <span class='ocrx_word' id='word_1_374' title='bbox 750 1805 777 1829; x_wconf 80' lang='grc' dir='ltr'><strong>οι</strong></span> 
     </span>
    </p>
   </div>
   <div class='ocr_carea' id='block_1_56' title="bbox 18 1847 777 1883">
    <p class='ocr_par' dir='ltr' id='par_1_56' title="bbox 18 1847 777 1883">
     <span class='ocr_line' id='line_1_56' title="bbox 18 1847 777 1883; baseline 0.001 -9"><span class='ocrx_word' id='word_1_375' title='bbox 18 1856 34 1873; x_wconf 85' lang='grc' dir='ltr'><em>ν</em></span> <span class='ocrx_word' id='word_1_376' title='bbox 64 1848 136 1874; x_wconf 79' lang='grc' dir='ltr'><strong>Υἰὸν</strong></span> <span class='ocrx_word' id='word_1_377' title='bbox 159 1848 199 1880; x_wconf 78' lang='grc' dir='ltr'><strong>ἐξ</strong></span> <span class='ocrx_word' id='word_1_378' title='bbox 219 1848 275 1874; x_wconf 81' lang='grc' dir='ltr'>οὐκ</span> <span class='ocrx_word' id='word_1_379' title='bbox 302 1847 396 1875; x_wconf 82' lang='grc' dir='ltr'><strong>ὄντων</strong></span> <span class='ocrx_word' id='word_1_380' title='bbox 409 1847 567 1882; x_wconf 78' lang='grc' dir='ltr'>λέγοντες,</span> <span class='ocrx_word' id='word_1_381' title='bbox 589 1848 679 1883; x_wconf 83' lang='grc' dir='ltr'>φησιν.</span> <span class='ocrx_word' id='word_1_382' title='bbox 700 1847 777 1875; x_wconf 69' lang='lat' dir='ltr'><strong>«Ma-</strong></span> 
     </span>
    </p>
   </div>
   <div class='ocr_carea' id='block_1_57' title="bbox 19 1892 776 1928">
    <p class='ocr_par' dir='ltr' id='par_1_57' title="bbox 19 1892 776 1928">
     <span class='ocr_line' id='line_1_57' title="bbox 19 1892 776 1928; baseline 0 -8"><span class='ocrx_word' id='word_1_383' title='bbox 19 1900 50 1920; x_wconf 95' lang='lat' dir='ltr'><strong>us</strong></span> <span class='ocrx_word' id='word_1_384' title='bbox 70 1897 99 1920; x_wconf 83' lang='lat' dir='ltr'><strong>et</strong></span> <span class='ocrx_word' id='word_1_385' title='bbox 114 1893 319 1920; x_wconf 87' lang='lat' dir='ltr'><strong>miraculorum</strong></span> <span class='ocrx_word' id='word_1_386' title='bbox 340 1893 452 1920; x_wconf 80' lang='lat' dir='ltr'><strong>ell‘ector</strong></span> <span class='ocrx_word' id='word_1_387' title='bbox 468 1893 614 1928; x_wconf 71' lang='lat' dir='ltr'><strong>Gregorius</strong></span> <span class='ocrx_word' id='word_1_388' title='bbox 635 1892 776 1921; x_wconf 65' lang='lat' dir='ltr'><strong>Neocaesa-</strong></span> 
     </span>
    </p>
   </div>
   <div class='ocr_carea' id='block_1_58' title="bbox 18 1936 774 1972">
    <p class='ocr_par' dir='ltr' id='par_1_58' title="bbox 18 1936 774 1972">
     <span class='ocr_line' id='line_1_58' title="bbox 18 1936 774 1972; baseline -0.003 -8"><span class='ocrx_word' id='word_1_389' title='bbox 18 1938 80 1965; x_wconf 74' lang='lat' dir='ltr'><strong>:nsis</strong></span> <span class='ocrx_word' id='word_1_390' title='bbox 95 1939 255 1972; x_wconf 82' lang='lat' dir='ltr'><strong>episcopus</strong></span> <span class='ocrx_word' id='word_1_391' title='bbox 272 1937 298 1963; x_wconf 93' lang='lat' dir='ltr'><strong>in</strong></span> <span class='ocrx_word' id='word_1_392' title='bbox 313 1937 436 1963; x_wconf 88' lang='lat' dir='ltr'><strong>oratione</strong></span> <span class='ocrx_word' id='word_1_393' title='bbox 449 1937 528 1971; x_wconf 84' lang='lat' dir='ltr'><strong>cujus</strong></span> <span class='ocrx_word' id='word_1_394' title='bbox 542 1936 705 1970; x_wconf 87' lang='lat' dir='ltr'><strong>principium</strong></span> <span class='ocrx_word' id='word_1_395' title='bbox 724 1941 774 1963; x_wconf 82' lang='lat' dir='ltr'><strong>est:</strong></span> 
     </span>
    </p>
   </div>
   <div class='ocr_carea' id='block_1_59' title="bbox 18 1983 775 2018">
    <p class='ocr_par' dir='ltr' id='par_1_59' title="bbox 18 1983 775 2018">
     <span class='ocr_line' id='line_1_59' title="bbox 18 1983 775 2018; baseline -0.003 -8"><span class='ocrx_word' id='word_1_396' title='bbox 18 1985 174 2011; x_wconf 77' lang='lat' dir='ltr'><strong>imicissimi</strong></span> <span class='ocrx_word' id='word_1_397' title='bbox 193 1989 220 2010; x_wconf 84' lang='lat' dir='ltr'><strong>et</strong></span> <span class='ocrx_word' id='word_1_398' title='bbox 234 1983 314 2010; x_wconf 79' lang='lat' dir='ltr'><strong>alieni</strong></span> <span class='ocrx_word' id='word_1_399' title='bbox 326 1983 359 2010; x_wconf 87' lang='lat' dir='ltr'><strong>ab</strong></span> <span class='ocrx_word' id='word_1_400' title='bbox 370 1984 515 2018; x_wconf 77' lang='lat' dir='ltr'><strong>apostolica</strong></span> <span class='ocrx_word' id='word_1_401' title='bbox 532 1983 693 2017; x_wconf 78' lang='lat' dir='ltr'><strong>confessione</strong></span> <span class='ocrx_word' id='word_1_402' title='bbox 706 1988 775 2016; x_wconf 83' lang='lat' dir='ltr'><strong>sunt,</strong></span> 
     </span>
    </p>
   </div>
   <div class='ocr_carea' id='block_1_60' title="bbox 18 2029 774 2064">
    <p class='ocr_par' dir='ltr' id='par_1_60' title="bbox 18 2029 774 2064">
     <span class='ocr_line' id='line_1_60' title="bbox 18 2029 774 2064; baseline 0 -9"><span class='ocrx_word' id='word_1_403' title='bbox 18 2030 142 2057; x_wconf 78' lang='lat' dir='ltr'><strong>iFilium</strong></span> <span class='ocrx_word' id='word_1_404' title='bbox 156 2038 194 2056; x_wconf 76' lang='lat' dir='ltr'><strong>ea:</strong></span> <span class='ocrx_word' id='word_1_405' title='bbox 208 2030 244 2056; x_wconf 80' lang='lat' dir='ltr'><strong>iis</strong></span> <span class='ocrx_word' id='word_1_406' title='bbox 258 2037 317 2064; x_wconf 71' lang='lat' dir='ltr'><strong>qum</strong></span> <span class='ocrx_word' id='word_1_407' title='bbox 331 2037 382 2055; x_wconf 84' lang='lat' dir='ltr'><strong>non</strong></span> <span class='ocrx_word' id='word_1_408' title='bbox 397 2034 501 2055; x_wconf 67' lang='lat' dir='ltr'><strong>exstant</strong></span> <span class='ocrx_word' id='word_1_409' title='bbox 515 2033 646 2061; x_wconf 74' lang='lat' dir='ltr'><strong>asserunt,</strong></span> <span class='ocrx_word' id='word_1_410' title='bbox 660 2029 774 2063; x_wconf 68' lang='lat' dir='ltr'><strong>inquit.»</strong></span> 
     </span>
    </p>
   </div>
   <div class='ocr_carea' id='block_1_61' title="bbox 29 2074 777 2110">
    <p class='ocr_par' dir='ltr' id='par_1_61' title="bbox 29 2074 777 2110">
     <span class='ocr_line' id='line_1_61' title="bbox 29 2074 777 2110; baseline -0.004 -7"><span class='ocrx_word' id='word_1_411' title='bbox 29 2075 56 2102; x_wconf 83' lang='lat' dir='ltr'><strong>in</strong></span> <span class='ocrx_word' id='word_1_412' title='bbox 72 2076 136 2103; x_wconf 87' lang='lat' dir='ltr'><strong>suis</strong></span> <span class='ocrx_word' id='word_1_413' title='bbox 153 2075 322 2110; x_wconf 79' lang='lat' dir='ltr'><strong>Epigrapltis</strong></span> <span class='ocrx_word' id='word_1_414' title='bbox 339 2081 393 2101; x_wconf 91' lang='lat' dir='ltr'><strong>non</strong></span> <span class='ocrx_word' id='word_1_415' title='bbox 409 2082 460 2101; x_wconf 87' lang='lat' dir='ltr'><strong>una</strong></span> <span class='ocrx_word' id='word_1_416' title='bbox 476 2074 553 2101; x_wconf 87' lang='lat' dir='ltr'><strong>vice:</strong></span> <span class='ocrx_word' id='word_1_417' title='bbox 577 2074 605 2100; x_wconf 88' lang='lat'><strong>&#39;0</strong></span> <span class='ocrx_word' id='word_1_418' title='bbox 629 2074 715 2109; x_wconf 83' lang='grc' dir='ltr'><strong>μέγας</strong></span> <span class='ocrx_word' id='word_1_419' title='bbox 730 2075 777 2101; x_wconf 85' lang='grc' dir='ltr'>καὶ</span> 
     </span>
    </p>
   </div>
   <div class='ocr_carea' id='block_1_62' title="bbox 18 2120 776 2158">
    <p class='ocr_par' dir='ltr' id='par_1_62' title="bbox 18 2120 776 2158">
     <span class='ocr_line' id='line_1_62' title="bbox 18 2120 776 2158; baseline -0.001 -11"><span class='ocrx_word' id='word_1_420' title='bbox 18 2130 30 2147; x_wconf 88' lang='grc' dir='ltr'>υ</span> <span class='ocrx_word' id='word_1_421' title='bbox 34 2121 204 2158; x_wconf 81' lang='grc' dir='ltr'>ματουργὸς</span> <span class='ocrx_word' id='word_1_422' title='bbox 218 2120 364 2155; x_wconf 81' lang='grc' dir='ltr'>Γρηγὸριος</span> <span class='ocrx_word' id='word_1_423' title='bbox 372 2120 583 2155; x_wconf 80' lang='grc' dir='ltr'>Νεοκαισαρείας</span> <span class='ocrx_word' id='word_1_424' title='bbox 592 2120 738 2151; x_wconf 81' lang='grc' dir='ltr'><strong>ἐπίσκοπος</strong></span> <span class='ocrx_word' id='word_1_425' title='bbox 748 2121 776 2146; x_wconf 86' lang='grc' dir='ltr'>ὲν</span> 
     </span>
    </p>
   </div>
   <div class='ocr_carea' id='block_1_63' title="bbox 828 885 1606 921">
    <p class='ocr_par' dir='ltr' id='par_1_63' title="bbox 828 885 1606 921">
     <span class='ocr_line' id='line_1_63' title="bbox 828 885 1606 921; baseline 0.001 -9"><span class='ocrx_word' id='word_1_426' title='bbox 828 886 970 920; x_wconf 83' lang='lat' dir='ltr'><strong>plicantes,</strong></span> <span class='ocrx_word' id='word_1_427' title='bbox 985 891 1089 912; x_wconf 76' lang='lat' dir='ltr'><strong>sextum</strong></span> <span class='ocrx_word' id='word_1_428' title='bbox 1105 885 1177 912; x_wconf 88' lang='lat' dir='ltr'><strong>hunc</strong></span> <span class='ocrx_word' id='word_1_429' title='bbox 1194 885 1220 911; x_wconf 94' lang='lat' dir='ltr'><strong>in</strong></span> <span class='ocrx_word' id='word_1_430' title='bbox 1237 885 1354 912; x_wconf 89' lang='lat' dir='ltr'><strong>medium</strong></span> <span class='ocrx_word' id='word_1_431' title='bbox 1372 886 1541 918; x_wconf 80' lang='lat' dir='ltr'><strong>adducimus,</strong></span> <span class='ocrx_word' id='word_1_432' title='bbox 1559 886 1606 921; x_wconf 82' lang='lat' dir='ltr'><strong>qui</strong></span> 
     </span>
    </p>
   </div>
   <div class='ocr_carea' id='block_1_64' title="bbox 825 930 1606 966">
    <p class='ocr_par' dir='ltr' id='par_1_64' title="bbox 825 930 1606 966">
     <span class='ocr_line' id='line_1_64' title="bbox 825 930 1606 966; baseline 0 -8"><span class='ocrx_word' id='word_1_433' title='bbox 825 939 880 966; x_wconf 69' lang='lat' dir='ltr'><strong>prie</strong></span> <span class='ocrx_word' id='word_1_434' title='bbox 896 931 956 958; x_wconf 88' lang='lat' dir='ltr'><strong>aliis</strong></span> <span class='ocrx_word' id='word_1_435' title='bbox 971 931 1022 958; x_wconf 87' lang='lat' dir='ltr'><strong>lide</strong></span> <span class='ocrx_word' id='word_1_436' title='bbox 1040 931 1216 966; x_wconf 84' lang='lat' dir='ltr'><strong>dignissimus</strong></span> <span class='ocrx_word' id='word_1_437' title='bbox 1238 935 1289 957; x_wconf 83' lang='lat' dir='ltr'><strong>est.</strong></span> <span class='ocrx_word' id='word_1_438' title='bbox 1309 930 1358 957; x_wconf 83' lang='lat' dir='ltr'><strong>Hic</strong></span> <span class='ocrx_word' id='word_1_439' title='bbox 1376 931 1402 957; x_wconf 91' lang='lat' dir='ltr'><strong>in</strong></span> <span class='ocrx_word' id='word_1_440' title='bbox 1417 932 1539 959; x_wconf 83' lang='lat' dir='ltr'><strong>aratione</strong></span> <span class='ocrx_word' id='word_1_441' title='bbox 1556 939 1606 959; x_wconf 79' lang='lat' dir='ltr'><strong>sua</strong></span> 
     </span>
    </p>
   </div>
   <div class='ocr_carea' id='block_1_65' title="bbox 825 977 1607 1012">
    <p class='ocr_par' dir='ltr' id='par_1_65' title="bbox 825 977 1607 1012">
     <span class='ocr_line' id='line_1_65' title="bbox 825 977 1607 1012; baseline 0 -8"><span class='ocrx_word' id='word_1_442' title='bbox 825 978 856 1004; x_wconf 85' lang='lat' dir='ltr'><strong>de</strong></span> <span class='ocrx_word' id='word_1_443' title='bbox 875 978 926 1011; x_wconf 84' lang='lat' dir='ltr'><strong>ﬁde</strong></span> <span class='ocrx_word' id='word_1_444' title='bbox 952 977 1094 1003; x_wconf 83' lang='lat' dir='ltr'><strong>secundum</strong></span> <span class='ocrx_word' id='word_1_445' title='bbox 1115 982 1220 1011; x_wconf 82' lang='lat' dir='ltr'><strong>partes,</strong></span> <span class='ocrx_word' id='word_1_446' title='bbox 1242 977 1298 1003; x_wconf 70' lang='lat' dir='ltr'><strong>hinc</strong></span> <span class='ocrx_word' id='word_1_447' title='bbox 1323 977 1402 1004; x_wconf 80' lang='lat' dir='ltr'><strong>habet</strong></span> <span class='ocrx_word' id='word_1_448' title='bbox 1420 985 1426 1002; x_wconf 92' lang='lat'>:</span> <span class='ocrx_word' id='word_1_449' title='bbox 1445 977 1607 1012; x_wconf 81' lang='lat' dir='ltr'><strong>Conﬁtentur</strong></span> 
     </span>
    </p>
   </div>
   <div class='ocr_carea' id='block_1_66' title="bbox 826 1022 1606 1055">
    <p class='ocr_par' dir='ltr' id='par_1_66' title="bbox 826 1022 1606 1055">
     <span class='ocr_line' id='line_1_66' title="bbox 826 1022 1606 1055; baseline -0.001 -5"><span class='ocrx_word' id='word_1_450' title='bbox 826 1023 1072 1052; x_wconf 73' lang='lat' dir='ltr'><strong>consubstantialem</strong></span> <span class='ocrx_word' id='word_1_451' title='bbox 1091 1031 1146 1050; x_wconf 67' lang='lat' dir='ltr'><strong>esse</strong></span> <span class='ocrx_word' id='word_1_452' title='bbox 1161 1022 1249 1055; x_wconf 81' lang='lat' dir='ltr'><strong>Patri,</strong></span> <span class='ocrx_word' id='word_1_453' title='bbox 1263 1028 1315 1050; x_wconf 80' lang='lat' dir='ltr'><strong>olc.</strong></span> <span class='ocrx_word' id='word_1_454' title='bbox 1337 1032 1346 1048; x_wconf 74' lang='grc' dir='ltr'><strong>ι</strong></span> <span class='ocrx_word' id='word_1_455' title='bbox 1362 1022 1394 1049; x_wconf 87' lang='grc' dir='ltr'>Ει</span> <span class='ocrx_word' id='word_1_456' title='bbox 1414 1027 1484 1051; x_wconf 86' lang='lat' dir='ltr'><strong>orat.</strong></span> <span class='ocrx_word' id='word_1_457' title='bbox 1501 1031 1520 1050; x_wconf 86' lang='lat' dir='ltr'><strong>ll</strong></span> <span class='ocrx_word' id='word_1_458' title='bbox 1532 1033 1538 1050; x_wconf 88' lang='lat'>:</span> <span class='ocrx_word' id='word_1_459' title='bbox 1551 1024 1606 1049; x_wconf 84' lang='grc' dir='ltr'><strong>Καὶ</strong></span> 
     </span>
    </p>
   </div>
   <div class='ocr_carea' id='block_1_67' title="bbox 825 1068 1606 1106">
    <p class='ocr_par' dir='ltr' id='par_1_67' title="bbox 825 1068 1606 1106">
     <span class='ocr_line' id='line_1_67' title="bbox 825 1068 1606 1106; baseline 0.004 -12"><span class='ocrx_word' id='word_1_460' title='bbox 825 1069 856 1104; x_wconf 85' lang='grc' dir='ltr'><strong>δὴ</strong></span> <span class='ocrx_word' id='word_1_461' title='bbox 875 1068 982 1095; x_wconf 82' lang='grc' dir='ltr'><strong>λεκτέον</strong></span> <span class='ocrx_word' id='word_1_462' title='bbox 996 1069 1064 1095; x_wconf 78' lang='grc' dir='ltr'>κατὰ</span> <span class='ocrx_word' id='word_1_463' title='bbox 1075 1068 1160 1104; x_wconf 76' lang='grc' dir='ltr'>ἀρχὰς</span> <span class='ocrx_word' id='word_1_464' title='bbox 1173 1069 1221 1104; x_wconf 81' lang='grc' dir='ltr'>τὴν</span> <span class='ocrx_word' id='word_1_465' title='bbox 1237 1069 1314 1104; x_wconf 74' lang='grc' dir='ltr'>ῥῆσιν</span> <span class='ocrx_word' id='word_1_466' title='bbox 1333 1068 1379 1095; x_wconf 79' lang='grc' dir='ltr'>τοῦ</span> <span class='ocrx_word' id='word_1_467' title='bbox 1394 1069 1606 1106; x_wconf 80' lang='grc' dir='ltr'>Θαυματουργοῦ</span> 
     </span>
    </p>
   </div>
   <div class='ocr_carea' id='block_1_68' title="bbox 826 1115 1604 1152">
    <p class='ocr_par' dir='ltr' id='par_1_68' title="bbox 826 1115 1604 1152">
     <span class='ocr_line' id='line_1_68' title="bbox 826 1115 1604 1152; baseline 0.005 -12"><span class='ocrx_word' id='word_1_468' title='bbox 826 1115 996 1151; x_wconf 78' lang='grc' dir='ltr'>Γρηγορίου,</span> <span class='ocrx_word' id='word_1_469' title='bbox 1025 1115 1071 1142; x_wconf 80' lang='grc' dir='ltr'>τοῦ</span> <span class='ocrx_word' id='word_1_470' title='bbox 1093 1115 1123 1141; x_wconf 76' lang='grc' dir='ltr'>τὸ</span> <span class='ocrx_word' id='word_1_471' title='bbox 1145 1116 1198 1142; x_wconf 81' lang='grc' dir='ltr'><strong>πᾶν</strong></span> <span class='ocrx_word' id='word_1_472' title='bbox 1225 1115 1366 1151; x_wconf 75' lang='grc' dir='ltr'>διαϐοήτου</span> <span class='ocrx_word' id='word_1_473' title='bbox 1397 1117 1452 1147; x_wconf 81' lang='grc' dir='ltr'>τοῖς</span> <span class='ocrx_word' id='word_1_474' title='bbox 1482 1117 1604 1152; x_wconf 82' lang='grc' dir='ltr'>πέρασιν,</span> 
     </span>
    </p>
   </div>
   <div class='ocr_carea' id='block_1_69' title="bbox 825 1158 1606 1198">
    <p class='ocr_par' dir='ltr' id='par_1_69' title="bbox 825 1158 1606 1198">
     <span class='ocr_line' id='line_1_69' title="bbox 825 1158 1606 1198; baseline 0.005 -12"><span class='ocrx_word' id='word_1_475' title='bbox 825 1158 859 1196; x_wconf 86' lang='grc' dir='ltr'><strong>ἧς</strong></span> <span class='ocrx_word' id='word_1_476' title='bbox 882 1161 931 1187; x_wconf 81' lang='grc' dir='ltr'>οὐκ</span> <span class='ocrx_word' id='word_1_477' title='bbox 956 1160 988 1187; x_wconf 83' lang='grc' dir='ltr'>ἂν</span> <span class='ocrx_word' id='word_1_478' title='bbox 1011 1162 1043 1196; x_wconf 84' lang='grc' dir='ltr'><strong>τῇ</strong></span> <span class='ocrx_word' id='word_1_479' title='bbox 1067 1161 1186 1196; x_wconf 71' lang='grc' dir='ltr'>προτέρᾳ</span> <span class='ocrx_word' id='word_1_480' title='bbox 1214 1161 1266 1195; x_wconf 81' lang='grc' dir='ltr'>τῆς</span> <span class='ocrx_word' id='word_1_481' title='bbox 1287 1160 1333 1188; x_wconf 84' lang='grc' dir='ltr'>νῦν</span> <span class='ocrx_word' id='word_1_482' title='bbox 1359 1162 1533 1198; x_wconf 74' lang='grc' dir='ltr'><strong>πραγματείᾳ</strong></span> <span class='ocrx_word' id='word_1_483' title='bbox 1546 1163 1606 1190; x_wconf 83' lang='grc' dir='ltr'>καθ’</span> 
     </span>
    </p>
   </div>
   <div class='ocr_carea' id='block_1_70' title="bbox 825 1205 1607 1241">
    <p class='ocr_par' dir='ltr' id='par_1_70' title="bbox 825 1205 1607 1241">
     <span class='ocr_line' id='line_1_70' title="bbox 825 1205 1607 1241; baseline 0.001 -9"><span class='ocrx_word' id='word_1_484' title='bbox 825 1205 917 1241; x_wconf 73' lang='grc' dir='ltr'>ἕτερον</span> <span class='ocrx_word' id='word_1_485' title='bbox 941 1205 1077 1241; x_wconf 73' lang='grc' dir='ltr'>ἐμνήσθην</span> <span class='ocrx_word' id='word_1_486' title='bbox 1101 1205 1216 1232; x_wconf 80' lang='grc' dir='ltr'>σκοπόν·</span> <span class='ocrx_word' id='word_1_487' title='bbox 1241 1206 1257 1240; x_wconf 82' lang='grc' dir='ltr'>ἡ</span> <span class='ocrx_word' id='word_1_488' title='bbox 1278 1205 1307 1231; x_wconf 82' lang='grc' dir='ltr'><strong>δὲ</strong></span> <span class='ocrx_word' id='word_1_489' title='bbox 1337 1205 1429 1241; x_wconf 80' lang='grc' dir='ltr'>ρἧις,</span> <span class='ocrx_word' id='word_1_490' title='bbox 1452 1206 1489 1237; x_wconf 86' lang='grc' dir='ltr'><strong>ὡς</strong></span> <span class='ocrx_word' id='word_1_491' title='bbox 1508 1206 1541 1233; x_wconf 80' lang='grc' dir='ltr'>ἂν</span> <span class='ocrx_word' id='word_1_492' title='bbox 1560 1207 1607 1233; x_wconf 80' lang='grc' dir='ltr'>καὶ</span> 
     </span>
    </p>
   </div>
   <div class='ocr_carea' id='block_1_71' title="bbox 825 1250 1606 1287">
    <p class='ocr_par' dir='ltr' id='par_1_71' title="bbox 825 1250 1606 1287">
     <span class='ocr_line' id='line_1_71' title="bbox 825 1250 1606 1287; baseline 0 -9"><span class='ocrx_word' id='word_1_493' title='bbox 825 1251 924 1286; x_wconf 88' lang='grc' dir='ltr'>ταύτην</span> <span class='ocrx_word' id='word_1_494' title='bbox 948 1251 1058 1286; x_wconf 85' lang='grc' dir='ltr'>γένηται</span> <span class='ocrx_word' id='word_1_495' title='bbox 1085 1260 1129 1286; x_wconf 86' lang='grc' dir='ltr'><strong>μοι</strong></span> <span class='ocrx_word' id='word_1_496' title='bbox 1154 1250 1288 1278; x_wconf 79' lang='grc' dir='ltr'>διαλαϐεῖν</span> <span class='ocrx_word' id='word_1_497' title='bbox 1307 1250 1408 1285; x_wconf 81' lang='grc' dir='ltr'>τάχιον,</span> <span class='ocrx_word' id='word_1_498' title='bbox 1432 1252 1461 1278; x_wconf 81' lang='grc' dir='ltr'>ἐν</span> <span class='ocrx_word' id='word_1_499' title='bbox 1478 1251 1517 1286; x_wconf 85' lang='grc' dir='ltr'>τῷ</span> <span class='ocrx_word' id='word_1_500' title='bbox 1536 1252 1606 1287; x_wconf 85' lang='grc' dir='ltr'>λόγῳ</span> 
     </span>
    </p>
   </div>
   <div class='ocr_carea' id='block_1_72' title="bbox 825 1296 1605 1333">
    <p class='ocr_par' dir='ltr' id='par_1_72' title="bbox 825 1296 1605 1333">
     <span class='ocr_line' id='line_1_72' title="bbox 825 1296 1605 1333; baseline 0.001 -9"><span class='ocrx_word' id='word_1_501' title='bbox 825 1298 874 1333; x_wconf 82' lang='grc' dir='ltr'>τῆς</span> <span class='ocrx_word' id='word_1_502' title='bbox 896 1297 976 1324; x_wconf 79' lang='grc' dir='ltr'>αὑτοῦ</span> <span class='ocrx_word' id='word_1_503' title='bbox 1001 1297 1076 1324; x_wconf 78' lang='grc' dir='ltr'>κατὰ</span> <span class='ocrx_word' id='word_1_504' title='bbox 1095 1296 1184 1332; x_wconf 84' lang='grc' dir='ltr'>μέρος</span> <span class='ocrx_word' id='word_1_505' title='bbox 1206 1297 1338 1329; x_wconf 84' lang='grc' dir='ltr'>Πίστεως</span> <span class='ocrx_word' id='word_1_506' title='bbox 1361 1297 1490 1332; x_wconf 83' lang='grc' dir='ltr'><strong>κειμένη,</strong></span> <span class='ocrx_word' id='word_1_507' title='bbox 1513 1298 1605 1333; x_wconf 63' lang='grc' dir='ltr'>φησίν</span> 
     </span>
    </p>
   </div>
   <div class='ocr_carea' id='block_1_73' title="bbox 832 1341 1606 1377">
    <p class='ocr_par' dir='ltr' id='par_1_73' title="bbox 832 1341 1606 1377">
     <span class='ocr_line' id='line_1_73' title="bbox 832 1341 1606 1377; baseline 0.004 -8"><span class='ocrx_word' id='word_1_508' title='bbox 832 1342 1044 1377; x_wconf 74' lang='grc' dir='ltr'>Ὀμολογοῦμεν</span> <span class='ocrx_word' id='word_1_509' title='bbox 1071 1342 1231 1376; x_wconf 77' lang='grc' dir='ltr'>όμοούσιον</span> <span class='ocrx_word' id='word_1_510' title='bbox 1258 1341 1298 1374; x_wconf 80' lang='grc' dir='ltr'>τῷ</span> <span class='ocrx_word' id='word_1_511' title='bbox 1322 1343 1414 1376; x_wconf 77' lang='grc' dir='ltr'>Πατρῑ</span> <span class='ocrx_word' id='word_1_512' title='bbox 1438 1341 1530 1370; x_wconf 65' lang='grc' dir='ltr'><strong>δῖναν</strong></span> <span class='ocrx_word' id='word_1_513' title='bbox 1559 1345 1606 1372; x_wconf 77' lang='grc' dir='ltr'>καὶ</span> 
     </span>
    </p>
   </div>
   <div class='ocr_carea' id='block_1_74' title="bbox 825 1386 1607 1427">
    <p class='ocr_par' dir='ltr' id='par_1_74' title="bbox 825 1386 1607 1427">
     <span class='ocr_line' id='line_1_74' title="bbox 825 1386 1607 1427; baseline 0.003 -12"><span class='ocrx_word' id='word_1_514' title='bbox 825 1388 904 1416; x_wconf 82' lang='grc' dir='ltr'>τοῦτο</span> <span class='ocrx_word' id='word_1_515' title='bbox 922 1389 969 1424; x_wconf 84' lang='grc' dir='ltr'>μὲν</span> <span class='ocrx_word' id='word_1_516' title='bbox 989 1390 1004 1415; x_wconf 84' lang='grc' dir='ltr'>ὁ</span> <span class='ocrx_word' id='word_1_517' title='bbox 1016 1388 1069 1414; x_wconf 78' lang='grc' dir='ltr'>τῶν</span> <span class='ocrx_word' id='word_1_518' title='bbox 1088 1388 1167 1415; x_wconf 85' lang='grc' dir='ltr'>θείων</span> <span class='ocrx_word' id='word_1_519' title='bbox 1189 1388 1384 1423; x_wconf 71' lang='grc' dir='ltr'><strong>ἀποκαλύψεων</strong></span> <span class='ocrx_word' id='word_1_520' title='bbox 1407 1386 1484 1422; x_wconf 75' lang='grc' dir='ltr'>οὗτος</span> <span class='ocrx_word' id='word_1_521' title='bbox 1500 1390 1607 1427; x_wconf 81' lang='grc' dir='ltr'><strong>ὑφηγη-</strong></span> 
     </span>
    </p>
   </div>
   <div class='ocr_carea' id='block_1_75' title="bbox 825 1433 1606 1471">
    <p class='ocr_par' dir='ltr' id='par_1_75' title="bbox 825 1433 1606 1471">
     <span class='ocr_line' id='line_1_75' title="bbox 825 1433 1606 1471; baseline 0.005 -10"><span class='ocrx_word' id='word_1_522' title='bbox 825 1434 886 1471; x_wconf 79' lang='grc' dir='ltr'>τής.</span> <span class='ocrx_word' id='word_1_523' title='bbox 909 1444 918 1460; x_wconf 72' lang='grc' dir='ltr'><strong>ι</strong></span> <span class='ocrx_word' id='word_1_524' title='bbox 933 1433 966 1460; x_wconf 84' lang='grc' dir='ltr'><strong>Ει</strong></span> <span class='ocrx_word' id='word_1_525' title='bbox 981 1441 1045 1461; x_wconf 86' lang='lat' dir='ltr'><strong>vero</strong></span> <span class='ocrx_word' id='word_1_526' title='bbox 1067 1433 1259 1468; x_wconf 78' lang='lat' dir='ltr'><strong>proferendum</strong></span> <span class='ocrx_word' id='word_1_527' title='bbox 1283 1438 1324 1461; x_wconf 86' lang='lat' dir='ltr'><strong>est</strong></span> <span class='ocrx_word' id='word_1_528' title='bbox 1345 1434 1397 1462; x_wconf 93' lang='lat' dir='ltr'><strong>hoc</strong></span> <span class='ocrx_word' id='word_1_529' title='bbox 1412 1436 1547 1471; x_wconf 90' lang='lat' dir='ltr'><strong>principio</strong></span> <span class='ocrx_word' id='word_1_530' title='bbox 1562 1437 1606 1464; x_wconf 85' lang='lat' dir='ltr'><strong>dl-</strong></span> 
     </span>
    </p>
   </div>
   <div class='ocr_carea' id='block_1_76' title="bbox 827 1479 1605 1514">
    <p class='ocr_par' dir='ltr' id='par_1_76' title="bbox 827 1479 1605 1514">
     <span class='ocr_line' id='line_1_76' title="bbox 827 1479 1605 1514; baseline 0.005 -7"><span class='ocrx_word' id='word_1_531' title='bbox 827 1484 900 1508; x_wconf 84' lang='lat' dir='ltr'><strong>ctum</strong></span> <span class='ocrx_word' id='word_1_532' title='bbox 914 1479 1109 1513; x_wconf 82' lang='lat' dir='ltr'><strong>Thaumaturgi</strong></span> <span class='ocrx_word' id='word_1_533' title='bbox 1123 1479 1256 1514; x_wconf 76' lang='lat' dir='ltr'><strong>Gregorii,</strong></span> <span class='ocrx_word' id='word_1_534' title='bbox 1270 1479 1349 1514; x_wconf 88' lang='lat' dir='ltr'><strong>cujus</strong></span> <span class='ocrx_word' id='word_1_535' title='bbox 1365 1480 1435 1510; x_wconf 82' lang='lat' dir='ltr'><strong>fama</strong></span> <span class='ocrx_word' id='word_1_536' title='bbox 1449 1482 1516 1510; x_wconf 91' lang='lat' dir='ltr'><strong>lines</strong></span> <span class='ocrx_word' id='word_1_537' title='bbox 1528 1483 1605 1511; x_wconf 83' lang='lat' dir='ltr'><strong>orbis</strong></span> 
     </span>
    </p>
   </div>
   <div class='ocr_carea' id='block_1_77' title="bbox 829 1525 1604 1564">
    <p class='ocr_par' dir='ltr' id='par_1_77' title="bbox 829 1525 1604 1564">
     <span class='ocr_line' id='line_1_77' title="bbox 829 1525 1604 1564; baseline 0.004 -11"><span class='ocrx_word' id='word_1_538' title='bbox 829 1526 958 1560; x_wconf 86' lang='lat' dir='ltr'><strong>pervasit,</strong></span> <span class='ocrx_word' id='word_1_539' title='bbox 974 1525 1051 1560; x_wconf 84' lang='lat' dir='ltr'><strong>cujus</strong></span> <span class='ocrx_word' id='word_1_540' title='bbox 1071 1533 1123 1552; x_wconf 88' lang='lat' dir='ltr'><strong>non</strong></span> <span class='ocrx_word' id='word_1_541' title='bbox 1139 1525 1192 1552; x_wconf 89' lang='lat' dir='ltr'><strong>alio</strong></span> <span class='ocrx_word' id='word_1_542' title='bbox 1206 1532 1288 1560; x_wconf 88' lang='lat' dir='ltr'><strong>scopo</strong></span> <span class='ocrx_word' id='word_1_543' title='bbox 1306 1526 1333 1553; x_wconf 91' lang='lat' dir='ltr'><strong>in</strong></span> <span class='ocrx_word' id='word_1_544' title='bbox 1353 1527 1513 1561; x_wconf 68' lang='lat' dir='ltr'><strong>praecedenti</strong></span> <span class='ocrx_word' id='word_1_545' title='bbox 1534 1537 1604 1564; x_wconf 92' lang='lat' dir='ltr'><strong>quo-</strong></span> 
     </span>
    </p>
   </div>
   <div class='ocr_carea' id='block_1_78' title="bbox 827 1572 1606 1609">
    <p class='ocr_par' dir='ltr' id='par_1_78' title="bbox 827 1572 1606 1609">
     <span class='ocr_line' id='line_1_78' title="bbox 827 1572 1606 1609; baseline 0.008 -11"><span class='ocrx_word' id='word_1_546' title='bbox 827 1579 880 1606; x_wconf 83' lang='lat' dir='ltr'><strong>que</strong></span> <span class='ocrx_word' id='word_1_547' title='bbox 897 1577 1012 1598; x_wconf 86' lang='lat' dir='ltr'><strong>tractatu</strong></span> <span class='ocrx_word' id='word_1_548' title='bbox 1035 1572 1197 1599; x_wconf 91' lang='lat' dir='ltr'><strong>mentionem</strong></span> <span class='ocrx_word' id='word_1_549' title='bbox 1225 1572 1329 1600; x_wconf 82' lang='lat' dir='ltr'><strong>induxi.</strong></span> <span class='ocrx_word' id='word_1_550' title='bbox 1355 1572 1461 1601; x_wconf 84' lang='lat' dir='ltr'><strong>Dictum</strong></span> <span class='ocrx_word' id='word_1_551' title='bbox 1480 1583 1554 1609; x_wconf 89' lang='lat' dir='ltr'><strong>vero,</strong></span> <span class='ocrx_word' id='word_1_552' title='bbox 1572 1585 1606 1604; x_wconf 86' lang='lat' dir='ltr'><strong>ne</strong></span> 
     </span>
    </p>
   </div>
   <div class='ocr_carea' id='block_1_79' title="bbox 828 1617 1606 1652">
    <p class='ocr_par' dir='ltr' id='par_1_79' title="bbox 828 1617 1606 1652">
     <span class='ocr_line' id='line_1_79' title="bbox 828 1617 1606 1652; baseline 0.008 -9"><span class='ocrx_word' id='word_1_553' title='bbox 828 1623 920 1644; x_wconf 91' lang='lat' dir='ltr'><strong>moras</strong></span> <span class='ocrx_word' id='word_1_554' title='bbox 936 1617 1052 1643; x_wconf 79' lang='lat' dir='ltr'><strong>texendo</strong></span> <span class='ocrx_word' id='word_1_555' title='bbox 1066 1621 1171 1651; x_wconf 82' lang='lat' dir='ltr'><strong>tempus</strong></span> <span class='ocrx_word' id='word_1_556' title='bbox 1193 1617 1340 1651; x_wconf 90' lang='lat' dir='ltr'><strong>insumam,</strong></span> <span class='ocrx_word' id='word_1_557' title='bbox 1353 1618 1425 1652; x_wconf 86' lang='lat' dir='ltr'><strong>jacet</strong></span> <span class='ocrx_word' id='word_1_558' title='bbox 1440 1620 1466 1646; x_wconf 92' lang='lat' dir='ltr'><strong>in</strong></span> <span class='ocrx_word' id='word_1_559' title='bbox 1483 1621 1606 1649; x_wconf 84' lang='lat' dir='ltr'><strong>oratione</strong></span> 
     </span>
    </p>
   </div>
   <div class='ocr_carea' id='block_1_80' title="bbox 837 1662 1606 1700">
    <p class='ocr_par' dir='ltr' id='par_1_80' title="bbox 837 1662 1606 1700">
     <span class='ocr_line' id='line_1_80' title="bbox 837 1662 1606 1700; baseline 0.007 -12"><span class='ocrx_word' id='word_1_560' title='bbox 837 1662 909 1689; x_wconf 93' lang='lat' dir='ltr'><strong>illius</strong></span> <span class='ocrx_word' id='word_1_561' title='bbox 928 1663 959 1688; x_wconf 76' lang='lat' dir='ltr'><strong>(le</strong></span> <span class='ocrx_word' id='word_1_562' title='bbox 975 1662 1025 1695; x_wconf 81' lang='lat' dir='ltr'><strong>ﬁde</strong></span> <span class='ocrx_word' id='word_1_563' title='bbox 1042 1662 1183 1688; x_wconf 81' lang='lat' dir='ltr'><strong>secundum</strong></span> <span class='ocrx_word' id='word_1_564' title='bbox 1205 1667 1303 1697; x_wconf 84' lang='lat' dir='ltr'><strong>partes,</strong></span> <span class='ocrx_word' id='word_1_565' title='bbox 1321 1667 1348 1690; x_wconf 87' lang='lat' dir='ltr'><strong>et</strong></span> <span class='ocrx_word' id='word_1_566' title='bbox 1363 1669 1405 1691; x_wconf 90' lang='lat' dir='ltr'><strong>est</strong></span> <span class='ocrx_word' id='word_1_567' title='bbox 1421 1672 1427 1690; x_wconf 92' lang='lat'>:</span> <span class='ocrx_word' id='word_1_568' title='bbox 1446 1664 1606 1700; x_wconf 79' lang='lat' dir='ltr'><strong>Conﬁtentur</strong></span> 
     </span>
    </p>
   </div>
   <div class='ocr_carea' id='block_1_81' title="bbox 828 1707 1607 1745">
    <p class='ocr_par' dir='ltr' id='par_1_81' title="bbox 828 1707 1607 1745">
     <span class='ocr_line' id='line_1_81' title="bbox 828 1707 1607 1745; baseline 0.008 -11"><span class='ocrx_word' id='word_1_569' title='bbox 828 1707 1075 1735; x_wconf 78' lang='lat' dir='ltr'><strong>consubstantialem</strong></span> <span class='ocrx_word' id='word_1_570' title='bbox 1090 1715 1145 1734; x_wconf 82' lang='lat' dir='ltr'><strong>esse</strong></span> <span class='ocrx_word' id='word_1_571' title='bbox 1158 1707 1245 1735; x_wconf 80' lang='lat' dir='ltr'><strong>Patri.</strong></span> <span class='ocrx_word' id='word_1_572' title='bbox 1262 1708 1295 1735; x_wconf 83' lang='lat' dir='ltr'><strong>Et</strong></span> <span class='ocrx_word' id='word_1_573' title='bbox 1311 1709 1362 1736; x_wconf 89' lang='lat' dir='ltr'><strong>hoc</strong></span> <span class='ocrx_word' id='word_1_574' title='bbox 1378 1711 1487 1745; x_wconf 89' lang='lat' dir='ltr'><strong>quidem</strong></span> <span class='ocrx_word' id='word_1_575' title='bbox 1506 1712 1550 1739; x_wconf 89' lang='lat' dir='ltr'><strong>ille</strong></span> <span class='ocrx_word' id='word_1_576' title='bbox 1563 1713 1607 1740; x_wconf 90' lang='lat' dir='ltr'><strong>di-</strong></span> 
     </span>
    </p>
   </div>
   <div class='ocr_carea' id='block_1_82' title="bbox 827 1754 1605 1789">
    <p class='ocr_par' dir='ltr' id='par_1_82' title="bbox 827 1754 1605 1789">
     <span class='ocr_line' id='line_1_82' title="bbox 827 1754 1605 1789; baseline 0.005 -9"><span class='ocrx_word' id='word_1_577' title='bbox 827 1755 951 1782; x_wconf 75' lang='lat' dir='ltr'><strong>vinarum</strong></span> <span class='ocrx_word' id='word_1_578' title='bbox 980 1754 1174 1781; x_wconf 78' lang='lat' dir='ltr'><strong>revelationum</strong></span> <span class='ocrx_word' id='word_1_579' title='bbox 1204 1754 1346 1789; x_wconf 87' lang='lat' dir='ltr'><strong>interpres.</strong></span> <span class='ocrx_word' id='word_1_580' title='bbox 1363 1764 1372 1780; x_wconf 78' lang='grc' dir='ltr'><strong>ι</strong></span> <span class='ocrx_word' id='word_1_581' title='bbox 1405 1755 1437 1783; x_wconf 84' lang='lat' dir='ltr'><strong>Et</strong></span> <span class='ocrx_word' id='word_1_582' title='bbox 1452 1755 1605 1784; x_wconf 87' lang='lat' dir='ltr'><strong>Demetrius</strong></span> 
     </span>
    </p>
   </div>
   <div class='ocr_carea' id='block_1_83' title="bbox 827 1799 1604 1837">
    <p class='ocr_par' dir='ltr' id='par_1_83' title="bbox 827 1799 1604 1837">
     <span class='ocr_line' id='line_1_83' title="bbox 827 1799 1604 1837; baseline 0.004 -10"><span class='ocrx_word' id='word_1_583' title='bbox 827 1800 964 1835; x_wconf 78' lang='lat' dir='ltr'><strong>Cydonius</strong></span> <span class='ocrx_word' id='word_1_584' title='bbox 981 1800 1018 1827; x_wconf 87' lang='lat' dir='ltr'><strong>De</strong></span> <span class='ocrx_word' id='word_1_585' title='bbox 1046 1800 1207 1833; x_wconf 79' lang='lat' dir='ltr'><strong>processione</strong></span> <span class='ocrx_word' id='word_1_586' title='bbox 1227 1799 1342 1834; x_wconf 77' lang='lat' dir='ltr'><strong>Spiritus</strong></span> <span class='ocrx_word' id='word_1_587' title='bbox 1366 1802 1462 1834; x_wconf 75' lang='lat' dir='ltr'><strong>sanrri,</strong></span> <span class='ocrx_word' id='word_1_588' title='bbox 1484 1803 1604 1837; x_wconf 85' lang='lat' dir='ltr'><strong>cap.l0:</strong></span> 
     </span>
    </p>
   </div>
   <div class='ocr_carea' id='block_1_84' title="bbox 827 1845 1604 1882">
    <p class='ocr_par' dir='ltr' id='par_1_84' title="bbox 827 1845 1604 1882">
     <span class='ocr_line' id='line_1_84' title="bbox 827 1845 1604 1882; baseline 0.003 -9"><span class='ocrx_word' id='word_1_589' title='bbox 827 1846 923 1873; x_wconf 80' lang='grc' dir='ltr'>Καίτοι</span> <span class='ocrx_word' id='word_1_590' title='bbox 947 1845 994 1871; x_wconf 69' lang='grc' dir='ltr'>καὶ</span> <span class='ocrx_word' id='word_1_591' title='bbox 1019 1845 1072 1872; x_wconf 85' lang='grc' dir='ltr'>τῶν</span> <span class='ocrx_word' id='word_1_592' title='bbox 1095 1845 1259 1872; x_wconf 78' lang='grc' dir='ltr'>διδασκάλων</span> <span class='ocrx_word' id='word_1_593' title='bbox 1286 1847 1357 1878; x_wconf 80' lang='grc' dir='ltr'>τινὲς</span> <span class='ocrx_word' id='word_1_594' title='bbox 1379 1848 1428 1882; x_wconf 82' lang='grc' dir='ltr'>τὴν</span> <span class='ocrx_word' id='word_1_595' title='bbox 1464 1848 1510 1874; x_wconf 80' lang='grc' dir='ltr'>τοῦ</span> <span class='ocrx_word' id='word_1_596' title='bbox 1527 1849 1604 1882; x_wconf 88' lang='grc' dir='ltr'>ἁγίου</span> 
     </span>
    </p>
   </div>
   <div class='ocr_carea' id='block_1_85' title="bbox 827 1890 1606 1926">
    <p class='ocr_par' dir='ltr' id='par_1_85' title="bbox 827 1890 1606 1926">
     <span class='ocr_line' id='line_1_85' title="bbox 827 1890 1606 1926; baseline 0.005 -9"><span class='ocrx_word' id='word_1_597' title='bbox 827 1891 984 1926; x_wconf 87' lang='grc' dir='ltr'>Πνεύματος</span> <span class='ocrx_word' id='word_1_598' title='bbox 1004 1891 1164 1926; x_wconf 77' lang='grc' dir='ltr'>ὲκπόρευσιν</span> <span class='ocrx_word' id='word_1_599' title='bbox 1191 1891 1326 1926; x_wconf 73' lang='grc' dir='ltr'>ἔκπεμψιν</span> <span class='ocrx_word' id='word_1_600' title='bbox 1346 1890 1414 1919; x_wconf 83' lang='grc' dir='ltr'>εἶναι</span> <span class='ocrx_word' id='word_1_601' title='bbox 1437 1893 1606 1922; x_wconf 78' lang='grc' dir='ltr'>διδάσκουσιν</span> 
     </span>
    </p>
   </div>
   <div class='ocr_carea' id='block_1_86' title="bbox 827 1936 1607 1975">
    <p class='ocr_par' dir='ltr' id='par_1_86' title="bbox 827 1936 1607 1975">
     <span class='ocr_line' id='line_1_86' title="bbox 827 1936 1607 1975; baseline 0.005 -12"><span class='ocrx_word' id='word_1_602' title='bbox 827 1937 926 1963; x_wconf 58' lang='grc' dir='ltr'><strong>ἀΐδιον</strong></span> <span class='ocrx_word' id='word_1_603' title='bbox 942 1936 1019 1963; x_wconf 81' lang='grc' dir='ltr'>τοῦτο</span> <span class='ocrx_word' id='word_1_604' title='bbox 1041 1937 1089 1972; x_wconf 81' lang='grc' dir='ltr'>μὲν</span> <span class='ocrx_word' id='word_1_605' title='bbox 1105 1938 1119 1963; x_wconf 82' lang='grc' dir='ltr'>ὁ</span> <span class='ocrx_word' id='word_1_606' title='bbox 1129 1936 1338 1972; x_wconf 76' lang='grc' dir='ltr'>Θαυματουργὺς</span> <span class='ocrx_word' id='word_1_607' title='bbox 1353 1939 1515 1975; x_wconf 81' lang='grc' dir='ltr'>Γρηγόριος,</span> <span class='ocrx_word' id='word_1_608' title='bbox 1530 1940 1607 1967; x_wconf 77' lang='grc' dir='ltr'>τοῦτο</span> 
     </span>
    </p>
   </div>
   <div class='ocr_carea' id='block_1_87' title="bbox 826 1982 1604 2023">
    <p class='ocr_par' dir='ltr' id='par_1_87' title="bbox 826 1982 1604 2023">
     <span class='ocr_line' id='line_1_87' title="bbox 826 1982 1604 2023; baseline 0.006 -15"><span class='ocrx_word' id='word_1_609' title='bbox 826 1983 855 2009; x_wconf 80' lang='grc' dir='ltr'><strong>δὲ</strong></span> <span class='ocrx_word' id='word_1_610' title='bbox 871 1983 1019 2018; x_wconf 85' lang='grc' dir='ltr'>Γρηγόριος</span> <span class='ocrx_word' id='word_1_611' title='bbox 1032 1984 1046 2009; x_wconf 87' lang='grc' dir='ltr'>ὁ</span> <span class='ocrx_word' id='word_1_612' title='bbox 1061 1982 1202 2017; x_wconf 79' lang='grc' dir='ltr'>Θεολόγος·</span> <span class='ocrx_word' id='word_1_613' title='bbox 1216 1983 1230 2009; x_wconf 86' lang='grc' dir='ltr'><strong>ὀ</strong></span> <span class='ocrx_word' id='word_1_614' title='bbox 1247 1984 1294 2018; x_wconf 85' lang='grc' dir='ltr'>μὲν</span> <span class='ocrx_word' id='word_1_615' title='bbox 1307 1985 1335 2010; x_wconf 82' lang='grc' dir='ltr'>ὲν</span> <span class='ocrx_word' id='word_1_616' title='bbox 1353 1984 1424 2020; x_wconf 81' lang='grc' dir='ltr'>λόγῳ</span> <span class='ocrx_word' id='word_1_617' title='bbox 1445 1983 1475 2011; x_wconf 74' lang='grc' dir='ltr'>οὗ</span> <span class='ocrx_word' id='word_1_618' title='bbox 1491 1987 1507 2021; x_wconf 86' lang='grc' dir='ltr'>ἡ</span> <span class='ocrx_word' id='word_1_619' title='bbox 1523 1987 1604 2023; x_wconf 65' lang='grc' dir='ltr'>ἀρχήν</span> 
     </span>
    </p>
   </div>
   <div class='ocr_carea' id='block_1_88' title="bbox 829 2030 1602 2067">
    <p class='ocr_par' dir='ltr' id='par_1_88' title="bbox 829 2030 1602 2067">
     <span class='ocr_line' id='line_1_88' title="bbox 829 2030 1602 2067; baseline 0.005 -11"><span class='ocrx_word' id='word_1_620' title='bbox 829 2031 981 2064; x_wconf 85' lang='grc' dir='ltr'>Ἕχθιστοι</span> <span class='ocrx_word' id='word_1_621' title='bbox 1003 2030 1050 2056; x_wconf 77' lang='grc' dir='ltr'>καὶ</span> <span class='ocrx_word' id='word_1_622' title='bbox 1072 2030 1238 2064; x_wconf 68' lang='grc' dir='ltr'>ιῌλότριοι,</span> <span class='ocrx_word' id='word_1_623' title='bbox 1266 2031 1386 2065; x_wconf 82' lang='grc' dir='ltr'>φάσκων·</span> <span class='ocrx_word' id='word_1_624' title='bbox 1409 2031 1455 2057; x_wconf 78' lang='grc' dir='ltr'>καὶ</span> <span class='ocrx_word' id='word_1_625' title='bbox 1474 2032 1508 2058; x_wconf 70' lang='grc' dir='ltr'><strong>τὰ</strong></span> <span class='ocrx_word' id='word_1_626' title='bbox 1531 2032 1602 2067; x_wconf 78' lang='grc' dir='ltr'>ἑξῆς.</span> 
     </span>
    </p>
   </div>
   <div class='ocr_carea' id='block_1_89' title="bbox 830 2076 1603 2111">
    <p class='ocr_par' dir='ltr' id='par_1_89' title="bbox 830 2076 1603 2111">
     <span class='ocr_line' id='line_1_89' title="bbox 830 2076 1603 2111; baseline 0.004 -9"><span class='ocrx_word' id='word_1_627' title='bbox 830 2076 978 2109; x_wconf 72' lang='lat' dir='ltr'><strong>«Quamvis</strong></span> <span class='ocrx_word' id='word_1_628' title='bbox 1002 2076 1125 2102; x_wconf 91' lang='lat' dir='ltr'><strong>nonnulli</strong></span> <span class='ocrx_word' id='word_1_629' title='bbox 1143 2076 1283 2103; x_wconf 88' lang='lat' dir='ltr'><strong>doctorum</strong></span> <span class='ocrx_word' id='word_1_630' title='bbox 1302 2076 1502 2111; x_wconf 85' lang='lat' dir='ltr'><strong>processioncm</strong></span> <span class='ocrx_word' id='word_1_631' title='bbox 1518 2079 1603 2105; x_wconf 82' lang='lat' dir='ltr'><strong>sancti</strong></span> 
     </span>
    </p>
   </div>
   <div class='ocr_carea' id='block_1_90' title="bbox 828 2121 1604 2156">
    <p class='ocr_par' dir='ltr' id='par_1_90' title="bbox 828 2121 1604 2156">
     <span class='ocr_line' id='line_1_90' title="bbox 828 2121 1604 2156; baseline 0.001 -8"><span class='ocrx_word' id='word_1_632' title='bbox 828 2121 945 2156; x_wconf 87' lang='lat' dir='ltr'><strong>Spiritus</strong></span> <span class='ocrx_word' id='word_1_633' title='bbox 958 2121 1131 2148; x_wconf 84' lang='lat' dir='ltr'><strong>emissionem</strong></span> <span class='ocrx_word' id='word_1_634' title='bbox 1147 2129 1207 2148; x_wconf 89' lang='lat' dir='ltr'><strong>esse</strong></span> <span class='ocrx_word' id='word_1_635' title='bbox 1219 2125 1345 2148; x_wconf 75' lang='lat' dir='ltr'><strong>aeternam</strong></span> <span class='ocrx_word' id='word_1_636' title='bbox 1363 2121 1487 2153; x_wconf 83' lang='lat' dir='ltr'><strong>doceant,</strong></span> <span class='ocrx_word' id='word_1_637' title='bbox 1503 2123 1604 2156; x_wconf 89' lang='lat' dir='ltr'><strong>partim</strong></span> 
     </span>
    </p>
   </div>
   <div class='ocr_carea' id='block_1_91' title="bbox 24 2163 752 2205">
    <p class='ocr_par' dir='ltr' id='par_1_91' title="bbox 24 2163 752 2202">
     <span class='ocr_line' id='line_1_91' title="bbox 24 2163 752 2202; baseline -0.001 -9"><span class='ocrx_word' id='word_1_638' title='bbox 24 2167 99 2202; x_wconf 78' lang='grc' dir='ltr'>λόγῳ</span> <span class='ocrx_word' id='word_1_639' title='bbox 124 2163 159 2193; x_wconf 74' lang='grc' dir='ltr'><strong>οὗ</strong></span> <span class='ocrx_word' id='word_1_640' title='bbox 180 2167 200 2202; x_wconf 87' lang='grc' dir='ltr'><strong>ἠ</strong></span> <span class='ocrx_word' id='word_1_641' title='bbox 218 2167 299 2201; x_wconf 80' lang='grc' dir='ltr'><strong>ἀρχή·</strong></span> <span class='ocrx_word' id='word_1_642' title='bbox 320 2167 471 2200; x_wconf 83' lang='grc' dir='ltr'>Ἔχθιστοι</span> <span class='ocrx_word' id='word_1_643' title='bbox 485 2166 534 2192; x_wconf 77' lang='grc' dir='ltr'>καὶ</span> <span class='ocrx_word' id='word_1_644' title='bbox 557 2167 705 2200; x_wconf 78' lang='grc' dir='ltr'>ἀλλότριοι</span> <span class='ocrx_word' id='word_1_645' title='bbox 721 2165 752 2200; x_wconf 75' lang='grc' dir='ltr'>τῇ</span> 
     </span>
    </p>
   </div>
   <div class='ocr_carea' id='block_1_92' title="bbox 876 2163 1604 2205">
    <p class='ocr_par' dir='ltr' id='par_1_92' title="bbox 876 2166 1604 2202">
     <span class='ocr_line' id='line_1_92' title="bbox 876 2166 1604 2202; baseline 0 -8"><span class='ocrx_word' id='word_1_646' title='bbox 876 2167 934 2194; x_wconf 90' lang='lat' dir='ltr'><strong>dem</strong></span> <span class='ocrx_word' id='word_1_647' title='bbox 967 2166 1110 2202; x_wconf 74' lang='lat' dir='ltr'><strong>Gregorius</strong></span> <span class='ocrx_word' id='word_1_648' title='bbox 1142 2166 1377 2201; x_wconf 85' lang='lat' dir='ltr'><strong>Thaumaturgus,</strong></span> <span class='ocrx_word' id='word_1_649' title='bbox 1409 2167 1507 2200; x_wconf 86' lang='lat' dir='ltr'><strong>partim</strong></span> <span class='ocrx_word' id='word_1_650' title='bbox 1541 2175 1604 2194; x_wconf 88' lang='lat' dir='ltr'><strong>vero</strong></span> 
     </span>
    </p>
   </div>
   <div class='ocr_carea' id='block_1_93' title="bbox 18 2209 772 2245">
    <p class='ocr_par' dir='ltr' id='par_1_93' title="bbox 18 2209 772 2245">
     <span class='ocr_line' id='line_1_93' title="bbox 18 2209 772 2245; baseline -0.001 -7"><span class='ocrx_word' id='word_1_651' title='bbox 18 2210 200 2244; x_wconf 81' lang='grc' dir='ltr'>οστολικῆς</span> <span class='ocrx_word' id='word_1_652' title='bbox 217 2210 384 2244; x_wconf 78' lang='grc' dir='ltr'>ὁμολογίας.</span> <span class='ocrx_word' id='word_1_653' title='bbox 405 2219 413 2235; x_wconf 78' lang='grc' dir='ltr'><strong>ι</strong></span> <span class='ocrx_word' id='word_1_654' title='bbox 429 2209 539 2245; x_wconf 79' lang='lat' dir='ltr'><strong>Magnus</strong></span> <span class='ocrx_word' id='word_1_655' title='bbox 555 2215 581 2237; x_wconf 86' lang='lat' dir='ltr'><strong>et</strong></span> <span class='ocrx_word' id='word_1_656' title='bbox 594 2210 772 2238; x_wconf 81' lang='lat' dir='ltr'><strong>Thaumatur-</strong></span> 
     </span>
    </p>
   </div>
   <div class='ocr_carea' id='block_1_94' title="bbox 18 2254 773 2291">
    <p class='ocr_par' dir='ltr' id='par_1_94' title="bbox 18 2254 773 2291">
     <span class='ocr_line' id='line_1_94' title="bbox 18 2254 773 2291; baseline -0.001 -7"><span class='ocrx_word' id='word_1_657' title='bbox 18 2265 23 2284; x_wconf 83' lang='lat' dir='ltr'><strong>i</strong></span> <span class='ocrx_word' id='word_1_658' title='bbox 48 2256 221 2291; x_wconf 77' lang='lat' dir='ltr'><strong>Gregorius</strong></span> <span class='ocrx_word' id='word_1_659' title='bbox 245 2254 472 2283; x_wconf 59' lang='lat' dir='ltr'><strong>Neocaesariensis</strong></span> <span class='ocrx_word' id='word_1_660' title='bbox 496 2255 639 2290; x_wconf 88' lang='lat' dir='ltr'><strong>episcopus</strong></span> <span class='ocrx_word' id='word_1_661' title='bbox 663 2257 688 2282; x_wconf 92' lang='lat' dir='ltr'><strong>in</strong></span> <span class='ocrx_word' id='word_1_662' title='bbox 710 2264 773 2283; x_wconf 81' lang='lat' dir='ltr'><strong>ora-</strong></span> 
     </span>
    </p>
   </div>
   <div class='ocr_carea' id='block_1_95' title="bbox 18 2299 775 2338">
    <p class='ocr_par' dir='ltr' id='par_1_95' title="bbox 18 2299 775 2338">
     <span class='ocr_line' id='line_1_95' title="bbox 18 2299 775 2338; baseline 0 -10"><span class='ocrx_word' id='word_1_663' title='bbox 18 2311 45 2330; x_wconf 82' lang='lat' dir='ltr'><strong>te</strong></span> <span class='ocrx_word' id='word_1_664' title='bbox 83 2311 153 2338; x_wconf 55' lang='lat' dir='ltr'><strong>quae</strong></span> <span class='ocrx_word' id='word_1_665' title='bbox 183 2301 303 2335; x_wconf 87' lang='lat' dir='ltr'><strong>incipit:</strong></span> <span class='ocrx_word' id='word_1_666' title='bbox 319 2299 499 2327; x_wconf 78' lang='lat' dir='ltr'><strong>Irtimicissimi</strong></span> <span class='ocrx_word' id='word_1_667' title='bbox 521 2305 545 2327; x_wconf 78' lang='lat' dir='ltr'><strong>et</strong></span> <span class='ocrx_word' id='word_1_668' title='bbox 564 2301 644 2328; x_wconf 83' lang='lat' dir='ltr'><strong>alieni</strong></span> <span class='ocrx_word' id='word_1_669' title='bbox 665 2303 697 2328; x_wconf 79' lang='lat' dir='ltr'><strong>ab</strong></span> <span class='ocrx_word' id='word_1_670' title='bbox 711 2311 775 2336; x_wconf 87' lang='lat' dir='ltr'><strong>upo-</strong></span> 
     </span>
    </p>
   </div>
   <div class='ocr_carea' id='block_1_96' title="bbox 18 2346 772 2384">
    <p class='ocr_par' dir='ltr' id='par_1_96' title="bbox 18 2346 772 2384">
     <span class='ocr_line' id='line_1_96' title="bbox 18 2346 772 2384; baseline -0.001 -8"><span class='ocrx_word' id='word_1_671' title='bbox 18 2349 66 2375; x_wconf 59' lang='lat' dir='ltr'><strong>Tiea</strong></span> <span class='ocrx_word' id='word_1_672' title='bbox 79 2348 290 2384; x_wconf 68' lang='lat' dir='ltr'><strong>confessione,»</strong></span> <span class='ocrx_word' id='word_1_673' title='bbox 299 2351 352 2374; x_wconf 86' lang='lat' dir='ltr'><strong>etc.</strong></span> <span class='ocrx_word' id='word_1_674' title='bbox 365 2346 397 2374; x_wconf 87' lang='lat' dir='ltr'><strong>Et</strong></span> <span class='ocrx_word' id='word_1_675' title='bbox 408 2354 442 2374; x_wconf 72' lang='lat' dir='ltr'><strong>ex</strong></span> <span class='ocrx_word' id='word_1_676' title='bbox 449 2354 480 2373; x_wconf 81' lang='lat' dir='ltr'><strong>ea</strong></span> <span class='ocrx_word' id='word_1_677' title='bbox 498 2347 649 2375; x_wconf 86' lang='lat' dir='ltr'><strong>testimonia</strong></span> <span class='ocrx_word' id='word_1_678' title='bbox 662 2348 772 2382; x_wconf 82' lang='lat' dir='ltr'><strong>profert.</strong></span> 
     </span>
    </p>
   </div>
   <div class='ocr_carea' id='block_1_97' title="bbox 18 2392 774 2431">
    <p class='ocr_par' dir='ltr' id='par_1_97' title="bbox 18 2392 774 2431">
     <span class='ocr_line' id='line_1_97' title="bbox 18 2392 774 2431; baseline -0.004 -8"><span class='ocrx_word' id='word_1_679' title='bbox 18 2396 111 2431; x_wconf 67' lang='lat' dir='ltr'><strong>trgius</strong></span> <span class='ocrx_word' id='word_1_680' title='bbox 127 2393 290 2421; x_wconf 87' lang='lat' dir='ltr'><strong>Metochita</strong></span> <span class='ocrx_word' id='word_1_681' title='bbox 311 2393 338 2419; x_wconf 93' lang='lat' dir='ltr'><strong>in</strong></span> <span class='ocrx_word' id='word_1_682' title='bbox 351 2392 473 2419; x_wconf 87' lang='lat' dir='ltr'><strong>oratione</strong></span> <span class='ocrx_word' id='word_1_683' title='bbox 487 2392 573 2427; x_wconf 89' lang='lat' dir='ltr'><strong>prima</strong></span> <span class='ocrx_word' id='word_1_684' title='bbox 589 2393 620 2419; x_wconf 88' lang='lat' dir='ltr'><strong>de</strong></span> <span class='ocrx_word' id='word_1_685' title='bbox 632 2402 694 2428; x_wconf 78' lang='lat' dir='ltr'><strong>pace</strong></span> <span class='ocrx_word' id='word_1_686' title='bbox 708 2394 774 2421; x_wconf 83' lang='lat' dir='ltr'><strong>inter</strong></span> 
     </span>
    </p>
   </div>
   <div class='ocr_carea' id='block_1_98' title="bbox 18 2437 775 2473">
    <p class='ocr_par' dir='ltr' id='par_1_98' title="bbox 18 2437 775 2473">
     <span class='ocr_line' id='line_1_98' title="bbox 18 2437 775 2473; baseline -0.001 -7"><span class='ocrx_word' id='word_1_687' title='bbox 18 2450 35 2468; x_wconf 72' lang='grc' dir='ltr'><strong>[δ</strong></span> <span class='ocrx_word' id='word_1_688' title='bbox 65 2441 249 2468; x_wconf 70' lang='lat' dir='ltr'><strong>Ecclesiae:</strong></span> <span class='ocrx_word' id='word_1_689' title='bbox 274 2437 305 2465; x_wconf 91' lang='lat'><strong>&#39;0</strong></span> <span class='ocrx_word' id='word_1_690' title='bbox 331 2437 378 2473; x_wconf 87' lang='grc' dir='ltr'>τὴν</span> <span class='ocrx_word' id='word_1_691' title='bbox 400 2437 493 2473; x_wconf 82' lang='grc' dir='ltr'>κλῆσιν</span> <span class='ocrx_word' id='word_1_692' title='bbox 526 2438 695 2473; x_wconf 79' lang='grc' dir='ltr'>ἁρμοζόντως</span> <span class='ocrx_word' id='word_1_693' title='bbox 720 2441 775 2472; x_wconf 82' lang='grc' dir='ltr'>τοῖς</span> 
     </span>
    </p>
   </div>
   <div class='ocr_carea' id='block_1_99' title="bbox 18 2483 775 2522">
    <p class='ocr_par' dir='ltr' id='par_1_99' title="bbox 18 2483 775 2522">
     <span class='ocr_line' id='line_1_99' title="bbox 18 2483 775 2522; baseline -0.007 -7"><span class='ocrx_word' id='word_1_694' title='bbox 18 2496 58 2520; x_wconf 65' lang='lat' dir='ltr'><strong>at;</strong></span> <span class='ocrx_word' id='word_1_695' title='bbox 87 2485 195 2522; x_wconf 75' lang='grc' dir='ltr'>λαχὼν</span> <span class='ocrx_word' id='word_1_696' title='bbox 219 2483 369 2520; x_wconf 83' lang='grc' dir='ltr'>Γρηγόριος</span> <span class='ocrx_word' id='word_1_697' title='bbox 402 2483 417 2510; x_wconf 77' lang='grc' dir='ltr'><strong>ὁ</strong></span> <span class='ocrx_word' id='word_1_698' title='bbox 440 2483 648 2519; x_wconf 84' lang='grc' dir='ltr'>Θαυματουργὺς</span> <span class='ocrx_word' id='word_1_699' title='bbox 682 2485 712 2510; x_wconf 82' lang='grc' dir='ltr'>ἐν</span> <span class='ocrx_word' id='word_1_700' title='bbox 737 2485 775 2520; x_wconf 83' lang='grc' dir='ltr'>τῷ</span> 
     </span>
    </p>
   </div>
   <div class='ocr_carea' id='block_1_100' title="bbox 18 2530 771 2569">
    <p class='ocr_par' dir='ltr' id='par_1_100' title="bbox 18 2530 771 2569">
     <span class='ocr_line' id='line_1_100' title="bbox 18 2530 771 2569; baseline -0.005 -9"><span class='ocrx_word' id='word_1_701' title='bbox 18 2543 37 2569; x_wconf 67' lang='grc' dir='ltr'>ῳ</span> <span class='ocrx_word' id='word_1_702' title='bbox 65 2531 100 2560; x_wconf 80' lang='grc' dir='ltr'><strong>οὗ</strong></span> <span class='ocrx_word' id='word_1_703' title='bbox 117 2534 136 2568; x_wconf 89' lang='grc' dir='ltr'>ὴ</span> <span class='ocrx_word' id='word_1_704' title='bbox 153 2531 249 2567; x_wconf 85' lang='grc' dir='ltr'><strong>ἀρχή·</strong></span> <span class='ocrx_word' id='word_1_705' title='bbox 268 2530 420 2564; x_wconf 80' lang='grc' dir='ltr'>Ἐχθιστοι</span> <span class='ocrx_word' id='word_1_706' title='bbox 438 2530 486 2556; x_wconf 77' lang='grc' dir='ltr'>καὶ</span> <span class='ocrx_word' id='word_1_707' title='bbox 503 2530 661 2564; x_wconf 81' lang='grc' dir='ltr'>ἀλλότριοι,</span> <span class='ocrx_word' id='word_1_708' title='bbox 683 2531 771 2566; x_wconf 66' lang='grc' dir='ltr'>φησίν·</span> 
     </span>
    </p>
   </div>
   <div class='ocr_carea' id='block_1_101' title="bbox 18 2575 772 2613">
    <p class='ocr_par' dir='ltr' id='par_1_101' title="bbox 18 2575 772 2613">
     <span class='ocr_line' id='line_1_101' title="bbox 18 2575 772 2613; baseline -0.005 -7"><span class='ocrx_word' id='word_1_709' title='bbox 18 2579 162 2613; x_wconf 67' lang='grc' dir='ltr'><strong>εννὴτου</strong></span> <span class='ocrx_word' id='word_1_710' title='bbox 185 2576 253 2612; x_wconf 77' lang='grc' dir='ltr'><strong>μὲν</strong></span> <span class='ocrx_word' id='word_1_711' title='bbox 267 2575 353 2608; x_wconf 72' lang='grc' dir='ltr'>ὄντος</span> <span class='ocrx_word' id='word_1_712' title='bbox 367 2575 419 2602; x_wconf 78' lang='grc' dir='ltr'>τοῦ</span> <span class='ocrx_word' id='word_1_713' title='bbox 439 2575 562 2610; x_wconf 77' lang='grc' dir='ltr'>Πατρὸς,</span> <span class='ocrx_word' id='word_1_714' title='bbox 583 2577 628 2602; x_wconf 59' lang='grc' dir='ltr'>κέι</span> <span class='ocrx_word' id='word_1_715' title='bbox 647 2576 680 2602; x_wconf 80' lang='grc' dir='ltr'><strong>τὰ</strong></span> <span class='ocrx_word' id='word_1_716' title='bbox 701 2576 772 2611; x_wconf 78' lang='grc' dir='ltr'><strong>ἑξῆς.</strong></span> 
     </span>
    </p>
   </div>
   <div class='ocr_carea' id='block_1_102' title="bbox 19 2622 766 2654">
    <p class='ocr_par' dir='ltr' id='par_1_102' title="bbox 19 2622 766 2654">
     <span class='ocr_line' id='line_1_102' title="bbox 19 2622 766 2654; baseline -0.005 -2"><span class='ocrx_word' id='word_1_717' title='bbox 19 2627 47 2653; x_wconf 90' lang='lat' dir='ltr'><strong>ui</strong></span> <span class='ocrx_word' id='word_1_718' title='bbox 69 2631 187 2652; x_wconf 87' lang='lat' dir='ltr'><strong>nomen</strong></span> <span class='ocrx_word' id='word_1_719' title='bbox 214 2622 346 2654; x_wconf 81' lang='lat' dir='ltr'><strong>operibus</strong></span> <span class='ocrx_word' id='word_1_720' title='bbox 365 2622 528 2650; x_wconf 73' lang='lat' dir='ltr'><strong>conveniens</strong></span> <span class='ocrx_word' id='word_1_721' title='bbox 543 2627 638 2650; x_wconf 84' lang='lat' dir='ltr'><strong>nactus</strong></span> <span class='ocrx_word' id='word_1_722' title='bbox 652 2627 694 2649; x_wconf 87' lang='lat' dir='ltr'><strong>est</strong></span> <span class='ocrx_word' id='word_1_723' title='bbox 705 2622 766 2649; x_wconf 89' lang='lat' dir='ltr'><strong>Gre-</strong></span> 
     </span>
    </p>
   </div>
   <div class='ocr_carea' id='block_1_103' title="bbox 18 2667 774 2703">
    <p class='ocr_par' dir='ltr' id='par_1_103' title="bbox 18 2667 774 2703">
     <span class='ocr_line' id='line_1_103' title="bbox 18 2667 774 2703; baseline -0.008 -3"><span class='ocrx_word' id='word_1_724' title='bbox 18 2681 57 2700; x_wconf 35' lang='lat' dir='ltr'><strong>.us</strong></span> <span class='ocrx_word' id='word_1_725' title='bbox 78 2671 336 2703; x_wconf 78' lang='lat' dir='ltr'><strong>Thaumaturgus,</strong></span> <span class='ocrx_word' id='word_1_726' title='bbox 362 2668 389 2694; x_wconf 95' lang='lat' dir='ltr'><strong>in</strong></span> <span class='ocrx_word' id='word_1_727' title='bbox 414 2668 536 2695; x_wconf 89' lang='lat' dir='ltr'><strong>oratione</strong></span> <span class='ocrx_word' id='word_1_728' title='bbox 579 2667 658 2703; x_wconf 83' lang='lat' dir='ltr'><strong>cujus</strong></span> <span class='ocrx_word' id='word_1_729' title='bbox 676 2668 774 2702; x_wconf 90' lang='lat' dir='ltr'><strong>princi-</strong></span> 
     </span>
    </p>
   </div>
   <div class='ocr_carea' id='block_1_104' title="bbox 18 2712 774 2748">
    <p class='ocr_par' dir='ltr' id='par_1_104' title="bbox 18 2712 774 2748">
     <span class='ocr_line' id='line_1_104' title="bbox 18 2712 774 2748; baseline -0.008 -3"><span class='ocrx_word' id='word_1_730' title='bbox 18 2726 38 2745; x_wconf 88' lang='lat' dir='ltr'><strong>n</strong></span> <span class='ocrx_word' id='word_1_731' title='bbox 54 2726 65 2745; x_wconf 61' lang='grc' dir='ltr'><strong><em>ς</em></strong></span> <span class='ocrx_word' id='word_1_732' title='bbox 83 2714 297 2745; x_wconf 77' lang='lat' dir='ltr'><strong>lnimicissimi</strong></span> <span class='ocrx_word' id='word_1_733' title='bbox 314 2718 338 2740; x_wconf 86' lang='lat' dir='ltr'><strong>et</strong></span> <span class='ocrx_word' id='word_1_734' title='bbox 356 2713 436 2740; x_wconf 84' lang='lat' dir='ltr'><strong>alieni</strong></span> <span class='ocrx_word' id='word_1_735' title='bbox 447 2714 511 2741; x_wconf 92' lang='lat' dir='ltr'><strong>dicit</strong></span> <span class='ocrx_word' id='word_1_736' title='bbox 527 2723 533 2740; x_wconf 89' lang='lat'>:</span> <span class='ocrx_word' id='word_1_737' title='bbox 548 2712 682 2748; x_wconf 80' lang='lat' dir='ltr'><strong>Ingenilus</strong></span> <span class='ocrx_word' id='word_1_738' title='bbox 694 2713 774 2740; x_wconf 84' lang='lat' dir='ltr'><strong>Pater</strong></span> 
     </span>
    </p>
   </div>
   <div class='ocr_carea' id='block_1_105' title="bbox 18 2758 772 2798">
    <p class='ocr_par' dir='ltr' id='par_1_105' title="bbox 18 2758 772 2798">
     <span class='ocr_line' id='line_1_105' title="bbox 18 2758 772 2798; baseline -0.007 -8"><span class='ocrx_word' id='word_1_739' title='bbox 18 2764 90 2798; x_wconf 62' lang='lat' dir='ltr'><strong>itit,</strong></span> <span class='ocrx_word' id='word_1_740' title='bbox 109 2767 176 2791; x_wconf 87' lang='lat' dir='ltr'><strong>etc.</strong></span> <span class='ocrx_word' id='word_1_741' title='bbox 200 2769 212 2786; x_wconf 70' lang='grc' dir='ltr'><strong><em>ι</em></strong></span> <span class='ocrx_word' id='word_1_742' title='bbox 250 2758 443 2786; x_wconf 87' lang='lat' dir='ltr'><strong>Constantinus</strong></span> <span class='ocrx_word' id='word_1_743' title='bbox 466 2759 638 2791; x_wconf 84' lang='lat' dir='ltr'><strong>Meletiniota,</strong></span> <span class='ocrx_word' id='word_1_744' title='bbox 665 2764 734 2785; x_wconf 84' lang='lat' dir='ltr'><strong>orat.</strong></span> <span class='ocrx_word' id='word_1_745' title='bbox 749 2766 772 2785; x_wconf 90' lang='lat' dir='ltr'><strong>t:</strong></span> 
     </span>
    </p>
   </div>
   <div class='ocr_carea' id='block_1_106' title="bbox 18 2805 774 2846">
    <p class='ocr_par' dir='ltr' id='par_1_106' title="bbox 18 2805 774 2846">
     <span class='ocr_line' id='line_1_106' title="bbox 18 2805 774 2846; baseline -0.011 -8"><span class='ocrx_word' id='word_1_746' title='bbox 18 2814 96 2846; x_wconf 62' lang='grc' dir='ltr'>ζομεν</span> <span class='ocrx_word' id='word_1_747' title='bbox 120 2810 155 2836; x_wconf 74' lang='grc' dir='ltr'><strong>δὲ</strong></span> <span class='ocrx_word' id='word_1_748' title='bbox 181 2805 240 2834; x_wconf 73' lang='grc' dir='ltr'>καὶ</span> <span class='ocrx_word' id='word_1_749' title='bbox 255 2805 285 2831; x_wconf 79' lang='grc' dir='ltr'>τὸ</span> <span class='ocrx_word' id='word_1_750' title='bbox 306 2805 402 2840; x_wconf 74' lang='grc' dir='ltr'>παρὸν,</span> <span class='ocrx_word' id='word_1_751' title='bbox 426 2806 451 2832; x_wconf 74' lang='grc' dir='ltr'>εἰ</span> <span class='ocrx_word' id='word_1_752' title='bbox 469 2805 550 2837; x_wconf 84' lang='grc' dir='ltr'>δοκεῖ,</span> <span class='ocrx_word' id='word_1_753' title='bbox 575 2805 774 2840; x_wconf 74' lang='grc' dir='ltr'>παραλαὸόντες</span> 
     </span>
    </p>
   </div>
   <div class='ocr_carea' id='block_1_107' title="bbox 132 2852 425 2887">
    <p class='ocr_par' dir='ltr' id='par_1_107' title="bbox 132 2852 425 2887">
     <span class='ocr_line' id='line_1_107' title="bbox 132 2852 425 2887; baseline -0.014 0"><span class='ocrx_word' id='word_1_754' title='bbox 132 2857 291 2887; x_wconf 71' lang='grc' dir='ltr'>ΡΑτιιοι.</span> <span class='ocrx_word' id='word_1_755' title='bbox 307 2852 353 2883; x_wconf 81' lang='lat' dir='ltr'><strong>Gn</strong></span> <span class='ocrx_word' id='word_1_756' title='bbox 385 2853 425 2883; x_wconf 82' lang='grc' dir='ltr'><strong>Χ.</strong></span> 
     </span>
    </p>
   </div>
   <div class='ocr_carea' id='block_1_108' title="bbox 825 2212 1606 2247">
    <p class='ocr_par' dir='ltr' id='par_1_108' title="bbox 825 2212 1606 2247">
     <span class='ocr_line' id='line_1_108' title="bbox 825 2212 1606 2247; baseline 0 -8"><span class='ocrx_word' id='word_1_757' title='bbox 825 2212 971 2247; x_wconf 80' lang='lat' dir='ltr'><strong>Gregorius</strong></span> <span class='ocrx_word' id='word_1_758' title='bbox 978 2212 1148 2247; x_wconf 80' lang='lat' dir='ltr'><strong>Theologus;</strong></span> <span class='ocrx_word' id='word_1_759' title='bbox 1163 2212 1206 2238; x_wconf 88' lang='lat' dir='ltr'><strong>ille</strong></span> <span class='ocrx_word' id='word_1_760' title='bbox 1220 2212 1328 2247; x_wconf 89' lang='lat' dir='ltr'><strong>quidem</strong></span> <span class='ocrx_word' id='word_1_761' title='bbox 1342 2212 1368 2239; x_wconf 92' lang='lat' dir='ltr'><strong>in</strong></span> <span class='ocrx_word' id='word_1_762' title='bbox 1381 2212 1513 2245; x_wconf 84' lang='lat' dir='ltr'><strong>oratione,</strong></span> <span class='ocrx_word' id='word_1_763' title='bbox 1527 2213 1606 2247; x_wconf 85' lang='lat' dir='ltr'><strong>cujus</strong></span> 
     </span>
    </p>
   </div>
   <div class='ocr_carea' id='block_1_109' title="bbox 826 2257 1600 2292">
    <p class='ocr_par' dir='ltr' id='par_1_109' title="bbox 826 2257 1600 2292">
     <span class='ocr_line' id='line_1_109' title="bbox 826 2257 1600 2292; baseline 0 -7"><span class='ocrx_word' id='word_1_764' title='bbox 826 2258 930 2285; x_wconf 87' lang='lat' dir='ltr'><strong>initium</strong></span> <span class='ocrx_word' id='word_1_765' title='bbox 943 2266 949 2283; x_wconf 71' lang='grc' dir='ltr'>ί</span> <span class='ocrx_word' id='word_1_766' title='bbox 968 2257 1149 2285; x_wconf 78' lang='lat' dir='ltr'><strong>Inimicissimi</strong></span> <span class='ocrx_word' id='word_1_767' title='bbox 1165 2263 1243 2292; x_wconf 76' lang='lat' dir='ltr'><strong>atque</strong></span> <span class='ocrx_word' id='word_1_768' title='bbox 1254 2257 1345 2289; x_wconf 83' lang='lat' dir='ltr'><strong>alieni,</strong></span> <span class='ocrx_word' id='word_1_769' title='bbox 1360 2258 1485 2292; x_wconf 86' lang='lat' dir='ltr'><strong>inquiens</strong></span> <span class='ocrx_word' id='word_1_770' title='bbox 1496 2278 1504 2288; x_wconf 86' lang='lat'><strong><em>.</em></strong></span> <span class='ocrx_word' id='word_1_771' title='bbox 1519 2263 1572 2285; x_wconf 85' lang='lat' dir='ltr'><strong>etc.</strong></span> <span class='ocrx_word' id='word_1_772' title='bbox 1590 2269 1600 2284; x_wconf 70' lang='grc' dir='ltr'><strong>ι</strong></span> 
     </span>
    </p>
   </div>
   <div class='ocr_carea' id='block_1_110' title="bbox 826 2302 1606 2338">
    <p class='ocr_par' dir='ltr' id='par_1_110' title="bbox 826 2302 1606 2338">
     <span class='ocr_line' id='line_1_110' title="bbox 826 2302 1606 2338; baseline 0 -8"><span class='ocrx_word' id='word_1_773' title='bbox 826 2302 887 2330; x_wconf 85' lang='lat' dir='ltr'><strong>Vin‘</strong></span> <span class='ocrx_word' id='word_1_774' title='bbox 903 2303 1012 2338; x_wconf 84' lang='lat' dir='ltr'><strong>plures?</strong></span> <span class='ocrx_word' id='word_1_775' title='bbox 1033 2302 1168 2337; x_wconf 81' lang='lat' dir='ltr'><strong>Joscphus</strong></span> <span class='ocrx_word' id='word_1_776' title='bbox 1186 2302 1337 2338; x_wconf 86' lang='lat' dir='ltr'><strong>Bryennius</strong></span> <span class='ocrx_word' id='word_1_777' title='bbox 1353 2308 1421 2330; x_wconf 81' lang='lat' dir='ltr'><strong>orat.</strong></span> <span class='ocrx_word' id='word_1_778' title='bbox 1445 2311 1479 2330; x_wconf 86' lang='lat' dir='ltr'><strong>xv</strong></span> <span class='ocrx_word' id='word_1_779' title='bbox 1495 2303 1532 2330; x_wconf 85' lang='lat' dir='ltr'><strong>De</strong></span> <span class='ocrx_word' id='word_1_780' title='bbox 1550 2303 1606 2330; x_wconf 82' lang='lat' dir='ltr'><strong>Tri-</strong></span> 
     </span>
    </p>
   </div>
   <div class='ocr_carea' id='block_1_111' title="bbox 825 2348 1603 2383">
    <p class='ocr_par' dir='ltr' id='par_1_111' title="bbox 825 2348 1603 2383">
     <span class='ocr_line' id='line_1_111' title="bbox 825 2348 1603 2383; baseline 0 -8"><span class='ocrx_word' id='word_1_781' title='bbox 825 2349 923 2376; x_wconf 84' lang='lat' dir='ltr'><strong>nitate:</strong></span> <span class='ocrx_word' id='word_1_782' title='bbox 935 2348 1005 2375; x_wconf 74' lang='grc' dir='ltr'><strong>Αὐτὸ</strong></span> <span class='ocrx_word' id='word_1_783' title='bbox 1019 2348 1098 2375; x_wconf 81' lang='grc' dir='ltr'>τοῦτο</span> <span class='ocrx_word' id='word_1_784' title='bbox 1114 2348 1236 2383; x_wconf 80' lang='grc' dir='ltr'>βούλεται</span> <span class='ocrx_word' id='word_1_785' title='bbox 1251 2348 1321 2375; x_wconf 78' lang='grc' dir='ltr'>κατὰ</span> <span class='ocrx_word' id='word_1_786' title='bbox 1334 2349 1433 2381; x_wconf 84' lang='grc' dir='ltr'>πάντα,</span> <span class='ocrx_word' id='word_1_787' title='bbox 1452 2349 1498 2376; x_wconf 75' lang='grc' dir='ltr'><strong>καὶ</strong></span> <span class='ocrx_word' id='word_1_788' title='bbox 1510 2349 1540 2375; x_wconf 84' lang='grc' dir='ltr'>τὸ</span> <span class='ocrx_word' id='word_1_789' title='bbox 1556 2349 1603 2376; x_wconf 81' lang='grc' dir='ltr'>τοῦ</span> 
     </span>
    </p>
   </div>
   <div class='ocr_carea' id='block_1_112' title="bbox 824 2394 1605 2430">
    <p class='ocr_par' dir='ltr' id='par_1_112' title="bbox 824 2394 1605 2430">
     <span class='ocr_line' id='line_1_112' title="bbox 824 2394 1605 2430; baseline 0 -10"><span class='ocrx_word' id='word_1_790' title='bbox 824 2394 1036 2430; x_wconf 84' lang='grc' dir='ltr'>Θαυματουργοῦ</span> <span class='ocrx_word' id='word_1_791' title='bbox 1055 2394 1216 2430; x_wconf 81' lang='grc' dir='ltr'>Γρηγορίου,</span> <span class='ocrx_word' id='word_1_792' title='bbox 1241 2394 1289 2421; x_wconf 69' lang='grc' dir='ltr'>καὶ</span> <span class='ocrx_word' id='word_1_793' title='bbox 1313 2394 1343 2420; x_wconf 84' lang='grc' dir='ltr'>τὸ</span> <span class='ocrx_word' id='word_1_794' title='bbox 1362 2394 1408 2421; x_wconf 78' lang='grc' dir='ltr'>τοῦ</span> <span class='ocrx_word' id='word_1_795' title='bbox 1423 2394 1605 2430; x_wconf 62' lang='grc' dir='ltr'>Νύσσηςμκαὶ</span> 
     </span>
    </p>
   </div>
   <div class='ocr_carea' id='block_1_113' title="bbox 825 2440 1603 2476">
    <p class='ocr_par' dir='ltr' id='par_1_113' title="bbox 825 2440 1603 2476">
     <span class='ocr_line' id='line_1_113' title="bbox 825 2440 1603 2476; baseline 0.001 -9"><span class='ocrx_word' id='word_1_796' title='bbox 825 2441 855 2467; x_wconf 75' lang='grc' dir='ltr'>τὸ</span> <span class='ocrx_word' id='word_1_797' title='bbox 865 2441 912 2467; x_wconf 81' lang='grc' dir='ltr'>τοῦ</span> <span class='ocrx_word' id='word_1_798' title='bbox 928 2441 1130 2476; x_wconf 81' lang='grc' dir='ltr'>Χρυσοστόμου,</span> <span class='ocrx_word' id='word_1_799' title='bbox 1143 2440 1188 2467; x_wconf 82' lang='grc' dir='ltr'>τοῦ</span> <span class='ocrx_word' id='word_1_800' title='bbox 1205 2440 1254 2476; x_wconf 75' lang='grc' dir='ltr'>μὲν</span> <span class='ocrx_word' id='word_1_801' title='bbox 1272 2440 1403 2473; x_wconf 80' lang='grc' dir='ltr'>λέγοντος·</span> <span class='ocrx_word' id='word_1_802' title='bbox 1432 2441 1603 2475; x_wconf 80' lang='grc' dir='ltr'><strong>Ἀτεννήτου</strong></span> 
     </span>
    </p>
   </div>
   <div class='ocr_carea' id='block_1_114' title="bbox 822 2485 1601 2521">
    <p class='ocr_par' dir='ltr' id='par_1_114' title="bbox 822 2485 1601 2521">
     <span class='ocr_line' id='line_1_114' title="bbox 822 2485 1601 2521; baseline 0.001 -9"><span class='ocrx_word' id='word_1_803' title='bbox 822 2486 879 2521; x_wconf 81' lang='grc' dir='ltr'><strong>μὲν</strong></span> <span class='ocrx_word' id='word_1_804' title='bbox 890 2486 977 2518; x_wconf 77' lang='grc' dir='ltr'>ὄντος</span> <span class='ocrx_word' id='word_1_805' title='bbox 990 2486 1041 2512; x_wconf 81' lang='grc' dir='ltr'>τοῦ</span> <span class='ocrx_word' id='word_1_806' title='bbox 1055 2486 1179 2520; x_wconf 77' lang='grc' dir='ltr'>Πατρός,</span> <span class='ocrx_word' id='word_1_807' title='bbox 1197 2485 1391 2521; x_wconf 75' lang='grc' dir='ltr'><strong>γεννηθέντος</strong></span> <span class='ocrx_word' id='word_1_808' title='bbox 1406 2486 1440 2513; x_wconf 84' lang='grc' dir='ltr'><strong>δὲ</strong></span> <span class='ocrx_word' id='word_1_809' title='bbox 1455 2487 1507 2514; x_wconf 89' lang='grc' dir='ltr'>τοῦ</span> <span class='ocrx_word' id='word_1_810' title='bbox 1524 2487 1601 2514; x_wconf 84' lang='grc' dir='ltr'><strong>Υὶοῦ·</strong></span> 
     </span>
    </p>
   </div>
   <div class='ocr_carea' id='block_1_115' title="bbox 825 2532 1601 2568">
    <p class='ocr_par' dir='ltr' id='par_1_115' title="bbox 825 2532 1601 2568">
     <span class='ocr_line' id='line_1_115' title="bbox 825 2532 1601 2568; baseline 0.003 -10"><span class='ocrx_word' id='word_1_811' title='bbox 825 2533 874 2559; x_wconf 83' lang='grc' dir='ltr'>καὶ</span> <span class='ocrx_word' id='word_1_812' title='bbox 890 2532 924 2558; x_wconf 84' lang='grc' dir='ltr'><strong>τὰ</strong></span> <span class='ocrx_word' id='word_1_813' title='bbox 941 2532 1014 2568; x_wconf 75' lang='grc' dir='ltr'>ἑξῆς,</span> <span class='ocrx_word' id='word_1_814' title='bbox 1041 2543 1050 2557; x_wconf 84' lang='grc'><strong><em>‹</em></strong></span> <span class='ocrx_word' id='word_1_815' title='bbox 1064 2532 1120 2559; x_wconf 90' lang='lat' dir='ltr'><strong>Hoc</strong></span> <span class='ocrx_word' id='word_1_816' title='bbox 1143 2533 1211 2560; x_wconf 81' lang='lat' dir='ltr'><strong>idem</strong></span> <span class='ocrx_word' id='word_1_817' title='bbox 1229 2532 1278 2560; x_wconf 76' lang='lat' dir='ltr'><strong>sibi</strong></span> <span class='ocrx_word' id='word_1_818' title='bbox 1297 2533 1353 2560; x_wconf 85' lang='lat' dir='ltr'><strong>vult</strong></span> <span class='ocrx_word' id='word_1_819' title='bbox 1371 2541 1418 2568; x_wconf 90' lang='lat' dir='ltr'><strong>per</strong></span> <span class='ocrx_word' id='word_1_820' title='bbox 1433 2534 1524 2560; x_wconf 84' lang='lat' dir='ltr'><strong>omnia</strong></span> <span class='ocrx_word' id='word_1_821' title='bbox 1546 2538 1601 2560; x_wconf 88' lang='lat' dir='ltr'><strong>tum</strong></span> 
     </span>
    </p>
   </div>
   <div class='ocr_carea' id='block_1_116' title="bbox 825 2577 1604 2615">
    <p class='ocr_par' dir='ltr' id='par_1_116' title="bbox 825 2577 1604 2615">
     <span class='ocr_line' id='line_1_116' title="bbox 825 2577 1604 2615; baseline 0.003 -11"><span class='ocrx_word' id='word_1_822' title='bbox 825 2577 1020 2612; x_wconf 79' lang='lat' dir='ltr'><strong>Thaumaturgi</strong></span> <span class='ocrx_word' id='word_1_823' title='bbox 1039 2578 1172 2613; x_wconf 76' lang='lat' dir='ltr'><strong>Gregorii.</strong></span> <span class='ocrx_word' id='word_1_824' title='bbox 1201 2583 1257 2605; x_wconf 92' lang='lat' dir='ltr'><strong>tum</strong></span> <span class='ocrx_word' id='word_1_825' title='bbox 1283 2578 1407 2614; x_wconf 85' lang='lat' dir='ltr'><strong>Nysscni,</strong></span> <span class='ocrx_word' id='word_1_826' title='bbox 1437 2584 1494 2606; x_wconf 82' lang='lat' dir='ltr'><strong>tum</strong></span> <span class='ocrx_word' id='word_1_827' title='bbox 1516 2579 1604 2615; x_wconf 87' lang='lat' dir='ltr'><strong>Chry-</strong></span> 
     </span>
    </p>
   </div>
   <div class='ocr_carea' id='block_1_117' title="bbox 825 2623 1604 2660">
    <p class='ocr_par' dir='ltr' id='par_1_117' title="bbox 825 2623 1604 2660">
     <span class='ocr_line' id='line_1_117' title="bbox 825 2623 1604 2660; baseline -0.001 -9"><span class='ocrx_word' id='word_1_828' title='bbox 825 2625 938 2651; x_wconf 86' lang='lat' dir='ltr'><strong>sostomi</strong></span> <span class='ocrx_word' id='word_1_829' title='bbox 968 2624 1079 2651; x_wconf 93' lang='lat' dir='ltr'><strong>dictum.</strong></span> <span class='ocrx_word' id='word_1_830' title='bbox 1108 2623 1199 2650; x_wconf 88' lang='lat' dir='ltr'><strong>Pritno</strong></span> <span class='ocrx_word' id='word_1_831' title='bbox 1223 2625 1331 2659; x_wconf 82' lang='lat' dir='ltr'><strong>quidem</strong></span> <span class='ocrx_word' id='word_1_832' title='bbox 1362 2624 1468 2652; x_wconf 84' lang='lat' dir='ltr'><strong>dicente</strong></span> <span class='ocrx_word' id='word_1_833' title='bbox 1492 2634 1499 2652; x_wconf 88' lang='lat'><strong>:</strong></span> <span class='ocrx_word' id='word_1_834' title='bbox 1526 2624 1604 2660; x_wconf 71' lang='lat' dir='ltr'><strong>Inge-</strong></span> 
     </span>
    </p>
   </div>
   <div class='ocr_carea' id='block_1_118' title="bbox 825 2667 1600 2703">
    <p class='ocr_par' dir='ltr' id='par_1_118' title="bbox 825 2667 1600 2703">
     <span class='ocr_line' id='line_1_118' title="bbox 825 2667 1600 2703; baseline 0.003 -9"><span class='ocrx_word' id='word_1_835' title='bbox 825 2669 898 2696; x_wconf 79' lang='lat' dir='ltr'><strong>nitus</strong></span> <span class='ocrx_word' id='word_1_836' title='bbox 916 2677 975 2694; x_wconf 82' lang='lat' dir='ltr'><strong>eum</strong></span> <span class='ocrx_word' id='word_1_837' title='bbox 995 2669 1028 2694; x_wconf 85' lang='lat' dir='ltr'><strong>sit</strong></span> <span class='ocrx_word' id='word_1_838' title='bbox 1045 2667 1144 2701; x_wconf 74' lang='lat' dir='ltr'><strong>Pater,</strong></span> <span class='ocrx_word' id='word_1_839' title='bbox 1165 2669 1268 2702; x_wconf 84' lang='lat' dir='ltr'><strong>genitus</strong></span> <span class='ocrx_word' id='word_1_840' title='bbox 1289 2674 1375 2696; x_wconf 84' lang='lat' dir='ltr'><strong>autem</strong></span> <span class='ocrx_word' id='word_1_841' title='bbox 1390 2667 1493 2703; x_wconf 76' lang='lat' dir='ltr'><strong>Filius,</strong></span> <span class='ocrx_word' id='word_1_842' title='bbox 1521 2674 1575 2698; x_wconf 82' lang='lat' dir='ltr'><strong>etc.</strong></span> <span class='ocrx_word' id='word_1_843' title='bbox 1590 2680 1600 2696; x_wconf 72' lang='grc' dir='ltr'><strong>ι</strong></span> 
     </span>
    </p>
   </div>
   <div class='ocr_carea' id='block_1_119' title="bbox 824 2713 1603 2748">
    <p class='ocr_par' dir='ltr' id='par_1_119' title="bbox 824 2713 1603 2748">
     <span class='ocr_line' id='line_1_119' title="bbox 824 2713 1603 2748; baseline 0.004 -8"><span class='ocrx_word' id='word_1_844' title='bbox 824 2713 858 2740; x_wconf 82' lang='lat' dir='ltr'><strong>Et</strong></span> <span class='ocrx_word' id='word_1_845' title='bbox 872 2721 906 2741; x_wconf 88' lang='lat' dir='ltr'><strong>ne</strong></span> <span class='ocrx_word' id='word_1_846' title='bbox 920 2713 1119 2748; x_wconf 86' lang='lat' dir='ltr'><strong>antiquioribus</strong></span> <span class='ocrx_word' id='word_1_847' title='bbox 1132 2713 1243 2740; x_wconf 87' lang='lat' dir='ltr'><strong>destitui</strong></span> <span class='ocrx_word' id='word_1_848' title='bbox 1259 2715 1408 2746; x_wconf 84' lang='lat' dir='ltr'><strong>videamur,</strong></span> <span class='ocrx_word' id='word_1_849' title='bbox 1424 2716 1603 2744; x_wconf 80' lang='lat' dir='ltr'><strong>accersendus</strong></span> 
     </span>
    </p>
   </div>
   <div class='ocr_carea' id='block_1_120' title="bbox 825 2759 1604 2794">
    <p class='ocr_par' dir='ltr' id='par_1_120' title="bbox 825 2759 1604 2794">
     <span class='ocr_line' id='line_1_120' title="bbox 825 2759 1604 2794; baseline 0.004 -8"><span class='ocrx_word' id='word_1_850' title='bbox 825 2763 868 2786; x_wconf 88' lang='lat' dir='ltr'><strong>est</strong></span> <span class='ocrx_word' id='word_1_851' title='bbox 885 2759 1046 2786; x_wconf 83' lang='lat' dir='ltr'><strong>Anastasius</strong></span> <span class='ocrx_word' id='word_1_852' title='bbox 1063 2759 1164 2786; x_wconf 88' lang='lat' dir='ltr'><strong>Sinaita</strong></span> <span class='ocrx_word' id='word_1_853' title='bbox 1176 2779 1184 2792; x_wconf 86' lang='lat'><strong>,</strong></span> <span class='ocrx_word' id='word_1_854' title='bbox 1202 2760 1248 2794; x_wconf 91' lang='lat' dir='ltr'><strong>qui</strong></span> <span class='ocrx_word' id='word_1_855' title='bbox 1270 2768 1302 2787; x_wconf 80' lang='lat' dir='ltr'><strong>ex</strong></span> <span class='ocrx_word' id='word_1_856' title='bbox 1321 2760 1372 2787; x_wconf 87' lang='lat' dir='ltr'><strong>hac</strong></span> <span class='ocrx_word' id='word_1_857' title='bbox 1387 2760 1510 2794; x_wconf 74' lang='lat' dir='ltr'><strong>Gregorii</strong></span> <span class='ocrx_word' id='word_1_858' title='bbox 1524 2759 1604 2789; x_wconf 78' lang='lat' dir='ltr'><strong>Fidei</strong></span> 
     </span>
    </p>
   </div>
   <div class='ocr_carea' id='block_1_121' title="bbox 824 2805 1601 2842">
    <p class='ocr_par' dir='ltr' id='par_1_121' title="bbox 824 2805 1601 2842">
     <span class='ocr_line' id='line_1_121' title="bbox 824 2805 1601 2842; baseline 0.006 -10"><span class='ocrx_word' id='word_1_859' title='bbox 824 2805 996 2839; x_wconf 69' lang='lat' dir='ltr'><strong>expositione,</strong></span> <span class='ocrx_word' id='word_1_860' title='bbox 1015 2811 1141 2841; x_wconf 88' lang='lat' dir='ltr'><strong>tanquam</strong></span> <span class='ocrx_word' id='word_1_861' title='bbox 1150 2805 1344 2842; x_wconf 80' lang='lat' dir='ltr'><strong>Thaumaturgi</strong></span> <span class='ocrx_word' id='word_1_862' title='bbox 1363 2807 1488 2842; x_wconf 75' lang='lat' dir='ltr'><strong>genuina,</strong></span> <span class='ocrx_word' id='word_1_863' title='bbox 1500 2808 1601 2837; x_wconf 86' lang='lat' dir='ltr'><strong>dictum</strong></span> 
     </span>
    </p>
   </div>
   <div class='ocr_carea' id='block_1_122' title="bbox 1421 2855 1460 2884">
    <p class='ocr_par' dir='ltr' id='par_1_122' title="bbox 1421 2855 1460 2884">
     <span class='ocr_line' id='line_1_122' title="bbox 1421 2855 1460 2884; baseline 0.026 -1"><span class='ocrx_word' id='word_1_864' title='bbox 1421 2855 1460 2884; x_wconf 81' lang='lat'><strong>39</strong></span> 
     </span>
    </p>
   </div>
  </div>
