1844 3047
222 82 295 112 ηιξ-1

628 79 750 108 ιΕθΝιδ
769 79 905 107 ALLATll
925 79 1088 107 DlATl’ilBA
1105 79 1149 107 DE
1167 79 1372 109 THEODORIS.

1763 81 1814 109 ιω

225 142 326 174 laudat,
348 146 376 169 et
393 141 479 169 atteri.
499 140 566 168 Vide
581 140 719 177 Euthymii
735 141 870 177 Zygabeni
889 141 1004 176 Dogma-
1019 142 1043 170 A
1090 141 1253 170 Dubitarunt
1266 149 1331 177 ergo
1343 141 1437 170 Patres
1452 142 1485 170 de
1499 141 1561 174 hac,
1580 140 1656 177 quod
1679 141 1705 169 in
1719 148 1747 169 ea
1759 149 1815 176 repe-

224 188 304 215 tt'cam
318 187 479 222 panopliam,
496 186 573 214 titulo
591 185 698 214 decimo
714 187 809 221 quinto
825 186 890 221 (10).

259 232 368 260 lnterim
388 231 584 260 consideranda
604 236 668 259 sunt
686 231 758 259 dicta
776 231 884 259 Baronii
900 231 933 259 ad
955 239 1004 258 an-

223 285 288 305 num
301 277 401 305 Christi
414 277 476 309 255,
493 285 521 304 η.
534 277 566 305 t9
580 287 586 305 :
606 287 615 303 ι
632 277 745 305 Constat
758 277 837 305 ﬁdem
850 282 1003 313 susceptam

223 332 238 351 a
257 325 334 351 beata
346 322 457 357 Virgine
473 331 534 351 cum
547 323 652 352 Joanne
673 324 848 359 evangelista,
865 323 949 351 fuisse
969 324 1004 350 ab

222 370 316 397 eodem
351 370 411 405 ipso
436 369 567 405 Gregorio
598 370 802 397 accuratissime
830 369 1001 404 explicatam,

222 416 348 450 apposito
366 415 572 447 commentario,
593 415 630 442 De
644 415 806 450 expositione
818 415 881 449 ﬁdei
907 415 1003 442 inscri-

221 467 277 496 pto,
294 462 340 496 qui
363 462 462 489 citatus
478 462 612 496 reperitur
632 461 701 488 inter
718 461 786 488 alios
801 469 816 488 a
831 461 930 488 Basilio
947 460 1003 488 Ma-

221 515 275 541 gno
291 506 328 532 De
341 506 448 541 Spiritu
464 511 566 539 sancto,
592 514 652 542 cap.
666 506 701 534 29
727 507 766 542 (n.
781 506 824 542 74)
846 511 873 534 et
889 506 1003 542 epistola

221 553 291 588 (cex)
304 553 337 580 ad
348 551 589 585 Neocaesarienses,
604 557 630 580 et
647 560 661 579 a
674 552 785 580 Leontio
800 551 974 579 scholastica.
990 562 999 577 ι

221 598 276 627 Sed
290 599 392 627 erroris
414 599 466 627 iste
479 599 602 634 arguitur
615 598 679 627 dum
697 599 735 626 ait
750 598 901 626 dubitatum
920 606 935 625 a
949 598 1001 626 Pa-

221 645 322 677 tribus,
343 651 380 671 an
403 643 541 679 Expositio
551 643 613 678 ﬁdei
637 643 719 672 fuerit
741 644 775 671 ab
792 644 851 679 ipso
870 644 1002 680 Gregorio

221 690 330 725 scripta.
347 689 415 716 Nam
428 689 556 721 Basilius,
569 689 616 724 qui
632 689 724 716 omnia
737 689 860 724 Gregorii
875 695 1002 718 accurate

220 739 361 770 perspecta
380 734 490 765 habuit,
505 738 535 761 ut
550 733 609 768 ejus
625 741 693 768 opus
706 734 780 767 citat,
798 740 825 762 et
845 734 879 762 ab
896 742 928 762 eo
941 735 1000 762 edi-

219 787 277 809 tum
304 781 389 809 fuisse
406 788 460 809 non
484 781 599 814 dubitat,
615 780 678 808 licet
702 780 774 808 idem
797 781 835 808 ibi
857 781 891 808 de
906 781 999 809 subsi-

1056 185 1174 213 rirentur
1201 187 1352 218 nonnulla,
1381 194 1441 222 quae
1466 187 1590 215 scholam
1619 187 1776 222 Apollinaris
1796 194 1815 214 et

1055 230 1210 266 Eutychetis
1227 232 1341 260 olerent.
1358 232 1467 261 Certum
1488 237 1531 261 est
1549 233 1702 261 dubitasse.
1724 233 1815 261 Verum-

1054 282 1145 305 tamen
1162 282 1192 306 ut
1205 286 1239 306 ex
1259 286 1354 307 eorum
1374 279 1454 308 dictis
1471 287 1526 307 una
1541 280 1627 307 simul
1647 279 1750 307 collatis
1768 287 1816 307 con-

1054 327 1118 356 stat,
1134 330 1189 350 non
1205 324 1239 351 de
1255 328 1311 352 tota
1328 324 1378 352 hac
1394 324 1526 356 oratione,
1545 324 1594 353 sed
1613 324 1779 352 solummodo
1793 324 1816 350 de

1053 368 1127 396 dicto
1149 369 1262 402 inserto,
1287 369 1314 396 in
1332 377 1388 405 quo
1403 369 1546 398 videbatur
1568 369 1667 398 tollere
1689 377 1705 396 e
1722 376 1815 404 person:

1053 413 1155 442 Christi
1170 415 1237 442 duas
1253 419 1374 449 naturas,
1391 420 1418 443 et
1434 423 1514 443 unam
1528 419 1637 443 tantum
1653 415 1815 443 constabilire.

1055 459 1100 487 Sic
1114 460 1260 496 Eulogius:
1279 461 1312 487 Ἦ
1334 462 1363 488 δὲ
1383 462 1429 488 τὸν
1451 461 1669 498 Θαυματουργὺν
1691 461 1817 496 Γρητόριω

1053 507 1256 542 ὑποϐαλλομένη
1276 507 1382 543 χρῆσις,
1400 507 1505 541 λέγεται
1522 508 1572 543 μὲν
1583 507 1640 542 γὰρ
1659 507 1769 538 ἐκείνω,
1783 507 1818 532 τὸν

1052 553 1080 580 δὲ
1105 553 1305 590 Ἀπολλινάριον
1326 553 1486 590 εἰσκομίζει.
1514 563 1523 580 ι
1540 553 1743 581 Testimonium
1762 553 1817 587 quod

1053 597 1174 634 Gregorii
1185 598 1381 635 Thaumaturgi
1391 607 1488 627 nomen
1499 607 1554 635 prae
1561 607 1591 627 se
1598 599 1664 632 fert,
1673 599 1768 627 dicitur
1776 600 1820 634 qui-

1052 643 1113 671 dem
1123 644 1195 672 illius
1207 652 1277 676 esse,
1291 645 1338 672 sed
1348 645 1531 680 Apollinarem
1542 645 1608 673 olet.
1627 654 1637 670 ι
1653 644 1701 672 Sic
1713 644 1818 671 monachi

1051 687 1200 717 Palaestina:
1208 691 1278 725 apud
1284 689 1439 726 Evagrium,
1446 690 1572 725 quamvis
1580 690 1679 718 dicant
1687 690 1818 720 haereticos,

1051 735 1211 768 Athanasio,
1223 736 1363 771 Gregorio,
1371 744 1402 764 ac
1410 735 1492 769 Julio,
1500 736 1742 771 inscriptiseorum
1748 737 1817 763 nomi-

1051 782 1141 814 nibus,
1150 781 1416 817 multosApolIinaris
1424 782 1751 817 tractatussupposuisse,
1758 786 1819 808 ante:

220 827 327 855 stentiis
347 827 449 862 aliquid
469 826 560 854 minus
573 827 680 861 proprie
692 826 829 854 videretur
849 833 910 854 esse
923 827 999 854 locu-
1015 820 1037 848 Β
1051 832 1141 856 tamen
1152 829 1286 860 dixerant,
1301 838 1310 854 ι
1325 827 1436 856 Patrum
1448 828 1533 856 libros
1541 836 1615 863 saepe
1629 829 1816 864 depravassezi

220 877 265 900 tus
284 882 290 899 :
308 872 381 900 sicut
398 875 425 900 et
446 871 569 899 accidere
590 871 680 906 potuit
699 879 732 898 ex
754 872 848 899 eodem
871 875 945 899 textu
963 872 1000 900 ab

220 917 367 950 haereticis,
388 922 418 944 ut
434 917 473 944 ait
484 916 616 951 Evagrius
636 916 684 944 lib.
702 924 744 949 ιιι,
761 924 822 951 cap.
839 917 884 950 5t,
903 917 999 952 depra-

220 968 293 997 vato,
309 968 355 990 aut
368 970 508 998 perperam
533 962 667 997 exposito.
695 962 763 990 Rem
783 963 997 990 consideremus.

222 1012 265 1041 Uti
283 1019 377 1040 verum
392 1015 433 1039 est
446 1011 526 1038 tidem
543 1010 689 1039 revelatam
704 1018 719 1037 a
732 1009 842 1045 Virgine
854 1015 881 1037 et
895 1009 1000 1038 Joanne

219 1058 386 1094 evangelista
408 1057 569 1090 adnotasse,
591 1056 698 1091 sibique
721 1063 874 1084 reservasse
897 1057 999 1092 Grego-

219 1106 302 1138 rium,
317 1105 353 1131 ita
372 1104 472 1131 falsum
490 1110 550 1130 eam
564 1102 761 1130 commentario
777 1102 901 1137 apposito
918 1109 999 1130 accu-

218 1151 354 1179 ratissime
365 1149 524 1185 explicasse.
539 1148 584 1176 Sic
594 1155 702 1183 quoque
720 1148 865 1175 orationem
873 1148 930 1176 sive
942 1147 999 1174 Ea;-

218 1197 373 1232 positionem
385 1196 457 1230 ﬁdei,
470 1202 531 1229 quae
541 1195 635 1230 incipit
651 1194 798 1229 Ἐχθιστοι,
811 1201 866 1221 non
875 1201 936 1222 esse
951 1202 998 1221 ex-

219 1243 390 1278 plicationem
413 1241 485 1268 illius
498 1240 560 1268 tidei
575 1240 710 1271 revelaue,
725 1239 771 1267 sed
790 1244 935 1267 tractatum
945 1248 999 1274 per

219 1297 248 1317 se
265 1289 393 1321 divisum,
418 1287 452 1314 ab
470 1293 560 1321 eaque
581 1285 750 1319 distinctum,
771 1290 801 1313 ut
822 1285 932 1321 planum
953 1286 1000 1313 ﬁet

218 1334 324 1369 singula
341 1332 502 1361 conferenti.
520 1331 636 1360 Basilius
650 1331 688 1359 De
701 1331 803 1366 Spiritu
816 1336 918 1365 sancto,
936 1340 996 1367 cap.

218 1381 262 1414 ‘29,
282 1388 315 1408 ne
334 1379 446 1408 verbum
471 1378 581 1414 quidem
606 1377 671 1406 facit
694 1378 727 1406 de
737 1376 908 1413 Expositione
924 1377 996 1412 ﬁdei,

218 1428 264 1455 sed
280 1425 468 1454 tantummodo
477 1424 695 1461 gloriﬁcationem
713 1432 728 1451 a
742 1423 873 1459 Gregorio
885 1424 996 1457 editam,

1050 874 1098 901 καὶ
1107 874 1201 908 λόγους
1211 873 1339 909 Πατέρων
1347 873 1475 906 πολλάκις
1483 874 1674 901 νενοθεὺκαςι.
1694 874 1740 902 Sic
1745 879 1818 901 auctor

1055 919 1122 947 Vitta
1131 921 1217 947 sancti
1234 919 1346 947 Maximi
1358 921 1554 956 νοειιῑχρήσεις
1560 920 1660 954 ἁγίων,
1679 920 1728 947 καὶ
1739 920 1818 955 αἱρετι-

1049 965 1105 993 κῶν
1113 967 1224 1002 χρήσεις
1235 966 1300 1002 (11)·
1313 966 1401 1002 ῥῆσις,
1413 967 1469 995 sive
1485 967 1593 1002 χρῆσις,
1606 971 1652 994 est
1663 966 1757 999 dictio,
1768 966 1817 993 etla-

1050 1015 1118 1044 tum,
1129 1012 1343 1046 seutentia,pars
1355 1012 1486 1040 orationis
1496 1012 1601 1047 integra
1613 1019 1621 1042 ς
1632 1011 1818 1047 τεμάχιον,ῐ1¹ι-

1049 1061 1132 1091 stum,
1142 1057 1321 1092 fragmentum
1331 1055 1404 1094 (Ἶχιει1
1413 1058 1561 1094 Εὐριπίδης
1570 1057 1653 1093 ρἧ-ίν
1662 1067 1737 1090 τινα,
1745 1058 1817 1085 cecinit

1050 1104 1191 1139 Euripides
1202 1104 1358 1132 sententiam
1366 1103 1531 1139 quamdam),
1545 1111 1614 1139 pars
1628 1104 1817 1136 orationis,n0n

1049 1150 1136 1178 oratio
1152 1150 1267 1185 integra.
1277 1148 1366 1182 Quare
1373 1150 1418 1177 hic
1430 1150 1597 1177 contendunt
1604 1149 1710 1185 χρῆσιν
1719 1150 1818 1176 illamvd

1049 1197 1207 1232 pﬁotv,quaa
1222 1203 1255 1223 ex
1268 1195 1431 1230 Apollinaris
1441 1203 1512 1230 penu
1523 1199 1621 1222 exorta
1634 1200 1690 1229 est,
1703 1195 1819 1222 Thauma-

1049 1243 1119 1278 turgi
1129 1250 1266 1274 non-esse,
1274 1242 1321 1270 sed
1331 1242 1505 1277 Apollinaris.
1516 1241 1576 1269 Non
1590 1242 1656 1269 ideo
1669 1246 1760 1269 tamen
1766 1242 1820 1269 abui-

1049 1289 1251 1324 cantreliquam
1259 1289 1409 1316 orationem
1415 1288 1614 1321 continuatam,
1626 1295 1692 1322 qua:
1705 1287 1818 1322 Gregorio

1049 1335 1158 1368 indigna
1176 1342 1231 1362 non
1247 1339 1298 1362 est.
1316 1333 1350 1361 Et
1367 1334 1433 1361 dum
1449 1334 1514 1361 dicit
1526 1333 1675 1365 Leontius,
1694 1333 1764 1368 apud
1782 1341 1819 1359 an-

1050 1380 1182 1414 tiquiores
1202 1379 1371 1411 dubitatum,
1400 1386 1453 1406 non
1478 1379 1597 1406 delv‘idei
1618 1379 1782 1414 apositionc
1801 1378 1819 1404 id

1049 1425 1176 1459 aﬁirmat,
1201 1426 1247 1453 sed
1270 1429 1374 1452 tantum
1401 1424 1435 1452 de
1459 1424 1533 1452 dicto
1561 1425 1610 1452 illo
1637 1430 1667 1452 et
1692 1425 1818 1454 sententia.

218 1481 281 1501 cum
307 1473 368 1500 aliis
392 1472 427 1500 ab
447 1471 508 1499 aliis
536 1470 736 1506 antiquioribus
764 1470 889 1497 Patribus
917 1469 997 1497 factis
1011 1482 1035 1514 ο
1049 1479 1132 1507 quam
1149 1472 1189 1498 uti
1212 1472 1283 1506 ipse,
1303 1473 1340 1498 ita
1359 1475 1386 1498 et
1406 1470 1450 1497 alii
1472 1470 1606 1498 verbatim
1629 1475 1818 1505 expresserunt,

218 1519 324 1547 cantert
345 1523 372 1546 et
393 1518 538 1546 examinat.
559 1516 611 1544 Sic
632 1521 659 1544 et
683 1516 710 1543 in
734 1516 848 1551 epistola
873 1515 944 1551 (cex)
965 1516 999 1543 de

217 1566 270 1593 alia
283 1566 316 1593 ad
327 1564 465 1594 Elianum
484 1564 585 1598 scripta
601 1570 753 1591 sermonem
774 1563 862 1594 habet,
875 1568 905 1589 ιιι
916 1569 998 1596 supra

218 1616 311 1640 contra
342 1610 536 1638 Bellarminum
574 1609 757 1644 probavimus.
799 1608 831 1635 Et
862 1609 997 1636 immerito

218 1656 348 1684 Leontius
368 1654 549 1683 scholasticus
565 1654 684 1688 vapulat,
704 1653 750 1688 qui
771 1662 823 1680 non
847 1653 880 1680 de
898 1653 997 1681 tradita

217 1710 234 1729 a
256 1701 286 1728 Β.
306 1700 427 1736 Virgine,
455 1707 537 1735 quam
556 1704 584 1728 et
601 1700 658 1734 ipse
671 1703 698 1726 ct
712 1699 757 1725 alii
775 1699 814 1726 uti
830 1699 940 1726 verbum
957 1699 997 1726 di-

219 1749 311 1776 vinum
335 1747 455 1775 venerati
477 1751 559 1780 sunt,
579 1751 605 1773 et
633 1745 735 1780 scripto
757 1745 995 1780 consignavcrunt,

218 1794 265 1822 sed
291 1794 325 1821 de
352 1794 403 1820 hac
421 1800 503 1828 quam
523 1792 633 1827 speciali
664 1791 741 1819 titulo
764 1790 810 1818 τοῠ
828 1791 900 1818 κατὰ
915 1791 997 1827 μέρος

218 1839 252 1866 ab
279 1838 340 1865 aliis
365 1837 510 1872 Gregorius
542 1836 686 1871 separavit,
723 1835 818 1863 scribit
844 1835 996 1862 dubitatum

218 1884 302 1912 fuisse
323 1891 338 1910 a
351 1883 485 1912 Patribus.
509 1882 542 1910 Et
559 1883 622 1910 licet
637 1883 717 1909 etiam
731 1889 825 1909 verum
843 1882 887 1913 sit,
905 1881 997 1908 omnia

217 1929 282 1957 dicti
309 1928 405 1965 (Patris
430 1932 570 1964 perspecta
602 1927 730 1954 habuisse
759 1926 904 1958 Basilium,
922 1926 996 1953 nihi-

217 1975 335 2002 lominus
355 1973 495 2008 Expositio
521 1973 595 2008 fidet,
627 1980 708 2008 quain
733 1973 791 2007 ipse
814 1971 952 2007 suggillat,
970 1976 997 1999 et

216 2028 348 2049 excusare
355 2020 459 2053 nititur,
468 2027 521 2047 non
534 2019 585 2047 fuit
592 2027 679 2054 neque
690 2019 734 2048 illa
742 2026 758 2046 a
766 2017 874 2054 Virgine
884 2018 995 2051 dictata,

217 2075 305 2102 neque
325 2068 380 2094 haec
401 2067 469 2101 ipsa,
493 2066 527 2093 de
544 2074 597 2100 qua
620 2065 697 2093 nobis
717 2072 830 2092 examen
851 2064 993 2095 incumbit,

216 2115 263 2141 scd
289 2113 341 2141 alia
366 2113 443 2140 tertia
464 2112 496 2139 ad
510 2111 659 2142 Elianum,
685 2111 742 2138 sive
754 2110 917 2145 Gelianum,
944 2118 994 2138 ceu

1049 1516 1244 1545 dubitationem
1269 1516 1371 1549 fuisse,
1396 1516 1511 1551 intelligi
1534 1516 1625 1543 debet.
1664 1515 1748 1549 Quod
1769 1523 1818 1542 vero

1049 1562 1143 1590 ultimo
1168 1562 1228 1589 loco
1249 1562 1325 1596 ponit
1349 1569 1383 1588 ex
1408 1561 1541 1589 sententia
1557 1560 1688 1597 Gregorii
1709 1560 1818 1597 Nysseai.

1048 1608 1152 1636 nullum
1176 1615 1237 1636 esse
1257 1615 1326 1642 opus
1348 1606 1543 1642 Thaumaturgi
1561 1612 1664 1642 praeter
1688 1608 1774 1635 solam
1786 1605 1819 1633 Fi-

1047 1655 1120 1688 dem,
1136 1662 1218 1689 quam
1245 1654 1272 1681 in
1289 1654 1394 1682 visione
1418 1658 1609 1689 conspexerat,
1636 1653 1696 1682 hoc
1720 1662 1773 1681 non
1790 1658 1819 1680 est

1048 1702 1098 1729 hac
1109 1701 1355 1735 Fideiexpositione
1373 1701 1429 1728 sola
1441 1720 1448 1733 ,
1466 1701 1513 1728 sed
1535 1701 1650 1736 reliquis
1675 1702 1760 1728 etiam
1772 1701 1820 1727 aliis

1046 1747 1184 1782 operibus,
1199 1755 1260 1782 quas
1276 1747 1426 1774 indubitate
1440 1746 1565 1782 Gregorii
1579 1752 1658 1779 sunt,
1672 1747 1820 1783 Gregorium

1047 1793 1175 1828 spoliare,
1195 1793 1266 1828 quod
1289 1793 1372 1820 fuerit
1394 1793 1473 1828 plane
1495 1793 1647 1824 absonum,
1672 1798 1704 1820 et
1717 1801 1779 1821 vere
1792 1794 1821 1819 in-

1046 1841 1259 1868 consideratum.
1289 1839 1322 1867 Et
1355 1840 1418 1867 licet
1450 1839 1476 1866 id
1508 1838 1649 1874 Nyssenus
1680 1845 1820 1868 assereret.

1047 1885 1198 1922 Nyssenum
1221 1886 1278 1920 ipse
1298 1893 1433 1918 revereor,
1453 1889 1480 1912 et
1498 1885 1571 1913 illius
1586 1885 1663 1913 dicta
1679 1886 1820 1919 exoscnlor.

1046 1932 1138 1960 Habeo
1172 1937 1261 1960 tamen
1277 1939 1347 1967 quos
1366 1932 1405 1959 illi
1419 1939 1556 1966 opponam
1572 1931 1711 1959 Basilium
1735 1938 1761 1960 et
1774 1931 1822 1958 llie-

1045 1987 1200 2015 ronymum,
1214 1980 1260 2015 qui
1277 1980 1362 2007 multa
1385 1979 1437 2007 alia
1453 1979 1575 2014 ejusdem
1593 1986 1755 2008 recensent.
1771 1979 1821 2006 Em

1045 2034 1109 2061 ergo
1123 2026 1158 2053 ab
1170 2026 1304 2054 haereticis
1314 2025 1416 2053 dictum
1427 2025 1492 2052 illud
1507 2025 1541 2052 de
1554 2025 1664 2052 duabus
1683 2026 1712 2052 in
1726 2024 1821 2052 Christo

1044 2073 1149 2100 naturis
1162 2071 1348 2107 depravatum,
1357 2071 1429 2107 quod
1444 2071 1607 2098 Anastasius
1621 2071 1649 2098 in
1669 2071 1769 2106 Ecloge
1782 2078 1819 2097 sua

1045 2125 1078 2145 ex
1096 2117 1206 2152 puriore
1225 2117 1351 2144 codicum
1370 2115 1444 2143 fonte
1466 2115 1608 2148 hauriens,
1636 2119 1672 2142 ut
1692 2115 1759 2142 illud
1776 2114 1819 2140 edi-

215 2161 309 2188 scribit
321 2159 464 2187 Facundus
481 2157 683 2186 Hermiancnsis
699 2157 746 2185 lib.
759 2165 776 2185 x
791 2159 863 2193 (cap.
880 2157 907 2191 6)
924 2158 993 2185 scri-
1009 2153 1030 2181 Ῑ)
1045 2163 1121 2190 derat
1134 2161 1364 2198 Thaumaturgus,
1378 2161 1530 2196 exscripsit,
1539 2161 1696 2196 recitatque
1712 2160 1819 2188 Sir-moo-

217 2213 275 2242 pta,
294 2211 323 2234 ut
336 2214 416 2241 supra
429 2205 557 2238 diximus,
578 2205 604 2231 in
621 2212 674 2239 qua
695 2204 729 2232 de
742 2204 924 2232 subsistentiis
938 2212 992 2231 non

217 2258 254 2280 ἰιι
272 2253 414 2281 commode
433 2253 556 2281 locutum
578 2251 662 2278 fuisse
681 2251 763 2278 tradit
779 2258 786 2277 :
800 2258 863 2278 cum
888 2250 916 2278 in
931 2250 992 2283 hac,

217 2301 249 2327 'te
263 2307 317 2334 qua
330 2307 402 2326 nunc
416 2298 563 2330 dubitatur,
579 2297 645 2324 nihil
664 2297 698 2324 sit
713 2304 801 2331 neque
818 2297 844 2323 in
865 2297 994 2331 mysterio

217 2345 366 2378 Trinitatis,
391 2351 478 2379 neque
503 2343 531 2369 in
556 2342 684 2378 mysterio
708 2341 914 2373 incarnationis,
939 2349 993 2368 non

216 2391 356 2427 aptissime
364 2391 502 2422 traditum,
515 2388 689 2423 et_catho|icaz
696 2387 822 2415 Ecclesia:
831 2393 991 2414 consonum.

216 2438 248 2465 Et
260 2443 313 2465 tres
322 2435 476 2472 huiusmodi
485 2435 668 2470 expOsitiones
675 2438 738 2461 ante
746 2441 788 2461 me
796 2438 936 2461 notaverat
943 2434 993 2461 do-

213 2484 355 2512 ctissimus
367 2482 485 2510 Jacobus
496 2481 656 2509 Sirmondus
672 2481 700 2508 in
714 2480 784 2507 notis
793 2480 827 2507 ad
835 2479 992 2508 Facundum

214 2528 450 2559 ﬁermianensem.

252 2608 309 2643 (10)
340 2607 435 2635 Latine
464 2607 571 2643 quidem
590 2607 631 2643 Ain
669 2607 829 2634 Bibliotheca
866 2607 990 2643 Lugdun.

216 2642 274 2670 fP.
301 2641 324 2670 't.
351 2643 423 2675 XlX,
440 2641 560 2676 p.187;
584 2641 675 2669 Graece
709 2643 783 2670 dedit
798 2641 922 2670 Allatius.
941 2642 993 2676 Zy-

216 2679 313 2713 gabeni
339 2678 546 2713 disputationem
565 2685 626 2713 cum
641 2677 776 2713 Saraceno
798 2678 880 2705 habes
896 2678 922 2704 in
941 2678 992 2704 hac

217 2712 310 2740 nostra
326 2712 390 2740 PP.’
400 2713 561 2739 Bibliotheca
577 2718 596 2740 t.
609 2712 653 2740 IV.
664 2712 736 2740 Nova
754 2718 780 2740 et
796 2713 927 2748 ampliora
938 2713 990 2740 alia

215 2748 336 2781 ejusdem
351 2748 450 2782 scripta
464 2748 544 2782 pra‘lo
559 2756 694 2782 paramus.
710 2749 742 2774 A.
754 2748 789 2775 Μ.

254 2782 309 2816 (Η)
330 2782 431 2816 lteapse
451 2783 477 2809 in
499 2788 592 2810 nostro
608 2783 741 2810 volumine
762 2784 875 2817 septimo
892 2782 989 2817 Script.

216 2823 276 2849 εει..
299 2822 368 2849 part.
392 2826 410 2851 ι,
430 2818 511 2845 habes
543 2826 568 2852 p.
598 2818 647 2845 165
674 2818 780 2846 titulum
801 2819 910 2854 χρήσεις
933 2818 986 2847 τῶν

1044 2209 1095 2237 dus
1120 2209 1193 2236 dicto
1215 2208 1275 2235 loco
1296 2215 1304 2234 τ
1325 2208 1373 2234 Ἐκ
1399 2206 1455 2241 τῆς
1486 2206 1562 2233 κατὰ
1580 2207 1679 2241 μέρος
1700 2207 1817 2235 Πίστεως

1044 2257 1193 2293 Γρηγορίου
1224 2256 1271 2283 τοῦ
1294 2256 1417 2290 Μεγάλου
1436 2255 1482 2282 καὶ
1507 2254 1748 2291 Θαυματουργσῦ“
1775 2251 1817 2279 Καὶ

1044 2303 1109 2330 ἔστι
1132 2302 1203 2335 Θεὸς
1221 2301 1373 2336 ἀληθινὸς,
1398 2302 1414 2328 ὀ
1428 2301 1562 2335 ἄσαρκος
1579 2300 1616 2327 ἐν
1632 2300 1728 2334 σαρκὶ
1741 2304 1816 2334 ww

1039 2348 1156 2382 ρωθεὶς,
1174 2347 1286 2379 τέλειος
1303 2346 1340 2380 τῇ
1356 2345 1485 2380 ἀληθινῇ
1504 2345 1554 2372 καὶ
1572 2345 1636 2378 θείᾳ
1654 2345 1816 2374 τελειότητι.

1044 2395 1079 2421 οὺ
1100 2394 1154 2420 δύο
1175 2393 1333 2427 πρόσωπα,
1347 2392 1439 2419 ’ἀλλὰ
1460 2391 1516 2426 (12)
1530 2391 1586 2418 δύο
1609 2391 1739 2425 φύσεις,
1759 2386 1817 2415 οὐδὲ

1045 2440 1193 2474 τέσσαρας
1216 2437 1399 2473 προσκυνεῖν
1418 2437 1558 2472 λέγομεν,
1581 2436 1653 2464 Θεὸν
1672 2436 1725 2463 καὶ
1751 2434 1815 2460 Ῐῖἑν.

1045 2485 1118 2513 Θεὸν
1130 2485 1179 2512 καὶ
1192 2485 1356 2519 ἄνθρωπον,
1372 2483 1420 2510 καὶ
1433 2483 1555 2518 Πνεῦμα
1568 2483 1663 2518 ἄτιον.
1677 2491 1689 2508 ι
1708 2482 1749 2508 Ex
1762 2478 1814 2505 FH!-

1043 2530 1184 2557 secundum
1203 2534 1291 2564 partes
1307 2529 1429 2565 Gregorii
1449 2528 1538 2564 Magni
1561 2532 1589 2556 et
1605 2524 1809 2559 Thaumaturgi?

1044 2610 1185 2646 μακαρίων
1201 2610 1248 2646 κα),
1267 2608 1413 2646 opacasset;
1428 2607 1567 2646 Harépwv.
1591 2606 1737 2646 Etnph.‘68,
1756 2603 1814 2646 ζρήῖ

1042 2641 1098 2685 ἕξεις
1116 2641 1265 2685 ὕεοστμςίῶν
1278 2641 1434 2685 ἀιίρετιὶιῶκίζ
1449 2641 1568 2678 Denique
1593 2650 1619 2677 ρ.
1630 2641 1699 2673 202,
1715 2641 1814 2676 χρὴπίέ

1042 2678 1501 2721 ἅχρῃετοξηζλίρξιανῶνςΑ-Μ·,,,,
1578 2719 1596 2721 γλ
1623 2710 1721 2721 ΜΔ,
1748 2704 1814 2721 ,ὢν

1077 2713 1133 2751 (1'2)
1156 2713 1250 2742 Viden‘
1271 2714 1417 2751 genuinum
1441 2713 1528 2751 ἀλλὰ)
1554 2713 1723 2751 pro_§purio
1746 2713 1812 2751 ofﬁci!

1043 2745 1140 2778 Recole
1155 2745 1492 2778 nostram—adnotationem
1506 2749 1530 2782 t,
1545 2745 1571 2783 ti.
1586 2746 1632 2775 108
1642 2745 1754 2781 (supra.
1766 2746 1813 2767 “‘-

1041 2786 1068 2814 8.
1085 2786 1136 2814 col.
1153 2785 1244 2814 1225).
1261 2784 1292 2811 Α.
1309 2784 1346 2812 Μ.

1061 2807 1068 2819 ,
1085 2794 1136 2814 cor.
1153 2794 1244 2821 ητα).
1261 2794 1292 2811 a.
1309 2794 1346 2812 ιιι.
