1844 3047
38 109 100 137 im

453 111 574 140 LEONIS
593 111 730 140 ALLATH
746 112 908 140 DlATRlBA
927 113 970 141 DE
987 113 1190 143 TIlEODORlS.

1570 118 1637 146 1250

39 169 80 196 Esi
93 168 157 196 Deus
184 177 274 200 uerus,
301 170 356 205 qui,
369 171 465 206 absque
488 180 567 198 carne
592 180 650 199 cum
675 177 752 204 esset,
775 173 803 199 in
818 173 840 201 Α
853 172 1060 207 sententiarum,
1075 174 1122 208 qui
1137 174 1200 201 dum
1219 182 1252 201 ex
1267 181 1297 202 ea
1314 175 1394 203 verba
1411 177 1523 210 profert,
1545 177 1638 205 scribit

37 223 107 242 carne
120 216 257 249 apparuit,
270 215 398 250 perfectus
421 225 480 244 uera
495 223 519 244 et
531 218 619 245 diuina
639 218 804 253 perfectione,

35 269 81 287 non
94 260 152 288 dum
165 269 295 295 pereunte,
313 262 358 289 sed
377 267 480 290 natura:
499 264 577 296 duw;
594 273 673 299 neque
694 269 806 300 quatuor

34 307 136 333 adorare
154 306 276 339 dicimus,
287 306 370 334 Deum
382 312 406 334 et
417 307 525 341 Filium,
536 309 617 336 Deum
629 315 652 336 ct
665 309 804 343 hominem,

32 357 54 379 et
65 351 188 386 Spiritum
209 358 338 379 sanctum.
357 362 366 378 ι
396 353 429 380 Ει
450 353 612 390 Euthymins
633 354 804 390 Zygabenus,

35 398 58 423 in
74 397 209 431 Punoplic
222 398 299 425 titulo
311 398 354 431 l5,
365 406 395 426 ea
413 399 439 425 in
456 403 531 433 parte
550 400 594 427 ubi
610 401 642 427 de
658 400 763 428 duabus
778 401 803 428 in

32 442 132 469 Christo
150 443 253 470 naturis
266 443 418 471 testimonia
432 444 539 471 Patrum
559 445 742 480 colligitzToii
750 447 805 474 Με-

32 488 106 522 γάλου
128 488 275 526 Γρηγορίου
298 489 344 516 τοῦ
367 490 577 527 Θαυματουργοῦ
600 493 632 519 ὲκ
654 491 707 527 τῆς
730 493 805 520 κατὰ

29 534 112 567 μέρος
126 536 272 569 Πίστεως·
288 536 341 563 Καὶ
356 537 420 563 ἔστι
434 537 506 571 Θεὸς
515 538 666 572 ἀληθινὸς,
682 541 698 566 d
710 538 803 574 ἄσαρ-

31 588 77 612 κος
90 580 123 606 ἐν
136 581 224 615 σαρκὶ
237 582 425 616 φανερωοεις,
441 584 477 609 οῠ
492 582 547 610 δύο
557 585 711 618 πρόσωπα,
723 585 803 612 ἀλλὰ

30 624 78 652 δύο
99 626 214 660 φύσεις.
246 636 255 652 ι
277 627 364 662 Magni
391 627 513 664 Gregorii
543 628 740 666 Thaumaturgi
768 638 803 658 ex

29 671 181 705 professione
192 671 253 706 ﬁdei
267 673 408 699 secundum
418 680 506 708 partes
517 684 523 701 ι
536 674 569 701 Et
583 680 619 701 est
634 675 700 702 Deus
714 684 800 709 uerus,

29 717 69 750 qui
81 721 165 743 tamen
175 718 230 744 sine
245 726 322 745 carne
334 723 382 752 est,
398 720 424 746 in
435 728 512 747 carne
525 722 659 755 apparuit,
677 729 726 748 non
741 722 802 749 dum

29 771 148 796 personui,
164 763 209 790 sed
222 764 282 791 duce
290 770 401 792 natum.
418 775 427 791 ›
441 764 504 793 Jure
521 766 612 801 itaque
627 767 726 795 dictum
737 768 798 800 hoc,

29 812 54 834 ut
74 808 242 842 proferebant
264 810 393 843 haeretici,
416 816 555 839 verterunt
575 813 601 840 in
624 813 734 840 dubium
748 813 800 840 Pa-

27 858 86 885 tres,
107 861 141 880 an
157 854 277 890 Gregorii
297 860 377 883 esset.
403 855 436 883 Et
447 856 481 884 de
490 855 541 884 bac
551 856 721 893 Expositione
736 859 798 894 ﬁdei

26 900 89 927 κατὰ
105 901 199 937 μέρος,
212 903 290 930 satis.

56 946 112 974 Dixi
130 955 223 983 supra,
241 949 318 976 ﬁdem
334 949 464 984 Gregorio
491 950 635 978 revelatam
653 959 669 978 a
687 950 796 987 Virgine

25 992 112 1020 Patres
129 994 258 1022 reveritos
274 994 368 1029 fuisse,
385 1000 411 1023 et
427 995 453 1022 in
470 1003 519 1023 sua
534 997 634 1031 scripta
661 998 795 1025 retulisse.

24 1037 94 1065 Addo
110 1046 193 1072 nunc,
211 1044 238 1067 et
252 1048 284 1067 ex
302 1041 373 1068 illius
385 1041 463 1069 dictis
478 1041 561 1069 multa
578 1042 639 1069 ﬁdei
656 1043 796 1078 mysteria,

25 1083 106 1111 verbis
136 1088 165 1112 et
188 1086 329 1114 sententiis
354 1087 416 1115 inde
441 1088 563 1120 haustis,
594 1089 795 1124 comprobasse.

23 1127 57 1156 Ne
77 1131 196 1165 singulos
216 1139 382 1164 recenseam,
396 1133 450 1160 duo
467 1134 654 1161 tantummodo
669 1135 741 1162 dicta
755 1136 797 1163 di-

24 1175 159 1202 sertissimi
175 1175 273 1209 Patris,
288 1182 313 1204 et
329 1178 382 1210 cui,
395 1186 409 1205 a
424 1179 581 1213 theologicis
599 1180 679 1207 rebus
694 1181 796 1215 optime

22 1225 46 1247 et
63 1222 266 1250 accuratissime
288 1224 469 1258 pel-tractatis,
496 1225 624 1259 Theologi
643 1233 794 1261 cognomen

23 1265 148 1293 universae
164 1266 292 1295 Ecclesire
314 1276 446 1296 consensu
468 1269 589 1302 obvenit,
605 1269 736 1305 Gregorii,
753 1270 794 1298 in-

22 1318 109 1345 quam,
134 1312 295 1340 Nazianzeni
310 1335 317 1346 ,
353 1314 379 1341 in
406 1315 523 1342 medium
547 1316 673 1347 afferam,
695 1316 794 1351 quibus

22 1356 157 1385 aﬁirmatio
177 1366 238 1386 mea
259 1364 350 1394 aperte
368 1361 583 1388 constabilietur.
603 1361 723 1389 Primum
742 1362 794 1391 erit

21 1410 48 1429 ex
62 1405 183 1432 oratione
200 1406 231 1432 de
249 1406 403 1439 baptismate
416 1407 465 1443 (or.
479 1416 523 1440 δι,
535 1408 590 1443 42).
616 1407 715 1436 Scribit
726 1408 793 1436 Gre-

21 1450 123 1483 gorius:
138 1451 221 1477 Οὐδὲν
238 1451 287 1486 τῆς
309 1452 436 1487 Τριάὸος,
463 1450 486 1480 ὧ
505 1451 588 1485 οὗτοι,
605 1453 665 1480 οὔτε
687 1454 789 1487 δοῦλον,

21 1494 74 1522 οὔτε
88 1497 206 1524 κτιστύν.
236 1506 245 1523 ι
261 1498 331 1525 Nihil
352 1499 378 1526 in
392 1498 535 1531 Trinitate,
561 1507 578 1526 0
592 1500 686 1532 amici,
706 1508 794 1535 neque
808 1506 828 1533 (1

21 1549 120 1569 servum
135 1550 224 1578 neque
239 1549 368 1571 creatum.
384 1554 393 1570 ι
411 1545 444 1572 Ει
455 1545 534 1580 plane
552 1545 588 1573 ita
599 1551 649 1574 est.
668 1545 700 1573 Et
714 1551 791 1574 nota-

21 1586 52 1613 vit
75 1588 167 1615 nescio
195 1590 256 1623 quis
282 1589 308 1616 in
336 1590 457 1625 margine
489 1591 666 1625 manuscripti
691 1591 793 1619 codicis

21 1630 133 1660 Vaticani
147 1633 229 1665 1592,
254 1642 314 1669 pag.
327 1635 360 1662 59
377 1643 384 1660 :
405 1635 538 1672 Γεὼργιον
561 1636 718 1673 (Γρηγόριον
737 1638 794 1665 vult

21 1678 109 1714 dicere)
122 1680 168 1707 τὸν
179 1681 390 1716 Θαυματουργὸν
404 1683 432 1708 ὲν
445 1683 478 1717 τῇ
493 1683 680 1717 ἀποκαλύψει
691 1704 697 1715 ,
713 1683 794 1711 tGre-

21 1727 114 1760 gorium
130 1728 221 1755 innuit
233 1728 464 1763 Thaumaturgum
480 1731 505 1756 in
518 1730 682 1757 reuelatione.
694 1740 702 1756 ι
717 1730 792 1757 Alte-

21 1781 70 1800 ‘um
81 1779 123 1802 est
134 1776 162 1802 in
175 1775 298 1802 oratione
307 1775 337 1802 de
351 1774 452 1810 Spiritu
466 1780 554 1802 sancto
567 1776 619 1811 (or.
634 1784 710 1809 xxxi,
722 1777 769 1810 ‘28)
784 1787 790 1804 :

21 1819 100 1846 Εέὸειν
120 1820 187 1847 Θεὸν
211 1821 256 1847 τὸν
281 1821 400 1856 Πατέρα,
422 1821 487 1848 Θεὸν
509 1821 554 1847 τὸν
580 1821 655 1853 Υἱὸν,
679 1822 744 1848 Θεὸν
762 1821 792 1848 τὸ

21 1866 119 1901 Πνεῦμα
143 1866 175 1893 τὸ
199 1866 285 1900 ἅγιον,
311 1868 383 1902 τρεῖς
409 1867 557 1903 ἰδιότητας,
577 1867 689 1902 θεότητα
716 1868 790 1902 μίαν,

21 1912 80 1948 Βόξῃ,
96 1913 142 1940 καὶ
160 1914 238 1948 τιμῇ.
253 1913 300 1939 καὶ
318 1913 406 1949 οὐσίᾳ,
420 1914 466 1939 καὶ
484 1913 607 1949 βασιλείᾳ.
630 1913 667 1949 μὴ
684 1913 791 1949 μεριζο-

21 1959 101 1994 ιένην,
122 1959 161 1992 ὦς
180 1968 222 1991 τις
243 1959 295 1986 τῶν
315 1959 404 1995 μικρῷ
422 1960 538 1995 πρόσθεν
552 1959 687 1995 θεοφόρων
703 1959 791 1994 ἐφιλο-

21 2004 134 2039 ιόφησεν.
169 2013 179 2029 ε
203 2004 297 2032 Colere
319 2003 402 2031 Deum
425 2003 531 2031 Patrem
545 2024 553 2037 ,
573 2003 657 2031 Deum
682 2003 789 2036 Filium,

21 2050 90 2077 )eum
106 2050 240 2085 Spiritum
261 2054 393 2081 sanctum,
418 2055 472 2077 tres
492 2049 680 2084 proprietates,
703 2048 790 2076 deita-

21 2103 60 2122 em
83 2104 184 2126 unam,
211 2103 298 2130 neque
321 2095 422 2130 gloria,
445 2102 533 2129 neque
556 2095 675 2125 honore,
704 2102 790 2129 neque

21 2142 131 2174 ssentia,
145 2148 236 2176 neque
249 2148 332 2175 regno
349 2140 524 2169 subdivisam.
541 2144 570 2167 ut
580 2139 692 2174 quidam
708 2140 788 2174 paulo

857 225 888 245 ea
908 226 936 246 se
953 227 1060 247 sumere
1080 220 1112 246 ὲκ
1134 220 1180 247 τοῦ
1201 221 1264 256 περὶ
1282 221 1444 256 σαρκώσεως
1460 223 1508 249 καὶ
1522 223 1639 255 πίστεως

856 264 934 298 λόγου
953 266 981 292 ὲν
1001 267 1033 302 τῇ
1056 267 1186 302 ἑρμηνείᾳ
1205 267 1250 293 τηῦ
1267 267 1391 303 δευτέρου
1407 267 1637 304 ὰναθεματισμοῦ.

859 321 868 336 ι
883 310 921 338 Ex
939 312 1062 340 oratione
1081 313 1113 340 de
1130 313 1317 340 incarnatione
1333 318 1358 341 et
1376 313 1444 346 ﬁde,
1462 314 1489 341 in
1506 314 1638 350 interpre-

856 358 957 385 tatione
979 359 1197 386 anathematismi
1221 360 1343 387 secundi.
1364 369 1373 385 ι
1405 360 1479 388 Licet
1503 361 1575 389 enim
1603 371 1638 390 ex

855 403 989 431 divisione
1004 404 1093 439 operis
1116 405 1143 432 in
1165 405 1293 440 capitula,
1310 406 1490 441 capitulorum
1512 407 1563 435 sibi
1585 416 1637 435 no~

855 457 916 476 men
933 457 1001 484 opus
1015 450 1171 485 praetulerit,
1193 455 1311 478 attamen
1332 451 1369 478 illi
1386 454 1449 487 περὶ
1472 452 1636 488 σαρκώσεως

854 494 962 521 titulum
993 495 1026 522 ab
1047 500 1159 522 auctore
1185 495 1326 530 praeﬁxum
1354 497 1456 527 fuisse,
1483 504 1516 524 ex
1541 499 1635 526 eodem

854 540 944 574 operis
961 545 1119 575 argumento
1132 541 1211 575 plane
1224 546 1306 576 patet.
1347 540 1448 569 Scribit
1466 543 1569 572 scilicet
1586 552 1636 572 au-

853 590 912 613 ctor
934 595 940 613 :
965 586 1032 612 Θεοῦ
1055 587 1145 622 χάριτι
1173 587 1231 618 πῶς
1257 587 1298 614 δεῖ
1324 588 1460 616 πιστεύειν
1495 590 1557 626 περὶ
1587 591 1636 626 τῆς

854 629 1014 666 σαρκώσεως
1036 632 1082 657 καὶ
1106 630 1337 667 ὲνανθρωπήσεως
1360 633 1406 659 τοῦ
1419 633 1483 660 Υἱοῦ
1504 634 1550 660 τοῦ
1567 634 1635 661 Θεοῦ

859 675 943 711 Ἰησοῦ
956 675 1082 710 Χριστοῦ.
1102 686 1110 701 ι
1124 676 1265 709 Quomodo
1280 685 1341 705 cum
1357 677 1402 705 Dei
1414 679 1500 713 gratia
1512 685 1635 714 oporteat

851 720 960 747 credere
978 721 1011 747 de
1030 720 1217 748 incarnatione
1231 726 1256 748 et
1270 722 1492 750 inhumanatione
1507 723 1568 750 Filii
1585 723 1634 752 Dei

850 764 915 794 Jesu
928 765 1040 793 Christi.
1056 775 1065 791 ι
1083 765 1115 792 Et
1131 767 1252 801 apposite
1268 767 1323 794 hinc
1337 767 1391 794 duo
1407 768 1550 803 conjunxit
1569 769 1635 806 σάρ-

851 820 946 844 κωσιν,
958 812 1004 839 καὶ
1018 811 1232 847 ἐνανθρώπησιν,
1249 813 1458 840 incarnationem
1472 819 1495 841 et
1509 815 1634 842 inhuma-

853 858 1000 889 nntionem.
1024 862 1154 892 tauquam
1178 858 1225 893 qui
1246 863 1273 884 et
1291 858 1399 886 Graecos
1423 860 1571 888 catholicos
1591 869 1634 888 se-

852 908 991 938 queretur,
1008 904 1054 938 qui
1074 903 1107 931 de
1126 903 1178 930 hoc
1194 904 1324 939 mysterio
1346 904 1429 932 libros
1449 913 1513 933 suos
1538 906 1634 933 inscri-

851 949 915 975 bere
928 949 1058 982 solebant,
1072 949 1140 983 Περὶ
1154 949 1383 985 ὲνανθρωπήσεως
1393 970 1400 983 ,
1416 955 1442 977 et
1455 950 1635 979 heterodoxo-

851 1002 912 1021 rum
925 995 1085 1022 sententiam
1101 994 1245 1026 refelleret,
1258 995 1305 1030 qui
1320 1003 1381 1022 cum
1395 1000 1480 1023 totum
1495 997 1633 1024 hominem

851 1046 866 1066 a
878 1038 967 1066 Verbo
987 1043 1142 1074 susceptum
1164 1044 1304 1075 negarent,
1322 1041 1552 1077 ὲνανθρωπήσιως
1570 1042 1635 1069 titu-

852 1086 906 1112 lum
920 1085 1098 1120 refugiebant,
1114 1090 1141 1112 et
1156 1085 1240 1112 altero
1258 1085 1325 1121 Περὶ
1340 1085 1502 1120 σαρκώσεως
1517 1087 1632 1114 uteban-

850 1136 904 1161 tur.
925 1135 955 1158 ut
967 1131 1104 1158 Eudoxius
1126 1130 1444 1165 Coustantinopolitanns
1457 1136 1483 1158 et
1495 1131 1632 1166 Apollina-

851 1177 889 1204 ris
909 1177 966 1211 ipse
986 1175 1115 1203 fecerant.
1137 1176 1303 1203 Athanasius
1317 1175 1398 1203 etiam
1412 1176 1570 1212 Gregorium
1586 1185 1631 1205 se-

851 1227 930 1249 cutus
945 1227 1090 1257 utramque
1104 1229 1196 1249 vocem
1218 1229 1271 1248 una
1287 1222 1428 1255 conjunxit
1441 1227 1534 1250 contra
1549 1222 1632 1258 Apol-

851 1267 964 1294 linarem
983 1267 1040 1302 (lib.
1057 1275 1076 1300 ι,
1090 1267 1136 1301 21)
1149 1274 1160 1293 .:
1179 1268 1326 1302 Μανιχαῖος
1346 1267 1497 1304 ἀπιστήσας
1519 1269 1551 1304 τῇ
1567 1277 1632 1304 σαρ-

849 1313 930 1340 κώσει
953 1314 998 1340 καὶ
1013 1313 1216 1349 ἐνανορωπήσει
1238 1313 1285 1339 τοῦ
1308 1313 1420 1349 Κυρίου,
1443 1314 1543 1350 ἀσεϐὴς
1560 1315 1631 1341 κατὰ.

850 1357 939 1385 πάντα
963 1358 1068 1392 γέγονε.
1092 1367 1101 1383 ι
1115 1357 1282 1385 Manichacus
1301 1365 1354 1385 non
1371 1359 1484 1385 credens
1506 1359 1632 1386 incarna-

850 1404 915 1430 tioni
929 1408 956 1431 et
977 1403 1193 1431 inhumanationi
1206 1403 1323 1435 Domini,
1339 1404 1366 1431 in
1386 1404 1513 1432 omnibus
1531 1405 1631 1440 impius

849 1448 937 1476 factus
964 1453 1014 1475 est.
1032 1458 1041 1474 ›
1068 1449 1134 1475 Illud
1161 1457 1270 1484 quoque
1293 1449 1398 1476 interim
1427 1450 1628 1477 observandum

847 1500 902 1528 est,
927 1496 1023 1522 horum
1039 1495 1219 1529 capitulorum
1239 1503 1301 1522 cum
1321 1495 1489 1530 expositione
1508 1496 1536 1523 in
1549 1496 1630 1524 editis

843 1541 1017 1576 Gregorianis
1032 1541 1132 1576 praaligi
1143 1541 1290 1568 Gerardum
1299 1540 1426 1569 Vossium
1444 1542 1628 1577 interpretem,

844 1593 906 1614 cum
927 1590 1022 1613 tamen
1034 1587 1197 1614 Possevinus
1222 1587 1334 1620 scribat,
1357 1588 1486 1622 quoniam
1506 1595 1537 1615 ea
1554 1596 1627 1615 nun-

844 1640 926 1667 quam
951 1637 997 1660 aut
1012 1632 1104 1660 Graece
1122 1637 1169 1660 aut
1191 1632 1285 1660 Latine
1302 1634 1451 1668 prodierint
1477 1634 1503 1660 in
1526 1634 1626 1666 lucem,

846 1678 906 1706 ideo
919 1678 1072 1705 versionem
1087 1678 1193 1705 illorum
1210 1679 1307 1706 factam
1326 1686 1341 1705 a
1354 1678 1499 1706 Francisco
1514 1679 1629 1707 Turria-

844 1731 890 1755 no,
913 1724 940 1750 in
964 1724 1101 1758 Apparatu
1126 1732 1176 1751 suo
1196 1724 1337 1759 adjecisse.
1362 1724 1428 1757 Quae
1448 1732 1509 1752 cum
1532 1725 1626 1752 iisdem

842 1769 943 1802 verbis,
973 1771 1067 1804 paucis
1092 1770 1252 1805 immutatis,
1278 1778 1333 1805 prze
1359 1770 1483 1798 manibus
1505 1772 1626 1798 omnium

843 1817 888 1848 sit,
906 1815 968 1850 quis
986 1816 1019 1843 ab
1035 1817 1120 1843 altero
1139 1816 1284 1850 acceperit,
1304 1816 1438 1843 incertum
1454 1816 1581 1844 Inihiest.

878 1861 906 1888 ln
919 1861 1259 1896 epistolamThaumaturgi
1273 1864 1427 1888 canonicam
1438 1862 1626 1889 commentarii

840 1904 954 1932 Joannis
969 1904 1082 1932 Zonaras
1098 1910 1124 1932 et
1136 1905 1272 1933 Theodori
1291 1905 1461 1933 Balsamonis
1476 1906 1540 1933 editi
1561 1912 1626 1934 sunt

841 1949 971 1982 Lutetiae;
996 1949 1166 1977 Balsamonis
1177 1950 1286 1985 quidem
1303 1951 1384 1977 simul
1399 1958 1460 1978 cum
1476 1951 1536 1979 aliis
1551 1952 1626 1987 ejus-

842 1995 902 2022 dem
929 1995 1146 2030 expositionibus
1163 1988 1198 2022 ’ἱη
1228 2003 1322 2024 sacros
1344 2003 1481 2028 canones;
1513 1996 1626 2024 Zonara-

841 2050 906 2069 vero
917 2042 1072 2076 separatim,
1085 2049 1147 2069 cum
1160 2042 1256 2069 eodem
1268 2041 1481 2076 Thaumaturgo,
1508 2041 1626 2070 Macario

841 2094 868 2116 et
888 2088 986 2116 Basilio
1016 2088 1201 2121 Seleuciensi,
1227 2087 1340 2115 Lutetiae
1364 2087 1452 2114 in—fol.
1486 2087 1578 2115 Graece
1597 2093 1625 2115 et.

842 2134 946 2162 Latine.

21 2192 67 2215 mle
82 2172 132 2216 nos
146 2172 235 2215 dei-fer
249 2172 456 2222 philosophatus
475 2190 526 2213 est.
540 2195 549 2211 ι
569 2172 598 2212 1.;
616 2172 728 2212 alterius
742 2192 788 2212 eo—
805 2172 827 2199 θ
876 2180 976 2208 Praeter
1005 2181 1070 2212 haec,
1086 2180 1158 2207 illius
1176 2179 1256 2206 etiam
1281 2179 1374 2206 laudat
1387 2178 1514 2213 epistolas
1528 2178 1624 2206 Hiero-

21 2233 72 2260 licis
92 2240 206 2268 quoque
220 2231 340 2259 Vaticani
360 2231 412 2259 456
437 2231 532 2266 pagina
557 2230 604 2258 561
626 2231 786 2257 adnotatur:

21 2278 154 2314 ’ρηγόριον
178 2277 251 2312 λέγει
271 2278 316 2304 τὸν
340 2277 547 2313 Θαυματουργδν
571 2277 600 2302 ὲν
624 2278 658 2312 τῇ
677 2277 788 2303 ἀποκα-

21 2325 105 2357 war.

37 2369 132 2397 Cesset
151 2369 235 2396 etiam
250 2376 365 2397 censura
385 2376 400 2395 a
414 2367 576 2395 Bellarmino
591 2367 661 2395 facta
675 2367 708 2394 de
721 2368 787 2393 duo-

21 2416 84 2442 ‘ecim
102 2416 243 2450 capitulis,
261 2422 320 2449 quae
336 2419 424 2442 tamen
443 2414 481 2441 uti
497 2413 661 2448 Grcgoriana
676 2420 691 2438 ιι
706 2413 788 2440 colle-

21 2468 74 2489 tore
99 2460 298 2489 sententiarum
322 2459 356 2487 de
372 2459 477 2486 duabus
499 2459 525 2485 in
548 2458 656 2485 Christo
683 2457 787 2484 naturis

22 2511 200 2542 gnoscuntltr.
227 2505 258 2532 Et
272 2505 370 2532 Suidas
391 2514 397 2531 :
419 2503 564 2539 Γρηγόριος
600 2503 648 2529 καὶ
676 2502 788 2538 Ἀθηνό-

21 2562 84 2589 ωρος
109 2552 291 2587 συναίμονες,
321 2551 377 2578 ἀλλ’
392 2552 406 2577 ὁ
428 2550 475 2585 μὲν
508 2549 697 2585 τερατουργὺς,
724 2549 737 2574 ὁ
757 2548 786 2574 δὲ

21 2599 146 2635 οφιστής·
170 2597 273 2633 ἔγραψε
294 2597 322 2623 δὲ
344 2595 408 2633 περὶ
426 2595 588 2632 σαρκώσεως
606 2595 653 2621 καὶ
669 2594 787 2625 πίστεως

21 2646 85 2679 ἄγον.
109 2656 120 2672 ι
131 2644 281 2678 Gregorius
294 2648 321 2671 et
333 2641 523 2670 Athenodorus
539 2640 660 2675 germani
677 2639 785 2672 fratres,

21 2691 47 2717 ed
59 2691 102 2718 ille
113 2690 227 2726 quidem
241 2688 433 2716 miraculorum
446 2690 576 2721 patrator,
591 2685 634 2712 hic
651 2684 784 2718 sophista.

21 2736 116 2770 cripsit
137 2742 207 2762 vero
232 2734 276 2761 ille
297 2734 329 2761 de
346 2732 531 2760 incarnatione
556 2737 582 2758 et
604 2731 656 2758 ﬁde
681 2730 784 2757 oratio-

21 2791 70 2810 em.
87 2792 96 2809 I
117 2781 199 2809 Hanc
210 2781 281 2809 enim
295 2780 443 2808 orationem
458 2787 512 2806 non
529 2785 589 2806 esse
604 2776 686 2808 aliud,
702 2783 784 2811 quam

21 2838 56 2857 isa
91 2828 236 2856 duodecim
262 2827 394 2862 capitula,
429 2832 545 2861 agnosco
575 2832 609 2852 ex
637 2823 783 2851 collectore

841 2233 948 2261 nymns.
988 2225 1019 2252 Et
1045 2225 1105 2252 alite
1129 2225 1210 2259 hujus
1234 2223 1314 2259 vulgo
1340 2223 1465 2251 feruntur
1490 2224 1619 2258 epistolae.

841 2272 938 2299 Suidas
954 2280 961 2297 :
978 2272 1098 2308 Ἔγραψε
1121 2273 1167 2298 καὶ
1186 2272 1267 2302 ἄλλας
1277 2280 1305 2297 τε
1325 2270 1423 2301 πολλὰς
1436 2271 1483 2297 καὶ
1498 2270 1622 2302 ποικίλας

840 2315 990 2347 ἐπιστολάς.
1012 2325 1021 2342 ι
1037 2316 1149 2351 Scripsit
1171 2321 1198 2343 et
1227 2316 1293 2343 alias
1309 2316 1409 2343 multas
1429 2315 1495 2342 varii
1515 2315 1622 2351 generis

839 2363 976 2398 epistolas.
995 2373 1005 2388 ι

875 2409 934 2435 Alia
961 2416 1069 2443 quoque
1100 2402 1259 2442 scripsisse,
1287 2408 1354 2435 nulli
1381 2407 1493 2435 dubium
1521 2407 1619 2442 fuerit;

840 2454 925 2481 multa
941 2455 1013 2481 enim
1032 2455 1104 2481 illius
1120 2459 1146 2481 et
1162 2455 1227 2481 satis
1243 2454 1346 2489 prolixa
1367 2454 1393 2481 in
1408 2453 1510 2480 Catena
1527 2454 1620 2481 Graeca

839 2506 921 2534 super
935 2498 1094 2530 Jeremiam,
1114 2507 1175 2533 qua:
1192 2506 1242 2526 nos
1259 2498 1354 2525 Latina
1377 2498 1502 2527 fecimus.
1522 2502 1549 2525 et
1561 2498 1619 2526 suis

839 2545 866 2572 in
877 2543 1020 2572 Jeremiam
1041 2545 1243 2573 commentariis
1260 2545 1375 2572 inseruit
1386 2543 1511 2577 {Michael
1527 2543 1616 2571 Gisle-

838 2592 906 2624 rius,
920 2591 1047 2626 leguntur
1060 2599 1120 2625 quae
1143 2592 1169 2618 in
1183 2591 1262 2618 editis
1276 2599 1330 2618 non
1347 2590 1490 2617 habentur.

872 2637 913 2664 Ad
939 2638 1011 2664 hunc
1031 2635 1277 2664 Neocresarienscm
1295 2635 1455 2671 Gregorium
1473 2633 1617 2669 Origenem

837 2682 980 2717 scripsisse
1006 2681 1158 2716 epistolam,
1190 2691 1200 2707 ‹
1216 2679 1326 2716 quando
1341 2681 1474 2716 quibusve
1493 2680 1615 2714 philoso-

836 2728 923 2762 phica:
943 2727 1093 2761 disciplinae
1114 2727 1193 2753 utiles
1207 2727 1263 2753 sint
1282 2727 1315 2753 ad
1333 2732 1471 2753 sacrarum
1490 2724 1615 2759 Scriptu-

836 2782 928 2802 rarum
946 2774 1159 2808 expositionem,
1176 2780 1238 2800 cum
1254 2773 1403 2807 Scriptura;
1420 2772 1587 2802 testimonio,
1602 2779 1612 2796 ι

836 2821 941 2848 decimo
958 2820 1038 2848 tertio
1055 2821 1141 2856 rapite
1157 2819 1308 2847 Philocaliw
1327 2819 1475 2852 insertam,
1491 2817 1612 2846 nonnulli
