1844 3047
41 192 1623 213 -——!——_————_.————‘_—-_————___—-'

625 281 709 303 ANNO
730 281 843 304 DOMINI
862 280 1011 303 CCLXVIII.

366 375 469 480 S.
558 356 1274 478 DIONYSIUS

581 538 824 566 ALEXANDRINU
832 538 850 565 S
870 536 1057 565 EPISCOPUS

302 626 552 672 NOTlTIA
592 622 1330 669 HlSTORICO-LITTEBARIA.

427 722 568 752 (ϐλιιλδιλ,
582 721 634 746 γει.
655 721 724 745 Patr.
739 719 861 750 Biblioth.,
878 723 897 744 t.
910 719 952 750 Ill,
964 720 1075 751 Ρι-σίείζ.Υ
1088 727 1111 751 p.
1125 721 1197 751 xxx.)

63 868 79 896 Ι.
98 868 234 905 Dionysius
248 868 636 905 Alexandrinustcognomento
650 871 772 905 Magnus.
789 870 909 905 Origenis
925 871 1040 903 auditor,
1059 864 1362 905 Molteidlexandrinw
1391 870 1549 897 moderator.
1565 869 1623 903 Quo

33 910 73 930 tcm
92 912 130 930 ore
145 904 279 931 ordinatus
292 905 438 938 episcopus.
458 904 523 939 Ejus
536 906 669 939 praecipua
684 904 766 940 gesta.
783 904 943 932 Litterarum
958 909 1136 932 monumenta.
1154 904 1217 932 Dies
1231 905 1395 932 emortualia.

61 911 90 966 ll.)
114 938 234 966 Pleraque
258 939 330 966 illius
344 940 442 966 scripta
451 939 593 966 denerdita.
608 939 673 966 Otia:
689 941 757 966 amid
774 944 867 966 veterea
886 946 1031 966 servantur.
1046 949 1113 966 nunc
1140 940 1254 966 primum
1278 940 1398 966 collecta.
1419 939 1472 966 Pro
1501 942 1607 966 temnori

61 938 87 975 ll.
114 938 234 973 Pleraque
258 939 330 966 illius
344 940 442 972 scripta
451 938 593 973 deperdita.
608 939 673 973 Qua:
684 938 757 975 apud
774 944 867 972 veterea
886 946 1031 973 servantur,
1046 949 1113 967 nunc
1140 940 1254 974 primum
1278 940 1398 967 collecta.
1419 939 1472 967 Pro
1501 942 1621 975 temporis

33 974 122 1000 ratione
134 974 270 1006 disposita.

60 1007 97 1044 ill.
118 1008 239 1044 petilius
255 1009 371 1037 Elencho
384 1014 410 1037 et
426 1010 553 1044 Apologia
570 1011 704 1044 speciatim
727 1011 874 1037 disseritur.

59 1042 99 1070 lV.
111 1042 167 1075 Qua
178 1044 313 1071 occasione
325 1052 388 1079 opus
403 1042 531 1079 ejusmodi
543 1042 680 1080 scriptum.
696 1045 761 1080 Ejus
774 1046 896 1080 pretium.
911 1045 975 1078 Quae
987 1050 1110 1080 superant
1127 1045 1284 1080 fragmenta.
1301 1045 1437 1078 Quomodo
1451 1046 1604 1074 distributa.

59 1118 77 1146 l.
93 1119 148 1152 Quo
163 1124 282 1156 tempore
298 1121 324 1148 in
354 1121 445 1149 Africa
459 1122 620 1157 Cyprianus,
635 1122 746 1150 llorebat
763 1123 789 1149 in
807 1124 825 1152 A
841 1122 998 1158 Dionysium
1024 1121 1175 1149 Romanum
1201 1122 1366 1157 pontificem,
1384 1123 1463 1157 quasi
1479 1123 1512 1150 de
1540 1122 1619 1150 Verbi

31 1164 133 1200 :Egypto
149 1166 303 1202 Dionysius,
317 1167 350 1194 ab
365 1167 484 1202 antiquis
499 1168 623 1195 Patribus
639 1167 727 1204 Magni
744 1176 790 1196 co-

31 1217 188 1243 gnomentum
201 1213 264 1247 jure
271 1213 384 1248 adeptus
397 1213 444 1249 la).
461 1214 580 1249 Origenis
595 1214 668 1241 valde
683 1215 791 1249 insignis

29 1256 122 1282 auditor
137 1257 196 1291 fuit,
211 1262 280 1286 teste
297 1257 460 1294 Hieronymo
477 1259 523 1294 (ὁ),
537 1260 581 1286 cui
597 1263 625 1287 et
641 1259 738 1286 librum
757 1259 792 1286 De

29 1302 140 1336 martyrio
158 1304 325 1339 nuncupavit
345 1305 390 1339 (ε).
408 1305 513 1332 Seholae
528 1305 717 1333 Alexandrinm
731 1310 792 1340 post

29 1345 153 1375 Heraclam
165 1349 331 1382 moderator,
348 1351 432 1378 eidem
447 1351 578 1379 successit
592 1351 617 1378 in
635 1351 789 1386 episcopatu

29 1398 123 1420 annout
138 1394 543 1431 imperiiPhilippi,Christi?“
557 1397 606 1432 (Δ).
618 1395 683 1424 Post
690 1396 791 1431 aliquot

29 1437 56 1463 ub
68 1438 129 1466 inito
142 1440 299 1475 episcopatu
317 1449 414 1474 annos,
431 1446 524 1469 exorta
539 1442 724 1476 persecutione
738 1441 791 1470 De-

29 1483 103 1517 ciana,
132 1487 246 1514 secessit
260 1497 266 1514 :
295 1487 342 1515 sed
359 1487 438 1522 paulo
453 1492 513 1522 post
537 1496 552 1514 a
569 1488 700 1516 militibus
714 1495 790 1516 com-

29 1529 159 1561 prehensus
174 1539 204 1559 ac
216 1532 368 1568 Taposirim
382 1533 523 1566 deductus,
540 1534 585 1561 Dei
603 1539 668 1561 nutu
679 1542 694 1561 a
711 1534 791 1561 Chri-

30 1574 159 1603 stianorum
179 1578 381 1606 rusticanorum
393 1580 481 1613 turba,
495 1579 595 1607 invitus
613 1579 686 1612 licet,
708 1580 790 1607 mira-

30 1620 102 1648 biliter
112 1621 159 1650 fuit
173 1629 285 1658 ereptus
297 1624 342 1659 (ε).
360 1625 467 1652 Interim
482 1633 546 1653 vero
560 1626 685 1654 saeviente
697 1634 790 1661 perse-

30 1667 119 1695 cutione
133 1671 289 1705 complures
318 1671 487 1699 Alexandriae
516 1672 551 1699 ob
566 1672 666 1700 Christi
689 1680 789 1699 nomen

30 1715 169 1749 martyrium
195 1717 349 1749 subierunt,
367 1725 483 1753 quorum
507 1719 623 1754 gloriosa
642 1719 789 1746 certamina

32 1766 122 1792 psemet
137 1761 281 1799 Dionysius
293 1764 390 1792 li'teris
400 1764 570 1799 consignavit
580 1766 624 1801 (Γ).
643 1767 721 1792 Anno
737 1765 790 1792 (ἰδὲ

842 1167 925 1194 divini
939 1174 1000 1194 cum
1016 1166 1096 1194 Patre
1112 1167 1392 1194 consubstantialitate
1407 1175 1462 1195 non
1475 1172 1546 1194 recte
1559 1174 1622 1195 sen<

843 1213 919 1240 tiret:
938 1212 985 1240 sed
1000 1212 1069 1240 hanc
1084 1212 1142 1247 ipse
1158 1211 1236 1239 fama
1251 1220 1307 1239 suae
1321 1211 1438 1239 inustam
1453 1212 1540 1240 labem
1557 1219 1623 1247 qua-

842 1262 905 1285 tuor
919 1258 996 1285 libris
1007 1257 1162 1292 perscriptis
1183 1256 1304 1284 detersit.
1329 1256 1432 1285 Exinde
1455 1265 1529 1290 vero,
1543 1256 1621 1285 Vale-

844 1303 920 1330 riano
934 1301 1050 1330 aPersis
1077 1308 1166 1337 capto,
1181 1306 1208 1329 et
1230 1301 1366 1330 Macriano
1390 1301 1532 1330 interfecto
1557 1310 1620 1329 cum

841 1349 914 1382 liliis,
929 1356 994 1383 pace
1008 1348 1116 1376 demum
1146 1356 1161 1376 a
1176 1348 1297 1376 Gallieno
1322 1348 1486 1377 Christianis
1505 1349 1620 1381 reddita,

841 1394 893 1421 sub
907 1394 987 1421 linem
1001 1393 1065 1420 anni
1079 1393 1128 1420 261
1152 1393 1343 1421 Alexandriam
1365 1401 1506 1429 regressus
1523 1394 1565 1429 (i),
1580 1394 1621 1420 ci-

841 1440 920 1467 vibus
935 1444 1020 1474 peste,
1047 1438 1117 1467 fame
1140 1439 1265 1474 belloque
1285 1439 1413 1468 intestino
1434 1439 1621 1467 laborantibus

841 1490 938 1519 praesto
951 1484 1054 1519 1ιιίισ).
1067 1483 1237 1512 Antiochiam
1260 1489 1371 1512 vocatus
1395 1485 1428 1512 ad
1447 1485 1577 1520 judicium
1593 1486 1619 1512 in

840 1538 922 1558 causa
935 1529 1008 1558 Pauli
1022 1529 1190 1558 Samosateni
1204 1531 1344 1558 ferendum
1355 1550 1362 1562 ,
1376 1538 1438 1557 cum
1453 1531 1487 1558 ob
1496 1530 1618 1558 aﬂ‘cctam

841 1582 947 1605 aetatem
960 1580 987 1603 et
998 1576 1179 1603 valetudinem
1196 1576 1259 1603 huic
1273 1575 1364 1603 itineri
1387 1576 1554 1604 conficiendo
1567 1577 1619 1603 ini-

839 1629 889 1657 par
901 1626 982 1653 esset,
995 1621 1065 1649 datis
1077 1621 1109 1649 ad
1121 1621 1271 1649 Ecclesiam
1290 1621 1486 1649 Antiochenam
1511 1622 1619 1654 litteris,

840 1667 999 1694 sententiam
1015 1674 1091 1694 suam
1103 1667 1296 1700 pronuntiavit.
1315 1666 1374 1700 Quo
1395 1671 1484 1695 autem
1501 1673 1621 1702 tempore

840 1712 960 1750 synodus
968 1712 1107 1744 agebatur,
1117 1719 1273 1747 supremum
1281 1712 1352 1740 diem
1361 1712 1427 1740 obiit
1434 1713 1475 1739 vir
1483 1713 1622 1740 admiran-

840 1758 901 1790 dus,
916 1758 1018 1785 exactis
1030 1757 1057 1785 in
1068 1758 1223 1792 episcopatu
1234 1758 1422 1792 septemdecim
1431 1758 1520 1790 annis,
1533 1758 1621 1785 ἐτεσιν

33 1806 131 1835 uteriuit
141 1809 247 1844 synodo
257 1809 441 1842 Antiochenaa,
454 1818 503 1845 pro
513 1811 631 1839 sedando
642 1811 787 1839 schismate

869 1803 1031 1836 πακαίδεκα,
1061 1807 1092 1830 ut
1106 1807 1201 1830 auctor
1227 1807 1269 1830 est
1291 1802 1426 1831 Eusebius
1443 1803 1490 1840 (k),
1505 1802 1619 1831 Gallieni

30 1848 282 1887 ioniianicoactm;
307 1854 341 1882 ad
357 1862 437 1890 quem
461 1856 540 1883 etiam
562 1856 700 1892 epistolam
719 1858 787 1885 scri-

30 1895 69 1922 )Sil
82 1896 127 1932 (g).

51 1940 148 1970 Interea
165 1944 296 1980 temporis
309 1943 438 1980 Nepotem
453 1945 607 1980 episcopum
620 1946 785 1982 Egyptium,

30 1994 67 2020 [uo
78 1988 185 2017 doctore
208 1990 352 2017 Arsinoita:
370 1990 564 2018 Chiliastarum
577 1999 668 2020 errore
681 1993 787 2021 fuerant

31 2033 116 2068 mbuti,
130 2035 239 2063 duobus
250 2035 326 2063 libris
339 2035 411 2063 circa
425 2035 525 2063 Christi
540 2045 640 2065 annum
657 2039 709 2066 254
722 2048 786 2067 con-

31 2079 118 2113 ulavit;
137 2080 183 2108 ubi
201 2088 311 2116 quoque
327 2082 360 2110 de
372 2081 531 2117 Apocalypsi
548 2084 677 2111 nonnulla
693 2090 784 2112 notatu

33 2124 87 2159 igua
114 2126 270 2155 edisseruit.
290 2127 421 2163 Deinceps
437 2130 463 2156 in
489 2129 601 2157 dissidio
617 2130 650 2158 de
668 2131 785 2166 rebapti-

31 2168 101 2196 andis
123 2169 270 2203 haereticis,
287 2179 336 2205 pro
350 2171 474 2200 Ecclesiae
499 2181 565 2207 pace
578 2174 784 2211 redintegranda

32 2212 97 2241 Iurcs
112 2215 222 2250 scripsit
235 2216 268 2243 ad
279 2216 402 2244 diversos
414 2218 552 2252 epistolas.
571 2219 711 2249 Valeriano
728 2223 784 2248 Au-

31 2262 85 2285 usto
103 2259 150 2287 Dci
176 2261 324 2289 Ecclesiam
345 2262 404 2290 dira
428 2265 612 2298 persecutione
633 2267 782 2301 divexante,

31 2309 67 2331 ost
80 2306 236 2339 praeclaram
245 2307 442 2336 confessionem
454 2317 545 2338 coram
557 2311 703 2340 lEmiliano
714 2322 783 2348 prae-

31 2355 76 2377 *cto
92 2353 228 2388 augustali
244 2353 354 2387 editam,
371 2354 477 2389 Cephro
494 2356 584 2392 Libyae
597 2359 724 2393 oppidum
742 2361 783 2387 in-

31 2395 185 2425 ullissimum
203 2399 243 2426 ire
260 2399 416 2434 compulsus
431 2405 485 2432 est;
504 2402 574 2429 unde
589 2404 668 2436 paulo
684 2409 742 2438 post
755 2405 782 2432 in

31 2441 179 2472 lareolidem
196 2445 416 2481 migrarejussus
428 2447 478 2475 fuit
493 2448 541 2483 (Ιι).
558 2448 720 2478 Gliscentcm
733 2450 782 2479 Sa-

32 2487 147 2517 allianam
165 2490 292 2519 haeresim
307 2491 371 2519 dum
387 2493 564 2529 impugnaret,
579 2495 683 2523 delatus
696 2502 737 2524 est
749 2497 782 2525 ad

42 2565 75 2600 la)
92 2566 206 2609 Euseb.)
220 2567 300 2609 μία.
326 2570 416 2598 eccles.
433 2571 481 2599 lib.
510 2580 546 2599 vn
566 2573 636 2605 init.,
654 2573 687 2601 ad
703 2582 782 2609 quem

33 2608 89 2628 cum
104 2603 161 2629 vid.
176 2602 268 2630 Vales.

41 2636 75 2675 (ὁ.)
85 2636 270 2675 llieron.,__l)e
284 2639 334 2666 vir.
346 2639 446 2668 illustr.
463 2648 522 2675 cap.
537 2641 581 2669 69.

219 2672 288 2711 ilict.
301 2675 365 2702 εστι,
386 2675 433 2711 lib.
453 2671 560 2711 vni-cap.
578 2677 622 2704 M.

39 2706 75 2739 (d)
88 2706 125 2745 ld_.
141 2707 275 2745 ibid.._lib.
291 2716 328 2742 vi,
341 2717 402 2744 cap.
417 2710 462 2738 55.
477 2706 542 2738 Vid.‘
559 2711 664 2745 Dodw.,
675 2713 781 2742 dissert.

32 2747 72 2779 περ)
87 2741 121 2779 ad
138 2750 204 2776 opp.
221 2741 325 2779 Pears.,
338 2741 399 2779 pag.
415 2745 458 2772 84.

38 2774 71 2817 ξε]
86 2774 212 2817 ρξοηῇιὲε,
224 2774 349 2817 epist._lll_
361 2774 422 2817 adv.
438 2780 575 2817 German..
588 2781 649 2809 inir.
664 2782 801 2812 col.15l6.

42 2810 73 2846 (ί)
91 2811 145 2844 1ι1..
157 2810 270 2848 epist?)
283 2813 316 2841 ad
329 2813 393 2843 Fab.
412 2815 473 2843 infr.
490 2817 542 2844 col.
555 2817 633 2846 1296.

838 1849 1008 1883 imperatoris
1019 1855 1068 1882 xu,
1096 1848 1198 1876 Christi
1213 1848 1267 1876 265
1291 1849 1410 1877 ineunte.
1437 1849 1512 1877 Hanc
1528 1854 1618 1877 autem

836 1893 1015 1922 chronotaxin
1032 1894 1224 1930 Dionysianam
1240 1899 1425 1927 contexentes,
1442 1894 1618 1931 Lequienium

837 1941 863 1967 in
882 1941 977 1975 primis
988 1948 1084 1969 sumus
1101 1942 1226 1969 assectati
1240 1942 1280 1977 (Ι).
1291 1941 1391 1969 Verum
1408 1942 1479 1969 diem
1502 1942 1535 1970 ad
1557 1941 1619 1969 Dio-

836 1985 904 2021 nysii
924 1986 1100 2014 emortualem
1117 1987 1188 2022 quod
1212 1988 1318 2020 attinet,
1347 1988 1473 2016 lectorem
1504 1987 1619 2016 fortasse

836 2031 907 2059 haud
931 2032 1071 2066 pmnitebit
1082 2032 1247 2060 Dodwellum
1262 2033 1336 2061 adire
1352 2032 1410 2068 (m).

869 2077 902 2104 ll.
929 2077 1136 2112 Quamplurima
1163 2079 1306 2113 scripsisse
1332 2078 1445 2113 Magnus
1471 2078 1616 2114 Dionysius

834 2128 866 2148 ex
897 2122 1028 2150 hactenus
1047 2122 1128 2150 dictis
1150 2124 1229 2158 plane
1249 2124 1424 2158 comperitur,
1439 2133 1555 2158 quorum
1573 2131 1616 2153 ta-

835 2174 895 2193 men
909 2175 971 2201 pars
987 2168 1106 2195 maxima
1133 2169 1244 2196 interiit.
1260 2169 1326 2202 Quae
1341 2177 1405 2197 vero
1423 2171 1493 2205 apud
1511 2176 1617 2199 veteres

833 2213 980 2240 etiamnum
996 2218 1125 2248 superant
1137 2222 1170 2241 ex
1199 2214 1271 2242 illius
1290 2215 1440 2243 litterarum
1455 2221 1617 2244 monumen-

834 2259 878 2291 tis,
893 2259 981 2294 magni
997 2267 1063 2286 sane
1077 2259 1210 2292 ducenda,
1223 2268 1254 2287 ea
1268 2269 1341 2288 nunc
1354 2261 1473 2296 primum
1489 2263 1515 2290 in
1529 2271 1615 2290 unum

833 2305 942 2332 collecta
952 2312 985 2332 ex
1000 2304 1126 2337 Eusebio,
1144 2306 1304 2339 Athanasio,
1321 2307 1420 2335 Basilio
1436 2309 1550 2344 aliisque
1563 2308 1615 2337 Ec-

832 2350 920 2377 clesia:
940 2350 1127 2385 scriptoribus,
1155 2351 1182 2377 in
1210 2352 1328 2379 medium
1348 2353 1530 2388 proferimus;
1559 2363 1615 2390 quo

832 2396 959 2423 nimirum
979 2396 1129 2432 fragmenta
1156 2397 1252 2425 saltem
1270 2406 1382 2433 operum
1395 2401 1462 2427 tanti
1478 2400 1567 2430 Patris
1580 2410 1613 2429 ex

833 2443 998 2477 reliquorunt
1023 2443 1127 2478 jactura
1155 2444 1345 2472 detrimentum
1371 2452 1511 2481 acceptum
1536 2448 1614 2475 nobis

835 2489 1033 2523 quadamtenus
1050 2491 1169 2519 sarciant
1188 2497 1376 2527 rcparentque.
1402 2491 1435 2519 Et
1461 2493 1538 2528 plura
1553 2495 1614 2528 qui-

869 2576 906 2612 (g)
922 2576 972 2612 ld.,
987 2577 1065 2612 epist.
1080 2578 1097 2604 2
1112 2579 1143 2605 ad
1156 2578 1252 2606 Novat.
1271 2579 1334 2606 infr.
1349 2579 1401 2606 col.
1415 2580 1493 2608 1296.

870 2611 907 2649 (li)
922 2611 971 2649 ld_-,
987 2612 1065 2649 epist.
1087 2614 1146 2649 1ος
1164 2615 1180 2641 4
1195 2614 1258 2649 iinfr.
1274 2614 1326 2641 col.
1342 2612 1419 2642 1520.

870 2646 901 2680 (ί)
921 2646 974 2681 1d,,
989 2647 1067 2681 epist.
1090 2647 1119 2674 ll
1135 2646 1170 2675 ιτα
1188 2648 1364 2681 Hcrmamm.,
1379 2648 1443 2676 iufr.
1458 2649 1510 2676 col.
1524 2650 1606 2678 5l25.

870 2681 902 2715 (j)
916 2680 966 2713 ld.,
983 2680 1062 2715 epist.
1075 2682 1108 2708 l2
1121 2683 1153 2710 ad
1167 2684 1255 2716 Alex.,
1270 2683 1334 2710 infr.
1349 2680 1398 2711 col.
1416 2683 1495 2709 1555.

851 2747 853 2749 τ
923 2715 1032 2754 Euseb,
1049 2716 1119 2754 Ilist.
1135 2718 1198 2754 eral.
1217 2719 1262 2745 lib.
1278 2727 1326 2750 vn,
1344 2727 1404 2754 cap.
1422 2719 1466 2746 28.

874 2750 1126 2789 (l)_L_equien..__0r.
1140 2752 1238 2781 Christ.
1256 2758 1321 2789 lout.
1340 2750 1448 2789 Πρωνί.
1464 2754 1525 2781 ὅθι.

836 2819 851 2856 5
867 2786 919 2847 1(gi)
926 2785 1038 2856 ᾆξανζό
1051 2787 1264 2824 dissertat.sing.
1279 2788 1311 2815 ad
1324 2785 1503 2825 opp.'Peai-s.,
1513 2797 1571 2826 cap.
1585 2790 1619 2825 6,.

903 2839 910 2853 ,
982 2840 987 2848 .
1037 2841 1044 2849 .

903 2839 910 2853 ,
926 2828 987 2856 pag.
1005 2828 1044 2849 lU.
