1844 3047
188 128 200 156 1
207 127 261 155 255

690 121 718 150 S.
740 121 888 149 DlONYSll
907 118 1139 148 ALEXANDRlNl
1157 116 1318 146 EPISCOPL

1747 113 1806 141 i336

184 190 246 215 dem
262 187 350 214 adhuc
372 186 405 213 de
429 185 545 220 singulis
569 183 678 219 scriptis
704 183 880 219 Dionysianis
909 190 974 217 pro-
990 185 1011 212 Α
1026 189 1090 215 gare
1106 180 1210 206 nititur.
1234 178 1310 212 Quod
1325 176 1386 205 cum
1401 177 1516 204 feliciter
1538 174 1708 211 prasriterit,
1725 174 1806 208 impn-

184 235 256 262 i'erre
279 234 305 261 in
325 236 448 268 promptu
465 235 551 264 esset,
575 231 636 258 aliis
659 231 717 257 sive
742 230 889 258 observata
912 229 973 256 sive

184 280 268 308 etiam
284 279 435 314 prtelerila;
451 285 510 312 qua!
527 282 616 304 tamen
639 276 747 311 longius
760 283 840 310 quam
858 283 906 310 par
924 276 970 307 sit,

184 325 220 352 ab
238 324 359 351 instituto
375 330 425 350 nos
442 322 617 349 abducerent.
635 320 782 356 Postquam
809 321 890 355 igitur
907 328 972 347 san-

184 370 221 398 cti
235 369 322 396 Patris
335 368 421 395 nostri
445 372 519 402 gesta
535 367 650 394 strictim
671 367 872 403 ordinatimque
885 367 973 402 diges-

186 414 283 447 simus,
299 413 421 440 eamdem
439 412 568 447 temporis
585 413 718 439 rationem
734 419 858 439 servasse
874 417 929 438 tum
945 412 973 439 in

186 459 245 493 ejus
258 466 370 493 operum
388 457 546 492 fragmentis
563 478 570 491 ,
585 462 641 484 tum
657 457 683 484 in
699 457 821 491 epistolis
836 458 973 484 excuden-

186 505 228 532 dis
245 504 311 531 satis
337 504 492 531 habuimus.
509 502 537 530 Si
552 503 617 538 quid
643 511 707 530 vero
734 504 868 537 reliquum
892 502 974 531 fuerit

186 550 259 586 quod
283 544 402 584 aliquam
418 549 681 577 animadversionem
694 553 830 583 reposcat.
845 549 974 583 subjecta:

186 597 377 624 adnotationes
410 595 534 622 nonnihil
558 595 628 622 lucis
661 594 809 622 all'undent.
839 594 973 621 Caeterum

186 643 258 670 haud
274 641 503 677 prastermittenda
517 641 674 668 censuimus
689 649 749 676 quae
764 640 920 668 observavit
933 641 974 667 vir

186 689 361 717 doctissimus
371 687 467 715 Petrus
475 688 641 714 (.‘ontantius
653 687 689 722 (η)
699 687 732 714 ad
741 687 831 722 operis
843 686 975 722 fragmen-

188 741 225 767 ta,
245 735 375 762 Elenchus
389 740 414 761 et
431 734 555 769 Apologia
573 733 712 768 inscripti;
729 741 790 768 quae
805 733 831 760 in
851 733 901 760 hac
915 733 974 760 edi-

188 782 260 809 tione
271 785 398 816 quartum
415 780 505 807 locum
519 784 653 814 occupant
665 779 752 814 partis
765 788 773 806 ι
785 778 904 814 Opernm
915 779 975 806 Dio-

188 827 377 863 nysianorum,
391 827 424 853 ad
435 825 572 860 exemplar
588 830 681 853 exacta
697 824 787 852 studio
802 825 924 860 ejusdem
945 831 973 851 v.

190 873 224 900 tl.
239 872 441 900 concinnatum.
458 870 503 898 Sic
519 875 611 898 autem
629 879 658 898 se
675 871 783 898 habent.

224 918 268 947 lll.
288 927 297 944 ε
322 918 396 954 Opus
412 917 533 954 Dionysii
550 917 737 949 Alexandrini,
754 924 787 944 ex
800 923 855 951 quo
871 916 975 944 descri-

189 970 235 1000 pta
262 971 326 993 sunt
346 965 497 1000 fragmenta
512 964 650 999 proposita
664 985 672 997 ,
690 964 857 991 Athanasius
873 964 974 998 passim

189 1011 283 1038 laudat
297 1011 344 1045 (o).
362 1010 487 1045 Ejusdem
501 1010 650 1038 meminere
663 1010 780 1038 Basilius
795 1010 831 1046 (p)
841 1015 867 1037 et
883 1009 975 1036 Hiero-

190 1064 289 1092 nymus
303 1058 351 1091 (ιν).
362 1056 415 1083 Sed
427 1056 453 1083 hi
463 1057 517 1084 duo
528 1057 653 1085 doetores
668 1066 721 1086 non
731 1067 784 1086 una
793 1060 898 1087 ratione
912 1060 976 1087 illud

190 1103 321 1130 indicant.
337 1102 517 1140 Hieronymus
529 1104 600 1131 enim
613 1104 639 1131 in
651 1104 736 1132 libros
747 1112 866 1140 quatuor
878 1106 977 1133 distill-

190 1153 264 1176 ctum
293 1150 387 1176 docet:
408 1149 524 1177 Basilius
551 1158 617 1177 vero
642 1151 765 1186 quadam
797 1153 870 1180 illius
896 1153 978 1180 verba

191 1199 320 1230 tanquam
339 1202 371 1221 ea:
384 1195 498 1222 secunda
513 1195 547 1222 ad
560 1195 718 1230 Dionysium
730 1199 908 1232 cognominem
924 1200 978 1234 epi-

191 1240 259 1267 stola
271 1240 382 1275 profert.
398 1240 435 1268 Re
447 1245 538 1268 autem
555 1249 619 1269 vera
634 1246 661 1269 et
674 1243 701 1269 in
717 1243 802 1272 libros
819 1244 977 1272 distinctum

191 1294 251 1314 esse
265 1292 292 1314 et
306 1286 427 1322 epistolae
444 1294 543 1314 nomen
558 1287 584 1314 ei
601 1295 750 1322 congruere
774 1297 807 1317 ex
826 1290 979 1318 Athanasio

191 1337 299 1361 constat
324 1341 331 1365 ;
349 1333 395 1368 qui
413 1333 523 1368 quidem
536 1333 563 1360 in
582 1333 695 1368 epistola
718 1335 752 1363 de
766 1338 900 1364 sententia
915 1337 978 1364 Dio-

192 1381 262 1417 nysii
280 1389 355 1408 num.
374 1381 406 1408 l3
422 1381 488 1408 dicit
508 1390 514 1409 :
538 1381 683 1417 Dionysius
698 1389 777 1417 quam
803 1383 917 1417 primum
938 1383 979 1410 sui

192 1428 323 1463 purgandi
339 1429 427 1463 gratia
443 1428 524 1455 libros
535 1429 629 1461 edidit,
642 1437 706 1464 quos
726 1429 862 1464 inscripsit
876 1438 884 1456 :
900 1428 980 1457 Elcn-

192 1474 257 1502 chus
273 1479 299 1501 et
314 1474 463 1510 Apologia:
477 1479 504 1502 et
520 1483 596 1503 num.
614 1475 648 1502 H
662 1476 695 1503 de
712 1476 813 1510 scripto
828 1475 923 1503 eodem
941 1475 981 1502 sic

1025 227 1113 255 dentis
1134 226 1278 254 calumnia:
1291 225 1387 252 merito
1400 224 1489 259 arguit
1502 222 1675 251 Athanasius
1687 221 1805 250 Arianos,

1025 273 1097 308 quod
1115 279 1146 299 ea
1163 272 1238 299 velut
1256 270 1376 306 Dionysii
1391 270 1534 297 venditare
1559 276 1616 295 non
1637 266 1806 298 erubuerin',

1025 327 1085 355 qua
1096 319 1141 346 ille
1153 318 1241 353 palam
1260 321 1406 352 aperteque
1419 315 1553 351 rejecerit.

1060 365 1106 392 IV.
1129 364 1181 391 lsta
1199 363 1319 399 Dionysii
1343 362 1472 398 Apologia
1496 369 1530 388 eo
1556 359 1672 395 majoris
1691 364 1734 386 est
1757 367 1808 385 mo-

1025 411 1119 442 menti,
1133 411 1204 445 quod
1213 409 1354 445 spccimini
1366 409 1444 436 nobis
1458 408 1492 435 sit
1502 414 1600 434 eorum
1612 413 1676 440 qua:
1686 405 1807 432 lecissent

1024 457 1115 484 caeteri
1132 456 1227 483 Patres
1250 454 1360 483 Nicaeno
1375 454 1490 482 concilio
1508 453 1668 487 superiores
1681 471 1689 482 ,
1714 450 1807 485 quibus

1026 502 1155 530 nonnulla
1182 501 1343 529 exciderunt
1365 500 1472 527 Ariona:
1491 497 1623 537 inipielati
1640 497 1670 523 in
1697 495 1807 530 speciem

1025 553 1152 583 cognata,
1170 549 1191 575 si
1210 555 1256 574 eos
1279 546 1377 574 similis
1392 545 1539 572 necessitas
1557 543 1591 570 ad
1621 541 1807 577 explicandam

1026 594 1147 630 apertius
1164 597 1282 620 mentem
1306 599 1382 620 suam
1398 590 1582 625 compulisset.
1600 587 1667 615 Inde
1681 586 1756 614 enim
1773 585 1809 612 la-

1025 641 1076 667 cile
1087 639 1232 667 adducitur
1249 639 1364 674 quisque
1381 642 1409 664 ut
1424 636 1515 664 credat
1527 655 1534 667 ,
1550 633 1691 661 neminem
1718 640 1753 659 ex
1773 632 1808 658 eis

1026 687 1148 714 futurum
1163 687 1258 718 tuisse,
1281 686 1327 721 qui
1353 693 1406 712 non
1425 683 1537 718 perinde
1557 687 1639 716 atque
1654 681 1808 716 Dionysius,

1025 733 1148 760 eamdem
1170 732 1310 767 perﬁdiam
1337 731 1502 759 damnasset.
1518 728 1558 755 Ex
1573 728 1627 755 hoc
1642 735 1728 761 opere
1756 734 1808 760 qua:

1025 778 1213 810 exscribenda,
1240 786 1301 812 qua:
1316 775 1544 812 prattermittenda
1561 773 1676 801 duxerit
1693 772 1809 799 Athana-

1027 825 1095 857 sius,
1109 832 1185 851 num.
1204 823 1237 850 14
1249 823 1360 857 exponit
1373 822 1400 848 in
1418 822 1490 848 hunc
1504 819 1617 847 modum
1630 827 1637 843 :
1661 817 1749 844 Verba
1760 817 1809 851 ejus

1026 870 1235 907 quamplurima,
1259 868 1353 903 quibus
1369 876 1409 895 res
1432 869 1460 894 in
1484 866 1657 902 quastionem
1685 864 1810 890 add-ctu

1026 917 1160 952 expendit,
1173 920 1219 942 aut
1235 923 1268 942 ex
1284 915 1375 941 allatis
1393 913 1539 940 ratiociniis
1558 911 1662 952 colligit
1678 931 1685 943 ,
1705 915 1752 936 aut
1774 909 1811 936 in-

1028 969 1173 1000 terrogatos
1185 963 1350 990 adversarios
1363 961 1490 995 coarguit,
1504 959 1543 986 vel
1553 950 1745 984 obtrectatores
1756 951 1810 982 sies

1027 1012 1203 1043 criminatur,
1231 1009 1261 1036 ob
1283 1008 1413 1035 librorum
1435 1005 1618 1040 prolixitatem
1635 1003 1810 1031 omittens,ea

1028 1059 1113 1086 solum
1139 1063 1284 1092 proponam
1297 1075 1305 1087 ,
1323 1062 1381 1090 qua:
1396 1053 1430 1079 ad
1455 1051 1656 1078 criminationes
1677 1049 1811 1076 diluenda:

1027 1105 1178 1132 necessaria
1196 1102 1361 1130 videbuntur.
1376 1099 1404 1126 ln
1421 1099 1454 1126 iis
1471 1105 1535 1126 vero
1552 1104 1613 1132 qua:
1625 1096 1768 1126 exscribit,
1782 1095 1811 1122 li-

1028 1151 1139 1178 brorum
1154 1149 1277 1177 ordinem
1294 1148 1404 1175 minime
1421 1149 1521 1175 servat,
1536 1144 1584 1171 sed
1603 1147 1689 1178 prout
1704 1150 1748 1169 res
1762 1147 1811 1168 tr:-

1028 1201 1105 1223 ctattc
1121 1195 1303 1230 postulabant,
1318 1200 1390 1220 nunc
1404 1199 1487 1218 unum
1503 1195 1530 1217 et
1543 1191 1661 1217 alterum
1685 1188 1813 1223 fragmen-

1030 1248 1085 1270 tum
1103 1250 1135 1269 ex
1152 1242 1221 1269 libro
1234 1241 1323 1277 primo
1340 1239 1452 1275 profert,
1465 1242 1521 1265 tum
1540 1236 1614 1263 aliud
1636 1243 1672 1262 ex
1687 1234 1814 1264 secundo.

1030 1289 1145 1317 subinde
1158 1292 1297 1323 quartum,
1311 1294 1405 1313 rursus
1428 1292 1460 1311 ex
1476 1283 1564 1318 primo
1578 1301 1585 1313 ,
1609 1280 1655 1308 cui
1684 1279 1761 1307 aliud
1787 1287 1814 1305 ex

1031 1339 1129 1369 quarto
1153 1333 1285 1368 adjungit.
1302 1332 1337 1358 At
1363 1338 1424 1358 cum
1441 1328 1525 1356 nostri
1543 1326 1662 1355 instituti
1681 1326 1718 1353 sit
1733 1325 1815 1360 operis

1031 1380 1153 1414 ejusdem
1172 1378 1302 1413 reliquias
1317 1380 1444 1404 accurate
1459 1374 1588 1408 colligere
1601 1393 1610 1406 ,
1629 1371 1744 1406 singula
1768 1369 1815 1396 fra-

1034 1429 1142 1458 gmenta
1155 1432 1187 1450 eo
1201 1423 1297 1451 ordine
1309 1421 1437 1448 exhibere
1452 1419 1537 1447 satius
1562 1418 1653 1444 visum
1671 1420 1727 1448 est,
1744 1422 1815 1449 quem

1032 1474 1140 1497 sonant
1157 1469 1227 1496 inter
1240 1476 1269 1496 se
1284 1468 1356 1499 libri,
1369 1475 1401 1494 ex
1414 1466 1514 1501 quibus
1525 1464 1664 1498 descripta
1679 1466 1756 1490 sunt.
1773 1461 1814 1487 lle-

193 1520 315 1555 loquitur
329 1530 334 1547 :
352 1520 503 1556 Epistulam
517 1530 595 1549 suam
611 1521 721 1548 Elenclii
735 1525 760 1548 et
780 1521 918 1556 Apologiw
944 1521 980 1547 ti-
994 1525 1016 1555 ο
1033 1525 1107 1544 mum
1123 1516 1144 1544 si
1160 1520 1297 1551 gestorum
1313 1521 1374 1550 qua:
1388 1513 1437 1540 hoc
1460 1519 1529 1547 opus
1548 1513 1764 1545 praecesserunt,
1781 1515 1815 1534 se-

194 1566 249 1594 tulo
263 1568 407 1602 inscripsit.
423 1567 545 1602 Epistola
560 1568 642 1603 igitur
652 1571 711 1595 erat
726 1572 844 1602 quatuor
856 1568 882 1595 in
895 1568 980 1595 libros

193 1612 321 1640 distincta
333 1633 340 1645 ,
355 1613 477 1647 adeoque
491 1621 545 1640 una
568 1621 601 1641 ex
618 1613 652 1640 iis
671 1621 741 1648 quas
758 1612 904 1649 Dionysius
922 1621 937 1640 a
952 1621 981 1641 se

194 1657 284 1686 fusius
297 1663 325 1685 et
342 1659 483 1686 tractantis
493 1666 569 1686 more
583 1658 700 1686 dictatas
712 1658 981 1694 (διδασκαλικώτερον

195 1702 395 1738 ὑφηγούμενος)
412 1709 500 1731 vocat.
520 1703 579 1731 Non
595 1704 629 1731 ab
647 1712 680 1732 eo
697 1703 798 1737 statim,
813 1709 843 1731 ut
855 1704 889 1732 de
902 1711 982 1732 accu-

195 1745 303 1777 satione
324 1756 374 1776 sua
399 1749 582 1777 commonitus
598 1749 659 1783 fuit,
679 1750 763 1778 missa
779 1755 831 1778 est.
855 1749 922 1778 Nam
948 1759 982 1778 ne

195 1793 364 1821 accusationi
379 1793 474 1821 deesse
490 1794 638 1829 videretur,
651 1795 674 1823 si
695 1795 845 1823 rescribere
860 1795 983 1824 Romano

196 1839 307 1875 praesuli
324 1840 426 1868 diutius
443 1840 573 1874 dill‘erret,
593 1841 657 1869 huic
680 1841 824 1876 epistolam
840 1842 982 1877 pramisit,

196 1893 279 1921 quam
294 1886 365 1915 infra
379 1894 456 1914 num.
469 1886 485 1914 (ἲ
499 1887 589 1922 ipsum
603 1887 764 1923 Dionysium
776 1887 929 1915 Romanum
944 1888 984 1915 al-

197 1930 313 1965 loquens
333 1937 466 1960 memorat
485 1932 527 1960 bis
556 1934 663 1961 verbis:
694 1934 749 1960 Kal.
775 1934 817 1960 σοὶ
843 1933 876 1960 δι’
901 1933 984 1969 ἄλλης

198 1976 343 2013 ἐπιστολῆς
357 1977 473 2014 ἔγραψα.
491 1979 624 2012 Quocirca
639 1987 694 2007 non
710 1981 790 2007 modo
804 1980 924 2014 epistola,
937 1979 985 2007 sed

198 2027 227 2051 et
241 2024 353 2058 epistola
371 2025 486 2052 secunda
512 2026 546 2052 ad
563 2025 719 2060 Dionysium
736 2026 915 2060 cognominem
931 2033 984 2052 non

200 2069 272 2098 male
285 2077 300 2096 a
313 2069 414 2098 Basilio
431 2071 592 2106 appellatur.
606 2070 693 2098 Simul
707 2071 788 2099 etiam
803 2076 845 2099 est
856 2071 984 2099 Elenchus

199 2120 227 2143 et
245 2115 395 2151 Apologia»:
414 2116 549 2145 Elenchus
571 2118 681 2152 quidem
709 2118 930 2146 adversariorum
959 2124 987 2145 et

200 2167 390 2190 accusatorum
406 2162 540 2199 Dionysii,
555 2164 603 2198 qui
623 2163 651 2190 in
667 2164 720 2192 hoc
736 2172 817 2199 opere
832 2172 986 2199 coarguun—

1034 1563 1101 1590 riem
1132 1562 1328 1596 expendamus,
1344 1560 1377 1586 ad
1394 1564 1499 1593 tempus
1514 1557 1585 1584 circa
1609 1555 1686 1591 quod
1699 1555 1816 1582 elabora-

1035 1614 1092 1637 tum
1107 1613 1158 1640 est,
1175 1608 1292 1643 quodam
1317 1606 1396 1634 modo
1425 1605 1577 1641 pertingere
1591 1604 1699 1631 licebit.
1726 1601 1817 1636 Nempe

1035 1655 1138 1690 aliquot
1153 1654 1274 1691 Dionysii
1290 1651 1464 1681 Alexandrini
1490 1651 1625 1678 adversus
1653 1648 1818 1676 Sabellianus

1036 1701 1168 1737 epistolte,
1183 1699 1268 1735 Xysto
1291 1698 1417 1734 pontiﬁce
1433 1697 1546 1731 vulgata:
1559 1717 1567 1730 ,
1587 1695 1778 1723 accusationis
1793 1695 1818 1720 il-

1037 1749 1091 1775 lius
1106 1747 1279 1775 occasionem
1302 1745 1445 1773 dederunt.
1467 1743 1529 1770 itide
1556 1742 1678 1777 permoti
1706 1741 1819 1768 nonnulli

1035 1793 1179 1825 Catholici,
1191 1793 1250 1827 ipso
1265 1790 1448 1818 Alexandrino
1465 1789 1581 1823 praesule
1595 1788 1698 1820 inscio,
1715 1787 1819 1815 Romam

1036 1839 1214 1866 convolarunt
1228 1857 1235 1870 ,
1253 1842 1279 1865 et
1296 1844 1356 1872 qua:
1375 1836 1425 1863 sibi
1444 1835 1470 1864 iu
1489 1834 1548 1869 ejus
1572 1834 1690 1869 scriptis
1705 1834 1820 1868 displiee

1036 1885 1101 1913 bant
1124 1885 1156 1912 ad
1174 1884 1326 1912 Romanum
1350 1882 1504 1917 pontiﬁcem
1530 1880 1704 1908 detulerunt.
1733 1880 1821 1908 Statim

1036 1929 1180 1958 admonuit
1197 1928 1344 1964 Dionysius
1363 1927 1502 1954 Romanus
1523 1925 1688 1960 Dionysium
1715 1925 1820 1952 Alexan-

1036 1975 1157 2003 drinum.
1176 1974 1200 2002 Is
1217 1981 1281 2001 vero
1309 1973 1347 2000 illi
1361 1972 1519 2000 satisfacere
1547 1972 1671 2006 primum
1692 1970 1821 2001 brevibus,

1038 2029 1154 2056 moxque
1182 2019 1375 2056 prolixioribus
1409 2018 1506 2045 litteris
1536 2018 1770 2052 quamprimum,
1798 2022 1820 2042 tu

1039 2067 1202 2094 Athanasius
1216 2070 1301 2097 notat,
1319 2065 1433 2093 studuit.
1449 2064 1585 2097 Quocirca
1612 2063 1650 2090 nil
1667 2068 1743 2090 vetat
1766 2069 1819 2097 quo-

1038 2114 1130 2141 minus
1151 2113 1222 2140 hanc
1251 2111 1374 2147 Dionysii
1401 2110 1562 2145 Apologiam
1587 2108 1623 2136 ad
1649 2116 1757 2136 annum
1777 2107 1820 2134 253

1039 2162 1154 2188 attinere
1179 2166 1350 2187 censeamus.
1371 2157 1436 2184 Eam
1462 2164 1573 2191 quoque
1596 2155 1729 2183 eruditus
1752 2154 1814 2182 Tille

200 2211 246 2235 tur
263 2212 344 2243 atque
359 2197 703 2244 cotil'utanturpApologia
722 2197 787 2238 vero
811 2197 909 2244 ipsius
922 2209 986 2237 Dio-
1001 2197 1023 2224 υ
1040 2207 1160 2235 montius
1176 2206 1210 2233 ad
1235 2205 1299 2233 anni
1326 2204 1407 2239 hujus
1421 2203 1524 2230 exitum
1543 2202 1644 2231 referri
1662 2210 1746 2237 posse
1759 2199 1813 2228 arii-

202 2253 284 2288 nysii,
302 2254 350 2289 qui
368 2254 396 2282 in
410 2256 505 2283 eodem
519 2255 554 2283 de
568 2255 684 2290 objectis
697 2255 837 2283 erroribus
853 2263 913 2283 sese
925 2263 988 2290 pur-

238 2334 279 2404 ξπ)
293 2333 424 2368 Coutant,
442 2334 538 2375 βρίθει.
554 2334 630 2362 Rom.
651 2335 758 2370 poutif.,
773 2343 833 2370 pag.
845 2335 897 2361 277
911 2343 987 2370 seqq.

251 2371 277 2402 o)
290 2369 411 2404 Alliam,
431 2370 478 2397 lib.
495 2370 534 2396 De
553 2370 659 2404 synod.,
678 2378 706 2398 n.
723 2371 771 2402 Μ.
786 2371 863 2404 epist.
891 2370 923 2397 de
939 2371 987 2397 de-

251 2371 277 2402 o)
290 2369 411 2405 Athan”
431 2370 478 2397 lib.
495 2370 534 2396 De
553 2369 659 2405 synod.,
678 2378 706 2398 n.
723 2369 863 2404 4.l,'epist.
891 2370 923 2397 de
939 2369 987 2397 de-

202 2409 271 2434 cret.
287 2403 346 2432 Nic.
364 2413 438 2442 syn.,
452 2413 480 2432 n.
494 2405 540 2438 25,
556 2403 583 2434 et
596 2405 676 2441 epist.
694 2406 728 2433 de
745 2403 861 2433 sentem.
876 2405 986 2441 Dionys.

1041 2259 1139 2282 tratur.
1158 2263 1168 2279 ι
1187 2252 1219 2280 Ει
1235 2253 1293 2280 haec
1307 2251 1341 2279 de
1357 2250 1454 2286 Magno
1472 2249 1604 2284 DiOnysio
1620 2249 1705 2277 satis.

1078 2331 1116 2367 (p)
1132 2331 1226 2367 Βτιείίι.⁷
1240 2331 1288 2367 lib_.
1303 2330 1339 2367 De
1355 2329 1425 2367 Spir.
1439 2333 1537 2359 sanct..
1559 2335 1623 2367 cap.
1642 2327 1692 2355 ‘29.

1131 2363 1250 2400 Hierom,
1266 2365 1304 2392 De
1314 2366 1362 2392 vir.
1382 2363 1492 2396 illum,
1506 2371 1570 2399 cap.
1582 2363 1630 2391 69.
