1844 3047
19 118 74 146 E2t5

413 120 627 148 FRAGMENTA
647 121 692 148 EX
713 121 824 149 LlBRlS
844 121 887 150 DE
907 122 1202 152 PROMISSIONIBUS.

1543 130 1610 157 i‘llﬁ

19 178 26 204 5
45 175 203 210 ἑωράκαμεν
222 176 282 210 τοῖς
305 178 467 213 ὀφθαλμοῖς
490 178 582 213 ἡμῶν.
607 179 668 206 Ἐπὶ
693 179 779 216 ταύτῃ

863 181 956 208 ,ionem
980 180 1089 209 Petrum
1115 182 1245 211 Dominus
1266 184 1374 212 beatum
1397 186 1549 220 prmdicavit
1568 187 1610 215 his

19 224 56 258 (ἂρ
71 224 100 258 τῇ
117 223 282 258 ἀποκαλύψει
298 223 344 250 καὶ
357 224 371 249 ὁ
390 224 490 260 Κύριος
501 225 546 251 τὸν
561 226 661 261 Πέτρον
676 226 778 260 ἐμακά-

19 278 74 295 ιισεν
92 267 182 295 εἰπών·
200 269 348 303 Μακάριος
370 268 407 300 εἴ,
416 271 522 305 Σίμων,
544 273 605 306 ﬁin
627 273 715 304 Ἰωνᾶ,
735 273 778 300 ὅτι

19 315 76 349 νὰρξ
88 314 135 340 καὶ
149 311 218 349 αἷμα
232 316 286 342 οὐκ
303 316 480 351 ἀπεκάλυψιέ
496 326 554 350 σοι,
568 319 636 346 ἀλλ’
651 321 667 346 ό
679 319 778 354 Πατήρ

19 370 57 387 mu
70 363 84 387 ὀ
98 360 243 394 οὐράνιος.
264 361 331 387 Ἀλλ’
350 362 410 388 οὐδὲ
426 364 454 389 ἐν
468 365 499 399 τῇ
514 364 627 400 δευτέρᾳ
640 366 777 401 φερομένῃ

19 407 121 433 Ῐωάννου
139 406 184 433 καὶ
203 408 292 443 τρίτῃ,
309 407 355 434 καί
377 417 417 435 τοι
437 409 577 444 βραχείαις
594 410 685 442 οὔσαις
705 411 778 437 Ἐπι-

19 453 110 484 πολαῖς,
128 454 142 479 ὁ
159 453 282 489 Ἰωάννης
303 454 432 489 ὀνομαστὶ
456 455 610 491 πρόκειται·
628 456 694 483 ἀλλὰ
710 457 778 484 ἀνω-

19 498 87 533 ιῦμως
106 499 120 525 ὀ
135 499 337 534 πρεσσύτερος
349 500 512 535 γέγραπται.
534 499 616 534 Οὗτος
628 502 655 529 δέ
671 511 701 537 γε
718 503 776 529 οὐδὲ

19 544 128 579 ιῠταρκες
139 545 261 582 ἐνόμισεν
277 545 349 578 ἂπαξ
361 546 454 573 ἑαυτὸν
467 547 611 582 ὀνομάσας,
627 547 777 583 διηγεῖσθαι

22 590 35 616 ἁ
50 590 122 626 ἑξῆς·
144 590 211 617 ἀλλα
226 591 304 618 ταὰλιν
326 592 526 628 ἀναλαμϐάνειν
553 593 622 628 Ἐγὼ
641 594 777 629 Ἰωάννης

19 637 154 672 ἶάδελρὲς
167 638 259 672 ὑμῶν,
278 639 325 665 καὶ
342 639 543 674 συγκοινωνὸς
563 640 598 666 ἐν
620 639 656 674 τῇ
677 641 777 674 θλίψει

19 684 46 710 :al
59 684 200 718 βασιλείᾳ
221 685 271 711 καὶ
286 685 320 711 ἐν
339 684 477 720 ὑπομονῇ
504 684 610 719 Ἰησοῦ,
632 685 778 720 ἐγενόμην

19 738 34 755 ν
45 729 78 764 τῇ
91 730 176 765 νήσῳ
188 730 225 765 τῇ
238 731 408 766 καλουμένῃ
423 731 538 766 Πάτμῳ,
553 731 601 759 διὰ
619 732 671 758 τὸν
685 732 777 768 λόγον

19 775 49 802 οῦ
64 776 133 803 Θεοῦ
157 777 205 804 καὶ
223 777 281 811 τὴν
297 778 463 812 μαρτυρίαν
488 778 600 812 “Ιησοῦ’
618 778 665 805 καὶ
681 778 713 814 δὴ
731 779 777 805 καὶ

19 822 61 856 τρδς
73 822 109 858 τῷ
123 823 194 850 τέλει
212 823 296 850 ταῦτα
313 822 371 850 εἷπε
382 833 388 839 ·
402 823 553 858 Μακάριος
567 826 584 852 ὁ
597 824 694 858 τηρῶν
706 824 776 857 τοὺς

21 870 100 903 ἄγους
112 869 168 904 τῆς
181 870 363 904 προφητείας
372 870 424 896 τοῦ
436 871 556 902 βιϐλίου
564 871 670 898 τούτου
681 880 687 886 ε
697 870 777 905 κάγὼ

19 915 133 949 ludi-r119
146 917 162 942 ό
181 916 307 948 βλέπων
327 916 375 943 καὶ
391 916 508 943 ἀκούων
529 917 631 944 ταῦτα.
648 917 709 943 ’Ὁτι
727 916 776 952 μὲν

19 959 40 986 5v
58 960 179 998 Ἰωάννης
202 962 276 989 ἐστὶν
298 963 311 989 6
330 963 414 990 ταῦτα
434 963 556 999 γράφων,
578 963 652 998 αὐτῷ
673 963 776 998 λέγοντι

21 1008 163 1035 ιστευτέον.

31 1054 63 1081 Ε’.
78 1054 156 1086 Ποῖος
176 1055 204 1081 δὲ
222 1051 309 1087 οὗτος,
325 1055 430 1090 ἄδηλον.
451 1056 488 1083 Οὐ
510 1055 565 1092 γὰρ
583 1047 659 1082 εἶπεν
680 1056 775 1083 ἑαυτὸν

19 1108 31 1130 ς
43 1100 69 1127 ἐν
84 1100 121 1135 τῷ
137 1101 295 1136 Εὑαγγελίῳ
310 1101 454 1137 πολλαχοῦ,
467 1102 513 1129 τὸν
527 1102 706 1138 ἠγαπημένον
723 1102 775 1128 ὑπὸ

19 1142 42 1172 ᾖ
58 1147 158 1182 Κυρίου
181 1147 320 1183 μαθητήν’
339 1147 398 1174 οὐδὲ
419 1149 464 1175 τὸν
482 1148 652 1176 ἀναπεσόντα
675 1149 720 1175 ἐπὶ
745 1149 775 1176 τὸ

19 1192 88 1227 τῆθος
106 1192 189 1219 αὐτοῦ
199 1201 206 1208 ·
224 1193 284 1220 οὐδὲ
298 1193 344 1220 τὸν
362 1193 473 1228 ἀδελφὸν
495 1193 638 1220 Ἰακώὸουο
653 1194 713 1220 οὐδὲ
729 1194 774 1221 τὸν

19 1237 124 1273 ὒτόπτην
147 1239 194 1265 καὶ
209 1239 341 1274 αὺτήκοον
354 1239 399 1266 τοῦ
420 1239 521 1275 Κυρίου
536 1240 690 1275 γενόμενον.
707 1237 773 1266 Eii-:5

19 1282 44 1318 ip
58 1283 88 1310 ἄν
101 1291 127 1309 τι
142 1283 244 1311 τούτων
258 1284 311 1311 τῶν
333 1285 589 1320 προδεδηλωμένων,
605 1285 699 1320 σαφῶς
715 1287 775 1312 ἑαυ-

19 1338 35 1354 ιν
51 1329 195 1364 ἐμφανίσαι
210 1330 380 1366 βουλόμενος.
401 1330 480 1358 Ἀλλὰ
496 1330 598 1357 τούτων
615 1331 664 1366 μὲν
678 1330 754 1358 οὐδέν
765 1338 772 1346 ι

19 1373 98 1408 idem
112 1375 141 1401 δὲ
153 1375 233 1410 ἡμῶν
250 1376 297 1402 καὶ
316 1377 494 1410 συγκοινωνὸν
510 1374 570 1402 εἶπε
587 1377 634 1403 καὶ
649 1377 774 1412 μάρτυρα

20 1420 88 1454 ησοῦ,
103 1421 152 1448 καὶ
168 1421 302 1458 μακάριον
317 1423 363 1449 ἐπὶ
377 1424 409 1458 τῇ
425 1423 473 1458 es;
487 1423 532 1449 καὶ
547 1423 614 1458 ἀκοῇ
634 1423 688 1450 τῶν
705 1424 773 1450 ἁπο-

19 1465 137 1502 autem
154 1468 272 1500 Πολλοὺς
294 1469 321 1495 δὲ
337 1468 499 1504 ὁμωνύμους
523 1469 632 1504 Ἰωάννῃ
648 1468 687 1504 τῷ
707 1469 774 1496 ἀπο-

19 1512 71 1549 :diup
95 1514 198 1550 νομίζω
222 1515 361 1550 γεγονέναι
374 1524 380 1530 ·
404 1515 428 1541 οἳ
448 1515 490 1541 διὰ
511 1515 559 1551 τὴν
580 1515 648 1551 πρὸς
672 1516 773 1543 ἐκεῖνον

20 1559 104 1594 ίάπην,
122 1560 170 1586 καὶ
187 1560 217 1587 τὸ
238 1560 387 1596 θαυμάζειν
400 1562 447 1588 καὶ
467 1560 575 1596 ζηλοῦν,
596 1561 772 1597 ἀγαπηθῆναι

31 1605 130 1639 ὁμοίως
144 1605 219 1642 αὑτῴ
240 1606 381 1642 βούλεσθαι
396 1607 448 1634 ὑπὸ
464 1607 510 1634 τοῦ
526 1607 639 1643 Κυρίου,
654 1607 702 1634 καὶ
722 1607 772 1643 τὴν

20 1653 142 1687 τωνυμίαν
153 1653 202 1688 τὴν
217 1653 300 1689 αὐτὴν
314 1654 487 1689 ἠσπάσαντο·
501 1654 595 1690 ὥσπερ
609 1654 656 1680 καὶ⁴
672 1655 686 1681 6
698 1654 772 1680 Παῦ-

20 1706 33 1729 ;
49 1698 141 1731 πολὺς,
159 1700 207 1726 καὶ
221 1700 253 1735 δὴ
272 1701 319 1727 καὶ
341 1701 354 1727 ὁ
369 1700 471 1736 Πέτρος
487 1702 515 1727 ὲν
529 1702 584 1733 τοῖς
603 1701 656 1727 τῶν
670 1700 773 1728 πιστῶν

20 1744 79 1772 τισὶν
98 1745 263 1780 ὀνομάζεται
283 1746 349 1781 (21).
374 1747 452 1773 Ἐστι
478 1747 526 1782 μὲν
547 1745 594 1774 οὖν
613 1747 660 1774 καὶ
680 1747 773 1782 ἔτερος

20 1790 113 1827 υάννης
128 1793 158 1818 ὲν
175 1793 235 1824 ταῖς
257 1792 376 1827 Πράξεσι
390 1792 443 1819 τῶν
456 1791 612 1819 ἀποστόλων
627 1793 641 1818 ὁ
660 1791 773 1828 ἐπικλη-

20 1835 43 1867 l;
58 1837 171 1873 Μάρκος
181 1845 187 1852 ·
202 1837 231 1864 ὃν
249 1837 392 1873 Βαρνάϐας
406 1838 453 1864 καὶ
466 1837 571 1870 Παῦλος
586 1838 691 1869 ἑαυτοῖς
705 1846 773 1873 συμπ-

20 1883 149 1917 ιρέλαϐον,
165 1884 230 1919 περὶ
248 1881 278 1910 οὗ
301 1885 348 1911 καὶ
362 1884 442 1913 πάλιν
456 1885 546 1919 λέγει’
562 1882 655 1919 Εἶχον
673 1884 707 1911 δὲ
722 1885 771 1912 καὶ

20 1927 129 1963 υάννην
151 1929 315 1963 ὑπηρέτην.
340 1930 371 1956 Εἰ
394 1930 422 1956 δὲ
440 1926 515 1961 οὗτος
531 1930 545 1956 6
563 1929 670 1966 γράψας
687 1929 771 1962 ἐστὶν,

21 1982 34 2000 κ
48 1974 79 2001 ἂν
96 1976 181 2010 φαίην
193 1984 199 1990 ·
219 1975 278 2002 οὐδὲ
297 1976 351 2012 γὰρ
365 1976 476 2012 ἀφῖχθαι
496 1977 544 2004 σὺν
559 1977 650 2008 αὐτοῖς
670 1977 710 2007 εἰς
722 1975 772 2012 τὴν

24 2020 80 2047 σίαν
97 2021 269 2057 γέγραπται·
295 2022 382 2049 Ἀλλὰ
400 2022 580 2057 ἀναχθέντες
597 2022 665 2057 μὲν,
679 2023 770 2058 φησὶν,

21 2065 42 2091 rd
56 2066 111 2100 τῆς
132 2066 239 2102 Πάφου
252 2069 279 2095 οἱ
298 2068 365 2102 περὶ
378 2068 511 2100 Παῦλον,
526 2067 620 2104 ἦλθον
634 2069 677 2101 εὶς
697 2068 771 2102 Πέρ-

21 2120 41 2136 ν
61 2112 116 2147 τῆς
139 2114 334 2148 Παμφυλίας·
360 2113 499 2148 Ἰωάννης
518 2114 552 2141 δὲ
572 2114 772 2149 ἀποχωρήσας

21 2158 34 2183 t'
52 2159 164 2192 αὐτῶν,
185 2160 377 2194 ὑπέστρεψεν
392 2162 436 2194 εἰς
453 2161 652 2196 Ἰεροσόλυμα.
676 2160 771 2186 Ἀλλον

830 225 917 253 verbis
941 235 947 252 :
964 226 1059 253 Beatus
1078 235 1115 260 es,
1134 227 1236 260 Simon,
1252 228 1292 263 ﬁli
1309 228 1401 261 Jonce,
1426 231 1489 265 quia
1507 239 1568 258 caro
1585 237 1611 260 et

828 272 934 306 sanguis
959 279 1009 298 non
1028 273 1148 300 revelavit
1173 273 1231 306 tibi,
1255 275 1298 301 sed
1326 275 1405 302 Pater
1428 284 1498 303 meus
1520 278 1564 312 qui
1583 279 1611 305 in

828 317 900 345 cmlis
916 322 954 344 est
974 319 996 345 ’⁵.
1019 318 1071 346 Sed
1095 327 1182 354 neque
1198 320 1224 346 in
1249 322 1365 348 secunda
1389 330 1420 349 ac
1447 324 1534 356 tertia,
1551 332 1611 358 qua

827 362 923 390 Joanni
937 365 1016 399 vulgo
1028 365 1208 398 ascribuntur,
1221 366 1359 402 Epistolis,
1375 369 1498 403 quamvis
1510 370 1612 398 brevis.

828 409 916 440 simis,
933 409 1049 437 Joannis
1067 411 1226 438 vocabulum
1249 417 1352 447 prostat
1368 435 1374 440 .
1398 422 1491 441 verum
1509 416 1612 450 absque

829 454 884 482 ullo
896 456 1004 483 nomine
1024 455 1117 483 Senior
1131 457 1298 485 inscribitur.
1310 458 1384 486 Alter
1398 464 1487 487 autem
1501 461 1544 487 ille
1557 469 1610 487 non

827 501 894 528 satis
922 501 1016 528 habuit
1035 503 1144 529 nomine
1168 511 1218 530 suo
1234 505 1316 531 semel
1338 505 1409 532 edito
1429 506 1611 534 narrationem

827 545 954 580 deinceps
979 547 1124 582 prosequi;
1145 548 1190 575 sed
1209 548 1305 576 iterum
1324 550 1419 584 repetit
1435 560 1441 577 :
1458 550 1512 586 Ego
1528 551 1613 578 Joan.

828 599 882 622 nes,
904 591 988 624 frater
1006 596 1030 618 et
1052 600 1156 620 consors
1181 597 1263 620 vester
1285 595 1312 620 in
1333 595 1501 623 tribulatione
1522 601 1546 623 et
1570 605 1612 623 re-

827 645 876 672 gno
887 642 912 664 et
932 637 959 664 in
974 638 1102 671 patientia
1124 639 1197 671 Jesu,
1225 641 1263 675 fui
1279 641 1307 667 in
1323 641 1410 668 insula
1430 650 1487 676 quae
1501 642 1610 670 Patmos

827 687 943 715 vocatur,
956 687 1062 718 propter
1082 684 1186 711 verbum
1212 685 1258 712 Dei
1278 691 1302 712 et
1321 686 1497 713 testimonium
1512 686 1575 714 Iesu
1588 689 1609 715 '.

827 727 860 754 Et
878 728 929 755 sub
949 728 1029 756 ﬁnem
1047 728 1109 756 libri
1126 737 1223 757 rursus
1247 731 1304 758 haec
1327 732 1401 759 addit
1423 742 1429 759 :
1449 733 1546 760 Beatus
1566 735 1611 768 qui

827 779 911 802 servat
924 775 999 802 verba
1015 775 1156 809 prophetia
1170 775 1231 802 libri
1247 776 1323 810 hujus
1335 785 1344 809 ;
1365 782 1389 804 et
1412 786 1457 812 ego
1476 777 1591 805 Joannes
1601 799 1611 812 ,

828 821 873 855 qui
894 821 948 848 [nec
970 821 1022 848 ridi
1041 825 1066 848 et
1091 821 1212 849 audivi’.
1231 821 1361 850 Joannem
1384 823 1465 858 igitur
1490 831 1548 851 esse
1563 831 1612 850 an.

793 856 813 882 Β
827 871 930 894 ctorem
957 867 1038 902 hujus
1061 866 1140 900 libri,
1160 867 1212 902 ipsi
1235 868 1261 896 id
1283 856 1426 896 allirmanti
1450 869 1611 897 credendum

826 915 877 938 εει.

861 1048 893 1077 ν.
916 1049 969 1077 Sed
995 1049 1121 1085 quisnam
1146 1051 1190 1079 ille
1207 1051 1289 1079 fuerit
1303 1051 1440 1087 Joannes,
1467 1054 1610 1082 incertum.

825 1097 918 1133 Neque
942 1097 1014 1124 enim
1031 1105 1060 1126 se
1073 1098 1162 1133 ipsum
1176 1106 1236 1126 esse
1248 1099 1325 1133 dixit,
1341 1101 1412 1128 sicut
1425 1101 1450 1128 in
1467 1101 1612 1137 Evangelia

826 1143 925 1178 saepius
938 1143 1049 1177 dicitur,
1065 1144 1229 1180 discipulum
1253 1146 1328 1173 illum
1344 1154 1425 1181 quem
1449 1146 1543 1174 dilexit
1555 1147 1611 1174 Do-

825 1191 934 1224 minus;
952 1195 999 1217 aut
1015 1190 1090 1217 illum
1124 1191 1171 1226 qui
1185 1199 1266 1227 supra
1287 1197 1380 1227 pectus
1403 1192 1510 1220 Domini
1534 1201 1612 1221 recu-

824 1235 901 1266 buit;
924 1241 971 1263 aut
987 1235 1098 1263 fratrem
1117 1235 1227 1270 Jacobi;
1251 1241 1297 1264 aut
1320 1237 1396 1265 illum
1416 1238 1532 1273 denique
1564 1240 1611 1274 qui

824 1282 970 1309 Dominum
992 1283 1058 1310 vidit
1073 1287 1155 1318 atque
1169 1283 1281 1311 audivit.
1305 1284 1414 1319 Aliquid
1427 1285 1498 1312 enim
1515 1285 1612 1312 horum

824 1335 886 1362 qua:
898 1332 1048 1355 memorata
1061 1332 1124 1355 sunt
1140 1332 1213 1356 certe
1225 1328 1347 1362 dixisset,
1373 1329 1396 1356 si
1417 1337 1446 1357 se
1467 1330 1557 1364 ipsum
1578 1330 1612 1356 li-

824 1372 907 1408 quido
921 1373 1053 1402 voluisset
1066 1374 1218 1402 ostendere.
1233 1373 1286 1401 Sed
1301 1374 1398 1402 horum
1414 1375 1521 1410 quidem
1545 1375 1613 1402 nihil

823 1419 916 1454 posuit
934 1427 942 1446 :
959 1419 1070 1447 fratrem
1091 1427 1157 1447 vero
1179 1419 1327 1453 duntaxat,
1348 1425 1374 1448 et
1393 1425 1547 1448 consortem
1563 1429 1613 1448 nov

825 1470 911 1496 strum
926 1473 986 1493 sese
1004 1465 1162 1500 appellavit,
1181 1470 1207 1493 et
1225 1470 1319 1494 testem
1335 1465 1417 1500 Jesu;
1439 1467 1546 1494 beatum
1564 1467 1612 1494 de-

824 1511 908 1547 nique
927 1511 963 1539 ob
983 1511 1070 1539 visam
1096 1516 1177 1548 atque
1196 1513 1316 1540 auditam
1341 1513 1542 1540 revelationem.
1572 1513 1612 1541 Ac

824 1558 958 1593 plurimos
969 1558 1078 1593 quidem
1095 1557 1178 1586 fuisse
1197 1560 1294 1594 opinor
1311 1558 1408 1586 Joanni
1429 1560 1551 1594 apostolo
1566 1567 1612 1586 co-

824 1605 967 1640 gnomiues
997 1613 1004 1632 :
1033 1605 1080 1640 qui
1110 1609 1219 1640 propter
1252 1605 1418 1641 singularem
1445 1612 1508 1640 erga
1534 1605 1610 1632 illum

823 1651 1047 1685 benevolentiam,
1059 1655 1085 1678 et
1096 1651 1167 1686 quod
1186 1652 1321 1679 hominem
1335 1651 1499 1678 mirarentur
1517 1658 1548 1677 ac
1564 1658 1612 1677 sn-

823 1697 970 1732 spicerent,
987 1701 1014 1725 et
1026 1698 1140 1732 perinde
1153 1705 1191 1732 ac,
1207 1697 1252 1725 ille
1268 1705 1282 1724 a
1302 1697 1416 1725 Domino
1431 1697 1505 1732 diligi
1524 1696 1611 1724 ambi-

823 1748 894 1776 rent,
917 1745 969 1772 hoc
984 1748 1192 1779 cognomentum
1209 1743 1413 1776 adamaverint;
1434 1743 1614 1779 quemadmo-

823 1789 887 1817 dum
900 1797 933 1817 ex
950 1789 1068 1816 ﬁdelium
1079 1789 1172 1817 liberis
1186 1790 1287 1817 multos
1302 1789 1379 1817 Pauli
1388 1789 1513 1824 Patrique
1527 1789 1614 1816 nomi-

823 1836 905 1864 nibus
916 1836 1065 1871 appellatos
1075 1835 1206 1863 videmus.
1219 1835 1268 1862 Est
1278 1836 1358 1862 etiam
1371 1835 1439 1862 alius
1453 1834 1571 1862 Joannes
1583 1835 1612 1862 in

822 1880 934 1908 Actibus
945 1880 1130 1915 apostolorum
1140 1885 1319 1916 cognomento
1327 1881 1444 1912 Marcus,
1457 1888 1537 1915 quem
1547 1880 1612 1907 Bar-

823 1927 909 1955 nabas
925 1931 952 1955 et
971 1927 1072 1954 Paulus
1084 1926 1210 1954 comitem
1225 1927 1276 1954 sibi
1297 1927 1490 1962 adjunxcrunt.
1508 1926 1544 1954 De
1556 1934 1611 1961 quo

822 1972 903 2000 etiam
915 1980 1012 2000 rursus
1025 1973 1124 2000 dicitur
1142 1981 1148 1999 :
1163 1971 1300 1999 Habebunt
1313 1977 1401 1999 autem
1417 1971 1546 1999 Joannem
1562 1973 1613 1998 mi—

823 2019 962 2046 nistrum'.
977 2019 1018 2045 An
1035 2019 1078 2046 hic
1089 2019 1125 2046 sit
1135 2018 1182 2053 qui
1199 2017 1400 2046 Revelalionem
1412 2019 1530 2054 scripsit,
1545 2018 1611 2045 mihi

823 2072 878 2091 non
892 2064 985 2099 liquet.
1000 2063 1094 2099 Neque
1105 2065 1177 2091 enim
1195 2072 1249 2092 una
1263 2072 1325 2092 cum
1344 2064 1396 2091 illis
1409 2065 1435 2090 in
1453 2064 1545 2091 Asiam
1564 2071 1612 2090 ve-

823 2111 897 2138 rtisse
915 2110 1074 2145 perhibetur
1099 2120 1106 2137 :
1130 2110 1181 2138 Sed
1201 2119 1260 2137 cum
1291 2110 1444 2143 solvissent,
1464 2110 1566 2144 inquit,
1594 2117 1612 2136 α

823 2157 924 2192 Papho,
939 2155 1039 2183 Paulus
1064 2157 1168 2191 quidem
1183 2157 1284 2192 Pergen
1304 2155 1467 2191 Pamphyliw
1479 2156 1611 2191 profectus

27 2212 86 2231 τινα
107 2203 186 2241 οἶμαι
200 2205 253 2232 τῶν
269 2206 298 2232 ὲν
315 2205 392 2242 Ἀσίᾳ
405 2207 567 2242 γενομένων·
587 2207 647 2233 ἐπεὶ
663 2206 710 2232 καὶ
726 2206 771 2232 δύο

872 2211 882 2235 ;
911 2203 1026 2231 Joannes
1050 2211 1108 2230 vero
1130 2203 1264 2230 discedens
1287 2202 1318 2229 ab
1341 2202 1412 2235 illis,
1441 2210 1554 2229 reversus
1571 2207 1610 2229 est

23 2250 63 2276 σὶν
86 2252 116 2278 ὲν
141 2251 245 2288 Ἐφέσῳ
264 2252 390 2287 γενέσθαι
418 2254 556 2288 μνήματα,
573 2253 621 2280 καὶ
645 2252 772 2288 ἑκάτερον

21 2295 112 2323 υάννου
128 2296 266 2331 λέγεσθαι.

22 2431 61 2463 εἶ’.
84 2431 142 2458 Καὶ
157 2432 212 2459 ἀπὸ
228 2432 282 2460 τῶν
296 2433 439 2469 νοημάτων
455 2433 483 2460 δὲ
505 2434 552 2460 καὶ
566 2433 621 2460 τῶν
645 2434 774 2470 ῥημάτων

22 2499 32 2514 ³
45 2498 144 2527 Matth.
161 2506 219 2533 xvi,
238 2498 280 2526 l7.
319 2500 330 2515 ⁸
345 2499 428 2535 Apoc.
445 2508 464 2532 ι,
477 2499 504 2527 9.

22 2566 75 2601 [21)
98 2567 148 2594 Ἐν
169 2567 232 2600 τοῖς
249 2566 308 2602 τῷν
328 2567 443 2594 πιστῶν
465 2567 571 2594 παισὶν
595 2567 772 2602 ὀνομάζεται,

23 2603 128 2630 tandus
143 2607 186 2630 est
207 2603 252 2630 hic
270 2601 391 2638 Dionysii
413 2602 490 2638 locus
506 2603 540 2638 de
563 2603 673 2637 antiqua
696 2603 776 2630 Chri-

22 2645 137 2664 anorum
149 2636 358 2670 consuetudine,
372 2638 418 2672 qui
434 2637 505 2664 Petri
523 2636 654 2672 Paulique
665 2642 692 2664 et
706 2637 774 2665 alio-

22 2680 42 2699 LII
61 2677 222 2700 sanctorum
241 2673 368 2705 nomina,
390 2672 483 2700 liberis
506 2673 563 2699 suis
589 2673 773 2707 imponebant.

22 2715 38 2734 η
57 2707 176 2734 honoris
190 2715 222 2734 ac
244 2707 436 2734 benevolentiae
455 2715 549 2740 causa,
572 2712 627 2735 tum
646 2712 676 2734 ut
697 2707 773 2735 liberi

40 2741 97 2769 Deo
115 2742 192 2769 chari
211 2743 368 2777 acceptique
391 2748 491 2774 eSsent,
513 2751 566 2769 non
586 2743 677 2770 utilius
690 2751 771 2777 quam

25 2777 69 2803 icti
91 2777 131 2804 illi
147 2776 265 2804 fuerant.
279 2776 347 2805 llinc
359 2782 400 2805 est
410 2797 417 2809 ,
433 2778 505 2812 quod
519 2776 730 2812 Chrysostomus
745 2778 772 2805 in

23 2820 56 2837 no
71 2812 175 2847 primo,
194 2812 220 2838 in
237 2812 359 2839 oratione
375 2813 408 2840 de
428 2817 522 2839 sancto
543 2812 660 2845 Meletio,
679 2813 773 2840 Antio-

23 2855 85 2874 :nos
103 2852 180 2874 tanta
193 2847 378 2875 benevolentia
392 2847 527 2875 Melctinm
543 2849 698 2883 complexos
714 2856 774 2876 esse

827 2249 1037 2285 Hierosolymam
1052 2251 1073 2277 ⁹.
1095 2250 1183 2276 Alium
1207 2250 1289 2285 igitur
1306 2257 1367 2277 esse
1390 2256 1488 2277 censeo
1505 2257 1610 2277 :unnm

826 2297 930 2324 scilicet
945 2305 1040 2324 eorum
1058 2296 1106 2331 qui
1130 2296 1158 2322 in
1173 2296 1238 2323 Asia
1254 2296 1351 2323 versati
1370 2302 1441 2324 sunt.
1459 2295 1518 2323 Duo
1537 2296 1610 2323 enim

826 2343 896 2377 apud
915 2342 1050 2377 Ephesum
1068 2343 1191 2378 sepulcra
1215 2342 1300 2370 fuisse
1323 2342 1467 2370 traduntur
1482 2352 1489 2370 :
1505 2347 1611 2369 utrum-

826 2396 879 2423 que
891 2386 1005 2416 Joannis
1026 2388 1136 2416 nomine
1149 2388 1318 2424 insignitum.

866 2433 908 2461 Vl.
929 2433 968 2461 Ex
985 2435 1127 2462 sententiis
1139 2442 1248 2470 quoque
1267 2439 1295 2462 et
1309 2441 1343 2461 ex
1358 2434 1447 2462 verbis
1461 2441 1610 2470 eorumque

555 2499 565 2514 ⁷
581 2499 666 2535 Apoc.
683 2507 750 2533 xxu,
767 2499 793 2533 7,
805 2499 832 2527 8.
871 2499 883 2515 ⁸
896 2499 958 2528 Act.
979 2507 1047 2534 xui,
1061 2501 1088 2528 5.
1126 2501 1137 2516 ’
1150 2500 1216 2528 Ibid.
1231 2500 1275 2527 15.

825 2567 930 2600 scribit,
946 2571 976 2594 ut
994 2572 1119 2604 parentes
1134 2568 1227 2595 liberis
1245 2568 1303 2596 suis
1319 2575 1416 2595 nomen
1432 2567 1508 2596 illius
1522 2569 1610 2604 impo-

827 2607 1006 2638 nerent,rquo
1023 2602 1141 2638 domum
1161 2611 1239 2631 suam
1261 2604 1320 2638 ejus
1337 2603 1478 2638 praesentia
1492 2602 1608 2632 exorira~

826 2641 896 2665 rent.
919 2637 991 2664 Idem
1017 2636 1229 2672 Chrysostomus
1250 2636 1360 2666 homilia
1378 2638 1410 2664 21
1433 2640 1459 2665 in
1481 2639 1608 2670 Genesin,

826 2671 966 2699 auditores
984 2679 1050 2707 suos
1074 2671 1215 2705 hortatur,
1243 2678 1272 2700 ut
1291 2682 1345 2701 non
1373 2673 1475 2707 quaevis
1498 2675 1608 2702 noman

826 2711 926 2744 temere
942 2714 974 2734 ac
987 2706 1111 2744 fortuito,
1130 2716 1179 2744 nec
1196 2715 1308 2735 avorum
1326 2706 1551 2744 aut’proavorum
1562 2715 1610 2736 aut

826 2741 972 2778 illustrium
982 2741 1117 2778 virorum,
1133 2743 1179 2770 sed
1196 2749 1351 2771 sanctorum
1363 2741 1452 2778 potius
1467 2744 1608 2772 hominum

826 2777 872 2811 qui
896 2776 1042 2814 virtutibus
1065 2777 1244 2809 refulserunt,
1269 2776 1371 2814 liberis
1384 2779 1442 2806 suis
1469 2779 1609 2814 imponant

826 2812 1030 2875 apppllatignes,
1046 2818 1075 2839 ut
1089 2820 1183 2841 eorum
1196 2813 1319 2848 exemplo
1330 2814 1364 2842 ad
1379 2812 1609 2844 virtutem-incen-

844 2855 878 2874 an
893 2855 934 2875 ur.
977 2855 1051 2875 itas.

844 2851 934 2875 antur.
957 2851 1004 2875 νΑι
1011 2855 1051 2875 ES.
