1844 3047
29 118 86 146 1249

483 114 694 145 FRAGMENTA
712 116 757 144 EX
775 117 886 145 LIBRIS
901 118 944 145 DE
965 117 1118 146 NATUltA.

1554 123 1622 150 1230

55 179 86 205 Z'.
105 177 161 203 Ἔτι
173 176 201 203 δὲ
219 176 265 203 καὶ
293 177 341 212 τῆς
359 176 484 211 φράσεως
500 177 548 212 τὴν
571 177 703 213 διαφορὰν
732 177 789 204 ἐστι
805 182 827 210 Α

878 178 932 206 \‘ll.
959 179 1091 206 Praeterea
1113 186 1145 205 ex
1171 178 1289 205 dictione
1315 178 1371 214 ipsa
1396 179 1493 215 conjici
1522 186 1621 215 potest,

24 222 197 259 τεκμήρασθαι
223 221 269 248 τοῦ
287 221 452 255 Εὑαγγελίου
477 222 525 249 καὶ
551 223 599 257 τῆς
635 222 792 257 Ἐπιστολῆς

26 270 84 306 πρὸς
98 269 144 304 τὴν
166 268 357 303 Ἀποκάλυψιν.
368 267 409 294 Τὰ
423 268 470 303 μὲν
487 268 541 304 γὰρ
556 269 585 295 οὐ
601 268 680 304 μόνον
694 269 793 295 ἀπταί-

25 324 85 347 στως
99 314 167 342 κατὰ
177 314 225 350 τὴν
244 314 374 350 Ἐλλήνων
388 314 488 349 φωνὴν,
505 314 572 341 ἀλλὰ
583 315 630 341 καὶ
643 314 792 349 λογιώτατα

24 363 73 394 ταῖς
86 360 180 394 λέξεσι,
205 361 260 392 τοῖς
291 360 485 396 συλλογισμοῖς,
506 362 566 392 ταῖς
589 361 730 394 συντάξεσι
743 361 792 396 τῆς

23 407 156 442 ἑρμηνείας
181 405 343 442 γέγραπται·
362 405 458 432 πολλοῦ
471 414 502 440 γε
525 405 564 432 δεῖ
578 405 714 442 βάρϐαρόν
732 414 793 432 τινα

24 453 137 487 φοὸγγον,
150 452 166 487 ἢ
182 452 360 487 σολοικισμὸν,
377 452 394 487 ἢ
406 451 473 483 ὅλως
491 451 642 487 ίδιωτισμὸν
659 453 688 478 ὲν
702 453 792 483 αὐτοῖς

24 499 163 534 εὑρεθῆναι.
184 499 327 533 Ἑκάτερον
343 498 397 533 γὰρ
427 495 498 533 εἶχεν
526 497 563 530 ὡς
596 498 665 525 ἔοικε
688 498 733 525 τὸν
751 497 793 525 λό-

23 553 63 578 γον
78 544 140 579 (26)’
151 544 320 580 ἀμφοτέρους
334 543 406 580 αὑτῷ
416 544 598 580 χαρισαμένου
615 544 662 571 τοῦ
679 545 791 580 Κυρίου,

23 590 62 616 τόν
77 599 103 616 τε
116 590 166 624 τῆς
180 589 316 624 γνώσεως,
333 590 378 616 τόν
391 598 421 615 τε
437 591 484 624 τῆς
497 590 631 625 φράσεως.
650 589 749 616 Τοῦτον
765 589 792 616 δὲ

23 634 180 668 ἀποκάλυψιν
193 635 241 670 μὲν
254 634 413 670 ἑωρακέναι,
430 634 477 660 καὶ
489 634 587 668 γνῶσιν
597 634 735 670 εἰληφέναι
746 635 792 661 καὶ

22 681 177 717 προφητείαν
189 680 238 707 οὐκ
253 681 366 716 ἀντερῶ·
380 680 518 707 διάλεκτον
532 680 622 716 μέντοι
649 681 696 708 καὶ
707 680 793 715 γλῶσ-

23 736 65 754 σαν
75 727 121 753 οὐκ
137 726 257 762 ἀκριϐῶς
285 726 489 762 Ἐλληνίζουσαν
507 725 588 753 αὐτοῦ
620 726 720 762 βλέπω·
735 726 792 753 ἀλλ’

23 772 138 808 ίδιώμασι
167 772 214 808 μὲν
241 772 415 807 βαρὸαρικοῖς
443 772 592 808 χρώμενον,
612 773 658 799 καί
675 781 726 799 που
745 772 792 799 καὶ

21 818 201 850 σολοικίζοντα·
219 819 290 854 ἅπερ
301 820 350 845 οὐκ
365 819 511 853 ἀναγκαῖον
527 818 573 846 νῦν
586 819 718 853 ἐκλέγειν·
732 819 792 845 οὐδὲ

21 865 66 900 γὰρ
87 864 281 897 ἐπισκώπτων,
310 866 346 901 μή
374 875 416 898 τις
446 865 559 902 νομίσῃ,
589 865 673 892 ταῦτα
699 863 790 892 εἷπον·

21 910 78 938 ἀλλὰ
104 911 183 946 μόνον
194 911 242 947 τὴν
255 912 431 948 ἀνομοιότητα
454 912 598 939 διευθύνων
624 911 725 939 τούτων
738 911 792 939 τῶν

21 964 133 991 γρίφων.

842 229 974 259 quantum
991 224 1165 259 Evangelium
1183 228 1209 251 et
1225 224 1343 259 Epistola
1361 224 1488 252 diﬁ‘erant
1501 226 1535 253 ab
1550 226 1624 261 Apo-

843 270 956 305 calypsi.
967 269 1035 297 Nam
1047 270 1093 297 illa
1105 269 1212 304 quidem
1226 277 1279 296 non
1294 270 1375 297 modo
1387 271 1537 302 emendate,
1550 272 1622 306 quod

843 317 875 344 ad
893 316 1014 344 Grmcum
1030 324 1183 344 sermonem
1207 317 1301 344 attinet
1312 325 1335 349 ,ι
1347 325 1439 344 rerum
1461 318 1542 344 etiam
1559 326 1622 345 cum

843 370 948 390 summa
971 362 1104 398 elegantia
1127 366 1183 388 tum
1200 362 1226 388 in
1243 362 1349 394 verbis,
1367 367 1422 389 tum
1438 362 1464 388 in
1480 370 1623 397 argumen-

841 408 1000 441 tationibus,
1027 413 1053 435 ct
1085 408 1111 435 in
1128 413 1184 435 tota
1206 408 1336 435 orationis
1352 408 1547 442 compositione
1561 417 1623 443 per-

843 454 943 488 scripta
955 457 1034 486 sunt;
1053 458 1155 480 tantum
1169 453 1254 485 abest,
1271 457 1301 481 ut
1314 453 1499 481 barbarismus
1513 455 1621 489 aliquis,

843 502 890 525 aut
904 498 1084 530 soloecismus,
1108 503 1154 526 aut
1175 499 1291 534 denique
1317 499 1472 527 idiotismus
1488 501 1622 535 quispiam

843 544 870 570 in
887 543 940 571 illis
956 543 1182 578 deprehendatur.
1204 544 1324 580 Utroque
1340 545 1412 572 enim
1425 545 1552 579 praeditus
1564 549 1623 573 erat

842 590 1034 625 evangelistes,
1062 598 1187 618 sermone
1212 591 1340 618 nimirum
1357 598 1389 618 ac
1406 591 1534 624 scientia;
1559 599 1621 618 cum

842 636 899 663 hac
916 635 969 663 duo
984 636 1034 671 ipsi
1051 635 1184 664 Dominus
1206 637 1403 669 concessisset,
1429 638 1569 665 scientiam
1586 637 1623 665 si-

842 682 899 709 mul
914 687 940 709 et
952 682 1145 717 eloquentiam.
1180 682 1256 710 Illum
1274 690 1338 710 vero
1354 683 1544 711 revelationem
1561 683 1622 718 qui-

842 729 904 756 dem
919 729 1019 756 vidisse
1030 749 1037 761 .
1064 733 1092 756 et
1104 729 1244 756 scientiam
1260 737 1292 757 ac
1305 729 1457 757 futurorum
1472 730 1624 765 przedictio-

842 783 904 802 nem
929 775 1065 810 accepisse
1081 784 1134 803 non
1151 775 1272 810 inlicior;
1291 784 1384 803 verum
1407 776 1551 804 dictionem
1563 776 1623 810 ejus

843 828 895 847 non
911 820 1055 848 admodum
1072 822 1191 849 Graecam
1210 822 1395 849 animadverto
1406 842 1413 854 ,
1439 822 1485 849 sed
1502 822 1623 849 barbari-

845 867 911 894 smis
927 872 1009 902 atque
1023 867 1156 895 interdum
1171 867 1333 895 solcecismis
1349 867 1528 902 inquinatam.
1549 867 1623 900 Quos

846 911 954 947 quidem
972 912 998 939 in
1012 913 1216 947 praesentiarum
1241 920 1395 948 excerpere,
1414 913 1622 948 haudquaquam

845 965 955 985 necesse
970 963 1021 985 est.
1042 958 1134 993 Neque
1154 959 1226 985 enim
1249 959 1432 986 subsannandi
1455 959 1545 986 animo
1566 959 1624 986 hazc

21 1011 83 1030 amc
97 1004 168 1031 dicta
185 1012 245 1032 esse
257 1004 402 1040 quisquam
421 1005 577 1033 existimet:
597 1005 644 1032 sed
665 1005 755 1040 potius
769 1012 802 1032 eo
823 1006 946 1039 consilio,
966 1009 996 1032 ut
1021 1005 1163 1041 utriusque
1188 1006 1279 1040 scripti
1304 1005 1549 1034 dissimilitudinem
1575 1014 1623 1033 ex-

21 1049 154 1083 penderem
159 1070 166 1078 .

798 1211 865 1255 ΙΙ.

469 1316 547 1360 ΕΧ
586 1315 780 1360 LIBRIS
817 1315 891 1359 DE
927 1315 1163 1361 NATURA

638 1410 793 1442 Adversus
811 1411 994 1450 Epicureos.

69 1496 152 1528 (Apud
164 1495 286 1520 Eusent’cu
298 1495 436 1526 Praeparat.
458 1499 541 1526 evang.
556 1493 598 1519 lib.
610 1500 658 1524 xlv,
671 1499 740 1524 capp.
752 1493 834 1524 23-27,
845 1493 983 1524 interprete
993 1496 1020 1519 et
1029 1494 1159 1519 scholtaste
1172 1494 1305 1520 Famasco
1318 1495 1408 1521 Vlcsno
1419 1500 1468 1520 soc.
1477 1494 1558 1525 Jesu.)

382 1645 420 1671 A'.

21 1690 83 1724 Ίρὸς
96 1691 168 1724 τοὺς
178 1690 240 1717 κατ’
256 1691 441 1725 Ἐπίκουρον,
459 1691 605 1725 Πρόνοιαν
616 1692 674 1725 μὲν
684 1692 791 1725 ἀρνου-

40 1727 162 1765 μένους,
184 1727 304 1760 ἀτόμοις
325 1725 359 1752 δὲ
381 1727 517 1760 σώμασιν
543 1727 736 1760 ἀνατιθέντας
757 1727 790 1754 τὸ

41 1769 110 1788 παν.

41 1807 159 1843 Πότερον
174 1805 230 1842 (27)
248 1807 277 1834 ἓν
294 1808 352 1834 ἐστι
375 1806 494 1841 συναφὲς
510 1807 540 1833 τὸ
554 1809 618 1840 πᾶν,
628 1807 665 1840 ὡς
681 1808 745 1843 ἡμῖν
761 1816 790 1835 τε

21 1852 50 1878 αἱ
64 1854 119 1884 τοῖς
146 1853 311 1887 σοφωτάτοις
333 1853 464 1889 Ἐλλήνων
487 1853 609 1881 Πλάτωνι
626 1854 673 1880 καὶ
699 1854 789 1880 IIan-

21 1898 80 1934 ύρᾳ,
96 1900 144 1926 καὶ
161 1901 217 1930 τοῖς
232 1899 285 1926 ἀπὸ
304 1899 353 1935 τῆς
368 1900 452 1931 Στοᾶς
466 1900 513 1926 καὶ
540 1899 706 1935 Ἡρακλείτῳ
729 1900 790 1935 φαί-

21 1954 86 1972 star
102 1946 119 1982 ἦ
133 1946 192 1978 δύο,
205 1945 242 1978 ὡς
257 1947 321 1978 ἴσως
337 1956 379 1979 τις
394 1946 537 1978 ὑπέλαϐεν,
554 1946 571 1982 ἦ
587 1947 634 1973 καὶ
652 1946 735 1973 πολλὰ
745 1947 792 1974 καὶ

24 1999 119 2027 πειρα,
138 1992 178 2023 ὣς
188 2000 258 2018 τισιν
270 1991 359 2024 ἄλλοις
374 1991 472 2024 ἔδοξεν,
497 1992 522 2018 οἳ
539 1991 650 2022 πολλαῖς
671 1992 720 2027 τῆς
734 1991 792 2018 δια-

21 2037 75 2070 οἱας
101 2040 286 2074 παραφοραῖς,
311 2039 357 2065 καὶ
377 2039 511 2070 ποικίλαις
529 2040 678 2074 προφοραῐς
694 2038 792 2073 ὀνομά-

21 2091 54 2109 ων
79 2084 131 2118 τὴν
156 2083 211 2110 τῶν
235 2084 303 2110 ὅλων
333 2084 512 2120 ἐπεχείρησαν
545 2084 791 2120 κατακερματίζειν

21 2127 104 2161 ὶσίαν,
121 2129 237 2165 ἄπειρόν
251 2138 291 2162 τε,
316 2130 364 2156 καὶ
382 2131 539 2167 ἀγέννητον,
556 2131 603 2158 καὶ
625 2131 791 2166 ἀπρονόητον

21 2175 192 2208 ποτίθενται;
223 2176 254 2202 Οἱ
286 2176 334 2211 μὲν
359 2175 424 2212 γὰρ,
451 2177 569 2213 ἀτόμους
597 2176 791 2213 προσειπόντες

21 2221 127 2257 φθαρτά
140 2230 202 2248 τινα
219 2222 265 2248 καὶ
280 2223 447 2258 σμικρότατα
466 2223 590 2259 σώματα,
613 2222 714 2258 πλῆθος
725 2222 790 2249 ἀνά-

21 2266 96 2300 ιθμα,
114 2267 166 2294 καί
182 2275 208 2293 τι
227 2268 326 2303 χωρίον
354 2269 443 2301 κενὸν,
462 2269 575 2304 μέγεθος
599 2269 788 2305 ἀπεριόριστον

21 2312 213 2348 ροϐαλόμενοι,
228 2312 327 2346 ταύτας
344 2314 376 2349 δή
394 2323 459 2348 φασι
471 2314 519 2346 τὰς
540 2315 666 2350 ἀτόμους,
678 2314 715 2346 ὼς
727 2313 789 2340 ἔτυ-

21 2365 43 2383 εν
59 2358 90 2383 ὲν
108 2357 151 2393 τῷ
166 2358 236 2393 κενῷ
262 2359 424 2394 φερομένας,
456 2359 614 2394 αὐτομάτως
642 2368 670 2385 τε
687 2366 788 2394 συμπι-

844 1690 973 1718 Adversus
992 1690 1133 1725 Epicureos
1145 1711 1152 1722 ,
1171 1692 1253 1726 quiet
1269 1689 1465 1717 Providentiam
1484 1690 1618 1726 tollebam,

904 1733 929 1754 et
944 1727 1087 1753 individuis
1101 1725 1253 1761 corporibus
1269 1727 1389 1753 universa
1405 1726 1562 1753 tribuebant.

878 1807 974 1835 Utrum
987 1815 1071 1835 unum
1087 1811 1128 1834 CSI
1141 1811 1221 1841 atque
1235 1811 1326 1841 aptum
1338 1814 1369 1833 ex
1382 1813 1441 1834 sese
1453 1806 1620 1838 universum,

842 1854 880 1881 uti
906 1853 984 1881 nobis
1005 1853 1215 1887 Graecorumque
1240 1852 1448 1887 sapientissimis
1465 1852 1570 1880 Platoni
1593 1857 1620 1880 et

842 1899 1016 1935 Pythagora,
1043 1898 1141 1926 Stoicis
1162 1903 1188 1926 et
1205 1898 1339 1926 Heraclito
1365 1898 1487 1931 videtur;
1505 1907 1538 1925 an
1555 1899 1619 1931 duo.

843 1945 1070 1980 quemadmodum
1085 1944 1154 1972 forte
1167 1951 1220 1971 non
1235 1951 1315 1971 nemo
1329 1943 1468 1979 cogitarit;
1486 1951 1518 1971 an
1536 1944 1621 1971 multa

843 1991 933 2026 potius
957 1991 1078 2025 adeoque
1101 1989 1222 2021 inﬁnita.
1247 1995 1277 2017 ut
1300 1990 1360 2017 aliis
1385 1990 1545 2024 quibusdam
1564 1990 1621 2024 pla-

843 2037 917 2069 cuit,
944 2037 989 2071 qui
1007 2036 1129 2070 pluribus
1143 2037 1240 2063 mentis
1253 2036 1406 2068 erroribus,
1431 2043 1463 2062 ac
1476 2036 1557 2062 variis
1573 2044 1621 2070 ap-

843 2082 1017 2118 pellationum
1032 2081 1136 2114 formis,
1155 2082 1272 2109 universi
1287 2085 1410 2108 naturam
1424 2081 1575 2117 distrahere
1588 2089 1620 2109 ac

842 2129 962 2156 lacerare
984 2129 1085 2161 conati,
1112 2128 1245 2155 inﬁnitum
1259 2128 1323 2154 illud
1338 2135 1413 2160 esse,
1438 2131 1498 2154 ortu
1516 2134 1618 2159 carere,

843 2181 892 2201 nec
915 2174 970 2200 ullo
991 2172 1170 2200 Providentia?
1188 2172 1300 2200 consilio
1323 2172 1378 2206 regi
1400 2171 1567 2198 voluerunt?
1587 2171 1619 2198 lli

843 2219 915 2247 enim
938 2224 1058 2251 atomos,
1085 2219 1238 2252 incorrupta
1255 2217 1376 2252 quatdam
1390 2217 1541 2252 exiguaque
1556 2224 1619 2243 cor-

841 2265 952 2300 puscula
963 2285 970 2297 ,
988 2271 1154 2298 numeroque
1169 2263 1273 2290 inﬁnita
1295 2262 1484 2295 nominantes,
1511 2269 1619 2297 unaque

841 2312 958 2347 spatium
971 2311 1079 2346 aliquod
1097 2316 1209 2337 vacuum
1223 2328 1230 2341 .
1246 2316 1297 2336 nec
1312 2308 1373 2336 ullis
1389 2308 1487 2336 ﬁnibus
1500 2307 1618 2336 circum-

842 2358 970 2392 scriptum
985 2357 1153 2387 invehentes,
1178 2359 1282 2382 atomos
1298 2354 1357 2382 illas
1373 2354 1506 2387 dictitant,
1523 2354 1575 2381 hoc
1589 2353 1618 2381 in

31 2435 89 2470 (26)
116 2436 180 2463 Τὸν
203 2436 305 2470 λόγον,
333 2435 390 2470 τὴν
412 2435 534 2470 γνῶσιν.
561 2434 714 2463 Posteriora
732 2435 787 2463 duo
802 2434 825 2464 D

878 2442 888 2462 s
902 2433 1096 2470 fragmentum,
1112 2421 1443 2470 Eusebianazndiligentize
1455 2430 1616 2470 beneﬁcium

21 2471 78 2497 trba
95 2471 288 2506 expungenda
306 2476 379 2500 sunt.
402 2471 502 2506 quippe
524 2478 584 2505 quae
598 2478 788 2506 sensumrper-

21 2506 120 2538 Irhant,
145 2513 197 2532 nec
218 2506 244 2532 in
264 2505 417 2537 Mazarino,
441 2505 591 2533 Fuketiano
611 2513 643 2532 ac
659 2505 786 2533 Medicago

21 2542 90 2568 idice
104 2542 246 2576 leguntur.
263 2540 347 2576 Porro
360 2548 407 2575 per
426 2540 553 2576 ἑκάτερον
570 2540 787 2576 λόγονμίημοιιίεῑι

21 2574 149 2611 ionysius
167 2576 211 2601 τὸν
231 2575 379 2602 ἐνδιάθετον
395 2576 442 2603 καὶ
455 2574 679 2611 τδν⁷προφορικδν
692 2575 785 2609 λόγον,

36 2610 80 2638 est
96 2610 234 2638 rationem
247 2619 307 2645 qua:
319 2611 345 2637 in
363 2615 452 2637 mente
467 2610 604 2638 recondita
620 2614 670 2643 est,
685 2614 713 2645 et
726 2617 786 2644 qua:

21 2654 128 2673 trmone
146 2644 294 2680 profertur.
309 2645 365 2672 Hoc
376 2649 428 2678 est,
442 2645 515 2680 quod
530 2645 670 2679 subjungit
684 2644 786 2680 Diony-

21 2689 64 2714 us,
81 2681 132 2708 τόν
146 2679 179 2707 τε
196 2681 244 2715 τῆς
266 2680 402 2715 γνώσεως,
414 2679 459 2707 τόν
480 2689 508 2707 τε
524 2681 572 2715 τῆς
586 2681 722 2715 φράσεως.
740 2679 786 2707 Sic

21 2717 67 2744 iir‘n
86 2714 328 2744 seribend'um'est
345 2723 378 2743 ex
399 2716 491 2743 codice
509 2714 590 2748 Med,
605 2714 685 2747 Fuk.,
701 2714 784 2742 Savil.

43 2751 132 2783 Μαι..
151 2758 206 2777 non
218 2754 260 2786 Aut
277 2752 356 2786 vulgo
379 2750 492 2785 legitur,
513 2750 558 2777 τόν
574 2750 668 2786 τεεῆς
681 2750 785 2783 σοφίας,

21 2786 39 2813 ἰν
53 2795 84 2813 τε
99 2786 156 2821 τῆς
174 2784 308 2819 γνώσεως,
321 2784 422 2821 absque
436 2786 491 2813 ullo
504 2793 596 2812 sensu.
609 2785 707 2821 Vaces:

27 2822 86 2857 (27)
101 2818 248 2855 Insuper,
260 2828 286 2847 κ.
307 2829 332 2847 τ.
347 2818 601 2848 λ.Ῥιι1‹;Ιιει·ι-ἱιιιιιω
619 2820 670 2848 hoc
689 2818 718 2847 S.
736 2819 787 2846 Pa-

839 2473 881 2497 est
896 2478 902 2496 :
919 2465 973 2504 quo
996 2468 1115 2503 alioqui,
1138 2471 1234 2502 praeter
1255 2467 1305 2494 alia
1329 2467 1456 2504 pleraque
1473 2465 1617 2504 sapientis-

840 2504 902 2532 simi
921 2501 972 2531 viri
986 2501 1162 2535 monimenta,
1180 2509 1344 2530 careremus.
1361 2501 1543 2528 VIGER.—-Ad
1559 2501 1615 2528 haec

839 2543 967 2574 excerpta
995 2538 1160 2574 Dionysiana
1187 2538 1229 2574 sic
1252 2537 1421 2574 proloquitur
1447 2535 1614 2574 Eusebius:

842 2584 851 2600 ι
869 2570 946 2601 Nunc
959 2573 1035 2607 juvat
1054 2570 1087 2600 e'x
1111 2572 1231 2608 Dionysii
1245 2570 1383 2608 episcopi,
1400 2570 1616 2608 hominis_Chri-

838 2605 1168 2643 stianam'philosophiam
1182 2605 1314 2642 'professi,
1331 2605 1411 2642 opere
1427 2606 1498 2643 quod
1515 2605 1554 2632 De
1568 2613 1617 2643 ηα-

839 2649 899 2671 tura
913 2641 1084 2678 conscripsit;
1102 2641 1198 2678 pauca
1211 2643 1333 2677 quaedam
1354 2650 1370 2669 e
1384 2642 1476 2669 multis
1489 2648 1549 2678 quae
1566 2641 1615 2668 ad-

838 2686 932 2706 versus
955 2677 1100 2713 Epicurum
1128 2677 1266 2713 disputat,
1291 2677 1616 2713 subjungereLTuvero

836 2715 896 2749 ejus
909 2711 1045 2748 ipsissima
1058 2711 1198 2749 perlege.)
1216 2712 1359 2749 Inscriptio
1381 2720 1445 2739 vero
1464 2711 1616 2749 Eusebiana

837 2747 873 2776 ita
886 2747 1010 2776 seritahet
1025 2756 1031 2774 :
1049 2747 1171 2774 Ἀπὸτῶν
1187 2747 1257 2781 Περὶ
1271 2748 1390 2781 φύσεως
1407 2747 1541 2774 Διονυσίου
1556 2748 1616 2773 ἐπι-

838 2785 938 2811 σκόπου
962 2783 1169 2818 Ἀλεξανδρείας.
1187 2782 1228 2818 Ea:
1240 2782 1360 2818 Dionysii
1373 2781 1547 2810 Alexandrini
1562 2782 1616 2815 epi-

837 2820 907 2853 scopi
923 2819 996 2846 libri:
1009 2819 1046 2846 De
1060 2817 1167 2846 natura.
1182 2817 1265 2845 GALL.
