1844 3047
839 34 905 41 ουρ-ηε.

229 94 294 124 δεδι

716 93 746 121 S.
766 91 913 120 DIONYSII
932 89 1084 119 EPISCOP]
1104 91 1336 120 ALEXANDle

1785 92 1837 120 ΙΞΞΞ

228 160 316 181 vacuo
330 156 429 180 temere
441 152 504 179 dum
519 151 640 179 feruntur
650 172 657 185 ,
672 151 737 178 dum
751 159 816 180 casu
828 157 938 188 propter
952 151 1005 179 im-

1082 151 1175 182 τούσας
1192 151 1320 187 ἀλλήλαις
1332 151 1376 179 διὰ
1388 151 1479 188 ῥύμην
1487 151 1622 182 ἄτακτον,
1639 151 1690 178 καὶ
1702 159 1736 178 συ
1740 152 1837 186 prius

228 203 307 234 petus
320 197 547 234 perturbationem
562 199 621 226 alia:
631 206 693 225 cum
707 198 769 225 aliis
788 203 964 230 concurrunt,
977 205 1010 225 ac

228 249 339 280 propter
354 244 528 278 multiplicem
543 244 656 279 ﬁguram
673 244 741 271 inter
755 251 814 271 sese
828 244 1009 271 commiscen-

230 295 285 321 tur,
303 296 364 316 cum
376 289 578 323 apprehendere
593 293 688 316 mutuo
702 296 772 322 sese,
787 293 843 316 tum
859 288 932 315 hunc
944 295 1010 322 quo-

228 343 281 370 que
305 334 454 366 mundum,
479 342 592 369 quaeque
619 335 678 369 ipso
702 335 875 361 continentur
895 335 1006 368 omnia,

228 381 283 407 imo
307 388 371 407 vero
393 380 509 407 mundos
523 381 604 407 etiam
628 380 748 407 inﬁnitos
763 379 877 407 eﬁicere.
907 380 964 407 Hac
980 380 1007 407 in

227 426 359 453 sententia
382 425 515 461 Epicurus
541 425 764 460 Democritusque
791 426 890 452 versati
918 430 1006 453 sunt:

226 471 278 498 hoc
293 479 346 498 uno
358 471 524 504 discriminc,
541 471 613 506 quod
628 471 760 506 Epicurus
775 471 900 498 minimas
913 479 1007 498 onmes

225 522 331 544 atomos
341 537 349 550 ,
365 525 486 552 quasque
502 522 642 552 propterea
665 525 762 544 sensus
774 524 827 544 non
844 517 1007 551 attingeret;

227 562 397 590 Democritus
413 563 558 589 nonnullas
580 563 673 589 saltem
696 562 829 589 maximas
844 570 904 589 esse
918 561 1006 588 vellet.

225 608 359 636 Caeterum
374 608 527 635 individuas
544 608 603 635 illas
617 613 642 634 et
656 607 707 635 dici
723 613 749 635 et
762 615 833 640 esse,
846 611 954 642 propter
967 607 1008 634 in-

226 646 411 681 dissolubilem
425 660 517 679 earum
531 652 697 684 ﬁrmitatem,
709 657 822 686 uterque
837 651 924 678 docet.
938 650 1008 677 Sunt

226 704 333 730 tamen,
345 698 392 733 qui
406 703 561 725 atomorum
576 698 686 726 nomine
699 705 812 732 corpora
827 696 950 732 quasdam
967 696 1008 723 in-

226 746 369 782 telligunl,
396 753 456 780 quaa
476 745 599 780 partibus
612 748 722 772 careant
736 745 792 779 ipsa
811 743 935 778 quidem,
955 742 1008 769 sint

226 796 316 818 tamen
333 791 451 817 universi
468 795 572 825 partes;
601 798 632 817 ex
649 790 748 825 quibus
760 810 767 821 .
785 789 928 816 individua:
944 795 1006 815 eum

227 837 298 869 siut,
324 836 438 864 conﬂata
460 836 576 870 primum
594 835 702 867 omnia,
719 835 747 862 in
768 835 876 862 easdem
899 841 1007 869 quoque

227 883 420 910 dissolvantur.
443 882 554 916 llarum,
568 886 649 916 prout
661 881 783 916 partibus
797 884 905 912 carent,
921 879 1008 906 nomi-

1062 197 1144 231 μένας
1161 196 1205 223 διὰ
1218 196 1247 223 τὺ
1260 196 1440 232 πολύσχημον,
1465 196 1591 232 ἀλλήλων
1605 195 1836 231 ἐπιλαμβάνεσθαλ.

1060 242 1107 268 καὶ
1123 242 1193 268 οὕτω
1206 241 1250 268 τόν
1262 250 1291 268 τε
1306 241 1406 277 κόσμον
1422 242 1469 268 καὶ
1491 241 1526 268 τὰ
1539 243 1569 268 ἐν
1586 241 1676 276 αὐτῷ,
1710 242 1805 277 μᾶλλον
1818 243 1836 269 δὲ

1059 288 1176 323 κόσμους
1189 287 1317 323 ἀπείρους
1345 287 1494 314 ἀποτελεῖν.
1517 287 1629 322 Ταύτης
1652 287 1683 314 δὲ
1711 287 1763 322 τῆς
1777 288 1836 320 res;

1065 333 1223 369 Ἐπίκουρος
1248 333 1374 367 γεγόνασι
1398 333 1444 360 καὶ
1467 333 1652 369 Δημόκριτος·
1683 333 1835 360 τοο-οὖτονᾶ

1058 378 1237 414 διεφώνησαν,
1263 379 1323 405 ὅσον
1336 380 1350 405 ὁ
1366 378 1424 414 μὲν,
1440 379 1586 414 ἐλαχίστας
1613 379 1718 410 πάσας,
1750 380 1835 405 mi.er

1058 423 1137 449 τοῦτο
1153 423 1376 458 ἀνεπαισθήτους·
1391 423 1405 449 ὁ
1419 423 1446 449 δὲ
1457 423 1638 459 Δημόκριτος,
1659 424 1709 449 καὶ
1723 423 1836 458 μὲγὶπις

1058 467 1127 495 εἶναί
1142 477 1216 501 τινας
1233 468 1350 504 ἀτόμους
1365 468 1508 495 ὑπέλαϐεν,
1531 469 1669 504 Ἀτόμους
1679 469 1708 494 δὲ
1725 467 1791 495 εἶναέ
1802 478 1837 502 ςσ-

1059 522 1099 540 σιν
1116 514 1275 549 ἀμφότεροι,
1291 513 1338 540 καὶ
1363 513 1488 548 λέγεσθαι
1511 514 1556 540 διὰ
1584 514 1633 550 τὴν
1658 515 1758 541 ἄλυτον
1774 517 1837 549 ττερ-

1059 560 1168 595 ρότητα.
1186 560 1216 586 Οἱ
1232 559 1271 591 δὲ,
1286 560 1335 591 τὰς
1346 560 1464 595 ἀτόμους
1480 560 1527 595 μὲν
1541 561 1743 596 ὀνομάσαντες,
1760 561 1836 595 ἀμερῆ

1059 606 1140 639 φασὶν
1154 604 1222 631 εἶναι
1236 604 1358 641 σώματα,
1375 605 1420 631 τοῦ
1434 606 1533 637 παντὸς
1553 605 1637 641 μέρη,
1657 602 1696 638 ἐξ
1711 603 1749 632 ῶν
1765 607 1837 632 ἀδιαι-

1059 652 1145 687 ρέτων
1159 652 1242 679 ὄντων
1271 652 1422 678 συντίθεται
1449 651 1482 678 τὰ
1500 653 1602 683 πάντα,
1620 653 1670 678 καὶ
1693 654 1735 685 εἰς
1757 654 1772 680 5.
1790 654 1836 679 6::-

1058 698 1160 727 λύεται.
1178 699 1233 725 Καὶ
1244 699 1346 725 τούτων
1368 698 1433 732 φασὶ
1446 698 1500 724 τῶν
1514 699 1629 734 ἀμερῶν
1657 700 1836 734 ﬂammata

1058 744 1189 779 Διόδωρον
1215 744 1364 778 γεγονέναι·
1391 743 1476 780 ὄνομα
1505 745 1546 774 δὲ,
1563 745 1659 779 φασὶν,
1678 746 1835 783 amem

1063 789 1239 825 Ἡρακλείδης
1269 789 1396 824 Θέμενος,
1419 790 1548 816 ὲκάλεσεν
1577 790 1696 823 ὄγκους,
1730 792 1791 826 παρ’
1811 788 1833 817 οἱ

1025 817 1045 844 Β
1059 817 1105 861 καί
1129 817 1326 869 Ἀσκληπιάδης
1355 817 1377 859 6⁷
1391 817 1480 869 ίατρὺς
1506 817 1715 869 ἐκληρονόμησε
1738 817 1835 860 tbi“:-

1061 887 1100 914 μα
1117 879 1182 914 (28).

227 929 270 955 nis
288 932 424 955 auctorem
440 927 543 955 faciunt
559 927 705 954 Diodorum
721 936 728 954 :
745 934 792 954 eas
803 934 877 958 vero,
892 926 947 953 alio
958 924 1079 956 nomine,
1092 925 1198 959 ὄγκους,
1214 923 1265 951 hoc
1287 928 1329 951 est
1342 924 1432 951 .maler
1444 944 1452 956 ,
1475 931 1525 952 seu
1549 925 1682 959 pondera,
1692 923 1834 952 Heraclides

228 976 348 1010 vocabat,
356 975 426 1011 quod
443 983 540 1003 nomen
553 975 586 1003 ab
600 983 632 1002 eo
644 974 816 1010 Asclepiades
831 973 952 1002 medicus
965 972 1093 1007 suscepit.

598 1022 632 1050 ll.

228 1080 323 1107 Rerum
340 1080 409 1107 inter
421 1079 540 1115 homines
552 1079 699 1114 vulgarium
714 1080 849 1115 exemplis,
864 1079 1006 1114 Epicureo-

452 1124 510 1141 rum
524 1114 619 1149 dogma
633 1115 771 1150 refellitur.

262 1172 314 1205 Qul
333 1173 439 1200 tandem
464 1172 589 1200 homines
604 1173 671 1200 istos
685 1172 820 1206 feramus,
845 1173 909 1200 dum
924 1179 1005 1207 opera

227 1218 365 1253 sapientiae
378 1218 455 1252 plena
468 1238 476 1249 ,
493 1225 578 1254 coque
591 1218 649 1253 ipso
662 1218 732 1245 bona
744 1237 752 1249 ,
778 1226 842 1246 casu
860 1218 930 1245 facta
945 1224 1005 1245 esse

227 1264 340 1292 dicunt?
353 1272 414 1299 quae
425 1269 451 1291 et
466 1264 571 1299 singula
588 1264 715 1297 seorsim,
729 1268 757 1291 et
769 1263 851 1292 simul
867 1264 1003 1303 universa,

225 1310 249 1336 ei
266 1309 344 1343 cujus
369 1309 460 1336 omnia
480 1309 558 1344 jussu
573 1309 748 1341 exstiterant,
766 1309 836 1337 bona
864 1308 920 1336 sint
933 1309 1002 1336 visa.

233 1355 304 1381 Vidit
317 1354 395 1386 enim,
406 1355 503 1389 inquit,
516 1354 586 1382 Deus
603 1359 696 1382 cuncta
706 1363 764 1390 qua
776 1355 872 1390 fecerat
886 1362 896 1382 :
910 1359 934 1381 et
947 1362 1004 1381 ecce

228 1401 294 1427 bona
307 1401 380 1428 valde
394 1401 427 1429 “.
458 1401 618 1436 Quanquam
649 1408 682 1428 ne
705 1401 801 1436 pusilla
824 1399 933 1435 quidem
958 1400 1003 1426 illa

226 1446 346 1481 cogitant
370 1446 522 1481 vulgarium
547 1446 669 1481 exempla
692 1454 795 1477 rerum,
822 1453 937 1481 quorum
953 1445 1004 1480 ipsi

227 1493 334 1520 monitu
355 1492 447 1520 doceri
471 1492 591 1527 possint,
616 1491 745 1527 quidquid
767 1491 900 1525 ejusmodi
922 1496 963 1518 est
977 1495 1007 1518 ut

227 1537 333 1566 fructus
356 1539 458 1573 aliquid
474 1542 500 1565 ct
516 1538 641 1564 utilitatis
654 1537 764 1570 all'erat,
788 1537 813 1564 id
837 1543 891 1564 non
906 1541 1007 1564 temere

227 1592 260 1611 ac
275 1584 334 1611 sine
347 1583 436 1611 studio
448 1583 516 1615 ﬁeri,
527 1583 574 1609 sed
591 1582 681 1617 potius
693 1582 786 1610 solerti
798 1589 928 1608 manuum
945 1588 1007 1616 ope-

228 1638 258 1656 ra
273 1638 353 1657 suum
369 1636 400 1656 ac
416 1629 554 1664 proprium
578 1627 604 1654 in
629 1635 708 1655 usum
724 1627 858 1654 elaborari
874 1636 880 1653 :
894 1631 921 1654 at
937 1626 1006 1654 idem

228 1675 310 1702 simul
333 1678 415 1709 atque
441 1673 610 1700 fructuosum
625 1678 652 1700 et
666 1672 836 1700 commodum
858 1679 919 1699 esse
940 1672 1008 1699 desi-

230 1721 279 1754 nit,
293 1720 362 1748 solvi
378 1719 519 1751 continuo,
535 1723 562 1746 et
574 1718 687 1746 confuse
697 1716 841 1745 admodum
854 1725 886 1744 ac
901 1722 1008 1752 pertur-

227 1767 290 1794 bate
302 1765 447 1800 dissipari,
465 1768 557 1799 utpote
568 1764 641 1799 quod
655 1771 686 1791 ea
701 1771 756 1791 non
770 1763 887 1798 amplius
901 1763 1008 1798 sapien-

227 1813 265 1840 tia
278 1811 357 1846 cujus
374 1811 462 1846 ipsum
478 1814 540 1837 ante
553 1818 617 1837 cura
628 1809 816 1843 conservabat,
834 1814 963 1838 tractetur
976 1817 1008 1837 ac

227 1862 345 1893 regatur.
365 1857 404 1884 lla
418 1857 618 1889 vestimentum,
632 1863 681 1883 nec
697 1856 822 1888 stamine,
833 1856 934 1891 absque
947 1861 1006 1883 tex-

229 1904 295 1930 toris
310 1911 403 1935 manu,
418 1910 447 1930 se
463 1903 522 1937 ipso
537 1902 714 1935 consistente,
731 1909 780 1929 nec
795 1902 964 1937 subtegmine
978 1909 1008 1929 se

227 1949 317 1983 ipsum
334 1949 405 1976 ultro
419 1949 505 1975 eidem
519 1948 673 1983 implicante
689 1948 853 1982 pertexitur;
873 1948 951 1983 cujus
967 1952 1007 1975 ta-

227 2002 302 2027 men,
317 1995 362 2022 ubi
378 1994 565 2028 disrumpitur,
589 1993 676 2020 lacera
694 1993 757 2020 hinc
773 1993 834 2020 inde
850 1993 933 2021 frusta
951 1993 1007 2020 dis-

224 2041 271 2076 jici
294 2041 395 2068 videas.
426 2039 463 2066 lta
485 2047 547 2067 cum
571 2039 668 2066 domus
693 2042 740 2065 aut
761 2039 826 2067 urbs
848 2039 1005 2071 aediﬁcatur,

226 2095 280 2114 non
292 2086 393 2121 lapides
407 2085 516 2120 excipit,
526 2085 594 2112 alios
609 2085 634 2111 in
651 2084 824 2112 fundamenta
836 2090 930 2119 sponte
939 2085 1004 2112 sub-

226 2133 353 2165 sidentes,
375 2132 444 2160 alios
468 2131 592 2166 superius
608 2131 634 2157 in
652 2135 796 2158 structurae
813 2130 918 2157 corium
934 2131 1005 2158 ultro
1021 2138 1043 2166 ι)

227 2179 417 2211 subvolantes;
445 2177 490 2205 sed
507 2177 669 2204 architectus
695 2178 720 2202 In
736 2184 814 2203 suum
832 2183 952 2211 quosque
966 2177 1005 2204 lo-

227 2231 289 2250 cum
306 2224 410 2250 delatos
436 2227 496 2257 apte
520 2222 705 2256 concinneque
718 2220 845 2255 dispertit.
874 2221 908 2248 At
929 2226 1005 2256 post-

227 2277 308 2303 quam
323 2269 435 2296 subruta
452 2272 503 2301 est,
516 2268 609 2295 ubiubi
629 2275 709 2295 casus
724 2266 825 2298 tulerit,
842 2267 939 2302 singuli
951 2268 1006 2296 dis-

224 2315 289 2349 jecti
305 2314 405 2349 passim
421 2318 574 2348 temereque
587 2314 687 2348 jacent.
708 2314 744 2341 Ita
759 2315 822 2342 dum
837 2316 913 2343 navis
929 2323 1005 2342 com-

227 2360 361 2395 pingitur,
379 2367 433 2386 non
447 2367 475 2387 se
492 2360 577 2394 ipsam
594 2360 686 2387 carina
699 2361 850 2393 submittit,
875 2369 929 2388 non
945 2369 1004 2388 ma-

226 2407 269 2434 lus
286 2406 312 2433 in
328 2406 416 2434 medio
430 2411 533 2434 rectum
549 2414 609 2434 sese
631 2407 714 2438 tollit,
741 2415 794 2434 non
809 2408 887 2446 lligna
910 2411 1004 2435 caetera

261 2473 283 2489 ”
297 2473 363 2501 Gen.
383 2481 402 2504 ι,
418 2473 463 2500 5|.

260 2540 316 2575 (28)
331 2540 574 2574 Ἐκληρονόμησε
586 2540 618 2567 τὸ
632 2540 733 2575 ὄνομα.
752 2541 798 2568 llis
812 2546 901 2568 autem
915 2542 1006 2569 relatis

225 2576 315 2612 subdit
327 2575 462 2612 Eusebius
477 2583 482 2600 :
499 2575 687 2612 Tubigipﬁy,
705 2576 766 2612 ἑξῆς
784 2577 962 2608 ἀνασκευὰζει
976 2577 1006 2604 τὺ

225 2610 311 2646 ὂργμα
324 2609 367 2646 διὰ
381 2610 494 2646 πολλῶν,
506 2610 574 2645 ἀτὰρ
585 2610 612 2636 δὲ
623 2610 665 2637 διὰ
678 2609 788 2637 τούτων.
804 2612 865 2638 "(ec
880 2613 1005 2646 prwfatm

228 2645 389 2680 (Dionysius)
406 2645 500 2681 multis
511 2645 629 2681 deinceps
647 2646 693 2672 hoc
707 2647 799 2681 dogma
816 2648 948 2681 confulat,
963 2647 1007 2673 iu-

227 2684 314 2714 terque
329 2684 432 2712 caztera,
448 2680 529 2706 verbis
541 2688 597 2714 qua:
612 2680 762 2713 sequuntur.
781 2681 861 2709 αλιι..

246 2748 252 2753 .
262 2714 317 2754 μθ)
331 2714 412 2740 Ἀλλ’
426 2714 497 2754 ορδὲ
510 2715 569 2754 ἀπο
583 2714 641 2754 τῷν
655 2715 777 2749 μικρῶν.
791 2717 889 2754 l_)_ecssc
907 2718 1006 2754 aliquid

227 2748 333 2774 videtur
353 2757 358 2774 :
379 2749 499 2782 pendent
518 2749 590 2782 enim
615 2748 680 2781 ista,
707 2748 756 2777 nec
779 2751 833 2777 ullo
851 2754 933 2781 verbo
951 2748 1006 2780 lul-

228 2782 344 2810 ciuutur.
364 2780 432 2812 Ouid
454 2784 475 2810 si
495 2783 524 2814 ἐξ
538 2780 574 2810 ὦν
591 2785 662 2818 quod
683 2792 743 2811 mox
759 2787 879 2814 sequitur
899 2780 1005 2815 tollere-

1430 1019 1468 1046 B’.

1149 1077 1214 1104 Ἀπὸ
1230 1076 1289 1104 τῶν
1304 1076 1338 1103 ἐν
1352 1075 1519 1110 ἀνθρώποις
1533 1075 1771 1110 ὑποδειγμάτων.

1094 1169 1156 1200 Πῶς
1170 1167 1258 1195 αὐτῶν
1283 1167 1472 1203 ἀνασχώμεθα,
1498 1167 1607 1203 τυχηρὰ
1621 1167 1760 1202 λεγόντων
1782 1166 1833 1193 εἶναι

1058 1214 1249 1250 συμπτώματα
1268 1212 1301 1239 τὰ
1327 1212 1405 1246 σοφὰ,
1437 1212 1482 1238 καὶ
1500 1212 1545 1238 διὰ
1569 1212 1651 1239 τοῦτο
1671 1212 1708 1238 τὰ
1723 1213 1790 1238 καλὰ
1800 1213 1834 1246 ξπ-

1059 1259 1251 1296 μιουργήματα
1263 1267 1270 1291 ;
1284 1256 1321 1285 ὧν
1334 1257 1448 1284 ἕκαστόν
1464 1266 1493 1284 τε
1516 1258 1578 1284 καθ’
1600 1259 1683 1284 ἑαυτὸ
1695 1259 1833 1293 γενόμ-επεν.

1057 1305 1134 1341 ὤφθη
1149 1305 1187 1340 τῷ
1200 1303 1378 1341 προστάξαντι
1391 1303 1515 1337 γενέσθαι
1533 1303 1628 1335 καλὸν,
1638 1304 1690 1331 καὶ
1703 1305 1834 1339 ςυλλήίδτμ

1056 1350 1156 1386 ὁμοίως
1174 1350 1290 1377 ᾶπαντα.
1307 1347 1376 1376 Εἷδε
1391 1348 1457 1383 γὰρ,
1472 1349 1565 1383 φησιν,
1579 1351 1596 1375 ὀ
1622 1349 1700 1382 Θεὸς
1710 1350 1746 1376 τὰ
1756 1350 1833 1376 πάιτιι

1057 1398 1116 1424 ὅσα
1129 1397 1268 1429 ἐποίησε,
1286 1395 1335 1422 καὶ
1353 1393 1416 1421 ἰδοὺ
1432 1395 1510 1421 καλὰ
1530 1395 1613 1422 λίαν.
1637 1395 1713 1422 Ἀλλ’
1730 1397 1786 1422 οὐδὲ
1796 1397 1833 1422 5.15

1057 1444 1109 1472 τῶν
1127 1443 1230 1479 μικρῶν
1245 1442 1299 1478 (29)
1319 1441 1372 1468 τῶν
1384 1441 1515 1476 συνήθων.
1530 1442 1578 1468 καὶ
1596 1442 1679 1477 παρᾶ
1697 1443 1779 1474 πόδας
1790 1451 1833 1467 νγ)-

1058 1488 1204 1516 θετοὺντων
1229 1487 1467 1522 παραδειγμάτων,
1491 1486 1521 1518 ἐξ
1537 1483 1575 1512 ὧν
1590 1486 1728 1513 δύνανται
1751 1487 1833 1522 fta-.63-

1058 1542 1123 1566 νειν,
1140 1533 1181 1559 ὅτι
1196 1531 1322 1567 χρειῶδες
1338 1531 1385 1566 μὲν
1402 1531 1449 1557 καὶ
1473 1531 1541 1566 πρὸς
1556 1531 1700 1566 ὠφέλειαν
1715 1533 1791 1567 ἔργον
1803 1534 1831 1557 σι-

1057 1579 1100 1606 δὲν
1122 1578 1348 1613 ἀνεπιτηδεύτως,
1379 1577 1439 1604 οὐδὲ
1462 1577 1641 1612 συμϐατικῶς
1655 1579 1832 1613 immitem.

1057 1623 1126 1650 ἀλλά
1141 1621 1299 1658 χειρουργού
1304 1630 1392 1657 μενον,
1404 1622 1444 1653 είς
1457 1621 1506 1656 τὴν
1519 1622 1688 1657 πρέπουσαν
1703 1623 1831 1659 ὑπηρέτῃ

1058 1668 1260 1705 καταρτίζεται.
1274 1669 1358 1694 Ὅταν
1373 1667 1401 1694 δὲ
1412 1667 1452 1699 είς
1465 1668 1604 1703 ἄχρηστον
1626 1669 1789 1703 μεταπίπτε
1801 1670 1832 1695 zz":

1057 1715 1203 1749 ἀνωφελὲς,
1223 1714 1282 1740 τότε
1309 1713 1482 1748 διαλυόμενον
1511 1714 1652 1748 ἀορίστως
1680 1715 1740 1750 (50)
1757 1715 1833 1745 miri;

1057 1760 1089 1787 ἂν
1103 1759 1172 1794 τύχῃ
1192 1759 1385 1789 διασκίδναται,
1397 1759 1444 1785 ire
1460 1759 1560 1794 μηκέτι
1573 1760 1833 1796 μεταχειριζομένῃ.

1059 1806 1126 1841 μηδὲ
1137 1804 1330 1840 διαταττούσης
1345 1805 1410 1831 αὐτὸ
1427 1805 1476 1840 τῆς
1493 1804 1602 1839 σοφίας,
1657 1806 1709 1832 τοῦ
1727 1807 1834 1833 mrsu-.51-

1057 1861 1101 1878 ναι
1117 1851 1196 1878 τοῦτο
1209 1850 1313 1886 ἔμελεν.
1337 1850 1451 1885 Ἰμόιτιόν
1468 1859 1497 1876 τε
1515 1851 1581 1886 γὰρ,
1594 1851 1626 1877 οὐ
1640 1853 1733 1887 χωρὶς
1750 1853 1834 1886 ἱστουρ-

1058 1896 1117 1931 γοῦ,
1143 1896 1344 1931 συνισταμένων
1360 1895 1414 1922 τῶν
1426 1895 1577 1930 στημόνων,
1595 1897 1662 1923 οὐδὲ
1688 1899 1739 1933 τῆς
1753 1898 1833 1933 ιςριης

1057 1943 1217 1978 αὐτομάτως
1245 1941 1524 1977 παρεμπλεκομένης,
1545 1942 1748 1976 ἀνυφαίνεται-
1774 1945 1795 1969 εξ
1815 1943 1832 1968 ἒ

1057 1988 1245 2024 κατατριϐείη,
1260 1988 1293 2014 τὰ
1307 1987 1469 2014 λακισθέντα
1480 1987 1694 2023 διαρριπτεῖται
1715 1991 1790 2025 ῥάκη.
1802 1990 1832 2015 ΟΞ-

1058 2034 1103 2060 κία
1115 2043 1145 2060 τε
1159 2034 1373 2069 ἁνοικοδομεῖται
1402 2034 1450 2060 καὶ
1464 2033 1552 2065 πόλις,
1577 2034 1610 2060 οὑ
1629 2035 1700 2066 τοὺς
1714 2037 1761 2070 μέν
1776 2043 1830 2064 ms;

1055 2079 1188 2114 δεχομένη
1206 2078 1338 2114 θεμελίοις
1362 2078 1577 2114 αὐτομολοῦντας
1597 2079 1707 2111 λίθους,
1736 2082 1792 2110 τοῖς
1812 2080 1830 2104 δὲ

1058 2124 1249 2160 ἀναπηδῶντας
1270 2125 1309 2156 είς
1324 2124 1373 2155 τὰς
1386 2124 1521 2155 ἐπιϐολὰς,
1551 2124 1623 2150 ἀλλά
1642 2126 1721 2152 κατὰ
1733 2125 1829 2160 χώρανὲ

1057 2169 1211 2204 τοιχοδὸμος
1226 2169 1287 2200 τοὺς
1304 2168 1428 2200 εὐθέτους
1449 2169 1587 2204 ἐπιφέρει·
1613 2171 1828 2207 καταρῤιφῦεὲεης

1058 2214 1097 2246 δὲ,
1108 2214 1145 2246 ὡς
1160 2214 1192 2240 ἂν
1204 2213 1331 2249 παρείκῃ,
1354 2213 1526 2247 κατενεχθεὶς
1557 2214 1681 2246 ἕκαστος
1697 2213 1826 2247 ἀπεστάλη.

1058 2260 1113 2286 Καὶ
1126 2257 1399 2293 κατασκευαζομένης
1415 2257 1491 2289 νεὼς,
1509 2257 1560 2292 οὐχ
1573 2259 1590 2293 ἡ
1608 2259 1662 2293 μὲν
1679 2268 1722 2290 τις
1734 2257 1827 2285 erem-

1057 2305 1101 2332 λεν
1118 2305 1215 2341 ἑαυτὴν
1246 2303 1352 2340 τροπὶς,
1369 2303 1383 2328 ὁ
1410 2302 1438 2329 δὲ
1457 2303 1528 2329 κατὰ
1554 2303 1645 2339 μέσην
1666 2305 1760 2331 ἑαυτὸν
1775 2303 1827 2331 ἱστὸς

1056 2350 1178 2386 ὤρθωσε,
1197 2349 1244 2376 καὶ
1261 2349 1315 2376 τῶν
1328 2349 1414 2376 ἄλλων
1439 2348 1554 2375 ἕκαστον
1578 2348 1683 2380 ξύλων,
1700 2350 1732 2384 ἦν
1753 2349 1825 2382 ἔτ.χῦ

1056 2395 1086 2428 ἐξ
1096 2395 1191 2422 ἑαυτοῦ
1203 2395 1277 2422 θέσιν
1293 2393 1451 2422 κατέλαϐεν.
1464 2394 1530 2420 Οὐδὲ
1545 2394 1580 2421 τά
1599 2394 1740 2431 λεγόμενα
1751 2393 1825 2421 ὲιατὲν

1055 2543 1199 2580 ῑιιΗΩιιίιι
1223 2544 1245 2571 si
1262 2549 1323 2580 post
1339 2544 1581 2580 παραδειγμάτων,
1606 2546 1753 2573 adderetur
1765 2545 1820 2579 ςιὶε-

1055 2579 1190 2616 σοφοῦσιν,
1206 2585 1253 2616 aut.
1269 2580 1370 2616 aliquid
1380 2579 1493 2607 'simile?
1515 2580 1586 2613 Quid
1616 2582 1652 2613 si.
1671 2583 1742 2616 quod
1756 2587 1821 2616 mani

1064 2613 1152 2646 ilacet,
1183 2613 1376 2642 νουθετοῦντων
1401 2620 1554 2642 mutaretur
1581 2616 1610 2642 in
1639 2613 1821 2643 νούθετηῦντιιῗ

1080 2656 1150 2676 lGER.

1089 2684 1144 2718 (30)
1160 2685 1212 2717 Εἰς
1235 2684 1291 2718 τὴν
1305 2685 1480 2719 πρέπουσαν
1549 2685 1713 2718 ἀορίστως.
1736 2684 1790 2711 Ha'r
1803 2683 1821 2707 in

1053 2718 1116 2754 edit.
1135 2719 1228 2746 Colon.
1247 2718 1404 2754 (Lipsiensi)
1421 2721 1518 2754 partim
1537 2724 1644 2748 temere
1657 2721 1821 2754 ontissa.paf"

1054 2753 1101 2781 tim
1119 2753 1208 2781 luxata
1224 2753 1322 2782 rideas.
1339 2754 1421 2782 αλιι..
