1844 3047
52 69 118 96 i257

520 68 732 97 FRAGMENTA
749 69 794 98 EX
815 70 927 99 LlBRIS
947 71 990 99 DE
1007 71 1160 100 NATURA.

1596 73 1664 102 i258

47 129 98 155 ὑπὸ
114 127 159 154 τοῦ
181 126 258 159 Θεοῦ,
276 127 344 154 κατὰ
366 126 411 154 τὸν
436 128 564 164 ποιητὴν,
585 128 703 163 ἄγοιντο,
722 115 775 155 συν·

935 138 998 159 :ura:
1011 132 1109 159 milites
1123 130 1204 159 simul
1217 130 1300 158 etiam
1313 138 1408 158 omnes
1421 130 1591 159 dimicarent.
1612 133 1663 165 Qui

46 181 117 209 χοιεν
132 173 216 200 δὲκαὶ
230 173 450 207 συναγελάζοιντο
459 195 466 206 ,
483 174 662 210 γνωρίζουσαι
672 175 722 206 τὰς
734 183 831 209 συγγε-

45 221 114 252 νεῖς’
139 219 280 255 θαυμαστή
305 228 336 254 γε
358 221 412 248 τῶν
427 220 537 256 ἀτόμων
557 220 768 256 ήδημοκρατία,
787 223 831 248 δε-

45 265 193 300 ξιουμένων
211 274 240 291 τε
264 265 380 301 ἀλλήλας
396 266 449 293 τῶν
467 266 549 300 φίλων
568 266 614 292 καὶ
633 266 831 302 περιπλεκομέ-

43 318 106 343 νων,
116 311 156 342 εἲς
168 310 231 346 μίαν
244 320 274 337 τε
285 311 471 347 κατασκηνοῦν
485 311 622 338 συνοικίαν
636 312 830 347 ἐπειγομένων·

25 375 27 379 ι
44 358 91 384 καὶ
112 357 164 383 τῶν
182 357 242 392 μὲν,
256 358 526 393 ἀποτετορνευμένων
539 357 699 394 αὐτομάτως
711 359 750 390 εἰς
758 358 832 393 ἥλιον

43 403 174 439 φωστῆρα
190 403 284 438 μέγαν,
297 403 340 430 ἵνα
351 404 483 439 ποιήσωσι
495 403 544 438 τὴν
558 403 664 442 ἡμέραν
675 411 682 418 ⁸
694 402 747 429 τῶν
758 403 832 434 δὲείς

43 449 145 481 πολλὰς
169 449 233 480 ἴσως
253 448 409 484 πυραμίδας
430 448 552 485 ἀστέρων
573 448 831 484 ἀναπεφλεγμένων,

42 495 85 521 τνα
105 495 153 521 καὶ
168 495 227 522 ὅλον
244 493 435 530 στεφανώσωσι
454 495 501 521 τὸν
519 494 646 531 οὐρανόν·
661 495 715 521 τῶν
730 495 769 525 δὲ,
785 504 833 521 πε-

42 541 253 576 ριτεταγμένων,
271 541 314 567 ἵνα
328 540 407 566 αὑτὸν
416 540 479 575 εἰκῆ
493 539 663 576 στερεώσωσι
681 540 728 567 καὶ
744 549 778 567 κα
783 549 832 575 μα-

40 585 151 621 ρώσωσι
163 585 208 613 τὸν
220 586 314 622 αἰθέρα
330 587 369 617 είς
379 585 429 621 τὴν
440 585 493 612 τῶν
507 582 599 621 φωστή
605 593 657 620 ρων
671 585 831 622 ἐπιϐάθραν,

38 632 217 665 ἐπιλέξωνταί
232 640 261 658 τε
277 633 386 663 ἑαυταῖς
404 632 431 658 αἱ
450 631 638 668 συνομολογίαι
650 631 704 658 τῶν
717 631 833 667 χυδαίων

40 678 153 714 ἀτόμων
170 679 254 714 μονὰς
267 698 274 711 ,
294 679 339 705 καὶ
357 678 596 714 διακληρώσωνται
610 679 655 705 τὸν
671 679 783 714 οὐρανὸν
793 679 832 710 εἰς

38 725 130 756 οἴκους
142 725 250 757 ἑαυταῖς
261 725 307 752 καὶ⁹
317 724 462 760 σταθμούς.
475 722 548 751 Εἶτα
557 726 620 759 μεθ’
629 724 715 759 ἕτερά
725 732 830 759 φησινο

40 770 116 797 Ἀλλ’
139 770 200 797 οὐδὲ
221 771 256 798 τὰ
277 771 381 806 φανερὰ
399 770 498 806 ὁρῶσιν
512 771 588 798 αὐτοὶ
604 772 628 798 οἱ
652 771 829 808 ἀπρονόητοι,

37 816 139 843 πολλοῦ
165 825 197 851 γε
217 817 305 844 δέουσι
323 817 436 853 συνορᾷν
460 817 508 844 καὶ
532 817 566 844 τά
588 817 688 853 ἀφανῆ.
712 818 830 844 Ἐοίκασι

37 862 93 899 γάρ
118 860 187 899 μηδὲ
206 863 336 896 ἀνατολὰς
355 863 517 890 ὑποπτεύειν
529 864 707 899 τεταγμένας,
719 864 767 891 καὶ
783 864 830 891 δύ-

37 917 108 941 σεις,
143 910 212 945 μήτε
240 910 294 937 τῶν
318 909 414 942 ἀλλων,
442 910 511 945 μήτε
535 909 583 941 τὰς
608 910 831 946 ἐκπρεπεστάταις

35 954 132 989 ἡλίου·
161 955 229 990 μηδὲ
252 954 367 990 χρῆσθαι
384 955 443 985 ταῖς
468 953 501 980 δι’
526 954 615 981 αὐτῶν
632 954 831 990 δεδωρημέναις

34 1000 195 1036 ἀνθρώποις
207 1001 387 1037 ἐπικουρίαις,
399 1000 574 1037 ἀναπτομένῃ
590 1000 639 1038 μὲν
651 1001 690 1032 εἰς
701 1001 830 1036 ἐργασίαν

34 1048 149 1083 ἡμέρᾳ,
178 1047 387 1084 ἐπηλυγαςοὺσῃ
408 1047 436 1074 δὲ
465 1046 541 1073 νυκτὶ
569 1046 638 1082 πρὸς
662 1047 829 1074 ἀνάπαυλαν.

40 1094 256 1125 Ἐξελεύσεται
276 1093 331 1127 γὰρ
344 1092 508 1127 ἄνθρωπος,
530 1092 623 1127 φησὶν,
636 1092 684 1119 ἐπὶ
699 1092 731 1119 τὸ
743 1093 831 1127 ἔργον

33 1139 144 1170 αὑτοῦ.
160 1138 208 1165 καὶ
219 1138 267 1165 ἐπὶ
278 1138 334 1172 τὴν
347 1138 490 1173 ἐργασίαν
502 1138 605 1170 αὑτοῦ,
621 1138 676 1172 ἕως
690 1139 828 1174 ἑσπέρας.

39 1184 113 1211 Ἀλλ’
130 1185 191 1211 οὐδὲ
205 1184 254 1220 τὴν
272 1185 366 1220 ἑτέραν
382 1183 575 1211 ἐπισκοποῦσιν
585 1184 767 1221 ἀνακύκλησιν
779 1186 830 1213 αὑ-

31 1229 94 1262 τοῦ,
113 1229 175 1256 καθ’
190 1230 223 1265 ἢν
236 1229 389 1265 ὡρισμένας
399 1229 483 1265 ὥρας,
498 1229 545 1256 καὶ
555 1230 667 1266 καιροὺς
676 1230 830 1267 εὐκαίρους,

32 1277 84 1304 καὶ
99 1277 204 1314 τροπὰς
214 1277 441 1313 ἀπαρατρέπτους
461 1277 598 1310 ἀποτελεῖ,
617 1278 670 1304 ὑπὸ
686 1278 739 1304 τῶν
756 1278 784 1311 ἐξ
793 1276 843 1313 ὧν¹

34 1321 113 1349 ἐστιν
137 1322 246 1358 ἀτόμων
271 1321 462 1358 ὁδηγούμενος.
492 1322 572 1348 Ἀλλὰ
589 1321 640 1349 κᾶν
660 1322 697 1359 μὴ
718 1322 830 1350 θέλωσιν

31 1369 57 1395 οἱ
74 1369 199 1401 δείλαιοι,
220 1369 257 1400 ὡς
272 1368 294 1395 δ’
314 1366 359 1395 οὖν
373 1368 556 1400 πιστεύουσιν,
578 1369 603 1394 οἱ
620 1369 729 1401 δίκαιοι,
745 1368 831 1405 μέγας

31 1415 143 1451 Κύριος
156 1416 171 1441 ὁ
190 1415 305 1451 ποιήσας
320 1415 410 1447 αὑτὸν,
432 1415 478 1441 καὶ
494 1415 523 1441 ὲν
543 1414 631 1449 λόγοις
652 1415 733 1442 αὐτοῦ
751 1415 831 1442 κατέ-

31 1469 142 1487 σπευσε
157 1461 277 1497 πορείαν.
293 1462 404 1496 ’Δτομοι
416 1461 470 1496 γὰρ
484 1462 548 1496 ὑμῖν
557 1461 678 1497 χειμῶνα
691 1462 827 1498 φέρουσιν,
842 1475 864 1503 c

30 1504 54 1534 ὦ
76 1507 193 1542 τυφλοὶ,
214 1508 260 1534 καὶ
276 1508 368 1540 ὑετοὺς
378 1527 386 1539 ,
401 1508 444 1534 ἵνα
458 1508 474 1543 ὴ
491 1508 526 1543 γῆ
541 1507 643 1544 τροφὰς
657 1507 721 1543 ὑμῖν
735 1516 765 1534 τε
779 1508 826 1534 καὶ

30 1556 105 1581 πᾶσι
117 1556 174 1586 τοῖς
189 1555 231 1580 ἐπ’
246 1554 336 1586 αὐτοῖς
348 1554 426 1586 ζώοις
441 1554 511 1590 ἀνῇ;
529 1554 614 1590 Θέρος
627 1563 656 1580 τε
671 1554 828 1589 ἐπάγουσιν,

28 1602 79 1627 ἵνα
102 1601 154 1627 καὶ
173 1600 235 1632 τοὺς
254 1599 307 1627 ἀπὺ
327 1600 442 1636 δένδρων
463 1601 502 1631 είς
518 1600 624 1636 τρυφὴν
644 1600 766 1636 καρποὺς
784 1600 830 1626 λά-

28 1648 122 1684 6ητε;
142 1648 196 1674 Καὶ
211 1647 261 1674 διά
271 1647 297 1674 τί
316 1647 353 1683 μὴ
374 1648 434 1679 ταῖς
449 1647 560 1683 ἀτόμοις
583 1648 760 1683 προσκυνεῖτε
783 1648 829 1674 καὶ

27 1695 116 1721 Θύετε
135 1695 196 1726 ταῖς
210 1692 547 1730 ὲπικάρποις;’Δχάριστοί
563 1703 605 1728 γε,
624 1694 690 1729 μηδὲ
704 1693 828 1729 ἀπαρχὰς

26 1742 133 1772 αὑταῖς
154 1741 247 1775 ὀλίγας
267 1742 320 1767 τῶν
336 1741 441 1768 πολλῶν
463 1741 581 1777 δωρεῶν,
607 1741 639 1772 ἃς
656 1741 720 1776 παρ’
740 1739 829 1767 αὐτῶν

26 1789 126 1824 ἔχετε.
150 1788 335 1824 ἀφιεροῦντες.
360 1788 416 1814 Καὶ
441 1788 516 1823 μετὰ
535 1787 652 1822 ,βραχέα
665 1788 775 1822 φησίν·
800 1788 829 1814 '0

25 1835 59 1862 δὲ
79 1833 232 1870 πολυεονὴς
249 1835 295 1861 καὶ
308 1833 459 1869 πολυμιγὴς
474 1834 557 1869 δῆμος
567 1834 620 1860 τῶν
635 1833 766 1869 ἀστέρων,
783 1833 829 1866 οὓς

22 1881 58 1908 αἱ
78 1879 261 1911 πολυπλανεῖς
279 1880 326 1907 καὶ
342 1880 385 1907 ἀεὶ
404 1878 645 1915 διαρῤιπτούμεναι
662 1878 828 1914 συνέστησαν

25 1927 147 1962 ἄτομοι,
168 1924 258 1961 χώρας
279 1926 384 1957 ἑαυτοῖς
410 1925 481 1952 κατὰ
495 1924 632 1960 συνθήκας
649 1925 827 1957 ἀπεδάσαντο,

22 1973 133 2007 ὧσπερ
149 1971 276 1998 ἀποικίαν
293 1971 340 1997 καὶ
361 1971 498 1998 συνοικίαν
519 1970 686 2005 ἀνελόμενοι,
715 1970 828 2006 μηδενὸς

20 2016 159 2044 οἰκιστοῦ
185 2016 251 2052 μηδὲ
272 2016 462 2042 οἰκοδεσπότου
483 2015 680 2051 προεστηκότος
693 2024 699 2030 ·
722 2016 767 2042 καὶ
779 2016 828 2047 τὰς

22 2064 105 2098 πρὸς
131 2062 195 2093 τοὺς
214 2061 416 2097 πλησιοχώρους
429 2061 602 2096 γειτνιάσεις,
619 2061 762 2096 ἐνωμότως
781 2061 828 2088 καὶ

23 2110 95 2145 μετ’
125 2108 236 2144 εἰρήνης
259 2108 452 2142 φυλάττουσιν,
478 2107 526 2142 οὐχ
552 2107 761 2142 ὑπερῦαίνοντες
781 2106 827 2138 οὓς

883 177 905 203 si
927 177 1070 203 ridiculum
1096 177 1148 204 hoc
1168 176 1284 211 exempli
1304 184 1388 211 genus
1403 184 1463 204 esse
1477 177 1577 210 dicent,
1592 178 1666 213 quod

883 230 1042 258 magnorum
1065 231 1208 257 corporum
1232 230 1294 250 cum
1321 222 1441 250 minimis
1464 225 1665 251 contentionem

882 269 1039 301 instituam;
1058 269 1091 295 ad
1114 269 1225 296 minima
1241 268 1392 296 veniemus.
1417 268 1482 295 Ηιιό
1494 269 1548 303 ille.
1564 270 1665 302 Quibus

881 313 974 340 deinde
988 322 1046 349 qua:
1061 321 1205 349 sequuntur
1221 314 1342 349 adjungit
1355 321 1364 341 :
1380 314 1457 347 Quod
1472 315 1495 341 si
1513 315 1605 347 ducis.
1622 316 1666 342 in-

882 359 949 394 quit,
967 368 1054 395 neque
1070 368 1179 392 nomen,
1194 367 1282 394 neque
1297 360 1427 392 delectus,
1444 368 1531 395 neque
1545 361 1666 389 colloca~

882 404 920 431 tio
932 404 960 431 in
972 412 1066 432 earum
1082 413 1141 433 sese
1161 405 1373 432 moderationem
1394 406 1506 440 ingessit
1520 415 1527 433 :
1545 411 1572 434 at
1589 407 1668 442 ipsa:-

883 454 936 476 met
950 454 1045 484 suopte
1070 450 1192 483 arbitrio,
1209 458 1241 478 ex
1255 451 1337 490 multa
1353 458 1413 478 sese
1437 451 1557 478 continui
1575 451 1665 479 (luxus

883 495 961 522 turba
983 496 1150 530 colligentes,
1176 504 1328 532 magnoque
1346 497 1480 524 variarum
1494 498 1665 525 commissio-

883 549 947 568 num
962 542 1078 569 tumultu
1099 542 1243 575 declinato,
1270 543 1372 570 similes
1388 551 1451 570 cum
1475 544 1610 571 similibus
1627 544 1664 571 ita

882 587 1070 621 convenerint,
1091 592 1122 615 ut
1134 592 1223 615 tamen
1238 596 1292 616 non
1307 589 1390 616 divini
1404 588 1528 617 Numinis
1542 589 1663 622 ductum,

882 633 1108 668 quemadmodum
1120 639 1197 669 poeta
1211 634 1297 669 lingit,
1311 640 1410 663 secuta:
1425 635 1477 662 sint
1488 643 1495 667 ;
1507 636 1552 662 sed
1563 637 1663 670 potius.

883 687 944 707 cum
970 687 1029 707 sese
1055 679 1147 707 amnes
1171 684 1266 707 mutuo
1291 685 1465 716 cognataque
1488 686 1610 714 nossent,
1636 683 1663 709 iu

884 734 967 752 unum
985 725 1063 761 quasi
1087 733 1194 761 gregem
1216 725 1411 758 conﬂuxerint;
1435 734 1476 753 nae
1497 727 1664 761 admirabilis

884 771 941 798 haec
958 776 1111 798 atomorum
1130 771 1296 798 democratia
1317 775 1374 803 est;
1398 770 1442 797 ubi
1456 759 1663 799 amicaz‘amicas

882 817 1016 852 excipiant
1031 821 1111 851 atque
1126 817 1349 851 complectantur,
1369 817 1459 852 itaque
1471 824 1554 843 unum
1570 817 1595 843 in
1613 818 1663 844 do-

881 863 1012 890 micilium
1029 856 1173 890 convolent
1188 862 1330 890 universa}.
1350 862 1419 889 Tum
1439 867 1520 890 certat
1540 861 1662 898 quaedam

881 910 964 942 ultro,
980 909 1007 935 in
1022 909 1105 936 solem
1121 916 1248 944 magnum
1265 908 1330 936 illud
1352 909 1439 942 sidus,
1454 908 1572 943 quodam
1586 908 1664 943 quasi

881 956 961 979 torno
976 951 1166 982 rotundentur,
1183 957 1211 979 ut
1223 952 1295 979 diem
1306 953 1438 987 eiiiciaut;
1454 954 1524 987 alite,
1538 962 1592 988 quo
1607 961 1663 981 etn-

881 997 937 1025 lum
959 999 1093 1033 integrum
1111 1001 1251 1030 coronent,
1276 998 1303 1025 in
1320 999 1450 1033 plurimas
1475 999 1599 1027 fortassis
1620 1008 1665 1027 ar~

880 1044 1001 1072 dentium
1027 1045 1165 1072 stellarum
1192 1045 1344 1081 pyramides
1369 1046 1533 1081 ﬁgurentur;
1559 1047 1619 1074 alia:
1636 1048 1663 1074 in

881 1091 974 1118 orbem
996 1091 1115 1128 digestae,
1132 1092 1267 1120 ﬁrmitatis
1291 1092 1393 1127 aliquid
1418 1093 1510 1120 aetheri
1539 1094 1662 1125 aiferant.

881 1144 967 1172 coque
985 1138 1129 1165 testudinis
1142 1138 1169 1164 in
1185 1145 1287 1164 morem
1302 1144 1502 1170 concamerata,
1519 1139 1662 1167 subeunti-

882 1183 933 1211 bus
953 1184 1015 1211 coeli
1040 1183 1200 1215 luminibus,
1216 1183 1356 1218 quosdam
1376 1185 1454 1218 quasi
1476 1185 1575 1219 gradus
1597 1194 1664 1220 prae-

881 1234 1001 1263 struant;
1013 1230 1134 1264 adeoque
1142 1230 1293 1265 vulgarium
1307 1234 1459 1257 atomorum
1473 1231 1605 1258 factiones
1614 1231 1664 1258 do—

881 1276 982 1303 micilia
1002 1275 1053 1303 sibi
1065 1275 1194 1310 deligant,
1213 1283 1244 1303 ac
1263 1277 1361 1303 cmlum
1381 1277 1469 1310 ipsum
1496 1277 1618 1311 proprias
1636 1278 1662 1303 in

881 1322 976 1349 domos
992 1326 1072 1356 atque
1087 1322 1216 1349 stationes
1230 1322 1300 1348 inter
1310 1329 1370 1349 sese
1385 1323 1546 1357 partiamur.
1560 1322 1661 1350 Rursus

881 1367 941 1394 aliis
957 1359 1116 1402 quibusdam
1133 1368 1276 1401 interjectt's
1292 1375 1301 1394 :
1319 1367 1384 1401 Imo,
1410 1369 1505 1404 inquit,
1529 1377 1563 1396 ne
1583 1369 1662 1397 obvia

880 1413 989 1447 quidem
1002 1414 1093 1440 vident
1104 1413 1228 1440 homines
1244 1414 1398 1449 improvidi.
1425 1419 1528 1442 tantum
1544 1415 1618 1442 abest
1634 1421 1663 1442 ut

881 1459 985 1485 occulta
1002 1459 1170 1493 provideant.
1193 1457 1292 1493 Utique
1309 1464 1382 1486 ratos
1407 1459 1468 1487 illos
1490 1465 1573 1496 atque
1593 1468 1661 1488 cou-

880 1508 982 1531 stantes
1005 1509 1081 1531 ortus
1106 1503 1251 1538 obitusque
1272 1504 1402 1538 siderum,
1430 1513 1485 1534 non
1507 1512 1665 1534 czeterorum

880 1551 971 1584 modo,
986 1558 1078 1577 verum
1093 1551 1173 1577 etiam
1192 1550 1258 1577 solis
1276 1550 1397 1578 omnium
1417 1552 1612 1586 nobilissimos,
1628 1560 1662 1579 ne

879 1596 1043 1630 suspicando
1060 1595 1170 1630 quidem
1196 1595 1321 1623 videntur
1343 1597 1473 1631 attingere
1488 1605 1495 1624 :
1510 1605 1560 1624 nec
1577 1598 1610 1625 iis
1622 1598 1660 1625 uti

879 1642 1129 1674 commoditatibus,
1141 1649 1209 1677 quas
1224 1642 1364 1669 hominum
1376 1643 1467 1677 generi
1480 1644 1662 1679 suppeditant,

879 1691 927 1715 aut
949 1688 1098 1715 collucente
1113 1689 1146 1716 ad
1162 1689 1319 1715 obeundum
1342 1696 1410 1723 opus
1432 1689 1485 1722 die,
1512 1694 1560 1717 aut
1583 1696 1671 1728 nocte‘

878 1733 1125 1769 quietiscapienda:
1139 1742 1222 1762 causa
1234 1739 1321 1762 terras
1336 1740 1475 1769 opacantc.
1489 1735 1582 1762 Exibit
1592 1737 1662 1763 enim

878 1779 965 1813 homo,
983 1780 1081 1814 inquit,
1100 1779 1134 1806 ad
1153 1788 1218 1814 opus
1236 1787 1324 1812 suum,
1344 1784 1369 1806 et
1387 1781 1564 1814 operationem
1585 1789 1662 1807 suam

878 1832 959 1858 usque
972 1823 1006 1849 ad
1024 1831 1156 1856 vesperum
1172 1823 1204 1851 “.
1220 1823 1275 1851 Nec
1289 1831 1352 1850 vero
1365 1825 1477 1851 alteram
1491 1824 1550 1860 ejus
1563 1825 1662 1852 circui-

879 1870 980 1897 tionem
993 1870 1145 1902 attendunt,
1158 1876 1212 1904 qua
1225 1869 1367 1897 distinctas
1380 1874 1551 1905 tempestates
1562 1878 1661 1905 oppor—

878 1921 998 1952 lunaque
1012 1921 1142 1951 tempora,
1155 1924 1205 1943 nec
1215 1923 1329 1951 usquam
1339 1916 1459 1944 ἀοιοτιιιιι
1471 1918 1661 1944 conversiones

878 1964 988 1997 ciliciat;
1010 1970 1106 1991 carum
1129 1963 1254 1990 videlicet
1269 1970 1300 1989 ex
1329 1963 1430 1998 quibus
1449 1963 1508 1997 ipse
1521 1964 1661 1996 consistit,

878 2015 1030 2037 atomorum
1046 2008 1158 2037 ductum
1173 2014 1292 2037 secutus.
1305 2009 1339 2036 At
1351 2009 1499 2040 enimvero,
1513 2009 1597 2037 velint
1610 2017 1661 2036 no-

878 2057 929 2083 lint
946 2056 1070 2083 homines
1093 2063 1188 2090 reapse
1210 2056 1313 2087 miseri,
1338 2056 1475 2090 quomodo
1496 2060 1584 2082 tamen
1608 2056 1660 2083 sibi

877 2104 1052 2138 persuadent,
1069 2103 1218 2138 aequissimi
1234 2111 1241 2129 :
1256 2110 1371 2137 magnus
1390 2102 1434 2129 illc
1457 2102 1589 2129 Dominus
1613 2103 1661 2138 qui

21 2144 82 2182 καὶ
100 2154 244 2189 εἰλήφασιν
258 2153 288 2186 ἐξ
301 2154 386 2189 ἀρχῆς
400 2154 480 2189 ὅρους
490 2173 498 2186 ,
512 2153 607 2189 ὥσπερ
622 2153 674 2179 ὑπὸ
688 2153 740 2179 τῶν

931 2157 962 2176 :m
978 2149 1088 2182 creavit,
1104 2149 1246 2176 verborum
1261 2156 1370 2182 quoque
1382 2155 1491 2175 suorum
1504 2148 1527 2174 vi
1538 2148 1659 2182 ejusdem

19 2202 117 2229 λίὸων
140 2200 249 2235 ἀτόμων
269 2197 499 2234 νομοθετούμενοι.
534 2199 602 2225 Ἀλλ’
627 2200 677 2225 οὐκ
699 2198 828 2233 ἄρχουσιν

19 2250 161 2276 ὲκεῖναι”
184 2246 241 2278 πῶς
262 2246 316 2282 γὰρ
337 2247 364 2272 αἱ
388 2246 448 2282 μηδ’
466 2244 560 2279 οὖσαις
592 2246 671 2273 Ἀλλὰ
689 2246 768 2272 θείων
786 2245 829 2272 λο-

20 2295 104 2330 γίων
120 2291 291 2320 ἐπακούει-ατε
301 2300 308 2306 ·
333 2292 383 2319 Ἐν
397 2291 494 2325 κρίσει
513 2293 625 2326 Κυρίου
640 2292 675 2318 τὰ
687 2293 759 2327 ἔργα
772 2294 826 2320 αὺ-

21 2341 102 2370 τοῦ.
136 2338 194 2366 Ἀπ’
209 2337 305 2373 ἀρχῆς
329 2338 379 2365 καὶ
405 2338 464 2365 ἀπὸ
484 2338 631 2372 ποιήσεως
646 2338 754 2370 αὐτῶν,
770 2339 828 2366 δ’ἐξ

21 2388 146 2415 στειλε
162 2385 283 2420 μερίδας
305 2383 418 2412 αὐτῶν·
434 2384 604 2419 ἐκόσμησεν
623 2385 667 2418 εἰς
689 2384 780 2412 αἰῶνα
792 2386 827 2413 τὰ

20 2435 113 2469 ἕρτα
127 2431 232 2463 αὑτοῦ,
252 2431 301 2458 καὶ
316 2431 369 2464 τὰς
382 2430 477 2465 ἀρχὰς
491 2430 590 2458 αὐτῶν
600 2432 643 2465 εἰς
658 2432 761 2466 γενεὰς
773 2432 826 2458 αὺ-

18 2480 107 2508 τῶν.
122 2494 159 2499 -
172 2478 227 2504 Καὶ
237 2478 312 2513 μετὰ
323 2477 440 2512 βραχέα
452 2477 562 2512 φησιν·
579 2479 614 2504 Ἢ
627 2478 669 2510 τίς
683 2478 768 2510 οὕτως
779 2479 826 2505 εὐ-

13 2527 146 2555 τάκτως
158 2523 269 2550 πεδιάδα
283 2523 335 2558 γῆν
349 2522 475 2549 διώδευσε
489 2522 604 2557 φάλαγξ,
619 2523 649 2550 οὐ
667 2523 826 2559 προθέοντος

13 2570 155 2602 οὐδενὸς,
163 2570 213 2596 οὐκ
221 2571 266 2596 ὲκτ
271 2569 429 2605 ρεπομένου,
437 2569 487 2596 οὐκ
494 2568 749 2603 ὲμποδιστατοῦντος
758 2569 825 2605 (58),

10 2620 85 2647 οὐκ
114 2616 329 2652 ἀπολειπομένου
354 2615 407 2642 τῶν
435 2615 737 2650 συμπαρατεταγμένων
751 2623 757 2629 ·
787 2615 825 2647 ὡς

12 2664 184 2697 ισ-όστοιχοι
200 2662 247 2688 καὶ
261 2660 483 2691 συνασπιδοῦντες
496 2660 540 2686 ἀεὶ
555 2661 680 2696 προΐασιν
691 2681 699 2692 ,
716 2660 730 2686 6
748 2666 825 2686 συνε-

67 2721 97 2737 ¹⁸
116 2720 189 2748 Psal.
204 2728 263 2754 CIII,
276 2720 322 2747 25.

879 2203 990 2222 cursum
1007 2195 1138 2222 incitavit.
1154 2195 1244 2221 Atomi
1268 2194 1376 2229 quippe,
1401 2194 1517 2221 hiemem
1535 2195 1623 2227 vobis,
1643 2203 1661 2222 ο

879 2241 953 2272 caeci,
971 2248 1003 2268 ac
1015 2241 1119 2275 pluvias
1138 2239 1264 2270 aﬂ‘erunt.
1281 2244 1309 2266 ut
1323 2239 1451 2266 alimenta
1464 2239 1540 2267 vobis
1560 2247 1593 2267 ac
1609 2248 1662 2268 cte-

879 2287 944 2315 teris
961 2287 1144 2314 animantibus
1159 2291 1231 2312 tcrra
1248 2285 1395 2321 producat?
1406 2285 1566 2313 Earumdem
1580 2291 1660 2314 aestas

878 2333 1036 2360 beneﬁcium
1050 2337 1101 2365 est,
1116 2336 1145 2358 ut
1158 2331 1285 2358 arborum
1297 2331 1378 2358 etiam
1387 2331 1420 2358 ad
1433 2331 1544 2358 delicias
1555 2330 1661 2358 fructus

880 2379 1033 2415 colligatis?
1051 2378 1150 2412 Quidni
1169 2386 1251 2413 porro
1267 2379 1364 2405 atomis
1376 2377 1484 2413 frugum
1499 2378 1660 2413 praesidibus

880 2425 994 2453 solemni
1016 2426 1090 2452 cultu
1114 2433 1192 2452 sacra
1215 2424 1320 2451 facitis?
1341 2423 1470 2452 Homines
1487 2425 1595 2460 ingrati,
1613 2425 1661 2459 qui

880 2477 919 2499 tot
931 2472 1064 2499 donorum
1080 2478 1141 2505 quae
1158 2471 1193 2497 ab
1210 2470 1244 2497 iis
1260 2470 1393 2505 accipitis,
1409 2478 1442 2497 ne
1453 2470 1588 2505 primitias
1603 2471 1662 2505 qui-

878 2517 939 2544 dem
957 2516 1087 2551 pauculas
1102 2517 1276 2543 consecretis.
1296 2515 1448 2552 Iterumque
1471 2521 1529 2551 post
1553 2525 1637 2551 pauca
1650 2524 1660 2544 :

879 2563 1017 2598 Multiplex
1035 2566 1135 2594 autem,
1154 2563 1249 2596 inquit,
1263 2562 1308 2589 illa
1324 2563 1462 2589 stellarum
1480 2563 1563 2595 natio,
1578 2571 1659 2598 quam

878 2609 1000 2638 erraticm
1012 2616 1043 2635 ac
1055 2616 1162 2642 semper
1176 2609 1229 2635 huc
1242 2609 1359 2644 illucque
1371 2609 1490 2643 disjectie
1504 2610 1586 2636 atomi
1599 2616 1661 2635 con-

878 2655 1113 2699 ilaverunt,_sedes
1129 2654 1186 2689 ipsa
1199 2655 1259 2688 sibi,
1271 2656 1385 2683 coloniae
1399 2656 1539 2690 cujusdam
1557 2660 1604 2683 aut
1616 2663 1662 2683 so-

65 2794 131 2830 (58)
153 2792 466 2828 Ἐμποὸιστατοῧντος.
487 2792 563 2820 Forte
577 2790 793 2827 ἒμπώοστατοῦν

227 2792 466 2824 ὀὃιστατοῧντοᾳ
487 2792 563 2820 Forte
577 2790 849 2827 ἑμποδοστατοῦντες.
861 2788 955 2815 V’IcL'a.

201 2841 333 2869 ιἈτιιοι..
355 2840 412 2870 (ia.
432 2840 474 2870 Χ.

1481 2830 1522 2861 ιο
