1844 3047
17 93 88 121 I26!

523 95 733 125 FRAGMENTA
752 95 798 124 EX
816 95 928 124 LIBRIS
948 95 992 124 DE
1009 96 1165 126 NATURA.

1590 101 1600 128 Ι
1607 99 1659 128 ἰϐὶ

11 158 80 187 ταῖς
106 156 137 183 δὲ
162 157 337 189 ὀστωθείσαις
352 157 530 193 ῆνώρθωται,
553 158 613 190 ταῖς
639 159 668 186 δὲ
692 167 739 186 συν

932 162 990 186 atas
1002 159 1176 192 convestivit,
1192 158 1253 186 aliis
1270 158 1298 188 in
1313 166 1376 188 ossa
1391 159 1530 189 conversis
1542 163 1658 190 erectior

13 203 302 240 νευρορῤαφουμένη;
325 204 366 231 Τά
396 213 426 231 τε
458 205 525 232 ἄλλα
542 205 627 232 πολλά
654 206 741 241 μέλη,
770 206 817 233 καὶ

13 248 180 284 σπλάγχνα,
201 250 248 276 καὶ
258 251 373 284 κὲγκατα
388 270 395 282 ,
423 251 471 279 καὶ
495 251 678 288 αἰσθητήρια,
707 252 742 278 τά
767 252 816 287 μὲν

11 293 141 326 ἔνδοθεν,
165 295 199 322 τὰ
220 296 248 323 δὲ
276 297 392 332 θύραθεν
411 298 562 334 ἐφήρμοσε,
583 299 617 326 δι’
642 296 680 326 ὧν
703 299 816 332 ἐζωογο-

10 339 86 375 νὴθη
103 340 137 367 τὸ
154 340 247 376 σῶμας
265 339 315 368 Ὧν
327 343 402 370 οὐδὲν
416 344 501 380 ἀργὸν
511 364 518 375 ,
534 344 594 370 οὐδὲ
608 344 717 380 ἀχρεῖον
733 352 815 380 προσ-

11 385 121 421 ετέθη”
156 387 217 414 ἐπεὶ
251 388 318 424 μηδὲ
343 389 378 415 τὰ
405 390 577 424 φαυλότατα,
608 391 676 425 μήτε
705 389 814 426 τρίχες,

13 433 90 467 μήτε
124 433 233 468 ὄνυχες·
263 435 350 461 πάντα
374 435 420 468 δὲ,
443 435 478 462 τὰ
507 435 556 472 μὲν
575 435 644 472 πρὸς
659 436 689 462 τὸ
707 436 756 472 τῆς
769 445 815 462 συ-

11 478 145 511 στάσεως
160 480 265 515 δφελος,
290 480 323 508 τὰ
347 481 375 508 δὲ
401 482 470 518 πρὸς
494 482 524 509 τὺ
549 482 646 514 κάλλος
664 483 713 519 τῆς
728 483 816 518 ὅψεως

11 526 153 554 συντελεῖ.
180 527 216 554 Οὺ
240 527 294 564 γὰρ
317 529 366 563 τῆς
387 529 481 565 χρείας
502 530 596 565 μόνης,
620 529 688 556 ἀλλὰ
704 530 815 565 καὶτῆς

10 572 91 608 ὥρας
107 573 243 610 ἐπιμελὴς
257 575 274 609 ἡ
289 575 414 610 Πρόνοια.
432 576 541 611 Ἔρυμα
556 576 605 612 μὲν
621 575 675 612 γὰρ
692 577 739 603 καὶ
753 577 815 603 σκέ-

10 627 117 654 πασμα
132 620 224 656 πάσης
241 621 291 656 τῆς
304 621 423 657 κεφαλῆς
444 622 461 657 ἡ
478 622 567 658 κόμη·
583 622 735 658 εὐπρέπεια
753 622 780 649 δὲ
800 623 814 649 ὁ

10 665 120 700 πώγων
141 667 180 703 τῷ
202 667 348 704 φιλοσόφῳ.
368 669 423 705 Τήν
437 678 467 695 τε
481 669 528 696 τοῦ
543 669 604 696 ὅλου
624 670 749 706 σώματος
765 671 813 697 τοῦ

10 711 192 747 ἀνθρωπείου
217 713 297 748 φύσιν
310 716 342 741 ἐκ
355 715 409 741 τῶν
428 716 521 751 μερῶν
532 716 689 750 ἀναγκαίων
704 717 812 743 πάντων

10 751 136 793 ἥρμοσε,
163 759 210 786 καὶ
231 761 287 792 τοῖς
312 760 405 796 μέλεσι
421 762 488 788 πᾶσι
507 762 557 797 τήν
576 770 605 788 τε
621 762 688 797 πρὸς
711 762 812 798 ἆῦληλα

10 805 161 832 κοινωνίαν
183 807 338 842 περιέϐαλε,
359 807 405 834 καὶ
424 808 473 844 τὴν
495 807 570 843 παρά
583 807 630 835 τοῦ
650 808 710 835 ὃλου
729 817 812 844 χορη-

10 851 74 884 γίαν
101 852 304 888 ὲπεμέτρησεν.
322 850 372 879 Ὧν
396 853 431 880 τὰ
449 853 497 888 μὲν
513 854 644 890 ὁλοσχερῆ
655 874 662 885 .
689 855 736 881 καὶ
752 856 808 886 τοῖς

10 897 141 930 ἰδιώταις
155 899 188 925 ἐκ
201 898 252 934 τῆς
267 899 382 935 πείρας,
400 900 433 935 ἢν
456 900 513 935 ἔχει
525 900 649 936 δύναμιν,
668 900 805 936 πρόδηλα·

10 945 140 981 κεφαλῆς
157 946 288 982 ἡγεμονία
298 967 305 978 ,
322 948 368 974 καί
389 948 453 984 περὶ
468 948 513 975 τὸν
528 948 694 983 ἐγκέφαλον,
714 949 808 985 ὥσπερ

10 991 135 1027 Ξρχοντα
149 993 180 1019 ἐν
202 993 361 1029 ἀκροπόλει,
376 994 429 1021 τῶν
446 995 595 1030 αἰσθήσεων
610 995 627 1031 ἠ
641 995 789 1032 δορυφορία
799 1004 805 1010 ·

10 1037 180 1074 προσιοῦσαι
198 1038 252 1074 (40)
270 1040 318 1074 μὲν
332 1039 424 1075 ὄψεις,
441 1041 657 1075 ἀναγγέλλουσαι
671 1041 698 1068 δὲ
715 1042 806 1074 ἀκοαὶ,

10 1084 93 1120 ἐδωδὴ
121 1084 219 1120 ὥσπερ
235 1085 435 1121 φορολογοῦσα,
452 1086 585 1123 δσφρησις
603 1087 728 1122 καθάπερ
750 1088 808 1114 ἀνι-

10 1130 108 1165 ίνεύου
113 1139 150 1157 σα
164 1131 210 1157 καὶ
217 1131 254 1158 διε
260 1132 427 1168 ρευνωμένη,
440 1133 487 1160 καὶ
496 1133 552 1169 ἀφὴ
564 1134 618 1160 πᾶν
628 1134 807 1161 διατάττουσα

10 1177 35 1203 τὸ
53 1177 193 1214 ὑπήκοον.
211 1177 428 1213 (Κεφαλαιωδῶς
451 1179 507 1216 γὰρ
522 1179 570 1207 νῦν
585 1179 663 1214 ὀλίγα
683 1180 737 1207 τῶν
757 1181 806 1216 τῆς

10 1224 155 1258 πανσόῳου
170 1224 300 1260 Προνοίας
317 1224 405 1260 ἔργων
420 1225 645 1262 ἐπιδραμούμεθα
655 1247 662 1259 ,
680 1227 738 1261 μετ’
752 1227 807 1253 ὀλί-

10 1279 54 1303 γον
66 1270 281 1306 ἀκριϐέστερον,
297 1271 343 1297 τοῦ
361 1271 428 1298 Θεοῦ
443 1272 571 1305 διδόντος,
587 1272 806 1309 ὲπεξεργασόμε-

10 1324 62 1347 uot,
83 1317 155 1343 ὅταν
178 1317 246 1352 πρὸς
261 1317 307 1344 τὸν
323 1318 452 1345 δοκοῦντα
474 1319 634 1355 λογιώτερον
657 1319 806 1346 ἀποτεινιῦ-

10 1362 103 1398 μεθα.)
118 1363 227 1399 Χειρῶν
237 1364 368 1398 διακονία,
381 1365 414 1391 δι’
430 1362 468 1392 ὦν
480 1366 605 1402 ἐργασίαι
619 1375 649 1393 τε
666 1368 803 1398 παντοῖαι,

10 1409 53 1435 καὶ
70 1409 264 1445 πολυμήχανοι
279 1410 418 1438 τελοῦνται
439 1411 542 1447 τέχναι,
556 1413 616 1444 ταῖς
631 1413 703 1439 κατά
721 1412 802 1448 μέρος

10 1455 160 1490 Ξυνάμεσιν
173 1457 212 1488 είς
227 1456 292 1491 μίαν
315 1456 459 1492 συνεργίαν
476 1457 702 1494 διηρθρωμένων,
719 1457 802 1494 ὤμων

10 1510 33 1528 τε
52 1502 238 1537 ἀχθοφορίαι,
257 1504 304 1529 καὶ
327 1505 442 1540 κατοχαὶ
459 1504 597 1531 δακτύλων
607 1524 614 1536 ,
628 1504 759 1539 ἀγκώνων
772 1514 802 1532 τε
817 1514 838 1543 c

10 1547 142 1582 ιαμπαὶ,
167 1548 236 1584 πρός
256 1557 286 1575 τε
308 1549 338 1576 τὸ
359 1549 438 1585 σῶμα
457 1549 522 1576 εἴσω
541 1550 740 1585 στρεφόμεναι,
757 1550 804 1577 καὶ¹

11 1593 75 1628 πρὸς
101 1593 137 1619 τὸ
158 1593 237 1625 ἐκτὸς
256 1594 453 1624 ἀπονεύουσαι,
471 1595 515 1621 ἵνα
531 1595 694 1629 ὲφέλκεσθαί
709 1605 739 1623 τε
755 1597 803 1623 καὶ

11 1639 182 1666 ὶπωθεῖσθαι
196 1640 327 1668 δύνωνται
336 1650 343 1656 ·
361 1641 450 1668 ποδῶν
465 1642 613 1677 ὑπηρεσία,
630 1642 663 1669 δι’
676 1639 714 1670 ὧν
726 1641 803 1671 πᾶσα

11 1687 72 1722 ἡμῖν
98 1687 300 1714 ὑτυοπέπτωκεν
324 1689 342 1723 ἡ
367 1688 505 1724 περίγειος
529 1689 635 1720 κτίσις,
653 1689 768 1725 βάσιμος
784 1690 801 1725 ἡ

11 1732 57 1768 (ἦ,
76 1732 179 1768 πλωτὴ
196 1733 214 1769 ἡ
230 1733 369 1766 θάλασσα,
391 1734 539 1770 περάσιμοι
558 1736 583 1761 οἰ
599 1735 717 1770 ποταμοὶ
729 1754 736 1764 .
755 1735 802 1762 καὶ

11 1780 120 1806 πάντων
139 1779 208 1815 πρὸς
228 1780 317 1807 πάντα
330 1780 467 1816 ἐπιμιξία.
481 1780 591 1817 Γαστήρ
607 1782 718 1816 ταμεῖον
740 1789 802 1817 τρο-

11 1826 61 1860 ρῶν
75 1846 83 1857 ,
103 1827 175 1853 πᾶσι
199 1827 257 1858 τοῖς
279 1827 504 1862 συντεταγμένοις
521 1827 639 1863 μέλεσιν,
656 1827 686 1859 ἐξ
701 1827 800 1862 ἑαυτῆς

11 1882 31 1899 ιν
55 1873 156 1909 μέτρῳ
180 1872 211 1899 τὸ
226 1874 379 1909 σιτηρέσιον
393 1873 558 1908 διανέμουσα
569 1893 578 1905 ,
599 1873 646 1899 καὶ
661 1873 691 1899 τὸ
708 1882 800 1908 περιτ-

11 1921 83 1948 τεῦον
103 1919 280 1956 ὲκτιθεμένη.
294 1921 350 1948 Καὶ
369 1920 404 1947 τὰ
422 1920 488 1947 ἄλλα
503 1920 536 1947 δι’
552 1920 622 1947 ὅσων
639 1919 767 1955 ἐμφανῶς
782 1921 799 1956 ἡ

11 1969 144 2005 ἱιοίκησις
164 1968 213 2004 τῆς
240 1968 409 2004 ἀνθρωπείου
435 1967 626 2004 μεμηχάνηται
659 1967 797 2003 διανομῆς.

11 2014 51 2042 Ὠν
67 2015 176 2051 ὁμοίως
198 2015 254 2046 τοῖς
275 2014 389 2050 ἄφροσιν
404 2014 510 2050 ἔχοντες
530 2015 554 2040 οἱ
577 2013 655 2048 σοφο)¹
670 2013 720 2049 τὴν
736 2013 798 2049 κρί-

12 2069 44 2086 ῖιν
64 2059 139 2095 (41),
153 2059 203 2086 οὐκ
220 2059 323 2095 ἴσχουσι
338 2059 387 2094 τὴν
402 2059 512 2094 γνῶσιν.
530 2060 561 2086 Οἱ
577 2059 627 2094 μὲν
642 2059 697 2094 γὰρ
711 2059 750 2090 είς
765 2058 798 2094 ἢν

12 2106 34 2132 'tv
50 2104 188 2141 οἰηθῶσιν
202 2105 335 2140 ἀθεότητα
350 2105 405 2141 (42)
417 2125 425 2137 ,
447 2105 497 2141 τὴν
512 2105 798 2140 ἐπιστημονικωτάτην

12 2153 67 2189 περὶ
87 2152 216 2183 πάντων,
233 2152 279 2179 καὶ
293 2152 343 2187 τὴν
357 2152 396 2183 εἰς
412 2152 524 2184 ἑαυτοὺς
547 2151 796 2188 εὑεργετικωτάτην

12 2199 192 2235 ιναφέρουσιν
208 2198 373 2234 οἰκονομίαν,
387 2199 540 2235 κρείττονος
556 2200 603 2226 καὶ
619 2198 694 2231 θείας
710 2199 794 2231 ὅντως

12 2244 168 2282 >ρονήσεώς
183 2253 213 2271 τε
230 2245 278 2271 καὶ¹
295 2244 436 2280 δυνάμεως
456 2244 536 2280 ἔργον
559 2245 644 2280 αὐτὴν
661 2242 730 2271 εἶναι
750 2253 794 2271 πι-

12 2294 168 2328 ττούμενον
186 2291 211 2318 ot
226 2291 266 2322 δὲ.
284 2291 414 2327 συντυχία
428 2291 475 2318 καὶ
490 2290 649 2326 συμπτώσει
663 2291 717 2317 τῶν
736 2291 795 2318 ἀτό-

12 2348 78 2371 ιων,
108 2337 240 2369 ἀσκόπως
267 2337 318 2373 τὴν
351 2337 578 2373 θαυμασιωτάτην
604 2337 794 2372 καλλιέργειαν

12 2383 174 2411 ινατιθὲασι.
192 2383 247 2419 Τὴν
263 2383 291 2410 δὲ
306 2383 501 2419 ὲνεργεστέραν
516 2383 556 2409 ἔτι
571 2383 671 2410 τούτων
686 2382 794 2410 ἐπίσκε-

12 2440 62 2462 ιιν,
85 2429 139 2456 καὶ
162 2428 212 2464 τὴν
233 2428 287 2455 τῶν
311 2428 452 2455 ὲνδοσθίων
475 2428 605 2460 διάθεσιν,
631 2428 717 2464 ἰατροὶ
744 2428 794 2464 μὲν

13 2476 130 2513 εκριὸὦς
150 2475 388 2511 διερευνησάμενοι
409 2476 456 2502 καὶ
477 2475 712 2510 καταπλαγέντες,
733 2474 793 2508 εξε-

13 2523 118 2550 ηείασαν
134 2520 183 2556 τὴν
198 2520 294 2555 φύσινο
313 2521 394 2556 ἡμεῖς
414 2520 443 2546 δὲ
462 2519 573 2556 ὕστερον
590 2520 627 2551 ὡς
648 2519 681 2547 ἂν
696 2516 748 2546 οἶοί
762 2527 793 2545 τε

13 2567 71 2595 τνώ
77 2565 161 2602 μεθα,
175 2566 228 2592 κᾶν
241 2565 372 2601 ἐπιπολῆς
387 2564 453 2601 (45),
462 2564 700 2600 ἀναθεωρήσομεν.
718 2563 793 2591 Καθ-

44 2646 97 2680 40)
117 2645 312 2679 Προσιοῦσαι.
327 2644 410 2672 Forte
427 2643 581 2680 προῖοῦσαι.
599 2642 697 2680 Yiccn.

44 2646 86 2674 40
117 2646 312 2679 Προσιοῦσαι.
327 2646 410 2672 Forte
427 2646 581 2680 προϊοῦσαι.
601 2646 697 2670 Vrczn.

43 2646 97 2716 Alii
117 2680 322 2716 Διανομῆς.....
347 2681 457 2714 κρίσιν.
481 2679 577 2708 Scribe
601 2677 790 2714 διαμονῆς.....

13 2716 112 2753 ρῆσιν.
134 2716 172 2744 ll).

31 2752 95 2790 (4,2)
121 2751 285 2790 Ἀθεότητα.
300 2750 382 2790 Forte
400 2750 523 2790 θεᾷτῃτα.
539 2749 578 2777 lu.
736 2784 742 2790 .

32 2786 97 2822 (45)
123 2787 300 2821 Ἐπιπολῆς.
320 2786 471 2822 Ειιιηνιηϋιί
495 2793 605 2822 sensum
620 2786 790 2822 expressisse

16 2820 114 2858 ideor,
133 2823 181 2856 qui
206 2830 241 2849 ex
262 2822 350 2850 verbis
373 2821 426 2849 illis
444 2821 560 2857 exprimi
580 2825 686 2856 poterat
709 2828 715 2846 ι
742 2820 789 2847 sed

869 212 901 233 ac
923 205 1037 233 solidior
1055 206 1189 238 constitit,
1206 206 1267 234 aliis
1286 214 1432 235 nervorum
1448 207 1591 243 complexu
1606 208 1659 236 illi-

868 256 946 287 gatus
957 252 1017 280 est?
1029 252 1089 286 Quo
1103 252 1221 288 denique
1236 253 1318 280 modo
1333 253 1389 280 vim
1405 257 1507 282 tantam
1520 254 1659 282 membro-

867 306 928 326 rum
948 299 1076 332 aliorum,
1099 299 1246 332 viscerum,
1270 299 1472 333 intestinorum,
1498 307 1595 328 sensus
1616 299 1659 326 in—

867 349 1095 377 strumentorum,
1116 345 1280 373 intrinsecus
1296 345 1500 374 extrinsecusve
1517 345 1656 380 conﬂavit,

866 398 928 426 quae
946 391 1037 418 vivum
1064 399 1096 418 ac
1121 391 1229 426 spirans
1252 399 1353 426 corpus
1376 391 1512 420 efﬁceret?
1535 391 1602 419 Nam
1622 400 1656 420 ex

866 436 921 463 illis
941 437 1050 471 quidem
1073 437 1201 463 omnibus
1216 436 1334 464 otiosum
1354 437 1422 464 nihil
1437 441 1490 469 est,
1510 437 1578 464 nihil
1593 438 1657 464 inu-

866 482 927 515 tile;
945 489 999 509 non
1015 479 1076 517 pili,
1099 489 1153 508 non
1172 489 1287 517 ungues,
1304 490 1359 510 non
1381 486 1476 510 uetera
1500 490 1561 518 quae
1579 483 1656 518 abje-

864 528 988 556 ctissima
1015 528 1101 556 videri
1125 528 1233 563 possint
1249 538 1256 556 :
1274 529 1365 556 omnia
1382 529 1471 557 veLad
1485 529 1655 557 constituen-

864 574 925 601 dam
935 573 994 609 ejus
1007 574 1200 609 integritatem,
1211 575 1252 602 vel
1264 575 1296 601 ad
1308 575 1424 610 speciem
1439 575 1654 612 dignitatemque

865 620 1031 647 conducunt.
1054 619 1109 647 Nec
1132 619 1206 647 enim
1221 620 1283 648 usui
1297 620 1430 649 duntaxat
1445 622 1493 649 uni
1506 621 1654 650 Providen-

865 665 912 698 tia,
937 665 982 692 sed
1010 665 1092 692 etiam
1115 665 1312 699 pulchritudini
1336 673 1368 694 ac
1392 666 1487 694 formae
1510 667 1652 702 prospicit.

864 710 957 746 Itaque
978 711 1061 738 totius
1085 710 1182 745 capitis
1207 713 1441 747 propugnaculum
1460 713 1598 748 quoddam
1620 721 1653 741 ac

863 762 1048 792 tegumentum
1067 765 1145 785 coma
1168 762 1228 792 est;
1251 758 1334 785 barba
1353 759 1508 794 philosophi
1525 759 1609 788 decus
1624 765 1652 787 et

863 808 1067 831 ornamentum.
1090 803 1138 831 Illa
1164 804 1246 838 igitur
1266 804 1364 839 integri
1390 805 1514 840 corporis
1537 806 1651 834 humani

861 854 986 877 naturam
1000 857 1033 877 ex
1047 850 1170 885 partibus
1186 851 1349 878 necessariis
1364 851 1492 880 omnibus
1505 859 1652 887 coagmen—

860 896 937 928 tavit,
955 896 1141 932 membrisque
1162 897 1291 924 omnibus
1312 905 1374 925 cum
1395 903 1519 926 mutuam
1535 900 1607 927 inter
1621 908 1651 928 se

859 943 1082 970 communionem
1100 943 1208 977 indidit,
1223 948 1281 971 tum
1298 951 1332 971 ex
1347 944 1432 972 totius
1451 945 1532 973 etiam
1552 946 1650 980 opibus

859 989 965 1023 prolixe
986 989 1132 1016 admodum
1161 997 1193 1018 ac
1221 990 1370 1018 liberaliter
1394 991 1525 1019 admensa
1550 997 1601 1020 est.
1617 992 1652 1019 Et

859 1035 983 1062 membra
997 1035 1106 1071 quidem
1122 1035 1276 1071 potissima,
1289 1044 1371 1072 quam
1385 1037 1440 1064 vim
1453 1044 1480 1065 et
1493 1037 1649 1066 facultatem

859 1081 989 1113 habeant,
1009 1090 1061 1109 usu
1079 1086 1106 1109 ct
1123 1083 1289 1118 experientia
1315 1083 1366 1118 ipsi
1387 1084 1468 1112 etiam
1486 1084 1579 1112 idiota:
1599 1094 1649 1112 no-

860 1132 924 1155 runt
939 1136 946 1155 :
964 1128 1062 1163 capitis
1077 1128 1257 1164 principatus,
1272 1129 1345 1157 circa
1363 1130 1504 1158 cerebrum
1517 1134 1647 1166 tanquam

859 1173 1060 1209 imperatorem,
1084 1183 1215 1203 sensuum
1236 1176 1262 1203 in
1279 1176 1398 1211 acropoli
1420 1177 1542 1205 excubiae
1566 1182 1648 1213 atque

858 1219 982 1255 praesidia
994 1229 1000 1247 :
1011 1220 1214 1256 progredientes
1231 1221 1320 1254 Oculi;
1335 1229 1416 1250 aures
1433 1222 1546 1250 nuntios
1561 1222 1649 1257 perfe-

857 1270 965 1298 rentes;
992 1271 1116 1302 gustatus
1142 1267 1216 1294 velut
1243 1271 1426 1294 commeatum
1452 1275 1646 1304 annonamque

857 1312 1029 1345 convellens;
1050 1312 1167 1341 olfactus
1192 1313 1324 1348 indagans
1346 1313 1549 1348 quodammodo
1564 1319 1647 1350 atque

856 1358 1011 1393 vestigans;
1037 1362 1125 1386 tactus
1149 1358 1261 1386 subdita
1276 1359 1369 1386 omnia
1385 1359 1511 1394 digerens
1528 1363 1556 1388 et
1571 1361 1646 1388 ordi-

856 1412 936 1432 nans.
962 1403 1050 1439 (Nunc
1077 1404 1151 1432 enim
1175 1412 1208 1432 ex
1233 1404 1443 1440 sapientissimae
1465 1404 1645 1434 Providentia:

855 1451 983 1486 operibus
997 1451 1154 1492 summatim
1168 1459 1254 1486 pauca
1273 1456 1378 1479 tantum
1395 1452 1487 1488 aliqua
1505 1454 1643 1488 percurri-

855 1506 928 1532 mus,
952 1498 1034 1525 iidem
1053 1499 1136 1533 paulo
1155 1503 1227 1535 post,
1245 1507 1307 1526 cum
1322 1500 1455 1528 adversus
1470 1500 1547 1528 illum
1564 1501 1644 1536 cujus

855 1544 945 1579 major
957 1549 999 1572 est
1013 1545 1176 1573 eruditionis
1187 1546 1290 1581 opinio,
1304 1545 1517 1581 disputabimus,
1532 1547 1643 1575 uberius

855 1590 911 1618 Deo
928 1591 997 1619 duce
1012 1599 1044 1619 ac
1059 1592 1165 1627 plenius
1187 1592 1279 1620 omnia
1300 1593 1496 1629 persecuturi.)
1512 1593 1642 1621 Mannum

853 1644 920 1673 ergo
931 1637 1059 1672 deinceps
1073 1637 1268 1671 ministerium,
1280 1645 1342 1673 quae
1356 1639 1447 1667 omnis
1459 1639 1567 1674 generis
1580 1639 1644 1668 l‘un-

854 1681 959 1710 ctiones
973 1682 1084 1714 obeunt,
1096 1687 1223 1718 artesque
1234 1683 1386 1712 moliuntur
1400 1684 1548 1721 singularis
1563 1685 1642 1722 inge-

852 1729 903 1761 nii,
916 1729 1042 1765 ‘propriis
1061 1730 1218 1766 quibusque
1236 1730 1412 1760 facultatibus
1434 1732 1469 1760 ad
1483 1740 1564 1760 unam
1579 1733 1642 1761 fun-

852 1775 975 1803 ctionum
997 1777 1155 1804 societatem
1178 1776 1318 1805 instructa:
1338 1786 1345 1804 :
1370 1777 1478 1806 humeri
1500 1779 1642 1814 gestandis

852 1823 982 1850 oneribus
998 1823 1100 1854 idonei.
1117 1823 1265 1859 digitorum
1284 1824 1489 1859 prehensiones,
1509 1826 1641 1855 ﬂexiones

852 1869 1018 1903 cubitorum,
1044 1877 1106 1905 quae
1129 1870 1171 1898 uti
1190 1878 1235 1898 res
1253 1871 1296 1899 vel
1316 1871 1452 1899 attrahere
1472 1873 1578 1908 possint
1599 1875 1641 1902 vel

851 1915 995 1950 depellere,
1008 1915 1174 1945 intrinsecus
1187 1917 1412 1953 extrinsecusque
1423 1923 1584 1951 versantur;
1596 1927 1641 1954 pe-

850 1961 915 1989 dum
929 1961 1103 1997 obsequium,
1119 1969 1167 1997 per
1182 1970 1252 1998 quos
1264 1968 1355 1991 creata
1371 1963 1444 1991 circa
1463 1968 1562 1992 terram
1577 1973 1639 1993 om-

849 2006 896 2032 nia
912 2006 993 2034 nobis
1007 2007 1206 2039 obsecundant,
1223 2008 1324 2044 quibus
1347 2014 1427 2037 terra;
1446 2015 1637 2046 peragrantur,

848 2054 1012 2088 navigantur
1025 2055 1122 2086 maria,
1139 2054 1214 2083 ﬂuvii
1229 2055 1413 2091 trajiciuntur,
1425 2059 1548 2085 omnium
1562 2065 1638 2085 com-

849 2099 950 2127 mercia
978 2107 1041 2127 cum
1067 2101 1196 2129 omnibus
1222 2101 1359 2129 ineuntur.
1387 2102 1487 2130 Venter
1511 2103 1637 2130 ciborum

849 2146 986 2179 aerarium,
1000 2146 1132 2174 membris
1149 2147 1278 2174 omnibus
1293 2155 1343 2174 suo
1355 2147 1512 2182 quibusque
1526 2148 1586 2175 loco
1609 2152 1638 2175 et

812 2187 834 2215 D
848 2191 943 2219 ordine
959 2191 1111 2225 collocatis,
1126 2192 1228 2226 justam
1246 2199 1293 2226 per
1308 2200 1368 2220 sese
1384 2199 1522 2220 annonam
1541 2193 1636 2221 distri-

847 2236 945 2269 buens,
961 2237 1128 2272 etquidquid
1145 2238 1311 2273 superﬂuum
1325 2243 1377 2271 est,
1391 2239 1514 2274 ejiciens.
1530 2238 1570 2267 Ac
1583 2247 1636 2268 ca:-

845 2286 914 2316 tera,
925 2291 1042 2318 quorum
1056 2284 1081 2311 vi
1095 2284 1222 2312 humanae
1232 2285 1369 2313 firmitatis
1379 2290 1407 2313 et
1416 2286 1635 2314 conservationis

846 2330 916 2358 ratio
933 2331 1098 2360 continetur.
1111 2330 1212 2359 Horum
1226 2339 1292 2359 usus
1301 2331 1327 2358 in
1340 2332 1431 2360 stultis
1439 2340 1516 2368 aeque
1524 2333 1634 2368 sapien-

845 2376 972 2412 tibusque
994 2377 1091 2405 similis
1104 2382 1156 2410 est,
1173 2378 1293 2414 cognitio
1305 2377 1457 2406 dissimilis.
1469 2378 1522 2406 Alii
1533 2379 1634 2414 quippe

845 2431 927 2459 quam
953 2425 1046 2452 animo
1063 2424 1234 2452 divinitatem
1252 2423 1436 2459 iul‘ormarint,
1462 2425 1496 2453 ad
1506 2432 1578 2457 eam,
1603 2429 1634 2452 ut

845 2479 906 2506 quae
925 2478 1015 2498 rerum
1031 2472 1153 2499 omnium
1175 2471 1356 2500 scientissime
1378 2471 1424 2505 sit,
1450 2477 1532 2507 atque
1547 2471 1574 2498 in
1588 2479 1633 2498 se-

844 2517 919 2552 ipsos
941 2517 1200 2549 beneﬁcentissima.
1220 2523 1306 2546 totam
1328 2517 1450 2546 referunt
1463 2518 1546 2553 hujus
1558 2524 1634 2545 uaco-

845 2563 945 2590 nomiaa
969 2563 1114 2596 rationem,
1141 2563 1215 2600 quod
1231 2572 1294 2592 eam
1315 2564 1466 2599 superioris
1488 2563 1631 2599 cujusdam

843 2646 933 2670 tamen
953 2642 998 2669 illa
1015 2641 1081 2672 duo.
1096 2641 1129 2674 id
1146 2646 1199 2674 est,
1211 2642 1250 2674 ὡς
1264 2642 1298 2669 ἂν
1311 2638 1362 2669 οἷοί
1375 2649 1416 2672 τε.
1427 2645 1460 2676 et
1478 2640 1609 2676 ἐπιπολῆς
1622 2660 1630 2672 .

843 2678 935 2716 minus
946 2677 1094 2716 conjuncta
1109 2685 1176 2716 esse
1187 2684 1270 2716 posse
1282 2678 1410 2716 arbitror.
1426 2675 1532 2716 Mallem
1548 2675 1632 2716 igitur

843 2713 889 2751 ἐπὶ
911 2712 1033 2751 πολλοῖς.
1057 2713 1145 2747 suppl.
1164 2711 1474 2751 pﬁttaot,_seu_16~{otc.
1491 2711 1631 2751 Particulo

843 2749 894 2775 κᾶν
908 2748 948 2775 vel
965 2749 1061 2775 abesse
1076 2746 1250 2783 potest';"Vel
1272 2747 1295 2775 si
1312 2748 1446 2775 retinetur
1457 2767 1464 2780 ,
1478 2746 1630 2781 emphasim

844 2784 1011 2844 hlabetlcum
1045 2784 1246 2811 asseveratione
1272 2783 1465 2818 coniunctam,
1502 2788 1533 2810 ut
1560 2788 1633 2817 saepe

844 2825 921 2844 aias.
948 2826 973 2844 D.

844 2819 921 2846 alias.
937 2819 973 2845 In.
