1844 3047
208 86 277 114 1263

208 155 375 185 prorsusque
395 147 493 175 divina:
517 155 579 175 cum
605 147 745 182 sapientiae
769 151 825 174 tum
849 147 992 182 potestatis

209 203 278 230 opus
290 194 460 224 existiment;
477 192 523 219 alii
538 198 632 219 contra
644 192 746 219 insulse
763 191 922 224 admodum,
939 191 994 219 for-

210 240 282 268 tuna:
292 245 318 267 et
329 239 404 267 casui
414 238 676 266 administrationem
689 245 796 265 summa
805 237 993 270 dignissimam

211 286 392 314 admiratione
416 284 553 312 deferunt.
579 284 613 311 At
629 291 694 311 vero
711 283 887 311 efficaciorem
906 284 995 311 adhuc

209 340 300 360 rerum
323 331 437 358 istarum
455 330 699 358 considerationem
711 350 717 362 ,
738 335 765 356 et
782 330 900 364 partium
924 330 994 357 inte-

209 379 311 406 riorum
331 378 476 410 rationem,
491 376 588 404 medici
603 376 711 411 quidem
731 376 812 403 altius
825 376 995 409 diligentius-

208 429 261 457 que
279 420 380 453 rimati,
398 428 430 447 ac
449 420 637 448 vehementius
662 420 799 452 admirati,
826 420 994 447 divinitatem

208 472 311 495 natum
322 467 475 494 tribuerunt
491 476 497 494 :
511 474 561 494 nos
573 474 632 494 eam
646 471 751 501 postea,
761 466 853 501 jejuno
870 466 994 494 fortassis

208 517 235 541 et
255 513 372 545 exiliter,
395 516 424 539 at
443 519 491 546 pro
520 510 647 538 facultate
671 516 763 538 nostra
787 517 992 545 prosequemur.

171 565 176 571 ‘
207 558 286 588 Nunc
301 563 332 585 ut
347 558 472 584 universe
486 557 538 584 hoc
556 556 768 591 summatimque
784 556 909 584 dicamus
923 565 929 582 ε
947 563 994 583 ee-

208 607 281 643 quis,
303 606 428 637 obsecro,
446 609 530 631 totum
549 604 600 630 hoc
618 603 823 630 tabernaculum
846 602 995 630 fabricatus

208 658 259 685 est,
278 651 405 684 sublime,
423 650 519 680 altum,
544 654 676 682 erectum,
690 649 809 684 elegans,
825 648 858 675 ad
872 655 993 681 sensum,

208 705 323 732 motum,
346 698 479 725 actionem
502 700 528 723 et
547 703 628 723 omne
649 695 759 729 quidem
779 695 893 722 actionis
910 701 994 729 genus

209 751 264 778 tam
284 744 391 781 egregie
407 742 612 778 comparatum?
629 741 682 769 lsta
698 741 822 769 videlicet
840 745 993 767 atomorum

208 791 355 818 multitudo
373 789 488 817 rationis
503 796 609 823 expers.
629 787 664 814 At
678 787 742 819 illaa,
757 791 788 814 ut
799 787 917 814 maxime
931 793 994 813 con-

207 836 330 875 veniant,
354 843 389 862 ne
403 835 502 862 luteam
518 833 626 868 quidem
644 833 789 868 imaginem
804 831 935 865 formare,
948 835 995 858 aut

208 883 346 918 lapideum
361 881 539 909 simulacrum
558 879 702 915 perpolire,
719 883 766 906 aut
779 883 936 915 argenteum
955 877 996 904 vel

208 936 321 957 aureum
339 928 441 955 idolum
457 927 575 955 conﬂare
591 925 698 960 possint
716 934 722 952 :
739 932 855 959 quorum
872 924 994 951 omnium

208 975 333 1010 proprias
347 981 478 1001 manuum
489 977 573 1005 artes,
587 971 720 1006 fingendis
735 976 813 1006 aptas
823 970 995 1006 corporibus,

208 1021 351 1049 hominum
368 1019 532 1054 excogitavit
547 1017 690 1045 industria.
705 1016 827 1049 Quorum
841 1016 922 1051 igitur
934 1017 992 1044 sine

208 1067 342 1102 sapientia
363 1066 407 1093 vel
430 1064 587 1092 adumbrari
609 1063 712 1098 species
728 1061 925 1096 informarique
937 1070 992 1090 non

208 1112 306 1149 possit,
330 1112 429 1139 horum
452 1118 516 1138 vera
540 1111 598 1145 ipsa
621 1108 795 1143 exemplaria,
813 1108 861 1142 qui
885 1108 992 1135 tandem

208 1160 340 1188 exsistere
354 1166 402 1194 per
413 1166 441 1185 se
454 1161 609 1192 temereque
623 1155 785 1191 potuerunt?
799 1154 858 1182 Jam
871 1156 993 1182 animum

209 1207 310 1241 ipsum,
330 1209 446 1232 mentem
469 1209 551 1238 atque
573 1203 706 1230 rati0nem
725 1202 904 1237 philosophus
924 1201 996 1230 unde

210 1252 310 1281 habet?
323 1252 398 1279 Eane
414 1252 447 1279 ab
462 1250 593 1279 inanimis
611 1253 637 1277 et
656 1249 756 1276 mentis
770 1256 802 1276 ac
816 1248 929 1276 rationis
946 1256 995 1275 ex-

704 83 733 111 S.
753 82 900 111 DIONYSII
922 83 1074 111 EPlS-COPI
1093 83 1326 112 ALEXANDRINI

1765 86 1813 114 1263

1006 149 1030 178 Α
1044 147 1105 174 όλου
1132 147 1160 174 δὲ
1183 147 1231 174 καὶ
1251 146 1413 183 σνλλήὗδην,
1443 147 1502 174 ὅλον
1524 147 1607 174 τοῦτο
1630 147 1660 174 τὸ
1684 147 1771 183 (milva;
1785 150 1814 179 ές

1046 192 1164 220 τοιοῦτον
1180 193 1391 229 ὲσκηνοποίησεν
1402 214 1410 226 ,
1428 193 1545 229 ὑψηλὸν,
1564 193 1658 227 ὄρθιον
1670 213 1677 225 ,
1695 192 1813 228 εὒρυθμοει,

1045 239 1214 274 εὐαίσθητον,
1229 239 1381 273 εὐκίνητον,
1394 238 1516 275 εῠεργον,
1531 240 1724 275 παντουργύνς
1737 240 1765 266 Ἦ
1777 240 1814 266 τίνει

1045 285 1154 320 ἀτόμων
1173 285 1268 319 ἄλογος
1279 305 1287 316 ,
1305 285 1371 319 φασὶ
1382 305 1388 317 ,
1404 284 1518 320 πληθύς.
1537 285 1610 312 Ἀλλ’
1626 285 1683 312 οὐδ’
1699 286 1730 312 ἂν
1744 286 1815 312 εἰκόνι

1045 331 1159 366 πηλινην
1169 332 1270 358 ἐκεῖναι
1281 330 1453 358 συνελθοῦσαι
1466 332 1612 363 πλάσαιεν,
1622 331 1677 359 οὐδ’
1693 331 1815 366 ἀνδριάντι

1045 377 1144 403 λίθινον
1159 377 1275 410 ξέσαιεν,
1290 377 1344 404 οὐδ’
1359 377 1391 404 ειν
1407 377 1515 404 εἴδωλον
1531 377 1672 413 ἀργυροῦν
1688 378 1705 413 ἢ
1722 378 1817 413 χρυσοῖν

1045 422 1214 458 χωνεύσασαι
1229 422 1427 458 προσαγάγοιεν
1437 431 1443 437 ·
1460 422 1528 449 ἀλλὰ
1541 423 1637 458 τέχναι
1652 423 1702 450 καὶ
1716 432 1817 460 χειρουρ-

1045 469 1103 503 γίαι
1126 469 1245 501 τούτων,
1273 469 1318 495 ὑπ’
1341 469 1492 505 ἀνθρώπων
1520 469 1653 505 εὕρηνται
1682 478 1819 505 amputa?-

1045 515 1101 550 γῶν
1119 515 1183 551 (44).
1206 513 1255 542 ’Ὧν
1272 515 1300 541 δὲ
1329 515 1488 542 ἀπεικασίαι
1512 516 1561 542 καὶ
1580 516 1760 550 σκιαγραφξαι
1773 516 1818 550 δέκα

1046 561 1140 596 σοφίας
1156 562 1205 588 οὐκ
1221 561 1254 588 ἂν
1276 561 1409 595 γένοιντο,
1432 561 1491 593 πῶς
1506 562 1541 588 τὰ
1561 561 1650 597 ἀληθῆ
1668 563 1717 588 καὶ
1733 563 1819 597 πρωτό-

1045 617 1118 635 τυπα
1139 608 1241 634 τούτων
1257 607 1417 642 αὐτομάτως
1439 606 1615 642 συμϐέϐηκε;
1632 607 1716 642 Ψυχὴ
1728 607 1755 633 δὲ
1765 628 1771 637 ,
1785 607 1820 634 καὶ

1045 653 1107 685 νοῦς
1130 653 1177 680 καὶ
1196 653 1291 687 λόγος,
1317 653 1399 679 πόθεν
1415 653 1545 687 ἐγγέγονε
1569 652 1609 688 τῷ
1634 652 1820 688 φιλοσόφῳ;“ἱί

1046 699 1120 736 παρὰ
1139 699 1192 726 τῶν
1213 698 1324 734 ἀψύχων
1340 699 1387 725 καὶ
1405 699 1525 734 ἀνοήτων
1540 699 1587 725 καὶ
1605 699 1759 733 ἀλογίστων
1773 699 1820 725 ἀτί,-

1047 754 1105 781 μων
1128 745 1202 772 ταῦτ’
1228 745 1395 779 ἠρανίσατο,
1420 745 1553 771 κάκείνων
1581 744 1659 779 αὐτῷ
1684 753 1712 770 τι
1738 744 1820 779 Exim

1046 791 1135 826 νόημα
1148 790 1196 818 καὶ
1212 791 1301 826 δόγμα
1316 790 1477 817 ἐνέπνευσεν
1487 799 1494 823 ;
1505 791 1561 817 Καὶ
1573 790 1672 826 ὥσπερ
1687 791 1702 817 ό
1719 791 1821 817 Ἠτιὲὀου

1010 834 1030 861 Β
1047 837 1130 873 μῦθος
1141 857 1148 869 ,
1165 837 1212 872 τὴν
1227 836 1374 873 Πανδώραν
1387 837 1469 873 φησὶν
1484 837 1537 863 ὑπὸ
1548 837 1603 863 τῶν
1618 837 1703 870 θεῶν,
1722 838 1820 871 οὖτωςή

1047 883 1126 918 σοφία
1141 883 1254 919 τάνδρὸς
1278 883 1330 909 ὑπὸ
1345 883 1401 910 τῶν
1423 883 1533 918 ἀτόμων
1560 883 1759 917 συνετελὲσϐη;
1781 884 1823 910 Καὶ

1047 930 1154 965 ποίησιν
1166 929 1194 956 δὲ
1210 930 1310 961 πᾶσαν,
1327 930 1374 956 καὶ
1389 930 1479 956 πᾶσαν
1493 930 1639 965 μουσικὴν,
1658 930 1822 965 ἀστρονομίαν

1046 984 1086 1007 τε,
1105 975 1153 1002 καὶ
1166 975 1336 1010 γεωμετρίαν
1346 994 1354 1006 ,
1368 975 1415 1001 καὶ
1428 976 1478 1006 τὰς
1491 974 1574 1006 ἄλλας
1589 975 1760 1010 ἐπιστήμας,
1775 975 1822 1000 ιιι-

1046 1021 1086 1048 έτι
1107 1021 1175 1048 θεῶν
1200 1021 1343 1056 εὑρήματα
1359 1020 1406 1047 καὶ
1428 1020 1603 1056 παιδεύματα
1625 1021 1760 1056 φήσουσιν
1774 1021 1822 1046 Έ-

1046 1066 1124 1102 ληνες
1155 1063 1242 1098 εἶναι,
1270 1066 1347 1101 μόναι
1371 1065 1402 1092 δὲ
1429 1065 1575 1100 γεγόνασιν
1600 1066 1766 1101 ὲμπειρικαὶ
1788 1067 1823 1092 ui

1049 1112 1129 1147 σοφαὶ
1154 1112 1264 1139 πάντων
1288 1112 1316 1138 αἱ
1343 1111 1440 1147 ἄτομοι
1463 1111 1589 1138 Μοῦσαι·
1614 1112 1632 1146 ὴ
1655 1111 1714 1146 γὰρ
1734 1111 1764 1136 ἐκ
1784 1110 1823 1136 ταὶ-ν

1048 1157 1157 1193 ἀτόμων
1189 1157 1350 1191 Ἐπικούρου
1377 1156 1515 1191 Θεογονία,
1543 1156 1599 1183 τῶν
1632 1156 1686 1191 μὲν
1722 1157 1822 1191 ἀείρει

1048 1202 1158 1238 κόσμων
1175 1201 1265 1238 ἑξορός
1279 1203 1369 1234 ἐστιν,
1389 1203 1429 1234 εἰς
1451 1202 1479 1228 δὲ
1498 1202 1548 1238 τὴν
1564 1202 1684 1238 ἄπειρον
1709 1202 1823 1237 (inmitia:

1049 1248 1259 1283 πεφυγαδευται.

209 1300 331 1335 portibus
348 1298 447 1326 atomis
474 1296 664 1328 emendicavit,
680 1303 741 1330 qua),
769 1295 821 1323 sibi
847 1295 966 1329 aliquam
999 1294 1112 1329 singula:
1133 1295 1270 1322 notionem
1288 1295 1440 1329 dogmaque
1460 1293 1602 1329 proprium
1625 1293 1788 1321 infuderint?
1807 1299 1825 1320 et

209 1346 438 1382 quemadmodum
451 1344 602 1372 Pandoram
613 1351 628 1371 a
640 1343 691 1371 diis
701 1342 834 1370 Hesiodus
846 1342 992 1375 fabulatur,
1011 1342 1051 1370 sic
1066 1343 1101 1370 ab
1115 1343 1214 1371 atomis
1228 1343 1353 1370 absoluta
1377 1342 1496 1370 hominis
1512 1342 1650 1377 sapientia
1678 1342 1777 1369 fuerit?
1797 1341 1823 1368 lt:

211 1392 304 1428 poesin
317 1392 444 1426 deinceps
455 1398 574 1423 omnem,
593 1397 757 1425 omnemque
773 1390 918 1423 musicam,
941 1389 1149 1423 astronomiam,
1172 1388 1359 1424 geometriam,
1377 1393 1547 1423 caeterasqne
1560 1388 1718 1422 doctrinas,
1731 1390 1824 1416 deorum

211 1441 321 1468 inventa
341 1439 428 1468 Graeci
451 1444 532 1474 atque
551 1438 673 1466 instituta
700 1445 796 1465 vocare
821 1437 970 1466 desinant:
994 1437 1058 1464 solae
1081 1437 1203 1464 omnium
1224 1437 1318 1472 perita:
1341 1444 1373 1464 ac
1395 1436 1534 1471 sapientes
1551 1437 1650 1469 atomi,
1669 1436 1755 1464 Musae
1769 1436 1825 1463 cele-

210 1487 332 1515 brentur.
356 1487 423 1514 Nam
442 1486 487 1512 illa
504 1485 613 1520 quidem
627 1493 660 1512 ex
675 1485 774 1512 atomis
790 1483 900 1520 Epicuri
922 1484 1076 1520 theogonia,
1100 1491 1134 1511 ex
1148 1483 1262 1511 infinitis
1278 1483 1359 1511 etiam
1373 1482 1483 1510 mundis
1496 1482 1646 1515 exsulavit,
1668 1483 1697 1509 in
1712 1483 1825 1510 inﬁnitam

210 1534 423 1571 perturbationis
437 1533 588 1560 vastitatem
606 1533 701 1568 ejecta.

584 1578 618 1606 ν.

249 1627 364 1662 Operam
378 1633 487 1654 suorum
507 1624 668 1651 molitionem
687 1624 741 1651 Dm
758 1624 915 1651 laboriosam
930 1631 961 1650 ac

464 1671 602 1698 molestam
617 1678 668 1697 non
684 1678 748 1697 esse.

248 1717 337 1745 Moliri
357 1716 471 1752 aliquid,
494 1715 695 1749 administrare,
718 1714 887 1749 benefacere,
908 1715 1000 1751 provi-

211 1762 287 1795 dere,
305 1762 412 1797 aliaque
431 1761 542 1793 similia,
560 1760 694 1788 inertibus
716 1761 826 1796 quidem
844 1769 876 1789 ac
896 1761 997 1793 stultis,

213 1809 347 1837 debilibus
370 1817 402 1836 ac
426 1815 555 1843 nequam,
578 1808 692 1835 molesta
708 1806 777 1835 forte
793 1807 866 1835 sint:
881 1815 998 1842 quorum

213 1863 244 1883 se
259 1862 385 1886 numero,
402 1854 466 1882 dum
490 1854 554 1881 talia
571 1853 604 1881 de
618 1853 670 1881 diis
682 1853 772 1886 sentit,
798 1853 932 1888 Epicurus
951 1854 999 1881 ad-

211 1901 311 1936 jungit.
332 1901 366 1927 At
378 1908 443 1928 vero
458 1900 599 1933 studiosis,
617 1900 780 1933 valentibus,
796 1900 937 1928 industriis
955 1905 998 1928 at-

213 1955 266 1983 que
280 1947 425 1974 solertibus
436 1968 443 1980 ,
458 1947 612 1981 cuiusmodi
628 1947 803 1982 philosophos
814 1945 927 1982 (quanto
941 1954 998 1974 ma-

213 1995 253 2029 gis
263 1992 365 2029 deos?)
382 2001 442 2020 esse
459 1997 598 2028 oporteat;
618 2000 671 2020 non
687 1993 767 2020 modo
783 2000 836 2020 non
852 1993 998 2028 injucunda

213 2041 270 2067 haec
285 2044 368 2074 atque
382 2046 489 2074 aspera,
502 2046 597 2066 verum
615 2039 696 2066 etiam
708 2039 908 2074 jucundissima
924 2044 998 2072 sunt,

213 2085 389 2119 omniumque
405 2083 587 2111 suavissima:
602 2083 701 2118 quibus
717 2083 879 2119 negligentia
893 2091 1000 2110 rerum-

213 2137 266 2164 que
288 2129 421 2156 bonarum
444 2127 654 2163 procrastinatio
675 2128 800 2156 dedecori
818 2128 950 2161 vertitur;
965 2128 999 2156 ad

213 2183 283 2210 quos
298 2174 365 2202 illud
380 2176 578 2202 commoneutis
597 2178 684 2209 poeta:
700 2175 844 2202 consilium
859 2175 974 2210 pertinet
991 2184 997 2202 :

427 2220 495 2247 Cras
511 2228 541 2246 ne
555 2225 705 2255 exspectato
720 2227 730 2246 :

215 2269 263 2300 Cui
279 2275 342 2295 mox
358 2266 601 2295 comminationem
616 2266 686 2294 hanc
704 2266 844 2301 adjungit:

284 2314 429 2341 Cunctator
445 2313 550 2340 damnis
565 2321 666 2347 semper
680 2313 796 2339 luctatur
809 2312 919 2339 acerbis.

213 2360 248 2387 At
265 2368 316 2387 nos
333 2360 442 2395 gravius
460 2359 576 2387 instituit
592 2359 735 2394 propheta,
754 2359 818 2386 dum
835 2364 861 2386 et
880 2359 999 2387 actiones

213 2414 276 2434 cum
290 2406 389 2433 virtute
405 2406 568 2440 eonjunctas
587 2405 642 2432 Deo
663 2412 729 2432 vero
745 2405 841 2440 dignas
858 2413 919 2433 esse
934 2413 998 2440 pro-

214 2452 340 2484 nuntiat,
364 2455 391 2485 et
421 2451 554 2478 nefarium
585 2451 661 2478 illum
690 2458 706 2478 τι
732 2458 788 2486 quo
817 2451 998 2486 negligantur,

214 2497 340 2531 appellat.
367 2496 526 2523 Maledicta:
548 2497 628 2530 enim,
647 2497 693 2532 qui
712 2496 777 2531 facit
797 2505 876 2531 opera
891 2497 997 2524 Domini

214 2543 372 2577 negligenter
380 2543 414 2568 ".
433 2541 532 2570 Deinde
548 2546 577 2570 ut
592 2543 620 2569 in
632 2543 728 2578 quavis
745 2548 803 2571 arte
816 2543 898 2571 rudes
913 2548 941 2570 et
957 2544 1000 2570 in-

249 2611 272 2626 ”
291 2609 346 2638 Jer.
366 2617 462 2642 xavut,
481 2610 524 2638 10.

251 2678 306 2711 (Μ)
327 2677 553 2711 Σωματουργῶν.
569 2677 663 2705 Scribe
677 2679 878 2713 rGwlLETODpYOf.
897 2677 995 2705 VIGER.

218 2744 224 2753 ν
251 2713 304 2748 (45)
324 2713 398 2745 Mne“
412 2713 644 2740 ἀναὸἀλλεσθαι.
662 2712 769 2741 Hesiodi
787 2712 865 2741 vet-ba
885 2718 948 2741 sunt
970 2715 997 2740 iu

228 2749 309 2781 Εργ..
323 2756 348 2773 v.
363 2747 415 2774 4Οὸ
429 2756 435 2773 :

251 2791 325 2826 5111b“
338 2792 559 2820 ἀναϐάλλεσθαι
569 2795 613 2827 εἷς
627 2794 740 2828 αὔριον,
754 2795 797 2827 εις
807 2795 831 2821 τ’
843 2795 978 2829 era-11;”.

1011 1581 1035 1612 α
1424 1577 1462 1603 Β.

1111 1624 1171 1651 Ὅτι
1185 1623 1241 1652 οὐκ
1251 1624 1397 1651 ἐπίπονον
1416 1622 1457 1656 τῷ
1472 1621 1535 1655 Θεῷ
1552 1621 1587 1649 τὸ
1604 1621 1788 1656 ἐργάζεσθαι.

1086 1721 1264 1756 Ἐγράζεσθαι
1279 1720 1307 1747 δέ
1319 1728 1361 1754 γε,
1373 1720 1420 1746 καὶ
1431 1718 1554 1751 διοικεῖν,
1565 1717 1616 1745 καὶ
1630 1718 1789 1754 εὐεργετεῖν
1798 1726 1826 1748 τι,

1045 1767 1091 1795 καὶ
1107 1766 1289 1803 προκήδεσθαι
1299 1786 1306 1798 ,
1324 1766 1371 1792 καὶ
1384 1765 1418 1792 τὰ
1438 1764 1568 1798 τοιαῦτα,
1582 1765 1643 1796 τοῖς
1664 1765 1718 1800 μὲν
1730 1765 1827 1799 ἀργοῖς,

1045 1814 1091 1841 καὶ
1114 1814 1228 1849 ἄφροσι,
1251 1813 1298 1839 καὶ
1319 1812 1462 1844 ἀσθενέσι,
1489 1811 1535 1839 καὶ
1562 1810 1755 1847 κακούργοις,
1781 1810 1829 1839 ἴσως

1046 1859 1167 1895 ἐπαχθῆ·
1179 1857 1220 1891 οἷς
1231 1858 1406 1893 ἐγκατέλεξεν
1418 1858 1514 1885 ἑαυτὸν
1532 1858 1706 1893 Ἐπίκουρος
1715 1879 1724 1890 ,
1737 1857 1831 1884 τοιαῦτα

1046 1906 1184 1941 φρονήσας
1206 1906 1269 1941 περὶ
1290 1904 1343 1933 τῶν
1365 1904 1445 1931 θεῶν.
1462 1904 1525 1936 Τοῖς
1548 1903 1577 1930 δὲ
1596 1903 1777 1936 σπουδαίοις,
1798 1902 1831 1928 ιεί

1045 1953 1177 1984 δυνατοῖς,
1189 1952 1235 1978 καὶ
1250 1952 1379 1983 συνετοῖς,
1391 1951 1439 1978 καὶ
1453 1950 1603 1986 σώφροσιν,
1615 1951 1696 1982 οἴους
1711 1949 1784 1978 εἶναι
1794 1949 1830 1983 La,

1046 2000 1108 2031 τοὺς
1128 1999 1288 2033 φιλοσόφους
1311 1998 1397 2033 (πόσῳ
1415 2005 1447 2031 γε
1468 1996 1570 2032 μᾶλλον
1588 1997 1657 2029 τοὺς
1672 1997 1782 2031 θεοὺς)
1799 1997 1829 2026 θεέ

1045 2041 1197 2079 ὅπωςῐοὺκ]
1204 2043 1271 2079 ἀηδῆ
1279 2042 1365 2069 ταῦτα
1375 2042 1422 2068 καὶ
1431 2041 1585 2077 προσάντη,
1595 2041 1671 2068 ἀλλὰ
1679 2042 1730 2068 καὶ
1738 2048 1830 2077 τερπι-

1046 2097 1125 2122 τατα,
1149 2090 1196 2116 καὶ
1209 2089 1317 2116 πάντων
1332 2088 1431 2124 μᾶλλον
1445 2088 1648 2115 ἀσπαστότατα
1659 2097 1666 2103 ·
1682 2086 1726 2120 οἷς
1743 2089 1773 2114 τὸ
1788 2088 1831 2121 tia:-

1045 2135 1091 2168 λὲς
1101 2155 1108 2168 ,
1122 2135 1168 2162 καὶ
1182 2135 1212 2161 τὸ
1229 2134 1334 2170 μέλλειν
1349 2142 1374 2160 τι
1392 2133 1521 2169 πράττειν
1537 2133 1594 2161 τῶν
1612 2134 1769 2169 χρηστῶν,
1782 2132 1831 2158 θέε

1045 2181 1105 2213 δοςο
1124 2181 1162 2212 ὼς
1182 2180 1303 2211 ἐκείνους
1316 2188 1346 2206 τε
1362 2178 1475 2214 ποιητὴς
1490 2178 1617 2206 νουθετεί
1634 2178 1818 2215 συμΰουλειυυ

1120 2222 1194 2256 mo‘
1208 2222 1428 2249 ἀναϐάλλεσθαι
1441 2220 1495 2256 (45)
1510 2222 1555 2253 εὶς
1568 2221 1684 2254 αὔριον·
1693 2230 1700 2236 ·

1051 2269 1098 2296 καὶ
1114 2268 1338 2305 προσεπαπειλῶν
1347 2276 1353 2282 ·

1121 2315 1182 2342 Alei
1193 2314 1218 2340 δ’
1234 2313 1427 2349 ἀμϐολιεργὸς
1442 2312 1522 2347 ἀνὴρ
1534 2312 1629 2347 ἄτῃσι
1643 2314 1779 2341 παλαίει.

1055 2356 1144 2396 Ἧμᾶς
1163 2368 1193 2386 τε
1207 2359 1262 2396 (46)
1281 2359 1442 2395 σεμνότερον
1462 2358 1590 2384 παιδεύει
1609 2359 1779 2394 προφήτης,
1791 2356 1832 2381 6::-

1050 2407 1142 2442 πρεπῆ
1157 2406 1205 2442 μὲν
1217 2406 1301 2437 ὅντως
1314 2404 1382 2440 ἔργα
1404 2404 1438 2430 τὰ
1457 2405 1520 2431 κατ’
1537 2405 1644 2440 ἀρετὴν
1658 2404 1791 2440 ὺπάρῇιν
1803 2400 1831 2425 ‘13-

1049 2458 1105 2484 γων
1118 2469 1125 2482 ,
1140 2450 1185 2477 τὸν
1199 2450 1226 2476 δὲ
1242 2448 1425 2485 ὀλιγωροῦντα
1438 2447 1545 2475 τούτων
1559 2468 1566 2480 ,
1589 2449 1740 2482 ἐξάγιστον
1750 2457 1756 2462 ·
1776 2447 1830 2471 Ὲ-τλέ

1051 2494 1216 2528 κατάρατος
1235 2494 1290 2529 γὰρ
1308 2495 1324 2520 d
1337 2492 1430 2519 ποιῶν
1445 2493 1481 2520 τὰ
1501 2492 1577 2528 ἔργα
1592 2495 1709 2528 ΚιῬίου
1825 2509 1828 2513 -

1052 2538 1118 2566 Εἶτα
1137 2541 1185 2568 καὶ
1202 2541 1259 2572 τοῖς
1281 2539 1329 2575 μὲν
1349 2538 1484 2574 ἀμαθέσιν
1502 2539 1672 2574 ἡστινοσοῦν
1689 2540 1783 2575 τέχνης
1799 2541 1830 2561 ιιι

1015 2253 1037 2280 D

1053 2676 1103 2710 Qui
1120 2677 1241 2710 sequitur
1257 2685 1264 2703 :

1085 2712 1146 2739 Αιεὶ
1158 2712 1184 2738 δ’
1196 2712 1390 2746 ἀμϐολιεργὸς
1401 2731 1408 2743 ,
1423 2715 1478 2739 etc.

1051 2759 1117 2787 ibid.
1131 2767 1155 2784 v.
1172 2759 1233 2785 Mi.
1251 2758 1288 2785 la.

1087 2794 1143 2830 (46)
1169 2793 1255 2828 Ἡμᾶς
1270 2802 1310 2821 τε.
1327 2793 1407 2821 Forte
1420 2793 1496 2829 illud;
1507 2794 1551 2822 δέ.
1573 2795 1613 2822 In.
