  <div class='ocr_page' id='page_1' title='image "/cluster/home/n/w/nwhite01/storage/ocr_20150623/10/njp.32101077772406/706.png"; bbox 0 0 1844 3047; ppageno 0'>
   <div class='ocr_carea' id='block_1_1' title="bbox 35 113 106 141">
    <p class='ocr_par' dir='ltr' id='par_1_1' title="bbox 35 113 106 141">
     <span class='ocr_line' id='line_1_1' title="bbox 35 113 106 141; baseline 0.014 -1"><span class='ocrx_word' id='word_1_1' title='bbox 35 113 106 141; x_wconf 68' lang='lat'><strong>£265</strong></span> 
     </span>
    </p>
   </div>
   <div class='ocr_carea' id='block_1_2' title="bbox 528 112 1189 150">
    <p class='ocr_par' dir='ltr' id='par_1_2' title="bbox 528 112 1189 150">
     <span class='ocr_line' id='line_1_2' title="bbox 528 112 1189 150; baseline 0 -10"><span class='ocrx_word' id='word_1_2' title='bbox 528 112 742 142; x_wconf 75' lang='lat' dir='ltr'><strong>FRAGMENTA</strong></span> <span class='ocrx_word' id='word_1_3' title='bbox 760 113 807 140; x_wconf 70' lang='lat' dir='ltr'><strong>EX</strong></span> <span class='ocrx_word' id='word_1_4' title='bbox 826 112 1001 150; x_wconf 34' lang='lat' dir='ltr'><strong>LIBRIS&#39;DE</strong></span> <span class='ocrx_word' id='word_1_5' title='bbox 1016 112 1189 142; x_wconf 43' lang='lat' dir='ltr'><strong>NATURAL</strong></span> 
     </span>
    </p>
   </div>
   <div class='ocr_carea' id='block_1_3' title="bbox 1595 111 1664 139">
    <p class='ocr_par' dir='ltr' id='par_1_3' title="bbox 1595 111 1664 139">
     <span class='ocr_line' id='line_1_3' title="bbox 1595 111 1664 139; baseline 0 0"><span class='ocrx_word' id='word_1_6' title='bbox 1595 111 1664 139; x_wconf 64' lang='grc'><strong>5266</strong></span> 
     </span>
    </p>
   </div>
   <div class='ocr_carea' id='block_1_4' title="bbox 30 174 813 212">
    <p class='ocr_par' dir='ltr' id='par_1_4' title="bbox 30 174 813 212">
     <span class='ocr_line' id='line_1_4' title="bbox 30 174 813 212; baseline 0.004 -12"><span class='ocrx_word' id='word_1_7' title='bbox 30 174 238 210; x_wconf 79' lang='grc' dir='ltr'>ἀτελεστὲροις,</span> <span class='ocrx_word' id='word_1_8' title='bbox 249 174 292 202; x_wconf 76' lang='grc' dir='ltr'><strong>διὰ</strong></span> <span class='ocrx_word' id='word_1_9' title='bbox 308 174 338 202; x_wconf 85' lang='grc' dir='ltr'><strong>τδ</strong></span> <span class='ocrx_word' id='word_1_10' title='bbox 357 175 407 211; x_wconf 83' lang='grc' dir='ltr'>τῆς</span> <span class='ocrx_word' id='word_1_11' title='bbox 427 181 523 211; x_wconf 74' lang='grc' dir='ltr'>πείρας</span> <span class='ocrx_word' id='word_1_12' title='bbox 542 176 641 212; x_wconf 81' lang='grc' dir='ltr'>ἀληθὲς</span> <span class='ocrx_word' id='word_1_13' title='bbox 663 176 718 212; x_wconf 70' lang='grc'>(47)</span> <span class='ocrx_word' id='word_1_14' title='bbox 734 177 780 204; x_wconf 68' lang='lat' dir='ltr'><strong>ml.</strong></span> <span class='ocrx_word' id='word_1_15' title='bbox 794 177 813 203; x_wconf 68' lang='grc' dir='ltr'>τέ</span> 
     </span>
    </p>
   </div>
   <div class='ocr_carea' id='block_1_5' title="bbox 891 174 1663 212">
    <p class='ocr_par' dir='ltr' id='par_1_5' title="bbox 892 175 1663 212">
     <span class='ocr_line' id='line_1_5' title="bbox 892 175 1663 212; baseline -0.001 -10"><span class='ocrx_word' id='word_1_16' title='bbox 892 177 976 209; x_wconf 86' lang='lat' dir='ltr'><strong>hoati,</strong></span> <span class='ocrx_word' id='word_1_17' title='bbox 991 181 1100 212; x_wconf 88' lang='lat' dir='ltr'><strong>propter</strong></span> <span class='ocrx_word' id='word_1_18' title='bbox 1109 175 1283 211; x_wconf 65' lang='lat' dir='ltr'><strong>experientiae</strong></span> <span class='ocrx_word' id='word_1_19' title='bbox 1295 175 1444 203; x_wconf 74' lang='lat' dir='ltr'><strong>novitatem</strong></span> <span class='ocrx_word' id='word_1_20' title='bbox 1456 179 1538 210; x_wconf 86' lang='lat' dir='ltr'><strong>atque</strong></span> <span class='ocrx_word' id='word_1_21' title='bbox 1549 182 1663 209; x_wconf 91' lang='lat' dir='ltr'><strong>operum</strong></span> 
     </span>
    </p>
   </div>
   <div class='ocr_carea' id='block_1_6' title="bbox 30 218 824 256">
    <p class='ocr_par' dir='ltr' id='par_1_6' title="bbox 30 218 824 256">
     <span class='ocr_line' id='line_1_6' title="bbox 30 218 824 256; baseline 0.004 -11"><span class='ocrx_word' id='word_1_22' title='bbox 30 218 86 245; x_wconf 82' lang='grc' dir='ltr'>τῶν</span> <span class='ocrx_word' id='word_1_23' title='bbox 112 218 201 255; x_wconf 79' lang='grc' dir='ltr'>ἔργων</span> <span class='ocrx_word' id='word_1_24' title='bbox 221 219 349 256; x_wconf 77' lang='grc' dir='ltr'>ἀτριὸὲς,</span> <span class='ocrx_word' id='word_1_25' title='bbox 369 219 491 256; x_wconf 85' lang='grc' dir='ltr'>κάματος</span> <span class='ocrx_word' id='word_1_26' title='bbox 514 221 652 255; x_wconf 78' lang='grc' dir='ltr'><strong>ἐγγίνεται</strong></span> <span class='ocrx_word' id='word_1_27' title='bbox 676 222 737 253; x_wconf 82' lang='grc' dir='ltr'>ταῖς</span> <span class='ocrx_word' id='word_1_28' title='bbox 763 222 824 248; x_wconf 81' lang='grc' dir='ltr'><strong>ἐπι-</strong></span> 
     </span>
    </p>
   </div>
   <div class='ocr_carea' id='block_1_7' title="bbox 30 266 822 308">
    <p class='ocr_par' dir='ltr' id='par_1_7' title="bbox 30 266 822 308">
     <span class='ocr_line' id='line_1_7' title="bbox 30 266 822 308; baseline 0.005 -17"><span class='ocrx_word' id='word_1_29' title='bbox 30 266 200 302; x_wconf 83' lang='grc' dir='ltr'>χειρήσεσιν.</span> <span class='ocrx_word' id='word_1_30' title='bbox 224 267 255 293; x_wconf 79' lang='grc' dir='ltr'><strong>Οἱ</strong></span> <span class='ocrx_word' id='word_1_31' title='bbox 272 267 299 293; x_wconf 85' lang='grc' dir='ltr'>δὲ</span> <span class='ocrx_word' id='word_1_32' title='bbox 318 268 542 308; x_wconf 57' lang='grc' dir='ltr'>προκόπτοντες,</span> <span class='ocrx_word' id='word_1_33' title='bbox 556 269 603 296; x_wconf 72' lang='grc' dir='ltr'>καὶ</span> <span class='ocrx_word' id='word_1_34' title='bbox 626 268 724 304; x_wconf 86' lang='grc' dir='ltr'>μᾶλλον</span> <span class='ocrx_word' id='word_1_35' title='bbox 740 269 779 296; x_wconf 76' lang='grc' dir='ltr'>ἔτι</span> <span class='ocrx_word' id='word_1_36' title='bbox 797 269 822 295; x_wconf 91' lang='grc' dir='ltr'>οἱ</span> 
     </span>
    </p>
   </div>
   <div class='ocr_carea' id='block_1_8' title="bbox 29 311 822 350">
    <p class='ocr_par' dir='ltr' id='par_1_8' title="bbox 29 311 822 350">
     <span class='ocr_line' id='line_1_8' title="bbox 29 311 822 350; baseline 0.005 -13"><span class='ocrx_word' id='word_1_37' title='bbox 29 311 148 344; x_wconf 83' lang='grc' dir='ltr'>τέλειοι,</span> <span class='ocrx_word' id='word_1_38' title='bbox 165 313 264 348; x_wconf 75' lang='grc' dir='ltr'>ῥᾳδίως</span> <span class='ocrx_word' id='word_1_39' title='bbox 284 313 301 341; x_wconf 82' lang='grc' dir='ltr'>ἃ</span> <span class='ocrx_word' id='word_1_40' title='bbox 321 315 429 349; x_wconf 76' lang='grc' dir='ltr'>μετίασι</span> <span class='ocrx_word' id='word_1_41' title='bbox 452 315 646 350; x_wconf 77' lang='grc' dir='ltr'>κατορθοῦντες</span> <span class='ocrx_word' id='word_1_42' title='bbox 662 315 822 350; x_wconf 85' lang='grc' dir='ltr'>γάννυνται,</span> 
     </span>
    </p>
   </div>
   <div class='ocr_carea' id='block_1_9' title="bbox 29 357 823 396">
    <p class='ocr_par' dir='ltr' id='par_1_9' title="bbox 29 357 823 396">
     <span class='ocr_line' id='line_1_9' title="bbox 29 357 823 396; baseline 0.003 -13"><span class='ocrx_word' id='word_1_43' title='bbox 29 357 76 383; x_wconf 74' lang='grc' dir='ltr'>καὶ</span> <span class='ocrx_word' id='word_1_44' title='bbox 98 357 198 392; x_wconf 75' lang='grc' dir='ltr'>μᾶλλον</span> <span class='ocrx_word' id='word_1_45' title='bbox 217 357 250 385; x_wconf 88' lang='grc' dir='ltr'>ἂν</span> <span class='ocrx_word' id='word_1_46' title='bbox 269 358 369 385; x_wconf 76' lang='grc' dir='ltr'><strong>ἕλοιντο</strong></span> <span class='ocrx_word' id='word_1_47' title='bbox 381 359 414 386; x_wconf 77' lang='grc' dir='ltr'><strong>τὰ</strong></span> <span class='ocrx_word' id='word_1_48' title='bbox 427 360 542 387; x_wconf 78' lang='grc' dir='ltr'><strong>εἰωθότα</strong></span> <span class='ocrx_word' id='word_1_49' title='bbox 553 359 717 396; x_wconf 83' lang='grc' dir='ltr'>πράττοντες</span> <span class='ocrx_word' id='word_1_50' title='bbox 732 359 823 387; x_wconf 79' lang='grc' dir='ltr'><strong>ἀνύειν</strong></span> 
     </span>
    </p>
   </div>
   <div class='ocr_carea' id='block_1_10' title="bbox 28 404 823 442">
    <p class='ocr_par' dir='ltr' id='par_1_10' title="bbox 28 404 823 442">
     <span class='ocr_line' id='line_1_10' title="bbox 28 404 823 442; baseline 0.004 -13"><span class='ocrx_word' id='word_1_51' title='bbox 28 404 77 430; x_wconf 77' lang='grc' dir='ltr'>καὶ</span> <span class='ocrx_word' id='word_1_52' title='bbox 102 404 316 441; x_wconf 85' lang='grc' dir='ltr'>τελεσιουργεῖν,</span> <span class='ocrx_word' id='word_1_53' title='bbox 336 406 351 441; x_wconf 87' lang='grc' dir='ltr'>ἢ</span> <span class='ocrx_word' id='word_1_54' title='bbox 374 405 465 432; x_wconf 81' lang='grc' dir='ltr'>πάντα</span> <span class='ocrx_word' id='word_1_55' title='bbox 485 406 574 440; x_wconf 85' lang='grc' dir='ltr'>σφίσιν</span> <span class='ocrx_word' id='word_1_56' title='bbox 601 405 719 442; x_wconf 78' lang='grc' dir='ltr'>ὑπάρξαι</span> <span class='ocrx_word' id='word_1_57' title='bbox 737 405 771 432; x_wconf 85' lang='grc' dir='ltr'><strong>τὰ</strong></span> <span class='ocrx_word' id='word_1_58' title='bbox 794 405 823 432; x_wconf 84' lang='grc' dir='ltr'>ὲν</span> 
     </span>
    </p>
   </div>
   <div class='ocr_carea' id='block_1_11' title="bbox 27 449 822 488">
    <p class='ocr_par' dir='ltr' id='par_1_11' title="bbox 27 449 822 488">
     <span class='ocr_line' id='line_1_11' title="bbox 27 449 822 488; baseline 0.003 -12"><span class='ocrx_word' id='word_1_59' title='bbox 27 449 185 485; x_wconf 84' lang='grc' dir='ltr'>ἀνθρώποις</span> <span class='ocrx_word' id='word_1_60' title='bbox 196 451 295 485; x_wconf 77' lang='grc' dir='ltr'>ἀγαθά.</span> <span class='ocrx_word' id='word_1_61' title='bbox 311 452 481 488; x_wconf 86' lang='grc' dir='ltr'>Δημόκριτος</span> <span class='ocrx_word' id='word_1_62' title='bbox 494 452 559 486; x_wconf 74' lang='grc' dir='ltr'>γοῦν</span> <span class='ocrx_word' id='word_1_63' title='bbox 570 452 650 484; x_wconf 80' lang='grc' dir='ltr'>αὐτὸς</span> <span class='ocrx_word' id='word_1_64' title='bbox 659 472 666 484; x_wconf 92' lang='grc'><strong>,</strong></span> <span class='ocrx_word' id='word_1_65' title='bbox 678 452 716 484; x_wconf 87' lang='grc' dir='ltr'>ὦς</span> <span class='ocrx_word' id='word_1_66' title='bbox 731 460 822 486; x_wconf 83' lang='grc' dir='ltr'>φασιν,</span> 
     </span>
    </p>
   </div>
   <div class='ocr_carea' id='block_1_12' title="bbox 28 495 822 534">
    <p class='ocr_par' dir='ltr' id='par_1_12' title="bbox 28 495 822 534">
     <span class='ocr_line' id='line_1_12' title="bbox 28 495 822 534; baseline 0.004 -12"><span class='ocrx_word' id='word_1_67' title='bbox 28 495 107 531; x_wconf 73' lang='grc' dir='ltr'>ἔλεγε</span> <span class='ocrx_word' id='word_1_68' title='bbox 127 496 267 531; x_wconf 81' lang='grc' dir='ltr'>βούλεσθαι</span> <span class='ocrx_word' id='word_1_69' title='bbox 289 497 390 532; x_wconf 77' lang='grc' dir='ltr'>μᾶλλον</span> <span class='ocrx_word' id='word_1_70' title='bbox 413 499 477 533; x_wconf 87' lang='grc' dir='ltr'>μίαν</span> <span class='ocrx_word' id='word_1_71' title='bbox 495 498 584 534; x_wconf 84' lang='grc' dir='ltr'>εὑρεῖν</span> <span class='ocrx_word' id='word_1_72' title='bbox 608 497 787 532; x_wconf 78' lang='grc' dir='ltr'><strong>αἰτιολογίαν,</strong></span> <span class='ocrx_word' id='word_1_73' title='bbox 805 498 822 534; x_wconf 83' lang='grc' dir='ltr'><strong>ἦ</strong></span> 
     </span>
    </p>
   </div>
   <div class='ocr_carea' id='block_1_13' title="bbox 27 542 824 580">
    <p class='ocr_par' dir='ltr' id='par_1_13' title="bbox 27 542 824 580">
     <span class='ocr_line' id='line_1_13' title="bbox 27 542 824 580; baseline 0.004 -12"><span class='ocrx_word' id='word_1_74' title='bbox 27 542 78 578; x_wconf 80' lang='grc' dir='ltr'>τὴν</span> <span class='ocrx_word' id='word_1_75' title='bbox 96 542 209 578; x_wconf 80' lang='grc' dir='ltr'>Περσῶν</span> <span class='ocrx_word' id='word_1_76' title='bbox 225 543 250 570; x_wconf 76' lang='grc' dir='ltr'>οἱ</span> <span class='ocrx_word' id='word_1_77' title='bbox 264 543 403 578; x_wconf 78' lang='grc' dir='ltr'>βασιλείαν</span> <span class='ocrx_word' id='word_1_78' title='bbox 416 544 543 578; x_wconf 78' lang='grc' dir='ltr'>γενέσθαι</span> <span class='ocrx_word' id='word_1_79' title='bbox 554 553 560 559; x_wconf 89' lang='grc'><strong>·</strong></span> <span class='ocrx_word' id='word_1_80' title='bbox 570 545 618 571; x_wconf 80' lang='grc' dir='ltr'>καὶ</span> <span class='ocrx_word' id='word_1_81' title='bbox 629 544 723 576; x_wconf 83' lang='grc' dir='ltr'>ταῦτα,</span> <span class='ocrx_word' id='word_1_82' title='bbox 734 545 824 580; x_wconf 86' lang='grc' dir='ltr'><strong>μάτην</strong></span> 
     </span>
    </p>
   </div>
   <div class='ocr_carea' id='block_1_14' title="bbox 28 588 822 626">
    <p class='ocr_par' dir='ltr' id='par_1_14' title="bbox 28 588 822 626">
     <span class='ocr_line' id='line_1_14' title="bbox 28 588 822 626; baseline 0.003 -12"><span class='ocrx_word' id='word_1_83' title='bbox 28 588 77 614; x_wconf 69' lang='grc' dir='ltr'>καὶ</span> <span class='ocrx_word' id='word_1_84' title='bbox 101 588 228 621; x_wconf 78' lang='grc' dir='ltr'>ἀναιτίως</span> <span class='ocrx_word' id='word_1_85' title='bbox 242 589 400 624; x_wconf 79' lang='grc' dir='ltr'>αἰτιολογῶν</span> <span class='ocrx_word' id='word_1_86' title='bbox 411 610 418 622; x_wconf 90' lang='grc'><strong>,</strong></span> <span class='ocrx_word' id='word_1_87' title='bbox 440 590 478 622; x_wconf 89' lang='grc' dir='ltr'>ὡς</span> <span class='ocrx_word' id='word_1_88' title='bbox 496 590 529 617; x_wconf 85' lang='grc' dir='ltr'>ἂν</span> <span class='ocrx_word' id='word_1_89' title='bbox 546 590 600 617; x_wconf 77' lang='grc' dir='ltr'><strong>ἀπὸ</strong></span> <span class='ocrx_word' id='word_1_90' title='bbox 621 591 702 626; x_wconf 81' lang='grc' dir='ltr'>κενῆς</span> <span class='ocrx_word' id='word_1_91' title='bbox 717 589 822 626; x_wconf 79' lang='grc' dir='ltr'>ἀρχῆς,</span> 
     </span>
    </p>
   </div>
   <div class='ocr_carea' id='block_1_15' title="bbox 28 634 824 672">
    <p class='ocr_par' dir='ltr' id='par_1_15' title="bbox 28 634 824 672">
     <span class='ocr_line' id='line_1_15' title="bbox 28 634 824 672; baseline 0.001 -11"><span class='ocrx_word' id='word_1_92' title='bbox 28 634 76 661; x_wconf 77' lang='grc' dir='ltr'><strong>καὶ</strong></span> <span class='ocrx_word' id='word_1_93' title='bbox 95 635 248 666; x_wconf 78' lang='grc' dir='ltr'>ὑποθέσεως</span> <span class='ocrx_word' id='word_1_94' title='bbox 264 635 444 672; x_wconf 84' lang='grc' dir='ltr'><strong>πλανωμένης</strong></span> <span class='ocrx_word' id='word_1_95' title='bbox 462 636 636 672; x_wconf 84' lang='grc' dir='ltr'><strong>ὁρμώμενος,</strong></span> <span class='ocrx_word' id='word_1_96' title='bbox 655 637 702 663; x_wconf 69' lang='grc' dir='ltr'><strong>καὶ</strong></span> <span class='ocrx_word' id='word_1_97' title='bbox 716 636 766 672; x_wconf 84' lang='grc' dir='ltr'>τὴν</span> <span class='ocrx_word' id='word_1_98' title='bbox 784 636 824 671; x_wconf 72' lang='grc' dir='ltr'>ῥι-</span> 
     </span>
    </p>
   </div>
   <div class='ocr_carea' id='block_1_16' title="bbox 26 680 824 718">
    <p class='ocr_par' dir='ltr' id='par_1_16' title="bbox 26 680 824 718">
     <span class='ocr_line' id='line_1_16' title="bbox 26 680 824 718; baseline 0.001 -11"><span class='ocrx_word' id='word_1_99' title='bbox 26 680 92 713; x_wconf 73' lang='grc' dir='ltr'>ζαν,</span> <span class='ocrx_word' id='word_1_100' title='bbox 105 681 153 707; x_wconf 73' lang='grc' dir='ltr'><strong>καὶ</strong></span> <span class='ocrx_word' id='word_1_101' title='bbox 164 680 212 717; x_wconf 77' lang='grc' dir='ltr'>τὴν</span> <span class='ocrx_word' id='word_1_102' title='bbox 225 682 317 718; x_wconf 84' lang='grc' dir='ltr'>κοινὴν</span> <span class='ocrx_word' id='word_1_103' title='bbox 333 682 455 717; x_wconf 78' lang='grc' dir='ltr'>ἀνάγκην</span> <span class='ocrx_word' id='word_1_104' title='bbox 471 682 520 717; x_wconf 80' lang='grc' dir='ltr'>τῆς</span> <span class='ocrx_word' id='word_1_105' title='bbox 538 681 592 709; x_wconf 81' lang='grc' dir='ltr'>τῶν</span> <span class='ocrx_word' id='word_1_106' title='bbox 615 682 700 709; x_wconf 81' lang='grc' dir='ltr'>ὄντων</span> <span class='ocrx_word' id='word_1_107' title='bbox 717 681 824 716; x_wconf 82' lang='grc' dir='ltr'>φύσεως</span> 
     </span>
    </p>
   </div>
   <div class='ocr_carea' id='block_1_17' title="bbox 26 725 824 762">
    <p class='ocr_par' dir='ltr' id='par_1_17' title="bbox 26 725 824 762">
     <span class='ocr_line' id='line_1_17' title="bbox 26 725 824 762; baseline 0.004 -11"><span class='ocrx_word' id='word_1_108' title='bbox 26 726 78 760; x_wconf 75' lang='grc' dir='ltr'>οὺχ</span> <span class='ocrx_word' id='word_1_109' title='bbox 95 725 182 761; x_wconf 79' lang='grc' dir='ltr'>ὁρῶν,</span> <span class='ocrx_word' id='word_1_110' title='bbox 199 726 295 762; x_wconf 82' lang='grc' dir='ltr'>σοφίαν</span> <span class='ocrx_word' id='word_1_111' title='bbox 319 726 348 753; x_wconf 79' lang='grc' dir='ltr'>δὲ</span> <span class='ocrx_word' id='word_1_112' title='bbox 365 727 498 762; x_wconf 73' lang='grc' dir='ltr'><strong>μεγίστην</strong></span> <span class='ocrx_word' id='word_1_113' title='bbox 517 727 684 762; x_wconf 77' lang='grc' dir='ltr'>ἡγούμενος,</span> <span class='ocrx_word' id='word_1_114' title='bbox 700 727 749 762; x_wconf 80' lang='grc' dir='ltr'>τὴν</span> <span class='ocrx_word' id='word_1_115' title='bbox 769 726 824 754; x_wconf 85' lang='grc' dir='ltr'>τῶν</span> 
     </span>
    </p>
   </div>
   <div class='ocr_carea' id='block_1_18' title="bbox 26 771 823 809">
    <p class='ocr_par' dir='ltr' id='par_1_18' title="bbox 26 771 823 809">
     <span class='ocr_line' id='line_1_18' title="bbox 26 771 823 809; baseline 0.001 -11"><span class='ocrx_word' id='word_1_116' title='bbox 26 771 142 806; x_wconf 78' lang='grc' dir='ltr'>ἀσόφως</span> <span class='ocrx_word' id='word_1_117' title='bbox 158 773 206 799; x_wconf 80' lang='grc' dir='ltr'>καὶ</span> <span class='ocrx_word' id='word_1_118' title='bbox 231 773 341 808; x_wconf 79' lang='grc' dir='ltr'>ἠλιθίως</span> <span class='ocrx_word' id='word_1_119' title='bbox 361 773 565 809; x_wconf 73' lang='grc' dir='ltr'>συμϐαινόντων</span> <span class='ocrx_word' id='word_1_120' title='bbox 583 773 760 808; x_wconf 81' lang='grc' dir='ltr'>κατανόησιν,</span> <span class='ocrx_word' id='word_1_121' title='bbox 776 773 823 800; x_wconf 71' lang='grc' dir='ltr'>καὶ</span> 
     </span>
    </p>
   </div>
   <div class='ocr_carea' id='block_1_19' title="bbox 25 817 822 854">
    <p class='ocr_par' dir='ltr' id='par_1_19' title="bbox 25 817 822 854">
     <span class='ocr_line' id='line_1_19' title="bbox 25 817 822 854; baseline 0.003 -10"><span class='ocrx_word' id='word_1_122' title='bbox 25 818 78 853; x_wconf 81' lang='grc' dir='ltr'>τὴν</span> <span class='ocrx_word' id='word_1_123' title='bbox 91 817 186 854; x_wconf 80' lang='grc' dir='ltr'><strong>τύχην,</strong></span> <span class='ocrx_word' id='word_1_124' title='bbox 199 818 255 846; x_wconf 84' lang='grc' dir='ltr'>τῶν</span> <span class='ocrx_word' id='word_1_125' title='bbox 270 819 319 854; x_wconf 76' lang='grc' dir='ltr'>μὲν</span> <span class='ocrx_word' id='word_1_126' title='bbox 330 819 445 846; x_wconf 80' lang='grc' dir='ltr'>καθόλου</span> <span class='ocrx_word' id='word_1_127' title='bbox 461 820 507 847; x_wconf 80' lang='grc' dir='ltr'>καὶ</span> <span class='ocrx_word' id='word_1_128' title='bbox 519 819 573 847; x_wconf 84' lang='grc' dir='ltr'>τῶν</span> <span class='ocrx_word' id='word_1_129' title='bbox 586 819 664 847; x_wconf 86' lang='grc' dir='ltr'>θείων</span> <span class='ocrx_word' id='word_1_130' title='bbox 677 819 822 846; x_wconf 83' lang='grc' dir='ltr'>δέσποιναν</span> 
     </span>
    </p>
   </div>
   <div class='ocr_carea' id='block_1_20' title="bbox 26 864 821 901">
    <p class='ocr_par' dir='ltr' id='par_1_20' title="bbox 26 864 821 901">
     <span class='ocr_line' id='line_1_20' title="bbox 26 864 821 901; baseline 0.001 -10"><span class='ocrx_word' id='word_1_131' title='bbox 26 864 145 899; x_wconf 71' lang='grc' dir='ltr'>ἐφιστὰς</span> <span class='ocrx_word' id='word_1_132' title='bbox 160 865 207 892; x_wconf 76' lang='grc' dir='ltr'>καὶ</span> <span class='ocrx_word' id='word_1_133' title='bbox 221 865 354 900; x_wconf 76' lang='grc' dir='ltr'>βασιλίδα,</span> <span class='ocrx_word' id='word_1_134' title='bbox 367 866 414 893; x_wconf 81' lang='grc' dir='ltr'>καὶ</span> <span class='ocrx_word' id='word_1_135' title='bbox 424 865 512 893; x_wconf 85' lang='grc' dir='ltr'>πάντα</span> <span class='ocrx_word' id='word_1_136' title='bbox 522 866 648 901; x_wconf 84' lang='grc' dir='ltr'>γενέσθαι</span> <span class='ocrx_word' id='word_1_137' title='bbox 664 865 723 893; x_wconf 82' lang='grc' dir='ltr'>κατ’</span> <span class='ocrx_word' id='word_1_138' title='bbox 736 865 821 901; x_wconf 83' lang='grc' dir='ltr'>αὐτὴν</span> 
     </span>
    </p>
   </div>
   <div class='ocr_carea' id='block_1_21' title="bbox 25 911 823 950">
    <p class='ocr_par' dir='ltr' id='par_1_21' title="bbox 25 911 823 950">
     <span class='ocr_line' id='line_1_21' title="bbox 25 911 823 950; baseline 0.003 -14"><span class='ocrx_word' id='word_1_139' title='bbox 25 911 249 946; x_wconf 72' lang='grc' dir='ltr'>ἀποφαινόμενος</span> <span class='ocrx_word' id='word_1_140' title='bbox 258 920 265 926; x_wconf 94' lang='grc'><strong>·</strong></span> <span class='ocrx_word' id='word_1_141' title='bbox 278 911 326 938; x_wconf 87' lang='grc' dir='ltr'><strong>τοῦ</strong></span> <span class='ocrx_word' id='word_1_142' title='bbox 341 911 370 950; x_wconf 74' lang='grc' dir='ltr'>δὲ</span> <span class='ocrx_word' id='word_1_143' title='bbox 385 912 440 939; x_wconf 87' lang='grc' dir='ltr'>τῶν</span> <span class='ocrx_word' id='word_1_144' title='bbox 454 912 606 948; x_wconf 81' lang='grc' dir='ltr'>ἀνθρώπων</span> <span class='ocrx_word' id='word_1_145' title='bbox 623 912 707 948; x_wconf 83' lang='grc' dir='ltr'>αὐτὴν</span> <span class='ocrx_word' id='word_1_146' title='bbox 719 912 823 948; x_wconf 86' lang='grc' dir='ltr'>ἀποκη-</span> 
     </span>
    </p>
   </div>
   <div class='ocr_carea' id='block_1_22' title="bbox 26 956 822 994">
    <p class='ocr_par' dir='ltr' id='par_1_22' title="bbox 26 956 822 994">
     <span class='ocr_line' id='line_1_22' title="bbox 26 956 822 994; baseline 0.001 -11"><span class='ocrx_word' id='word_1_147' title='bbox 26 957 136 992; x_wconf 83' lang='grc' dir='ltr'>ρύττων</span> <span class='ocrx_word' id='word_1_148' title='bbox 151 956 208 993; x_wconf 86' lang='grc' dir='ltr'>βίου</span> <span class='ocrx_word' id='word_1_149' title='bbox 218 978 226 990; x_wconf 84' lang='lat'><strong>,</strong></span> <span class='ocrx_word' id='word_1_150' title='bbox 243 958 289 985; x_wconf 59' lang='grc' dir='ltr'><strong>καί¹</strong></span> <span class='ocrx_word' id='word_1_151' title='bbox 308 959 372 991; x_wconf 77' lang='grc' dir='ltr'>τοὺς</span> <span class='ocrx_word' id='word_1_152' title='bbox 392 958 591 994; x_wconf 74' lang='grc' dir='ltr'>πρεσϐεύοντας</span> <span class='ocrx_word' id='word_1_153' title='bbox 606 957 690 994; x_wconf 76' lang='grc' dir='ltr'>αὐτὴν</span> <span class='ocrx_word' id='word_1_154' title='bbox 704 958 822 993; x_wconf 76' lang='grc' dir='ltr'>ἐλέγχων</span> 
     </span>
    </p>
   </div>
   <div class='ocr_carea' id='block_1_23' title="bbox 24 1002 821 1040">
    <p class='ocr_par' dir='ltr' id='par_1_23' title="bbox 24 1002 821 1040">
     <span class='ocr_line' id='line_1_23' title="bbox 24 1002 821 1040; baseline 0.003 -12"><span class='ocrx_word' id='word_1_155' title='bbox 24 1002 200 1038; x_wconf 85' lang='grc' dir='ltr'>ἀγνώμονας.</span> <span class='ocrx_word' id='word_1_156' title='bbox 224 1003 284 1030; x_wconf 83' lang='grc' dir='ltr'><strong>Τῶν</strong></span> <span class='ocrx_word' id='word_1_157' title='bbox 298 1003 365 1038; x_wconf 87' lang='grc' dir='ltr'>γοῦν</span> <span class='ocrx_word' id='word_1_158' title='bbox 385 1004 531 1040; x_wconf 83' lang='grc' dir='ltr'>ὑποθηκῶν</span> <span class='ocrx_word' id='word_1_159' title='bbox 555 1003 705 1040; x_wconf 82' lang='grc' dir='ltr'>ἀρχόμενος</span> <span class='ocrx_word' id='word_1_160' title='bbox 727 1003 821 1038; x_wconf 89' lang='grc' dir='ltr'>λέγει·</span> 
     </span>
    </p>
   </div>
   <div class='ocr_carea' id='block_1_24' title="bbox 27 1048 822 1086">
    <p class='ocr_par' dir='ltr' id='par_1_24' title="bbox 27 1048 822 1086">
     <span class='ocr_line' id='line_1_24' title="bbox 27 1048 822 1086; baseline 0.003 -12"><span class='ocrx_word' id='word_1_161' title='bbox 27 1057 36 1074; x_wconf 75' lang='grc' dir='ltr'><strong>ι</strong></span> <span class='ocrx_word' id='word_1_162' title='bbox 45 1048 206 1084; x_wconf 74' lang='grc' dir='ltr'>’Δνθρωποι</span> <span class='ocrx_word' id='word_1_163' title='bbox 220 1049 304 1084; x_wconf 83' lang='grc' dir='ltr'>τύχης</span> <span class='ocrx_word' id='word_1_164' title='bbox 317 1049 427 1077; x_wconf 79' lang='grc' dir='ltr'>εἰδωλον</span> <span class='ocrx_word' id='word_1_165' title='bbox 440 1050 601 1083; x_wconf 81' lang='grc' dir='ltr'>ὲπλάσαντο,</span> <span class='ocrx_word' id='word_1_166' title='bbox 610 1050 744 1086; x_wconf 84' lang='grc' dir='ltr'>πρόφασιν</span> <span class='ocrx_word' id='word_1_167' title='bbox 755 1049 822 1085; x_wconf 84' lang='grc' dir='ltr'>ἰδίης</span> 
     </span>
    </p>
   </div>
   <div class='ocr_carea' id='block_1_25' title="bbox 24 1095 822 1133">
    <p class='ocr_par' dir='ltr' id='par_1_25' title="bbox 24 1095 822 1133">
     <span class='ocr_line' id='line_1_25' title="bbox 24 1095 822 1133; baseline 0.003 -12"><span class='ocrx_word' id='word_1_168' title='bbox 24 1095 133 1130; x_wconf 81' lang='grc' dir='ltr'>ἀνοίης.</span> <span class='ocrx_word' id='word_1_169' title='bbox 144 1095 227 1122; x_wconf 77' lang='grc' dir='ltr'>Φύσει</span> <span class='ocrx_word' id='word_1_170' title='bbox 240 1096 294 1132; x_wconf 81' lang='grc' dir='ltr'><strong>γὰρ</strong></span> <span class='ocrx_word' id='word_1_171' title='bbox 308 1095 404 1132; x_wconf 89' lang='grc' dir='ltr'>γνώμη</span> <span class='ocrx_word' id='word_1_172' title='bbox 417 1096 473 1132; x_wconf 71' lang='grc'>(48)</span> <span class='ocrx_word' id='word_1_173' title='bbox 490 1097 559 1133; x_wconf 82' lang='grc' dir='ltr'><strong>τύχῃ</strong></span> <span class='ocrx_word' id='word_1_174' title='bbox 572 1097 687 1133; x_wconf 79' lang='grc' dir='ltr'>μάχεται</span> <span class='ocrx_word' id='word_1_175' title='bbox 696 1105 702 1112; x_wconf 70' lang='grc'><strong>⁸</strong></span> <span class='ocrx_word' id='word_1_176' title='bbox 715 1097 761 1123; x_wconf 73' lang='grc' dir='ltr'><strong>καὶ</strong></span> <span class='ocrx_word' id='word_1_177' title='bbox 772 1097 822 1132; x_wconf 87' lang='grc' dir='ltr'>τὴν</span> 
     </span>
    </p>
   </div>
   <div class='ocr_carea' id='block_1_26' title="bbox 23 1140 819 1178">
    <p class='ocr_par' dir='ltr' id='par_1_26' title="bbox 23 1140 819 1178">
     <span class='ocr_line' id='line_1_26' title="bbox 23 1140 819 1178; baseline 0.003 -11"><span class='ocrx_word' id='word_1_178' title='bbox 23 1140 158 1176; x_wconf 79' lang='grc' dir='ltr'>ἐχθίστην</span> <span class='ocrx_word' id='word_1_179' title='bbox 171 1143 204 1177; x_wconf 87' lang='grc' dir='ltr'>τῇ</span> <span class='ocrx_word' id='word_1_180' title='bbox 221 1143 350 1178; x_wconf 82' lang='grc' dir='ltr'>φρονήσει</span> <span class='ocrx_word' id='word_1_181' title='bbox 365 1142 467 1178; x_wconf 88' lang='grc' dir='ltr'>ταύτην</span> <span class='ocrx_word' id='word_1_182' title='bbox 477 1143 561 1178; x_wconf 77' lang='grc' dir='ltr'>αὐτὴν</span> <span class='ocrx_word' id='word_1_183' title='bbox 575 1143 679 1178; x_wconf 78' lang='grc' dir='ltr'>ἔφασαν</span> <span class='ocrx_word' id='word_1_184' title='bbox 695 1144 819 1178; x_wconf 87' lang='grc' dir='ltr'>κρατεῖν·</span> 
     </span>
    </p>
   </div>
   <div class='ocr_carea' id='block_1_27' title="bbox 25 1187 822 1225">
    <p class='ocr_par' dir='ltr' id='par_1_27' title="bbox 25 1187 822 1225">
     <span class='ocr_line' id='line_1_27' title="bbox 25 1187 822 1225; baseline 0.001 -11"><span class='ocrx_word' id='word_1_185' title='bbox 25 1187 133 1223; x_wconf 74' lang='grc' dir='ltr'>μᾶλλον</span> <span class='ocrx_word' id='word_1_186' title='bbox 149 1188 178 1215; x_wconf 82' lang='grc' dir='ltr'>δὲ</span> <span class='ocrx_word' id='word_1_187' title='bbox 193 1188 239 1215; x_wconf 75' lang='grc' dir='ltr'>καὶ</span> <span class='ocrx_word' id='word_1_188' title='bbox 253 1189 355 1225; x_wconf 82' lang='grc' dir='ltr'>ταύτην</span> <span class='ocrx_word' id='word_1_189' title='bbox 372 1189 456 1225; x_wconf 79' lang='grc' dir='ltr'>ἄρδην</span> <span class='ocrx_word' id='word_1_190' title='bbox 468 1189 653 1225; x_wconf 80' lang='grc' dir='ltr'>ἀναιροῦντες,</span> <span class='ocrx_word' id='word_1_191' title='bbox 665 1190 712 1217; x_wconf 74' lang='grc' dir='ltr'>καὶ</span> <span class='ocrx_word' id='word_1_192' title='bbox 728 1189 822 1224; x_wconf 77' lang='grc' dir='ltr'>ἀφανί-</span> 
     </span>
    </p>
   </div>
   <div class='ocr_carea' id='block_1_28' title="bbox 24 1234 821 1271">
    <p class='ocr_par' dir='ltr' id='par_1_28' title="bbox 24 1234 821 1271">
     <span class='ocr_line' id='line_1_28' title="bbox 24 1234 821 1271; baseline 0.001 -11"><span class='ocrx_word' id='word_1_193' title='bbox 24 1234 121 1266; x_wconf 81' lang='grc' dir='ltr'>ζοντες</span> <span class='ocrx_word' id='word_1_194' title='bbox 131 1254 139 1266; x_wconf 90' lang='grc'><strong>,</strong></span> <span class='ocrx_word' id='word_1_195' title='bbox 154 1234 262 1270; x_wconf 80' lang='grc' dir='ltr'>ἐκείνην</span> <span class='ocrx_word' id='word_1_196' title='bbox 277 1235 498 1262; x_wconf 82' lang='grc' dir='ltr'>ἁντικαθιστᾶσιν</span> <span class='ocrx_word' id='word_1_197' title='bbox 515 1235 610 1271; x_wconf 77' lang='grc' dir='ltr'>αὐτῆς.</span> <span class='ocrx_word' id='word_1_198' title='bbox 626 1236 663 1263; x_wconf 84' lang='grc' dir='ltr'><strong>Οὐ</strong></span> <span class='ocrx_word' id='word_1_199' title='bbox 677 1236 730 1271; x_wconf 85' lang='grc' dir='ltr'><strong>γὰρ</strong></span> <span class='ocrx_word' id='word_1_200' title='bbox 743 1236 821 1262; x_wconf 84' lang='grc' dir='ltr'>εὐτυ-</span> 
     </span>
    </p>
   </div>
   <div class='ocr_carea' id='block_1_29' title="bbox 22 1279 821 1317">
    <p class='ocr_par' dir='ltr' id='par_1_29' title="bbox 22 1279 821 1317">
     <span class='ocr_line' id='line_1_29' title="bbox 22 1279 821 1317; baseline 0.001 -10"><span class='ocrx_word' id='word_1_201' title='bbox 22 1280 60 1316; x_wconf 86' lang='grc' dir='ltr'>χῆ</span> <span class='ocrx_word' id='word_1_202' title='bbox 81 1279 133 1316; x_wconf 77' lang='grc' dir='ltr'>τὴν</span> <span class='ocrx_word' id='word_1_203' title='bbox 156 1280 302 1316; x_wconf 81' lang='grc' dir='ltr'>φρόνησιν,</span> <span class='ocrx_word' id='word_1_204' title='bbox 319 1281 375 1308; x_wconf 82' lang='grc' dir='ltr'>ἀλλ’</span> <span class='ocrx_word' id='word_1_205' title='bbox 390 1281 614 1317; x_wconf 82' lang='grc' dir='ltr'>ὲμφρονεστάτην</span> <span class='ocrx_word' id='word_1_206' title='bbox 637 1281 750 1317; x_wconf 80' lang='grc' dir='ltr'>ὑμνοῦσι</span> <span class='ocrx_word' id='word_1_207' title='bbox 771 1281 821 1317; x_wconf 84' lang='grc' dir='ltr'>τὴν</span> 
     </span>
    </p>
   </div>
   <div class='ocr_carea' id='block_1_30' title="bbox 22 1326 821 1365">
    <p class='ocr_par' dir='ltr' id='par_1_30' title="bbox 22 1326 821 1365">
     <span class='ocr_line' id='line_1_30' title="bbox 22 1326 821 1365; baseline 0.005 -13"><span class='ocrx_word' id='word_1_208' title='bbox 22 1326 114 1363; x_wconf 80' lang='grc' dir='ltr'>τύχην</span> <span class='ocrx_word' id='word_1_209' title='bbox 131 1326 196 1363; x_wconf 66' lang='grc'>(49).</span> <span class='ocrx_word' id='word_1_210' title='bbox 213 1337 223 1353; x_wconf 73' lang='grc' dir='ltr'><strong><em>ι</em></strong></span> <span class='ocrx_word' id='word_1_211' title='bbox 249 1328 280 1354; x_wconf 78' lang='grc' dir='ltr'>οε</span> <span class='ocrx_word' id='word_1_212' title='bbox 295 1327 344 1363; x_wconf 80' lang='grc' dir='ltr'>μὲν</span> <span class='ocrx_word' id='word_1_213' title='bbox 357 1326 404 1354; x_wconf 81' lang='grc' dir='ltr'>οὖν</span> <span class='ocrx_word' id='word_1_214' title='bbox 417 1327 471 1354; x_wconf 80' lang='grc' dir='ltr'>τῶν</span> <span class='ocrx_word' id='word_1_215' title='bbox 494 1327 633 1363; x_wconf 87' lang='grc' dir='ltr'>βιωφελῶν</span> <span class='ocrx_word' id='word_1_216' title='bbox 653 1328 740 1365; x_wconf 75' lang='grc' dir='ltr'>ἔργων</span> <span class='ocrx_word' id='word_1_217' title='bbox 762 1330 821 1356; x_wconf 86' lang='grc' dir='ltr'><strong>ὲπι-</strong></span> 
     </span>
    </p>
   </div>
   <div class='ocr_carea' id='block_1_31' title="bbox 24 1372 819 1409">
    <p class='ocr_par' dir='ltr' id='par_1_31' title="bbox 24 1372 819 1409">
     <span class='ocr_line' id='line_1_31' title="bbox 24 1372 819 1409; baseline 0.004 -11"><span class='ocrx_word' id='word_1_218' title='bbox 24 1372 140 1406; x_wconf 73' lang='grc' dir='ltr'>σταται,</span> <span class='ocrx_word' id='word_1_219' title='bbox 147 1373 208 1404; x_wconf 80' lang='grc' dir='ltr'>ταῖς</span> <span class='ocrx_word' id='word_1_220' title='bbox 217 1372 284 1408; x_wconf 77' lang='grc' dir='ltr'>πρὸς</span> <span class='ocrx_word' id='word_1_221' title='bbox 291 1373 322 1400; x_wconf 79' lang='grc' dir='ltr'>τὸ</span> <span class='ocrx_word' id='word_1_222' title='bbox 328 1373 462 1408; x_wconf 76' lang='grc' dir='ltr'>ὁμόφυλον</span> <span class='ocrx_word' id='word_1_223' title='bbox 469 1374 640 1409; x_wconf 76' lang='grc' dir='ltr'>ἐπικουρίαις</span> <span class='ocrx_word' id='word_1_224' title='bbox 647 1374 819 1408; x_wconf 79' lang='grc' dir='ltr'>ἀγάλλονται,</span> 
     </span>
    </p>
   </div>
   <div class='ocr_carea' id='block_1_32' title="bbox 22 1417 820 1456">
    <p class='ocr_par' dir='ltr' id='par_1_32' title="bbox 22 1417 820 1456">
     <span class='ocr_line' id='line_1_32' title="bbox 22 1417 820 1456; baseline 0 -9"><span class='ocrx_word' id='word_1_225' title='bbox 22 1418 142 1447; x_wconf 69' lang='grc' dir='ltr'>ἐπαίνου</span> <span class='ocrx_word' id='word_1_226' title='bbox 158 1427 188 1445; x_wconf 87' lang='grc' dir='ltr'><strong>τε</strong></span> <span class='ocrx_word' id='word_1_227' title='bbox 202 1419 344 1455; x_wconf 80' lang='grc' dir='ltr'>ὀρέγονται</span> <span class='ocrx_word' id='word_1_228' title='bbox 367 1419 413 1446; x_wconf 72' lang='grc' dir='ltr'>καὶ</span> <span class='ocrx_word' id='word_1_229' title='bbox 429 1419 524 1451; x_wconf 78' lang='grc' dir='ltr'>κλέους</span> <span class='ocrx_word' id='word_1_230' title='bbox 538 1420 581 1454; x_wconf 78' lang='grc' dir='ltr'><strong>ἐφ’</strong></span> <span class='ocrx_word' id='word_1_231' title='bbox 595 1417 635 1451; x_wconf 76' lang='grc' dir='ltr'>οἷς</span> <span class='ocrx_word' id='word_1_232' title='bbox 648 1420 737 1447; x_wconf 75' lang='grc' dir='ltr'>αὐτῶν</span> <span class='ocrx_word' id='word_1_233' title='bbox 752 1429 820 1456; x_wconf 87' lang='grc' dir='ltr'>προ-</span> 
     </span>
    </p>
   </div>
   <div class='ocr_carea' id='block_1_33' title="bbox 20 1465 819 1503">
    <p class='ocr_par' dir='ltr' id='par_1_33' title="bbox 20 1465 819 1503">
     <span class='ocr_line' id='line_1_33' title="bbox 20 1465 819 1503; baseline 0.004 -11"><span class='ocrx_word' id='word_1_234' title='bbox 20 1465 189 1501; x_wconf 74' lang='grc' dir='ltr'>κάμνουσιν,</span> <span class='ocrx_word' id='word_1_235' title='bbox 201 1466 225 1492; x_wconf 83' lang='grc' dir='ltr'>οἱ</span> <span class='ocrx_word' id='word_1_236' title='bbox 242 1466 291 1501; x_wconf 84' lang='grc' dir='ltr'>μὲν</span> <span class='ocrx_word' id='word_1_237' title='bbox 305 1466 462 1502; x_wconf 77' lang='grc' dir='ltr'>τρέφοντες,</span> <span class='ocrx_word' id='word_1_238' title='bbox 473 1467 498 1492; x_wconf 89' lang='grc' dir='ltr'>οἱ</span> <span class='ocrx_word' id='word_1_239' title='bbox 508 1466 537 1492; x_wconf 76' lang='grc' dir='ltr'>δὲ</span> <span class='ocrx_word' id='word_1_240' title='bbox 553 1466 750 1503; x_wconf 77' lang='grc' dir='ltr'>κυϐερνῶντες,</span> <span class='ocrx_word' id='word_1_241' title='bbox 761 1468 785 1495; x_wconf 80' lang='grc' dir='ltr'>οἱ</span> <span class='ocrx_word' id='word_1_242' title='bbox 796 1468 819 1495; x_wconf 87' lang='grc' dir='ltr'>δ’</span> 
     </span>
    </p>
   </div>
   <div class='ocr_carea' id='block_1_34' title="bbox 23 1510 819 1548">
    <p class='ocr_par' dir='ltr' id='par_1_34' title="bbox 23 1510 819 1548">
     <span class='ocr_line' id='line_1_34' title="bbox 23 1510 819 1548; baseline 0.004 -11"><span class='ocrx_word' id='word_1_243' title='bbox 23 1511 151 1546; x_wconf 84' lang='grc' dir='ltr'>ιώμενοι,</span> <span class='ocrx_word' id='word_1_244' title='bbox 167 1511 192 1537; x_wconf 87' lang='grc' dir='ltr'>οἱ</span> <span class='ocrx_word' id='word_1_245' title='bbox 207 1511 236 1538; x_wconf 80' lang='grc' dir='ltr'>δὲ</span> <span class='ocrx_word' id='word_1_246' title='bbox 249 1510 471 1546; x_wconf 77' lang='grc' dir='ltr'>πολιτευόμενοι*</span> <span class='ocrx_word' id='word_1_247' title='bbox 486 1511 547 1538; x_wconf 83' lang='grc' dir='ltr'>οἱδέ</span> <span class='ocrx_word' id='word_1_248' title='bbox 561 1520 592 1546; x_wconf 88' lang='grc' dir='ltr'><strong>γε</strong></span> <span class='ocrx_word' id='word_1_249' title='bbox 610 1512 760 1548; x_wconf 84' lang='grc' dir='ltr'>φιλόσοφοι,</span> <span class='ocrx_word' id='word_1_250' title='bbox 772 1514 819 1540; x_wconf 80' lang='grc' dir='ltr'>καὶ</span> 
     </span>
    </p>
   </div>
   <div class='ocr_carea' id='block_1_35' title="bbox 21 1556 818 1594">
    <p class='ocr_par' dir='ltr' id='par_1_35' title="bbox 21 1556 818 1594">
     <span class='ocr_line' id='line_1_35' title="bbox 21 1556 818 1594; baseline 0.001 -10"><span class='ocrx_word' id='word_1_251' title='bbox 21 1557 133 1592; x_wconf 76' lang='grc' dir='ltr'>σφόδρα</span> <span class='ocrx_word' id='word_1_252' title='bbox 155 1556 291 1583; x_wconf 87' lang='grc' dir='ltr'>παιδεύειν</span> <span class='ocrx_word' id='word_1_253' title='bbox 316 1556 518 1593; x_wconf 74' lang='grc' dir='ltr'>ἐπιχειροῦντες</span> <span class='ocrx_word' id='word_1_254' title='bbox 538 1556 696 1593; x_wconf 79' lang='grc' dir='ltr'>ἀνθρώπους</span> <span class='ocrx_word' id='word_1_255' title='bbox 716 1558 818 1594; x_wconf 82' lang='grc' dir='ltr'>φρυάτ-</span> 
     </span>
    </p>
   </div>
   <div class='ocr_carea' id='block_1_36' title="bbox 20 1601 820 1639">
    <p class='ocr_par' dir='ltr' id='par_1_36' title="bbox 20 1601 820 1639">
     <span class='ocr_line' id='line_1_36' title="bbox 20 1601 820 1639; baseline 0.003 -11"><span class='ocrx_word' id='word_1_256' title='bbox 20 1610 131 1628; x_wconf 84' lang='grc' dir='ltr'>τονται.</span> <span class='ocrx_word' id='word_1_257' title='bbox 144 1602 179 1628; x_wconf 87' lang='grc' dir='ltr'><strong>Ἦ</strong></span> <span class='ocrx_word' id='word_1_258' title='bbox 194 1601 374 1637; x_wconf 75' lang='grc' dir='ltr'>τολμήσουσιν</span> <span class='ocrx_word' id='word_1_259' title='bbox 395 1603 554 1638; x_wconf 83' lang='grc' dir='ltr'>Ἐπίκουρος</span> <span class='ocrx_word' id='word_1_260' title='bbox 567 1603 583 1638; x_wconf 87' lang='grc' dir='ltr'>ἢ</span> <span class='ocrx_word' id='word_1_261' title='bbox 599 1603 768 1639; x_wconf 89' lang='grc' dir='ltr'>Δημόκριτος</span> <span class='ocrx_word' id='word_1_262' title='bbox 783 1604 820 1630; x_wconf 86' lang='grc' dir='ltr'><strong>εἰ-</strong></span> 
     </span>
    </p>
   </div>
   <div class='ocr_carea' id='block_1_37' title="bbox 21 1647 820 1686">
    <p class='ocr_par' dir='ltr' id='par_1_37' title="bbox 21 1647 820 1686">
     <span class='ocr_line' id='line_1_37' title="bbox 21 1647 820 1686; baseline 0.003 -12"><span class='ocrx_word' id='word_1_263' title='bbox 21 1649 99 1681; x_wconf 79' lang='grc' dir='ltr'>πεῖν,</span> <span class='ocrx_word' id='word_1_264' title='bbox 113 1647 152 1679; x_wconf 87' lang='grc' dir='ltr'><strong>ὡς</strong></span> <span class='ocrx_word' id='word_1_265' title='bbox 162 1647 324 1683; x_wconf 84' lang='grc' dir='ltr'>ἀσχάλλουσι</span> <span class='ocrx_word' id='word_1_266' title='bbox 339 1648 562 1683; x_wconf 84' lang='grc' dir='ltr'>φιλοσοφοῦντες;</span> <span class='ocrx_word' id='word_1_267' title='bbox 578 1648 647 1675; x_wconf 82' lang='grc' dir='ltr'>Ἀλλ’</span> <span class='ocrx_word' id='word_1_268' title='bbox 662 1649 721 1676; x_wconf 80' lang='grc' dir='ltr'>οὐδὲ</span> <span class='ocrx_word' id='word_1_269' title='bbox 733 1649 820 1686; x_wconf 86' lang='grc' dir='ltr'>θυμη-</span> 
     </span>
    </p>
   </div>
   <div class='ocr_carea' id='block_1_38' title="bbox 19 1693 820 1731">
    <p class='ocr_par' dir='ltr' id='par_1_38' title="bbox 19 1693 820 1731">
     <span class='ocr_line' id='line_1_38' title="bbox 19 1693 820 1731; baseline 0.002 -11"><span class='ocrx_word' id='word_1_270' title='bbox 19 1693 84 1720; x_wconf 77' lang='grc' dir='ltr'>δίαν</span> <span class='ocrx_word' id='word_1_271' title='bbox 107 1693 209 1730; x_wconf 81' lang='grc' dir='ltr'>ταύτης</span> <span class='ocrx_word' id='word_1_272' title='bbox 231 1693 264 1720; x_wconf 83' lang='grc' dir='ltr'><strong>ἂν</strong></span> <span class='ocrx_word' id='word_1_273' title='bbox 289 1694 386 1730; x_wconf 76' lang='grc' dir='ltr'>ἑτέραν</span> <span class='ocrx_word' id='word_1_274' title='bbox 419 1694 571 1731; x_wconf 80' lang='grc' dir='ltr'>προθεῖντο.</span> <span class='ocrx_word' id='word_1_275' title='bbox 596 1695 652 1722; x_wconf 75' lang='grc' dir='ltr'>Καὶ</span> <span class='ocrx_word' id='word_1_276' title='bbox 671 1695 725 1731; x_wconf 87' lang='grc' dir='ltr'>γὰρ</span> <span class='ocrx_word' id='word_1_277' title='bbox 745 1697 769 1722; x_wconf 85' lang='grc' dir='ltr'>εἰ</span> <span class='ocrx_word' id='word_1_278' title='bbox 790 1695 820 1722; x_wconf 85' lang='grc' dir='ltr'>τὸ</span> 
     </span>
    </p>
   </div>
   <div class='ocr_carea' id='block_1_39' title="bbox 18 1732 819 1778">
    <p class='ocr_par' dir='ltr' id='par_1_39' title="bbox 18 1732 819 1778">
     <span class='ocr_line' id='line_1_39' title="bbox 18 1732 819 1778; baseline 0.004 -12"><span class='ocrx_word' id='word_1_279' title='bbox 18 1740 131 1774; x_wconf 83' lang='grc' dir='ltr'>ἀγαθὸν</span> <span class='ocrx_word' id='word_1_280' title='bbox 147 1739 242 1777; x_wconf 78' lang='grc' dir='ltr'>ἡδονὴν</span> <span class='ocrx_word' id='word_1_281' title='bbox 258 1738 328 1767; x_wconf 76' lang='grc' dir='ltr'>εἶναι</span> <span class='ocrx_word' id='word_1_282' title='bbox 353 1740 497 1776; x_wconf 80' lang='grc' dir='ltr'>φρονοῦσιν</span> <span class='ocrx_word' id='word_1_283' title='bbox 509 1761 516 1774; x_wconf 92' lang='grc'><strong>,</strong></span> <span class='ocrx_word' id='word_1_284' title='bbox 540 1741 597 1768; x_wconf 83' lang='grc' dir='ltr'>ἀλλ’</span> <span class='ocrx_word' id='word_1_285' title='bbox 615 1732 819 1778; x_wconf 76' lang='grc' dir='ltr'>αἰδεσθήσονταί</span> 
     </span>
    </p>
   </div>
   <div class='ocr_carea' id='block_1_40' title="bbox 18 1785 817 1824">
    <p class='ocr_par' dir='ltr' id='par_1_40' title="bbox 18 1785 817 1824">
     <span class='ocr_line' id='line_1_40' title="bbox 18 1785 817 1824; baseline 0.004 -11"><span class='ocrx_word' id='word_1_286' title='bbox 18 1796 55 1821; x_wconf 91' lang='grc' dir='ltr'><strong>γε</strong></span> <span class='ocrx_word' id='word_1_287' title='bbox 73 1786 111 1823; x_wconf 85' lang='grc' dir='ltr'>μὴ</span> <span class='ocrx_word' id='word_1_288' title='bbox 131 1786 219 1821; x_wconf 83' lang='grc' dir='ltr'>λέγειν</span> <span class='ocrx_word' id='word_1_289' title='bbox 239 1787 287 1823; x_wconf 83' lang='grc' dir='ltr'><strong>ἡδὺ</strong></span> <span class='ocrx_word' id='word_1_290' title='bbox 303 1787 332 1814; x_wconf 81' lang='grc' dir='ltr'>ὃν</span> <span class='ocrx_word' id='word_1_291' title='bbox 347 1786 403 1823; x_wconf 77' lang='grc'>(50)</span> <span class='ocrx_word' id='word_1_292' title='bbox 416 1787 509 1819; x_wconf 84' lang='grc' dir='ltr'>αὐτοῖς</span> <span class='ocrx_word' id='word_1_293' title='bbox 525 1785 593 1814; x_wconf 81' lang='grc' dir='ltr'>εἶναι</span> <span class='ocrx_word' id='word_1_294' title='bbox 606 1788 637 1814; x_wconf 85' lang='grc' dir='ltr'><strong>τὸ</strong></span> <span class='ocrx_word' id='word_1_295' title='bbox 653 1788 817 1824; x_wconf 82' lang='grc' dir='ltr'>φιλοσοφεῖν.</span> 
     </span>
    </p>
   </div>
   <div class='ocr_carea' id='block_1_41' title="bbox 19 1829 819 1869">
    <p class='ocr_par' dir='ltr' id='par_1_41' title="bbox 19 1829 819 1869">
     <span class='ocr_line' id='line_1_41' title="bbox 19 1829 819 1869; baseline 0.004 -11"><span class='ocrx_word' id='word_1_296' title='bbox 19 1833 96 1864; x_wconf 77' lang='grc' dir='ltr'>Τοὺς</span> <span class='ocrx_word' id='word_1_297' title='bbox 120 1832 149 1859; x_wconf 84' lang='grc' dir='ltr'>δὲ</span> <span class='ocrx_word' id='word_1_298' title='bbox 173 1832 248 1865; x_wconf 74' lang='grc' dir='ltr'>θεοὺς</span> <span class='ocrx_word' id='word_1_299' title='bbox 272 1833 335 1868; x_wconf 79' lang='grc' dir='ltr'>περὶ</span> <span class='ocrx_word' id='word_1_300' title='bbox 349 1829 386 1860; x_wconf 79' lang='grc' dir='ltr'>ὧν</span> <span class='ocrx_word' id='word_1_301' title='bbox 408 1834 432 1859; x_wconf 83' lang='grc' dir='ltr'>οἱ</span> <span class='ocrx_word' id='word_1_302' title='bbox 454 1833 504 1869; x_wconf 85' lang='grc' dir='ltr'>μὲν</span> <span class='ocrx_word' id='word_1_303' title='bbox 526 1833 636 1869; x_wconf 72' lang='grc' dir='ltr'>ποιηταὶ</span> <span class='ocrx_word' id='word_1_304' title='bbox 649 1835 713 1869; x_wconf 83' lang='grc' dir='ltr'>παρ’</span> <span class='ocrx_word' id='word_1_305' title='bbox 728 1834 819 1866; x_wconf 82' lang='grc' dir='ltr'>αὐτοῖς</span> 
     </span>
    </p>
   </div>
   <div class='ocr_carea' id='block_1_42' title="bbox 17 1875 818 1915">
    <p class='ocr_par' dir='ltr' id='par_1_42' title="bbox 17 1875 818 1915">
     <span class='ocr_line' id='line_1_42' title="bbox 17 1875 818 1915; baseline 0.002 -10"><span class='ocrx_word' id='word_1_306' title='bbox 17 1879 132 1915; x_wconf 63' lang='grc' dir='ltr'>ᾄδουσι,</span> <span class='ocrx_word' id='word_1_307' title='bbox 156 1878 290 1913; x_wconf 81' lang='grc' dir='ltr'>δωτῆρας</span> <span class='ocrx_word' id='word_1_308' title='bbox 311 1878 388 1906; x_wconf 81' lang='grc' dir='ltr'><strong>ἐάων</strong></span> <span class='ocrx_word' id='word_1_309' title='bbox 408 1879 474 1915; x_wconf 76' lang='lat' dir='ltr'><strong>(Si),</strong></span> <span class='ocrx_word' id='word_1_310' title='bbox 496 1875 570 1906; x_wconf 72' lang='grc' dir='ltr'>οῦτοι</span> <span class='ocrx_word' id='word_1_311' title='bbox 590 1879 617 1906; x_wconf 84' lang='grc' dir='ltr'>δὲ</span> <span class='ocrx_word' id='word_1_312' title='bbox 632 1881 657 1906; x_wconf 81' lang='grc' dir='ltr'>οἱ</span> <span class='ocrx_word' id='word_1_313' title='bbox 680 1879 818 1915; x_wconf 82' lang='grc' dir='ltr'>φιλόσοφοι</span> 
     </span>
    </p>
   </div>
   <div class='ocr_carea' id='block_1_43' title="bbox 19 1924 817 1961">
    <p class='ocr_par' dir='ltr' id='par_1_43' title="bbox 19 1924 817 1961">
     <span class='ocr_line' id='line_1_43' title="bbox 19 1924 817 1961; baseline 0.001 -9"><span class='ocrx_word' id='word_1_314' title='bbox 19 1925 98 1961; x_wconf 76' lang='grc' dir='ltr'>μετὰ</span> <span class='ocrx_word' id='word_1_315' title='bbox 112 1924 225 1957; x_wconf 87' lang='grc' dir='ltr'>τωθείας</span> <span class='ocrx_word' id='word_1_316' title='bbox 241 1925 404 1960; x_wconf 73' lang='grc' dir='ltr'>εὐφημοῦσι,</span> <span class='ocrx_word' id='word_1_317' title='bbox 416 1926 476 1954; x_wconf 81' lang='grc' dir='ltr'>θεοὶ</span> <span class='ocrx_word' id='word_1_318' title='bbox 489 1925 608 1953; x_wconf 80' lang='grc' dir='ltr'><strong>πάντων</strong></span> <span class='ocrx_word' id='word_1_319' title='bbox 615 1925 734 1961; x_wconf 63' lang='grc' dir='ltr'>ἀγαθῶν</span> <span class='ocrx_word' id='word_1_320' title='bbox 741 1926 817 1954; x_wconf 76' lang='grc' dir='ltr'><strong>ἀδώ-</strong></span> 
     </span>
    </p>
   </div>
   <div class='ocr_carea' id='block_1_44' title="bbox 13 1970 818 2007">
    <p class='ocr_par' dir='ltr' id='par_1_44' title="bbox 13 1970 818 2007">
     <span class='ocr_line' id='line_1_44' title="bbox 13 1970 818 2007; baseline 0.004 -11"><span class='ocrx_word' id='word_1_321' title='bbox 13 1979 110 2005; x_wconf 62' lang='grc' dir='ltr'>ρητοι</span> <span class='ocrx_word' id='word_1_322' title='bbox 121 1970 176 2005; x_wconf 70' lang='grc'>(52)</span> <span class='ocrx_word' id='word_1_323' title='bbox 184 1970 233 1997; x_wconf 80' lang='grc' dir='ltr'>καὶ</span> <span class='ocrx_word' id='word_1_324' title='bbox 244 1970 392 2005; x_wconf 71' lang='grc' dir='ltr'>ἀμέτοχον</span> <span class='ocrx_word' id='word_1_325' title='bbox 408 1971 454 1997; x_wconf 71' lang='grc' dir='ltr'><strong>καὶ</strong></span> <span class='ocrx_word' id='word_1_326' title='bbox 471 1971 523 1998; x_wconf 86' lang='grc' dir='ltr'>τίνι</span> <span class='ocrx_word' id='word_1_327' title='bbox 534 1971 627 2007; x_wconf 85' lang='grc' dir='ltr'>τρόπῳ</span> <span class='ocrx_word' id='word_1_328' title='bbox 638 1971 818 2007; x_wconf 80' lang='grc' dir='ltr'>τεκμηριοῦν-</span> 
     </span>
    </p>
   </div>
   <div class='ocr_carea' id='block_1_45' title="bbox 16 2015 817 2054">
    <p class='ocr_par' dir='ltr' id='par_1_45' title="bbox 16 2015 817 2054">
     <span class='ocr_line' id='line_1_45' title="bbox 16 2015 817 2054; baseline 0.002 -10"><span class='ocrx_word' id='word_1_329' title='bbox 16 2026 70 2045; x_wconf 74' lang='grc' dir='ltr'><strong>ται</strong></span> <span class='ocrx_word' id='word_1_330' title='bbox 95 2017 174 2049; x_wconf 70' lang='grc' dir='ltr'>θεοὺς</span> <span class='ocrx_word' id='word_1_331' title='bbox 199 2015 278 2049; x_wconf 77' lang='grc' dir='ltr'>εἶναι,</span> <span class='ocrx_word' id='word_1_332' title='bbox 296 2018 365 2053; x_wconf 86' lang='grc' dir='ltr'>μήτε</span> <span class='ocrx_word' id='word_1_333' title='bbox 382 2017 518 2054; x_wconf 82' lang='grc' dir='ltr'>παρόντας</span> <span class='ocrx_word' id='word_1_334' title='bbox 531 2018 577 2045; x_wconf 74' lang='grc' dir='ltr'>καὶ</span> <span class='ocrx_word' id='word_1_335' title='bbox 601 2018 770 2054; x_wconf 85' lang='grc' dir='ltr'>πράττοντάς</span> <span class='ocrx_word' id='word_1_336' title='bbox 791 2028 817 2046; x_wconf 88' lang='grc' dir='ltr'><strong>τι</strong></span> 
     </span>
    </p>
   </div>
   <div class='ocr_carea' id='block_1_46' title="bbox 15 2063 816 2101">
    <p class='ocr_par' dir='ltr' id='par_1_46' title="bbox 15 2063 816 2101">
     <span class='ocr_line' id='line_1_46' title="bbox 15 2063 816 2101; baseline 0.001 -11"><span class='ocrx_word' id='word_1_337' title='bbox 15 2063 154 2100; x_wconf 79' lang='grc' dir='ltr'>ὁρῶντες,</span> <span class='ocrx_word' id='word_1_338' title='bbox 171 2064 209 2096; x_wconf 87' lang='grc' dir='ltr'><strong>ὡς</strong></span> <span class='ocrx_word' id='word_1_339' title='bbox 231 2064 255 2091; x_wconf 79' lang='grc' dir='ltr'>οἳ</span> <span class='ocrx_word' id='word_1_340' title='bbox 275 2065 320 2092; x_wconf 71' lang='grc' dir='ltr'>τὸν</span> <span class='ocrx_word' id='word_1_341' title='bbox 335 2064 410 2100; x_wconf 80' lang='grc' dir='ltr'>ἥλιον</span> <span class='ocrx_word' id='word_1_342' title='bbox 433 2065 480 2091; x_wconf 82' lang='grc' dir='ltr'>καὶ</span> <span class='ocrx_word' id='word_1_343' title='bbox 497 2064 546 2100; x_wconf 84' lang='grc' dir='ltr'>τὴν</span> <span class='ocrx_word' id='word_1_344' title='bbox 564 2065 678 2101; x_wconf 83' lang='grc' dir='ltr'>σελήνην</span> <span class='ocrx_word' id='word_1_345' title='bbox 695 2065 816 2098; x_wconf 75' lang='grc' dir='ltr'>καὶτοὺς</span> 
     </span>
    </p>
   </div>
   <div class='ocr_carea' id='block_1_47' title="bbox 16 2110 816 2148">
    <p class='ocr_par' dir='ltr' id='par_1_47' title="bbox 16 2110 816 2148">
     <span class='ocr_line' id='line_1_47' title="bbox 16 2110 816 2148; baseline 0 -9"><span class='ocrx_word' id='word_1_346' title='bbox 16 2111 146 2147; x_wconf 75' lang='grc' dir='ltr'>ἀστέρας</span> <span class='ocrx_word' id='word_1_347' title='bbox 167 2110 365 2146; x_wconf 82' lang='grc' dir='ltr'>θαυμάσαντες,</span> <span class='ocrx_word' id='word_1_348' title='bbox 386 2110 430 2138; x_wconf 79' lang='grc' dir='ltr'>διὰ</span> <span class='ocrx_word' id='word_1_349' title='bbox 445 2111 475 2138; x_wconf 83' lang='grc' dir='ltr'>τὸ</span> <span class='ocrx_word' id='word_1_350' title='bbox 499 2110 570 2139; x_wconf 86' lang='grc' dir='ltr'>θέειν</span> <span class='ocrx_word' id='word_1_351' title='bbox 589 2111 694 2147; x_wconf 77' lang='grc' dir='ltr'>ἔφασαν</span> <span class='ocrx_word' id='word_1_352' title='bbox 716 2112 816 2148; x_wconf 85' lang='grc' dir='ltr'>κεκλῆ-</span> 
     </span>
    </p>
   </div>
   <div class='ocr_carea' id='block_1_48' title="bbox 16 2156 816 2194">
    <p class='ocr_par' dir='ltr' id='par_1_48' title="bbox 16 2156 816 2194">
     <span class='ocr_line' id='line_1_48' title="bbox 16 2156 816 2194; baseline 0.003 -10"><span class='ocrx_word' id='word_1_353' title='bbox 16 2158 89 2185; x_wconf 71' lang='grc' dir='ltr'>σθαι</span> <span class='ocrx_word' id='word_1_354' title='bbox 112 2156 190 2189; x_wconf 87' lang='grc' dir='ltr'>θεούς</span> <span class='ocrx_word' id='word_1_355' title='bbox 201 2165 208 2172; x_wconf 68' lang='grc'><strong><em>⁸</em></strong></span> <span class='ocrx_word' id='word_1_356' title='bbox 225 2158 294 2193; x_wconf 83' lang='grc' dir='ltr'>μήτε</span> <span class='ocrx_word' id='word_1_357' title='bbox 310 2156 369 2184; x_wconf 84' lang='grc' dir='ltr'>τινὰ</span> <span class='ocrx_word' id='word_1_358' title='bbox 382 2157 563 2193; x_wconf 79' lang='grc' dir='ltr'>δημιουργίαν</span> <span class='ocrx_word' id='word_1_359' title='bbox 580 2158 672 2190; x_wconf 82' lang='grc' dir='ltr'>αὐτοῖς</span> <span class='ocrx_word' id='word_1_360' title='bbox 691 2158 707 2194; x_wconf 83' lang='grc' dir='ltr'>ἦ</span> <span class='ocrx_word' id='word_1_361' title='bbox 732 2167 816 2186; x_wconf 77' lang='grc' dir='ltr'>κατα-</span> 
     </span>
    </p>
   </div>
   <div class='ocr_carea' id='block_1_49' title="bbox 833 1531 854 1561">
    <p class='ocr_par' dir='ltr' id='par_1_49' title="bbox 833 1531 854 1561">
     <span class='ocr_line' id='line_1_49' title="bbox 833 1531 854 1561; baseline 0 0"><span class='ocrx_word' id='word_1_362' title='bbox 833 1531 854 1561; x_wconf 90' lang='lat' dir='ltr'><strong><em>C</em></strong></span> 
     </span>
    </p>
   </div>
   <div class='ocr_carea' id='block_1_50' title="bbox 875 221 1662 256">
    <p class='ocr_par' dir='ltr' id='par_1_50' title="bbox 875 221 1662 256">
     <span class='ocr_line' id='line_1_50' title="bbox 875 221 1662 256; baseline -0.004 -7"><span class='ocrx_word' id='word_1_363' title='bbox 875 222 1058 255; x_wconf 71' lang='lat' dir='ltr'><strong>insolentiam,</strong></span> <span class='ocrx_word' id='word_1_364' title='bbox 1075 222 1140 249; x_wconf 90' lang='lat' dir='ltr'><strong>dum</strong></span> <span class='ocrx_word' id='word_1_365' title='bbox 1155 221 1188 249; x_wconf 86' lang='lat' dir='ltr'><strong>ad</strong></span> <span class='ocrx_word' id='word_1_366' title='bbox 1204 229 1260 249; x_wconf 87' lang='lat' dir='ltr'><strong>rem</strong></span> <span class='ocrx_word' id='word_1_367' title='bbox 1281 228 1342 249; x_wconf 88' lang='lat' dir='ltr'><strong>sese</strong></span> <span class='ocrx_word' id='word_1_368' title='bbox 1360 221 1479 256; x_wconf 89' lang='lat' dir='ltr'><strong>primum</strong></span> <span class='ocrx_word' id='word_1_369' title='bbox 1505 221 1662 255; x_wconf 78' lang='lat' dir='ltr'><strong>accingunt,</strong></span> 
     </span>
    </p>
   </div>
   <div class='ocr_carea' id='block_1_51' title="bbox 874 265 1663 303">
    <p class='ocr_par' dir='ltr' id='par_1_51' title="bbox 874 265 1663 303">
     <span class='ocr_line' id='line_1_51' title="bbox 874 265 1663 303; baseline -0.004 -8"><span class='ocrx_word' id='word_1_370' title='bbox 874 269 1027 296; x_wconf 85' lang='lat' dir='ltr'><strong>molestiam</strong></span> <span class='ocrx_word' id='word_1_371' title='bbox 1053 269 1212 303; x_wconf 86' lang='lat' dir='ltr'><strong>patiuntur;</strong></span> <span class='ocrx_word' id='word_1_372' title='bbox 1237 267 1275 294; x_wconf 89' lang='lat' dir='ltr'><strong>ita</strong></span> <span class='ocrx_word' id='word_1_373' title='bbox 1302 266 1349 302; x_wconf 85' lang='lat' dir='ltr'><strong>qui</strong></span> <span class='ocrx_word' id='word_1_374' title='bbox 1377 266 1480 301; x_wconf 87' lang='lat' dir='ltr'><strong>aliquid</strong></span> <span class='ocrx_word' id='word_1_375' title='bbox 1511 265 1663 301; x_wconf 78' lang='lat' dir='ltr'><strong>profecere,</strong></span> 
     </span>
    </p>
   </div>
   <div class='ocr_carea' id='block_1_52' title="bbox 874 311 1665 348">
    <p class='ocr_par' dir='ltr' id='par_1_52' title="bbox 874 311 1665 348">
     <span class='ocr_line' id='line_1_52' title="bbox 874 311 1665 348; baseline -0.001 -8"><span class='ocrx_word' id='word_1_376' title='bbox 874 314 1013 348; x_wconf 88' lang='lat' dir='ltr'><strong>multoque</strong></span> <span class='ocrx_word' id='word_1_377' title='bbox 1025 314 1112 348; x_wconf 80' lang='lat' dir='ltr'><strong>magis</strong></span> <span class='ocrx_word' id='word_1_378' title='bbox 1126 314 1170 348; x_wconf 86' lang='lat' dir='ltr'><strong>qui</strong></span> <span class='ocrx_word' id='word_1_379' title='bbox 1185 311 1295 348; x_wconf 79' lang='lat' dir='ltr'><strong>perfecti</strong></span> <span class='ocrx_word' id='word_1_380' title='bbox 1305 313 1361 348; x_wconf 87' lang='lat' dir='ltr'><strong>jam</strong></span> <span class='ocrx_word' id='word_1_381' title='bbox 1374 316 1448 345; x_wconf 76' lang='lat' dir='ltr'><strong>sunt,</strong></span> <span class='ocrx_word' id='word_1_382' title='bbox 1461 311 1556 346; x_wconf 76' lang='lat' dir='ltr'><strong>siqua:</strong></span> <span class='ocrx_word' id='word_1_383' title='bbox 1571 319 1665 339; x_wconf 84' lang='lat' dir='ltr'><strong>susce-</strong></span> 
     </span>
    </p>
   </div>
   <div class='ocr_carea' id='block_1_53' title="bbox 874 358 1663 395">
    <p class='ocr_par' dir='ltr' id='par_1_53' title="bbox 874 358 1663 395">
     <span class='ocr_line' id='line_1_53' title="bbox 874 358 1663 395; baseline -0.004 -8"><span class='ocrx_word' id='word_1_384' title='bbox 874 360 973 395; x_wconf 85' lang='lat' dir='ltr'><strong>perint,</strong></span> <span class='ocrx_word' id='word_1_385' title='bbox 987 360 1051 387; x_wconf 90' lang='lat' dir='ltr'><strong>dum</strong></span> <span class='ocrx_word' id='word_1_386' title='bbox 1071 360 1149 387; x_wconf 80' lang='lat' dir='ltr'><strong>facile</strong></span> <span class='ocrx_word' id='word_1_387' title='bbox 1164 360 1334 395; x_wconf 82' lang='lat' dir='ltr'><strong>feliciterque</strong></span> <span class='ocrx_word' id='word_1_388' title='bbox 1350 358 1508 392; x_wconf 84' lang='lat' dir='ltr'><strong>coniiciunt,</strong></span> <span class='ocrx_word' id='word_1_389' title='bbox 1525 359 1663 386; x_wconf 81' lang='lat' dir='ltr'><strong>exsultant</strong></span> 
     </span>
    </p>
   </div>
   <div class='ocr_carea' id='block_1_54' title="bbox 874 403 1663 440">
    <p class='ocr_par' dir='ltr' id='par_1_54' title="bbox 874 403 1663 440">
     <span class='ocr_line' id='line_1_54' title="bbox 874 403 1663 440; baseline -0.003 -8"><span class='ocrx_word' id='word_1_390' title='bbox 874 406 984 437; x_wconf 85' lang='lat' dir='ltr'><strong>animis,</strong></span> <span class='ocrx_word' id='word_1_391' title='bbox 1001 413 1033 432; x_wconf 90' lang='lat' dir='ltr'><strong>ac</strong></span> <span class='ocrx_word' id='word_1_392' title='bbox 1048 405 1211 433; x_wconf 83' lang='lat' dir='ltr'><strong>solemnium</strong></span> <span class='ocrx_word' id='word_1_393' title='bbox 1228 412 1339 440; x_wconf 84' lang='lat' dir='ltr'><strong>operum</strong></span> <span class='ocrx_word' id='word_1_394' title='bbox 1356 403 1556 431; x_wconf 83' lang='lat' dir='ltr'><strong>absolutionem</strong></span> <span class='ocrx_word' id='word_1_395' title='bbox 1583 403 1663 431; x_wconf 83' lang='lat' dir='ltr'><strong>bonis</strong></span> 
     </span>
    </p>
   </div>
   <div class='ocr_carea' id='block_1_55' title="bbox 875 450 1662 486">
    <p class='ocr_par' dir='ltr' id='par_1_55' title="bbox 875 450 1662 486">
     <span class='ocr_line' id='line_1_55' title="bbox 875 450 1662 486; baseline 0 -8"><span class='ocrx_word' id='word_1_396' title='bbox 875 451 1014 478; x_wconf 89' lang='lat' dir='ltr'><strong>hominum</strong></span> <span class='ocrx_word' id='word_1_397' title='bbox 1033 452 1161 479; x_wconf 84' lang='lat' dir='ltr'><strong>omnibus</strong></span> <span class='ocrx_word' id='word_1_398' title='bbox 1176 455 1354 486; x_wconf 88' lang='lat' dir='ltr'><strong>anteponunt.</strong></span> <span class='ocrx_word' id='word_1_399' title='bbox 1368 450 1401 478; x_wconf 87' lang='lat' dir='ltr'><strong>Et</strong></span> <span class='ocrx_word' id='word_1_400' title='bbox 1415 458 1478 478; x_wconf 91' lang='lat' dir='ltr'><strong>vero</strong></span> <span class='ocrx_word' id='word_1_401' title='bbox 1489 450 1662 478; x_wconf 81' lang='lat' dir='ltr'><strong>Democritus</strong></span> 
     </span>
    </p>
   </div>
   <div class='ocr_carea' id='block_1_56' title="bbox 874 496 1661 532">
    <p class='ocr_par' dir='ltr' id='par_1_56' title="bbox 874 496 1661 532">
     <span class='ocr_line' id='line_1_56' title="bbox 874 496 1661 532; baseline -0.003 -7"><span class='ocrx_word' id='word_1_402' title='bbox 874 497 941 532; x_wconf 74' lang='lat' dir='ltr'><strong>ipso,</strong></span> <span class='ocrx_word' id='word_1_403' title='bbox 960 505 1072 525; x_wconf 76' lang='lat' dir='ltr'><strong>causam</strong></span> <span class='ocrx_word' id='word_1_404' title='bbox 1092 506 1174 525; x_wconf 83' lang='lat' dir='ltr'><strong>unam</strong></span> <span class='ocrx_word' id='word_1_405' title='bbox 1189 498 1320 532; x_wconf 75' lang='lat' dir='ltr'><strong>aliquam,</strong></span> <span class='ocrx_word' id='word_1_406' title='bbox 1346 501 1376 524; x_wconf 92' lang='lat' dir='ltr'><strong>ut</strong></span> <span class='ocrx_word' id='word_1_407' title='bbox 1401 496 1504 530; x_wconf 82' lang='lat' dir='ltr'><strong>ferunt,</strong></span> <span class='ocrx_word' id='word_1_408' title='bbox 1528 497 1661 530; x_wconf 81' lang='lat' dir='ltr'><strong>invenire,</strong></span> 
     </span>
    </p>
   </div>
   <div class='ocr_carea' id='block_1_57' title="bbox 874 541 1660 577">
    <p class='ocr_par' dir='ltr' id='par_1_57' title="bbox 874 541 1660 577">
     <span class='ocr_line' id='line_1_57' title="bbox 874 541 1660 577; baseline -0.004 -7"><span class='ocrx_word' id='word_1_409' title='bbox 874 551 955 577; x_wconf 86' lang='lat' dir='ltr'><strong>quam</strong></span> <span class='ocrx_word' id='word_1_410' title='bbox 970 543 1021 570; x_wconf 82' lang='lat' dir='ltr'><strong>sibi</strong></span> <span class='ocrx_word' id='word_1_411' title='bbox 1036 542 1180 570; x_wconf 85' lang='lat' dir='ltr'><strong>Persarum</strong></span> <span class='ocrx_word' id='word_1_412' title='bbox 1196 542 1341 576; x_wconf 88' lang='lat' dir='ltr'><strong>imperium</strong></span> <span class='ocrx_word' id='word_1_413' title='bbox 1357 541 1485 569; x_wconf 84' lang='lat' dir='ltr'><strong>obvenire</strong></span> <span class='ocrx_word' id='word_1_414' title='bbox 1497 541 1638 568; x_wconf 85' lang='lat' dir='ltr'><strong>maluisset</strong></span> <span class='ocrx_word' id='word_1_415' title='bbox 1653 550 1660 568; x_wconf 87' lang='lat'>:</span> 
     </span>
    </p>
   </div>
   <div class='ocr_carea' id='block_1_58' title="bbox 873 587 1662 623">
    <p class='ocr_par' dir='ltr' id='par_1_58' title="bbox 873 587 1662 623">
     <span class='ocr_line' id='line_1_58' title="bbox 873 587 1662 623; baseline -0.004 -7"><span class='ocrx_word' id='word_1_416' title='bbox 873 594 955 623; x_wconf 84' lang='lat' dir='ltr'><strong>atque</strong></span> <span class='ocrx_word' id='word_1_417' title='bbox 969 589 994 615; x_wconf 92' lang='lat' dir='ltr'><strong>id</strong></span> <span class='ocrx_word' id='word_1_418' title='bbox 1009 588 1091 615; x_wconf 87' lang='lat' dir='ltr'><strong>homo</strong></span> <span class='ocrx_word' id='word_1_419' title='bbox 1105 588 1151 623; x_wconf 89' lang='lat' dir='ltr'><strong>qui</strong></span> <span class='ocrx_word' id='word_1_420' title='bbox 1167 596 1265 615; x_wconf 82' lang='lat' dir='ltr'><strong>causas</strong></span> <span class='ocrx_word' id='word_1_421' title='bbox 1278 587 1380 615; x_wconf 80' lang='lat' dir='ltr'><strong>frustra</strong></span> <span class='ocrx_word' id='word_1_422' title='bbox 1391 587 1536 622; x_wconf 84' lang='lat' dir='ltr'><strong>causisque</strong></span> <span class='ocrx_word' id='word_1_423' title='bbox 1546 587 1662 614; x_wconf 89' lang='lat' dir='ltr'><strong>sublatis</strong></span> 
     </span>
    </p>
   </div>
   <div class='ocr_carea' id='block_1_59' title="bbox 874 633 1663 670">
    <p class='ocr_par' dir='ltr' id='par_1_59' title="bbox 874 633 1663 670">
     <span class='ocr_line' id='line_1_59' title="bbox 874 633 1663 670; baseline -0.004 -8"><span class='ocrx_word' id='word_1_424' title='bbox 874 635 1033 670; x_wconf 84' lang='lat' dir='ltr'><strong>inquireret,</strong></span> <span class='ocrx_word' id='word_1_425' title='bbox 1046 642 1108 662; x_wconf 89' lang='lat' dir='ltr'><strong>cum</strong></span> <span class='ocrx_word' id='word_1_426' title='bbox 1123 634 1203 662; x_wconf 87' lang='lat' dir='ltr'><strong>inane</strong></span> <span class='ocrx_word' id='word_1_427' title='bbox 1218 634 1382 669; x_wconf 85' lang='lat' dir='ltr'><strong>principium</strong></span> <span class='ocrx_word' id='word_1_428' title='bbox 1396 641 1427 661; x_wconf 89' lang='lat' dir='ltr'><strong>ac</strong></span> <span class='ocrx_word' id='word_1_429' title='bbox 1442 634 1548 668; x_wconf 79' lang='lat' dir='ltr'><strong>plenam</strong></span> <span class='ocrx_word' id='word_1_430' title='bbox 1560 633 1663 660; x_wconf 90' lang='lat' dir='ltr'><strong>erroris</strong></span> 
     </span>
    </p>
   </div>
   <div class='ocr_carea' id='block_1_60' title="bbox 874 678 1662 716">
    <p class='ocr_par' dir='ltr' id='par_1_60' title="bbox 874 678 1662 716">
     <span class='ocr_line' id='line_1_60' title="bbox 874 678 1662 716; baseline -0.005 -8"><span class='ocrx_word' id='word_1_431' title='bbox 874 680 1038 716; x_wconf 74' lang='lat' dir='ltr'><strong>hypothesin</strong></span> <span class='ocrx_word' id='word_1_432' title='bbox 1060 684 1181 712; x_wconf 87' lang='lat' dir='ltr'><strong>secutus,</strong></span> <span class='ocrx_word' id='word_1_433' title='bbox 1205 684 1286 715; x_wconf 86' lang='lat' dir='ltr'><strong>atque</strong></span> <span class='ocrx_word' id='word_1_434' title='bbox 1307 680 1336 707; x_wconf 92' lang='lat' dir='ltr'><strong>in</strong></span> <span class='ocrx_word' id='word_1_435' title='bbox 1358 679 1450 707; x_wconf 84' lang='lat' dir='ltr'><strong>radice</strong></span> <span class='ocrx_word' id='word_1_436' title='bbox 1469 678 1662 713; x_wconf 84' lang='lat' dir='ltr'><strong>communique</strong></span> 
     </span>
    </p>
   </div>
   <div class='ocr_carea' id='block_1_61' title="bbox 874 724 1663 760">
    <p class='ocr_par' dir='ltr' id='par_1_61' title="bbox 874 724 1663 760">
     <span class='ocr_line' id='line_1_61' title="bbox 874 724 1663 760; baseline -0.005 -6"><span class='ocrx_word' id='word_1_437' title='bbox 874 733 977 754; x_wconf 76' lang='lat' dir='ltr'><strong>naturre</strong></span> <span class='ocrx_word' id='word_1_438' title='bbox 987 734 1077 754; x_wconf 89' lang='lat' dir='ltr'><strong>rerum</strong></span> <span class='ocrx_word' id='word_1_439' title='bbox 1089 726 1251 753; x_wconf 82' lang='lat' dir='ltr'><strong>necessitate</strong></span> <span class='ocrx_word' id='word_1_440' title='bbox 1263 726 1420 758; x_wconf 65' lang='lat' dir='ltr'><strong>caecutiens,</strong></span> <span class='ocrx_word' id='word_1_441' title='bbox 1430 732 1523 752; x_wconf 90' lang='lat' dir='ltr'><strong>eorum</strong></span> <span class='ocrx_word' id='word_1_442' title='bbox 1538 732 1598 760; x_wconf 70' lang='lat' dir='ltr'><strong>qua:</strong></span> <span class='ocrx_word' id='word_1_443' title='bbox 1610 724 1663 751; x_wconf 88' lang='lat' dir='ltr'><strong>im-</strong></span> 
     </span>
    </p>
   </div>
   <div class='ocr_carea' id='block_1_62' title="bbox 871 771 1662 809">
    <p class='ocr_par' dir='ltr' id='par_1_62' title="bbox 871 771 1662 809">
     <span class='ocr_line' id='line_1_62' title="bbox 871 771 1662 809; baseline -0.004 -8"><span class='ocrx_word' id='word_1_444' title='bbox 871 774 1019 809; x_wconf 83' lang='lat' dir='ltr'><strong>prudenter</strong></span> <span class='ocrx_word' id='word_1_445' title='bbox 1031 773 1183 808; x_wconf 86' lang='lat' dir='ltr'><strong>stolideque</strong></span> <span class='ocrx_word' id='word_1_446' title='bbox 1196 773 1384 807; x_wconf 76' lang='lat' dir='ltr'><strong>contingerent</strong></span> <span class='ocrx_word' id='word_1_447' title='bbox 1397 771 1532 805; x_wconf 82' lang='lat' dir='ltr'><strong>notitiam,</strong></span> <span class='ocrx_word' id='word_1_448' title='bbox 1546 779 1662 799; x_wconf 72' lang='lat' dir='ltr'><strong>summa:</strong></span> 
     </span>
    </p>
   </div>
   <div class='ocr_carea' id='block_1_63' title="bbox 873 819 1661 856">
    <p class='ocr_par' dir='ltr' id='par_1_63' title="bbox 873 819 1661 856">
     <span class='ocr_line' id='line_1_63' title="bbox 873 819 1661 856; baseline -0.004 -8"><span class='ocrx_word' id='word_1_449' title='bbox 873 820 1012 855; x_wconf 67' lang='lat' dir='ltr'><strong>sapientia:</strong></span> <span class='ocrx_word' id='word_1_450' title='bbox 1028 827 1114 856; x_wconf 86' lang='lat' dir='ltr'><strong>genus</strong></span> <span class='ocrx_word' id='word_1_451' title='bbox 1128 823 1251 854; x_wconf 85' lang='lat' dir='ltr'><strong>putaret;</strong></span> <span class='ocrx_word' id='word_1_452' title='bbox 1277 819 1468 854; x_wconf 80' lang='lat' dir='ltr'><strong>fortunamque</strong></span> <span class='ocrx_word' id='word_1_453' title='bbox 1488 827 1578 846; x_wconf 86' lang='lat' dir='ltr'><strong>rerum</strong></span> <span class='ocrx_word' id='word_1_454' title='bbox 1597 819 1661 846; x_wconf 90' lang='lat' dir='ltr'><strong>uni-</strong></span> 
     </span>
    </p>
   </div>
   <div class='ocr_carea' id='block_1_64' title="bbox 873 866 1662 902">
    <p class='ocr_par' dir='ltr' id='par_1_64' title="bbox 873 866 1662 902">
     <span class='ocr_line' id='line_1_64' title="bbox 873 866 1662 902; baseline -0.003 -8"><span class='ocrx_word' id='word_1_455' title='bbox 873 867 1021 895; x_wconf 89' lang='lat' dir='ltr'><strong>versalium</strong></span> <span class='ocrx_word' id='word_1_456' title='bbox 1042 871 1124 902; x_wconf 89' lang='lat' dir='ltr'><strong>atque</strong></span> <span class='ocrx_word' id='word_1_457' title='bbox 1148 867 1302 895; x_wconf 81' lang='lat' dir='ltr'><strong>divinarum</strong></span> <span class='ocrx_word' id='word_1_458' title='bbox 1325 866 1463 894; x_wconf 85' lang='lat' dir='ltr'><strong>dominam</strong></span> <span class='ocrx_word' id='word_1_459' title='bbox 1485 866 1662 900; x_wconf 80' lang='lat' dir='ltr'><strong>reginamque</strong></span> 
     </span>
    </p>
   </div>
   <div class='ocr_carea' id='block_1_65' title="bbox 873 911 1661 948">
    <p class='ocr_par' dir='ltr' id='par_1_65' title="bbox 873 911 1661 948">
     <span class='ocr_line' id='line_1_65' title="bbox 873 911 1661 948; baseline -0.003 -8"><span class='ocrx_word' id='word_1_460' title='bbox 873 912 1054 945; x_wconf 85' lang='lat' dir='ltr'><strong>constituens,</strong></span> <span class='ocrx_word' id='word_1_461' title='bbox 1078 917 1231 948; x_wconf 66' lang='lat' dir='ltr'><strong>caateraque</strong></span> <span class='ocrx_word' id='word_1_462' title='bbox 1256 912 1348 940; x_wconf 83' lang='lat' dir='ltr'><strong>omnia</strong></span> <span class='ocrx_word' id='word_1_463' title='bbox 1374 912 1434 946; x_wconf 87' lang='lat' dir='ltr'><strong>ejus</strong></span> <span class='ocrx_word' id='word_1_464' title='bbox 1461 911 1576 938; x_wconf 86' lang='lat' dir='ltr'><strong>arbitrio</strong></span> <span class='ocrx_word' id='word_1_465' title='bbox 1602 911 1661 939; x_wconf 88' lang='lat' dir='ltr'><strong>tieri</strong></span> 
     </span>
    </p>
   </div>
   <div class='ocr_carea' id='block_1_66' title="bbox 872 958 1662 996">
    <p class='ocr_par' dir='ltr' id='par_1_66' title="bbox 872 958 1662 996">
     <span class='ocr_line' id='line_1_66' title="bbox 872 958 1662 996; baseline 0 -10"><span class='ocrx_word' id='word_1_466' title='bbox 872 960 1065 996; x_wconf 86' lang='lat' dir='ltr'><strong>pronuntians,</strong></span> <span class='ocrx_word' id='word_1_467' title='bbox 1078 960 1203 987; x_wconf 85' lang='lat' dir='ltr'><strong>eamdem</strong></span> <span class='ocrx_word' id='word_1_468' title='bbox 1215 964 1306 987; x_wconf 88' lang='lat' dir='ltr'><strong>tamen</strong></span> <span class='ocrx_word' id='word_1_469' title='bbox 1321 959 1356 986; x_wconf 88' lang='lat' dir='ltr'><strong>ab</strong></span> <span class='ocrx_word' id='word_1_470' title='bbox 1372 959 1498 986; x_wconf 80' lang='lat' dir='ltr'><strong>humanae</strong></span> <span class='ocrx_word' id='word_1_471' title='bbox 1511 958 1575 986; x_wconf 67' lang='lat' dir='ltr'><strong>vita:</strong></span> <span class='ocrx_word' id='word_1_472' title='bbox 1586 966 1662 986; x_wconf 78' lang='lat' dir='ltr'><strong>com-</strong></span> 
     </span>
    </p>
   </div>
   <div class='ocr_carea' id='block_1_67' title="bbox 873 1005 1662 1042">
    <p class='ocr_par' dir='ltr' id='par_1_67' title="bbox 873 1005 1662 1042">
     <span class='ocr_line' id='line_1_67' title="bbox 873 1005 1662 1042; baseline -0.004 -8"><span class='ocrx_word' id='word_1_473' title='bbox 873 1006 975 1034; x_wconf 89' lang='lat' dir='ltr'><strong>mercio</strong></span> <span class='ocrx_word' id='word_1_474' title='bbox 990 1007 1087 1042; x_wconf 87' lang='lat' dir='ltr'><strong>procul</strong></span> <span class='ocrx_word' id='word_1_475' title='bbox 1103 1006 1249 1041; x_wconf 79' lang='lat' dir='ltr'><strong>ablegaret,</strong></span> <span class='ocrx_word' id='word_1_476' title='bbox 1268 1005 1370 1040; x_wconf 89' lang='lat' dir='ltr'><strong>quique</strong></span> <span class='ocrx_word' id='word_1_477' title='bbox 1383 1005 1456 1032; x_wconf 84' lang='lat' dir='ltr'><strong>illam</strong></span> <span class='ocrx_word' id='word_1_478' title='bbox 1479 1005 1601 1032; x_wconf 85' lang='lat' dir='ltr'><strong>colerent</strong></span> <span class='ocrx_word' id='word_1_479' title='bbox 1619 1005 1662 1032; x_wconf 93' lang='lat' dir='ltr'><strong>in-</strong></span> 
     </span>
    </p>
   </div>
   <div class='ocr_carea' id='block_1_68' title="bbox 872 1051 1661 1086">
    <p class='ocr_par' dir='ltr' id='par_1_68' title="bbox 872 1051 1661 1086">
     <span class='ocr_line' id='line_1_68' title="bbox 872 1051 1661 1086; baseline -0.003 -6"><span class='ocrx_word' id='word_1_480' title='bbox 872 1053 962 1080; x_wconf 86' lang='lat' dir='ltr'><strong>sulsos</strong></span> <span class='ocrx_word' id='word_1_481' title='bbox 982 1061 1044 1080; x_wconf 86' lang='lat' dir='ltr'><strong>esse</strong></span> <span class='ocrx_word' id='word_1_482' title='bbox 1065 1052 1249 1080; x_wconf 88' lang='lat' dir='ltr'><strong>convinceret.</strong></span> <span class='ocrx_word' id='word_1_483' title='bbox 1267 1052 1338 1079; x_wconf 82' lang='lat' dir='ltr'><strong>Sane</strong></span> <span class='ocrx_word' id='word_1_484' title='bbox 1360 1051 1469 1086; x_wconf 83' lang='lat' dir='ltr'><strong>quidem</strong></span> <span class='ocrx_word' id='word_1_485' title='bbox 1488 1051 1604 1086; x_wconf 88' lang='lat' dir='ltr'><strong>ipsomet</strong></span> <span class='ocrx_word' id='word_1_486' title='bbox 1619 1052 1661 1078; x_wconf 92' lang='lat' dir='ltr'><strong>in-</strong></span> 
     </span>
    </p>
   </div>
   <div class='ocr_carea' id='block_1_69' title="bbox 872 1097 1660 1132">
    <p class='ocr_par' dir='ltr' id='par_1_69' title="bbox 872 1097 1660 1132">
     <span class='ocr_line' id='line_1_69' title="bbox 872 1097 1660 1132; baseline -0.001 -6"><span class='ocrx_word' id='word_1_487' title='bbox 872 1099 1045 1127; x_wconf 86' lang='lat' dir='ltr'><strong>stitutionum</strong></span> <span class='ocrx_word' id='word_1_488' title='bbox 1069 1106 1182 1126; x_wconf 85' lang='lat' dir='ltr'><strong>suarum</strong></span> <span class='ocrx_word' id='word_1_489' title='bbox 1207 1098 1330 1132; x_wconf 88' lang='lat' dir='ltr'><strong>exordio,</strong></span> <span class='ocrx_word' id='word_1_490' title='bbox 1352 1098 1393 1125; x_wconf 88' lang='lat' dir='ltr'><strong>sic</strong></span> <span class='ocrx_word' id='word_1_491' title='bbox 1415 1097 1557 1132; x_wconf 86' lang='lat' dir='ltr'><strong>loquitur:</strong></span> <span class='ocrx_word' id='word_1_492' title='bbox 1576 1107 1586 1123; x_wconf 88' lang='grc'><strong><em>‹</em></strong></span> <span class='ocrx_word' id='word_1_493' title='bbox 1603 1097 1660 1125; x_wconf 89' lang='lat' dir='ltr'><strong>Ho-</strong></span> 
     </span>
    </p>
   </div>
   <div class='ocr_carea' id='block_1_70' title="bbox 872 1144 1658 1180">
    <p class='ocr_par' dir='ltr' id='par_1_70' title="bbox 872 1144 1658 1180">
     <span class='ocr_line' id='line_1_70' title="bbox 872 1144 1658 1180; baseline -0.001 -8"><span class='ocrx_word' id='word_1_494' title='bbox 872 1145 971 1178; x_wconf 85' lang='lat' dir='ltr'><strong>mines,</strong></span> <span class='ocrx_word' id='word_1_495' title='bbox 986 1145 1090 1180; x_wconf 89' lang='lat' dir='ltr'><strong>inquit,</strong></span> <span class='ocrx_word' id='word_1_496' title='bbox 1103 1145 1167 1172; x_wconf 95' lang='lat' dir='ltr'><strong>dum</strong></span> <span class='ocrx_word' id='word_1_497' title='bbox 1186 1144 1308 1171; x_wconf 68' lang='lat' dir='ltr'><strong>stultitiae</strong></span> <span class='ocrx_word' id='word_1_498' title='bbox 1321 1151 1377 1171; x_wconf 68' lang='lat' dir='ltr'><strong>suae</strong></span> <span class='ocrx_word' id='word_1_499' title='bbox 1389 1144 1478 1172; x_wconf 85' lang='lat' dir='ltr'><strong>velum</strong></span> <span class='ocrx_word' id='word_1_500' title='bbox 1495 1149 1658 1178; x_wconf 68' lang='lat' dir='ltr'><strong>qumrerent,</strong></span> 
     </span>
    </p>
   </div>
   <div class='ocr_carea' id='block_1_71' title="bbox 872 1189 1658 1226">
    <p class='ocr_par' dir='ltr' id='par_1_71' title="bbox 872 1189 1658 1226">
     <span class='ocr_line' id='line_1_71' title="bbox 872 1189 1658 1226; baseline -0.001 -9"><span class='ocrx_word' id='word_1_501' title='bbox 872 1197 970 1217; x_wconf 89' lang='lat' dir='ltr'><strong>vanum</strong></span> <span class='ocrx_word' id='word_1_502' title='bbox 988 1189 1103 1217; x_wconf 57' lang='lat' dir='ltr'><strong>fortuna).</strong></span> <span class='ocrx_word' id='word_1_503' title='bbox 1116 1190 1294 1217; x_wconf 86' lang='lat' dir='ltr'><strong>simulacrum</strong></span> <span class='ocrx_word' id='word_1_504' title='bbox 1309 1189 1446 1216; x_wconf 79' lang='lat' dir='ltr'><strong>tinxerunt</strong></span> <span class='ocrx_word' id='word_1_505' title='bbox 1460 1190 1573 1226; x_wconf 77' lang='lat' dir='ltr'><strong>(pugnat</strong></span> <span class='ocrx_word' id='word_1_506' title='bbox 1586 1191 1658 1217; x_wconf 87' lang='lat' dir='ltr'><strong>enim</strong></span> 
     </span>
    </p>
   </div>
   <div class='ocr_carea' id='block_1_72' title="bbox 871 1235 1660 1272">
    <p class='ocr_par' dir='ltr' id='par_1_72' title="bbox 871 1235 1660 1272">
     <span class='ocr_line' id='line_1_72' title="bbox 871 1235 1660 1272; baseline -0.003 -7"><span class='ocrx_word' id='word_1_507' title='bbox 871 1243 968 1272; x_wconf 83' lang='lat' dir='ltr'><strong>suapte</strong></span> <span class='ocrx_word' id='word_1_508' title='bbox 986 1242 1084 1264; x_wconf 85' lang='lat' dir='ltr'><strong>natura</strong></span> <span class='ocrx_word' id='word_1_509' title='bbox 1104 1244 1165 1265; x_wconf 93' lang='lat' dir='ltr'><strong>cum</strong></span> <span class='ocrx_word' id='word_1_510' title='bbox 1184 1235 1292 1264; x_wconf 82' lang='lat' dir='ltr'><strong>fortuna</strong></span> <span class='ocrx_word' id='word_1_511' title='bbox 1310 1236 1479 1270; x_wconf 87' lang='lat' dir='ltr'><strong>consilium),</strong></span> <span class='ocrx_word' id='word_1_512' title='bbox 1499 1236 1660 1264; x_wconf 55' lang='lat' dir='ltr'><strong>inimicissi»</strong></span> 
     </span>
    </p>
   </div>
   <div class='ocr_carea' id='block_1_73' title="bbox 871 1282 1660 1318">
    <p class='ocr_par' dir='ltr' id='par_1_73' title="bbox 871 1282 1660 1318">
     <span class='ocr_line' id='line_1_73' title="bbox 871 1282 1660 1318; baseline -0.001 -8"><span class='ocrx_word' id='word_1_513' title='bbox 871 1291 999 1318; x_wconf 67' lang='lat' dir='ltr'><strong>unamque</strong></span> <span class='ocrx_word' id='word_1_514' title='bbox 1011 1283 1163 1318; x_wconf 66' lang='lat' dir='ltr'><strong>prudentiae</strong></span> <span class='ocrx_word' id='word_1_515' title='bbox 1173 1282 1309 1311; x_wconf 88' lang='lat' dir='ltr'><strong>dominari</strong></span> <span class='ocrx_word' id='word_1_516' title='bbox 1321 1282 1483 1314; x_wconf 86' lang='lat' dir='ltr'><strong>voluerunt;</strong></span> <span class='ocrx_word' id='word_1_517' title='bbox 1496 1282 1602 1310; x_wconf 87' lang='lat' dir='ltr'><strong>tametsi</strong></span> <span class='ocrx_word' id='word_1_518' title='bbox 1615 1290 1660 1317; x_wconf 90' lang='lat' dir='ltr'><strong>po-</strong></span> 
     </span>
    </p>
   </div>
   <div class='ocr_carea' id='block_1_74' title="bbox 870 1328 1659 1364">
    <p class='ocr_par' dir='ltr' id='par_1_74' title="bbox 870 1328 1659 1364">
     <span class='ocr_line' id='line_1_74' title="bbox 870 1328 1659 1364; baseline -0.003 -6"><span class='ocrx_word' id='word_1_519' title='bbox 870 1330 925 1358; x_wconf 87' lang='lat' dir='ltr'><strong>tius</strong></span> <span class='ocrx_word' id='word_1_520' title='bbox 936 1330 987 1358; x_wconf 85' lang='lat' dir='ltr'><strong>hac</strong></span> <span class='ocrx_word' id='word_1_521' title='bbox 998 1330 1079 1358; x_wconf 88' lang='lat' dir='ltr'><strong>etiam</strong></span> <span class='ocrx_word' id='word_1_522' title='bbox 1093 1330 1272 1358; x_wconf 80' lang='lat' dir='ltr'><strong>exterminata</strong></span> <span class='ocrx_word' id='word_1_523' title='bbox 1282 1328 1460 1364; x_wconf 75' lang='lat' dir='ltr'><strong>funditusque</strong></span> <span class='ocrx_word' id='word_1_524' title='bbox 1468 1329 1586 1361; x_wconf 85' lang='lat' dir='ltr'><strong>sublata,</strong></span> <span class='ocrx_word' id='word_1_525' title='bbox 1599 1329 1659 1364; x_wconf 84' lang='lat' dir='ltr'><strong>ejus</strong></span> 
     </span>
    </p>
   </div>
   <div class='ocr_carea' id='block_1_75' title="bbox 870 1374 1659 1410">
    <p class='ocr_par' dir='ltr' id='par_1_75' title="bbox 870 1374 1659 1410">
     <span class='ocr_line' id='line_1_75' title="bbox 870 1374 1659 1410; baseline -0.001 -8"><span class='ocrx_word' id='word_1_526' title='bbox 870 1375 898 1402; x_wconf 92' lang='lat' dir='ltr'><strong>in</strong></span> <span class='ocrx_word' id='word_1_527' title='bbox 912 1375 1000 1403; x_wconf 86' lang='lat' dir='ltr'><strong>locum</strong></span> <span class='ocrx_word' id='word_1_528' title='bbox 1016 1376 1130 1403; x_wconf 86' lang='lat' dir='ltr'><strong>alteram</strong></span> <span class='ocrx_word' id='word_1_529' title='bbox 1143 1375 1215 1403; x_wconf 87' lang='lat' dir='ltr'><strong>illam</strong></span> <span class='ocrx_word' id='word_1_530' title='bbox 1228 1375 1380 1410; x_wconf 74' lang='lat' dir='ltr'><strong>sulliciunt;</strong></span> <span class='ocrx_word' id='word_1_531' title='bbox 1395 1383 1445 1403; x_wconf 91' lang='lat' dir='ltr'><strong>nec</strong></span> <span class='ocrx_word' id='word_1_532' title='bbox 1455 1375 1527 1402; x_wconf 91' lang='lat' dir='ltr'><strong>enim</strong></span> <span class='ocrx_word' id='word_1_533' title='bbox 1540 1374 1659 1402; x_wconf 79' lang='lat' dir='ltr'><strong>fortuna-</strong></span> 
     </span>
    </p>
   </div>
   <div class='ocr_carea' id='block_1_76' title="bbox 869 1420 1659 1457">
    <p class='ocr_par' dir='ltr' id='par_1_76' title="bbox 869 1420 1659 1457">
     <span class='ocr_line' id='line_1_76' title="bbox 869 1420 1659 1457; baseline 0.001 -9"><span class='ocrx_word' id='word_1_534' title='bbox 869 1426 925 1448; x_wconf 85' lang='lat' dir='ltr'><strong>tam</strong></span> <span class='ocrx_word' id='word_1_535' title='bbox 947 1421 993 1449; x_wconf 91' lang='lat' dir='ltr'><strong>isti</strong></span> <span class='ocrx_word' id='word_1_536' title='bbox 1016 1420 1199 1457; x_wconf 83' lang='lat' dir='ltr'><strong>prudentiam,</strong></span> <span class='ocrx_word' id='word_1_537' title='bbox 1225 1421 1272 1449; x_wconf 88' lang='lat' dir='ltr'><strong>sed</strong></span> <span class='ocrx_word' id='word_1_538' title='bbox 1295 1421 1535 1457; x_wconf 88' lang='lat' dir='ltr'><strong>prudentissimam</strong></span> <span class='ocrx_word' id='word_1_539' title='bbox 1557 1426 1659 1449; x_wconf 86' lang='lat' dir='ltr'><strong>canunt</strong></span> 
     </span>
    </p>
   </div>
   <div class='ocr_carea' id='block_1_77' title="bbox 869 1467 1659 1503">
    <p class='ocr_par' dir='ltr' id='par_1_77' title="bbox 869 1467 1659 1503">
     <span class='ocr_line' id='line_1_77' title="bbox 869 1467 1659 1503; baseline 0.003 -9"><span class='ocrx_word' id='word_1_540' title='bbox 869 1467 1065 1502; x_wconf 86' lang='lat' dir='ltr'><strong>celebrantque</strong></span> <span class='ocrx_word' id='word_1_541' title='bbox 1084 1467 1233 1495; x_wconf 76' lang='lat' dir='ltr'><strong>fortunam.</strong></span> <span class='ocrx_word' id='word_1_542' title='bbox 1253 1477 1262 1494; x_wconf 75' lang='grc' dir='ltr'><strong>ι</strong></span> <span class='ocrx_word' id='word_1_543' title='bbox 1279 1467 1365 1495; x_wconf 86' lang='lat' dir='ltr'><strong>Porro</strong></span> <span class='ocrx_word' id='word_1_544' title='bbox 1388 1468 1495 1496; x_wconf 90' lang='lat' dir='ltr'><strong>utilium</strong></span> <span class='ocrx_word' id='word_1_545' title='bbox 1513 1468 1576 1496; x_wconf 68' lang='lat' dir='ltr'><strong>vita:</strong></span> <span class='ocrx_word' id='word_1_546' title='bbox 1594 1476 1659 1503; x_wconf 83' lang='lat' dir='ltr'><strong>ope-</strong></span> 
     </span>
    </p>
   </div>
   <div class='ocr_carea' id='block_1_78' title="bbox 871 1514 1658 1551">
    <p class='ocr_par' dir='ltr' id='par_1_78' title="bbox 871 1514 1658 1551">
     <span class='ocr_line' id='line_1_78' title="bbox 871 1514 1658 1551; baseline 0.003 -11"><span class='ocrx_word' id='word_1_547' title='bbox 871 1521 931 1541; x_wconf 91' lang='lat' dir='ltr'><strong>rum</strong></span> <span class='ocrx_word' id='word_1_548' title='bbox 941 1514 1126 1541; x_wconf 81' lang='lat' dir='ltr'><strong>moderatores</strong></span> <span class='ocrx_word' id='word_1_549' title='bbox 1134 1521 1239 1547; x_wconf 87' lang='lat' dir='ltr'><strong>omnes,</strong></span> <span class='ocrx_word' id='word_1_550' title='bbox 1249 1514 1373 1542; x_wconf 87' lang='lat' dir='ltr'><strong>navanda</strong></span> <span class='ocrx_word' id='word_1_551' title='bbox 1382 1515 1440 1543; x_wconf 81' lang='lat' dir='ltr'><strong>suis</strong></span> <span class='ocrx_word' id='word_1_552' title='bbox 1448 1523 1529 1551; x_wconf 86' lang='lat' dir='ltr'><strong>opera</strong></span> <span class='ocrx_word' id='word_1_553' title='bbox 1540 1516 1658 1543; x_wconf 83' lang='lat' dir='ltr'><strong>maxime</strong></span> 
     </span>
    </p>
   </div>
   <div class='ocr_carea' id='block_1_79' title="bbox 871 1560 1657 1596">
    <p class='ocr_par' dir='ltr' id='par_1_79' title="bbox 871 1560 1657 1596">
     <span class='ocr_line' id='line_1_79' title="bbox 871 1560 1657 1596; baseline 0.005 -10"><span class='ocrx_word' id='word_1_554' title='bbox 871 1560 1049 1594; x_wconf 85' lang='lat' dir='ltr'><strong>delectantur,</strong></span> <span class='ocrx_word' id='word_1_555' title='bbox 1060 1560 1222 1595; x_wconf 88' lang='lat' dir='ltr'><strong>laudemque</strong></span> <span class='ocrx_word' id='word_1_556' title='bbox 1233 1560 1314 1588; x_wconf 90' lang='lat' dir='ltr'><strong>simul</strong></span> <span class='ocrx_word' id='word_1_557' title='bbox 1325 1566 1351 1588; x_wconf 92' lang='lat' dir='ltr'><strong>et</strong></span> <span class='ocrx_word' id='word_1_558' title='bbox 1362 1561 1474 1596; x_wconf 78' lang='lat' dir='ltr'><strong>gloriam</strong></span> <span class='ocrx_word' id='word_1_559' title='bbox 1483 1570 1545 1589; x_wconf 91' lang='lat' dir='ltr'><strong>eum</strong></span> <span class='ocrx_word' id='word_1_560' title='bbox 1554 1562 1657 1590; x_wconf 89' lang='lat' dir='ltr'><strong>labori-</strong></span> 
     </span>
    </p>
   </div>
   <div class='ocr_carea' id='block_1_80' title="bbox 870 1606 1658 1644">
    <p class='ocr_par' dir='ltr' id='par_1_80' title="bbox 870 1606 1658 1644">
     <span class='ocr_line' id='line_1_80' title="bbox 870 1606 1658 1644; baseline 0.004 -11"><span class='ocrx_word' id='word_1_561' title='bbox 870 1606 921 1634; x_wconf 90' lang='lat' dir='ltr'><strong>bus</strong></span> <span class='ocrx_word' id='word_1_562' title='bbox 935 1606 992 1634; x_wconf 89' lang='lat' dir='ltr'><strong>suis</strong></span> <span class='ocrx_word' id='word_1_563' title='bbox 1010 1614 1061 1641; x_wconf 90' lang='lat' dir='ltr'><strong>pro</strong></span> <span class='ocrx_word' id='word_1_564' title='bbox 1075 1606 1215 1634; x_wconf 91' lang='lat' dir='ltr'><strong>communi</strong></span> <span class='ocrx_word' id='word_1_565' title='bbox 1233 1607 1321 1635; x_wconf 87' lang='lat' dir='ltr'><strong>salute</strong></span> <span class='ocrx_word' id='word_1_566' title='bbox 1337 1609 1471 1643; x_wconf 86' lang='lat' dir='ltr'><strong>susceptis</strong></span> <span class='ocrx_word' id='word_1_567' title='bbox 1485 1610 1658 1644; x_wconf 85' lang='lat' dir='ltr'><strong>compensari</strong></span> 
     </span>
    </p>
   </div>
   <div class='ocr_carea' id='block_1_81' title="bbox 870 1651 1657 1688">
    <p class='ocr_par' dir='ltr' id='par_1_81' title="bbox 870 1651 1657 1688">
     <span class='ocr_line' id='line_1_81' title="bbox 870 1651 1657 1688; baseline 0.005 -10"><span class='ocrx_word' id='word_1_568' title='bbox 870 1651 964 1678; x_wconf 92' lang='lat' dir='ltr'><strong>volunt</strong></span> <span class='ocrx_word' id='word_1_569' title='bbox 976 1661 982 1678; x_wconf 84' lang='lat'>:</span> <span class='ocrx_word' id='word_1_570' title='bbox 997 1651 1042 1678; x_wconf 88' lang='lat' dir='ltr'><strong>alii</strong></span> <span class='ocrx_word' id='word_1_571' title='bbox 1053 1651 1162 1686; x_wconf 90' lang='lat' dir='ltr'><strong>quidem</strong></span> <span class='ocrx_word' id='word_1_572' title='bbox 1171 1652 1279 1686; x_wconf 86' lang='lat' dir='ltr'><strong>alendo,</strong></span> <span class='ocrx_word' id='word_1_573' title='bbox 1292 1654 1409 1688; x_wconf 80' lang='lat' dir='ltr'><strong>regendo</strong></span> <span class='ocrx_word' id='word_1_574' title='bbox 1417 1654 1526 1688; x_wconf 85' lang='lat' dir='ltr'><strong>alii,alii</strong></span> <span class='ocrx_word' id='word_1_575' title='bbox 1544 1655 1657 1682; x_wconf 87' lang='lat' dir='ltr'><strong>meden-</strong></span> 
     </span>
    </p>
   </div>
   <div class='ocr_carea' id='block_1_82' title="bbox 870 1696 1658 1734">
    <p class='ocr_par' dir='ltr' id='par_1_82' title="bbox 870 1696 1658 1734">
     <span class='ocr_line' id='line_1_82' title="bbox 870 1696 1658 1734; baseline 0.004 -11"><span class='ocrx_word' id='word_1_576' title='bbox 870 1696 969 1728; x_wconf 82' lang='lat' dir='ltr'><strong>do,alii</strong></span> <span class='ocrx_word' id='word_1_577' title='bbox 980 1697 1175 1731; x_wconf 88' lang='lat' dir='ltr'><strong>rempublicam</strong></span> <span class='ocrx_word' id='word_1_578' title='bbox 1193 1698 1327 1732; x_wconf 79' lang='lat' dir='ltr'><strong>gerendo;</strong></span> <span class='ocrx_word' id='word_1_579' title='bbox 1337 1698 1443 1733; x_wconf 89' lang='lat' dir='ltr'><strong>ipsique</strong></span> <span class='ocrx_word' id='word_1_580' title='bbox 1458 1699 1526 1726; x_wconf 89' lang='lat' dir='ltr'><strong>adeo</strong></span> <span class='ocrx_word' id='word_1_581' title='bbox 1538 1699 1658 1734; x_wconf 89' lang='lat' dir='ltr'><strong>philoso-</strong></span> 
     </span>
    </p>
   </div>
   <div class='ocr_carea' id='block_1_83' title="bbox 870 1742 1659 1777">
    <p class='ocr_par' dir='ltr' id='par_1_83' title="bbox 870 1742 1659 1777">
     <span class='ocr_line' id='line_1_83' title="bbox 870 1742 1659 1777; baseline 0.005 -8"><span class='ocrx_word' id='word_1_582' title='bbox 870 1742 916 1777; x_wconf 88' lang='lat' dir='ltr'><strong>phi</strong></span> <span class='ocrx_word' id='word_1_583' title='bbox 933 1750 983 1770; x_wconf 93' lang='lat' dir='ltr'><strong>suo</strong></span> <span class='ocrx_word' id='word_1_584' title='bbox 997 1742 1043 1770; x_wconf 91' lang='lat' dir='ltr'><strong>illo</strong></span> <span class='ocrx_word' id='word_1_585' title='bbox 1058 1742 1289 1770; x_wconf 86' lang='lat' dir='ltr'><strong>instituendorum</strong></span> <span class='ocrx_word' id='word_1_586' title='bbox 1300 1743 1441 1772; x_wconf 89' lang='lat' dir='ltr'><strong>hominum</strong></span> <span class='ocrx_word' id='word_1_587' title='bbox 1451 1750 1550 1773; x_wconf 86' lang='lat' dir='ltr'><strong>conatu</strong></span> <span class='ocrx_word' id='word_1_588' title='bbox 1563 1753 1595 1773; x_wconf 87' lang='lat' dir='ltr'><strong>ac</strong></span> <span class='ocrx_word' id='word_1_589' title='bbox 1603 1750 1659 1773; x_wconf 89' lang='lat' dir='ltr'><strong>stu-</strong></span> 
     </span>
    </p>
   </div>
   <div class='ocr_carea' id='block_1_84' title="bbox 869 1788 1657 1823">
    <p class='ocr_par' dir='ltr' id='par_1_84' title="bbox 869 1788 1657 1823">
     <span class='ocr_line' id='line_1_84' title="bbox 869 1788 1657 1823; baseline 0.004 -8"><span class='ocrx_word' id='word_1_590' title='bbox 869 1788 915 1816; x_wconf 94' lang='lat' dir='ltr'><strong>dio</strong></span> <span class='ocrx_word' id='word_1_591' title='bbox 928 1788 1059 1823; x_wconf 88' lang='lat' dir='ltr'><strong>majorem</strong></span> <span class='ocrx_word' id='word_1_592' title='bbox 1069 1788 1096 1815; x_wconf 93' lang='lat' dir='ltr'><strong>in</strong></span> <span class='ocrx_word' id='word_1_593' title='bbox 1107 1789 1216 1816; x_wconf 87' lang='lat' dir='ltr'><strong>modum</strong></span> <span class='ocrx_word' id='word_1_594' title='bbox 1229 1789 1388 1817; x_wconf 77' lang='lat' dir='ltr'><strong>cﬂ‘eruntur.</strong></span> <span class='ocrx_word' id='word_1_595' title='bbox 1398 1790 1582 1818; x_wconf 78' lang='lat' dir='ltr'><strong>Audebuntne</strong></span> <span class='ocrx_word' id='word_1_596' title='bbox 1593 1799 1657 1818; x_wconf 84' lang='lat' dir='ltr'><strong>vero</strong></span> 
     </span>
    </p>
   </div>
   <div class='ocr_carea' id='block_1_85' title="bbox 869 1827 1659 1868">
    <p class='ocr_par' dir='ltr' id='par_1_85' title="bbox 869 1827 1659 1868">
     <span class='ocr_line' id='line_1_85' title="bbox 869 1827 1659 1868; baseline 0.006 -8"><span class='ocrx_word' id='word_1_597' title='bbox 869 1833 1006 1868; x_wconf 90' lang='lat' dir='ltr'><strong>Epicurus</strong></span> <span class='ocrx_word' id='word_1_598' title='bbox 1026 1838 1054 1861; x_wconf 91' lang='lat' dir='ltr'><strong>et</strong></span> <span class='ocrx_word' id='word_1_599' title='bbox 1071 1833 1245 1863; x_wconf 84' lang='lat' dir='ltr'><strong>Democritus</strong></span> <span class='ocrx_word' id='word_1_600' title='bbox 1259 1827 1361 1868; x_wconf 81' lang='lat' dir='ltr'><strong>dicere,</strong></span> <span class='ocrx_word' id='word_1_601' title='bbox 1377 1836 1522 1864; x_wconf 88' lang='lat' dir='ltr'><strong>molestum</strong></span> <span class='ocrx_word' id='word_1_602' title='bbox 1545 1837 1597 1865; x_wconf 89' lang='lat' dir='ltr'><strong>sibi</strong></span> <span class='ocrx_word' id='word_1_603' title='bbox 1617 1842 1659 1865; x_wconf 86' lang='lat' dir='ltr'><strong>at-</strong></span> 
     </span>
    </p>
   </div>
   <div class='ocr_carea' id='block_1_86' title="bbox 869 1880 1657 1916">
    <p class='ocr_par' dir='ltr' id='par_1_86' title="bbox 869 1880 1657 1916">
     <span class='ocr_line' id='line_1_86' title="bbox 869 1880 1657 1916; baseline 0.006 -9"><span class='ocrx_word' id='word_1_604' title='bbox 869 1888 922 1915; x_wconf 85' lang='lat' dir='ltr'><strong>que</strong></span> <span class='ocrx_word' id='word_1_605' title='bbox 948 1880 1066 1908; x_wconf 89' lang='lat' dir='ltr'><strong>invisum</strong></span> <span class='ocrx_word' id='word_1_606' title='bbox 1081 1888 1142 1908; x_wconf 90' lang='lat' dir='ltr'><strong>esse</strong></span> <span class='ocrx_word' id='word_1_607' title='bbox 1159 1881 1370 1916; x_wconf 89' lang='lat' dir='ltr'><strong>philosophandi</strong></span> <span class='ocrx_word' id='word_1_608' title='bbox 1390 1883 1509 1911; x_wconf 88' lang='lat' dir='ltr'><strong>munus?</strong></span> <span class='ocrx_word' id='word_1_609' title='bbox 1528 1883 1585 1911; x_wconf 89' lang='lat' dir='ltr'><strong>lmo</strong></span> <span class='ocrx_word' id='word_1_610' title='bbox 1601 1891 1657 1913; x_wconf 82' lang='lat' dir='ltr'><strong>non</strong></span> 
     </span>
    </p>
   </div>
   <div class='ocr_carea' id='block_1_87' title="bbox 871 1926 1655 1966">
    <p class='ocr_par' dir='ltr' id='par_1_87' title="bbox 871 1926 1655 1966">
     <span class='ocr_line' id='line_1_87' title="bbox 871 1926 1655 1966; baseline 0.006 -13"><span class='ocrx_word' id='word_1_611' title='bbox 871 1927 953 1954; x_wconf 86' lang='lat' dir='ltr'><strong>aliam</strong></span> <span class='ocrx_word' id='word_1_612' title='bbox 970 1926 1093 1962; x_wconf 82' lang='lat' dir='ltr'><strong>prol‘ccto</strong></span> <span class='ocrx_word' id='word_1_613' title='bbox 1102 1927 1166 1955; x_wconf 90' lang='lat' dir='ltr'><strong>huic</strong></span> <span class='ocrx_word' id='word_1_614' title='bbox 1180 1928 1266 1955; x_wconf 88' lang='lat' dir='ltr'><strong>animi</strong></span> <span class='ocrx_word' id='word_1_615' title='bbox 1282 1929 1450 1964; x_wconf 81' lang='lat' dir='ltr'><strong>voluptatem</strong></span> <span class='ocrx_word' id='word_1_616' title='bbox 1468 1933 1655 1966; x_wconf 83' lang='lat' dir='ltr'><strong>anteponant:</strong></span> 
     </span>
    </p>
   </div>
   <div class='ocr_carea' id='block_1_88' title="bbox 869 1973 1656 2010">
    <p class='ocr_par' dir='ltr' id='par_1_88' title="bbox 869 1973 1656 2010">
     <span class='ocr_line' id='line_1_88' title="bbox 869 1973 1656 2010; baseline 0.005 -10"><span class='ocrx_word' id='word_1_617' title='bbox 869 1974 919 2000; x_wconf 91' lang='lat' dir='ltr'><strong>etsi</strong></span> <span class='ocrx_word' id='word_1_618' title='bbox 937 1973 1009 2001; x_wconf 92' lang='lat' dir='ltr'><strong>enim</strong></span> <span class='ocrx_word' id='word_1_619' title='bbox 1024 1973 1127 2001; x_wconf 90' lang='lat' dir='ltr'><strong>bonum</strong></span> <span class='ocrx_word' id='word_1_620' title='bbox 1139 1973 1304 2009; x_wconf 88' lang='lat' dir='ltr'><strong>voluptatem</strong></span> <span class='ocrx_word' id='word_1_621' title='bbox 1325 1982 1434 2003; x_wconf 88' lang='lat' dir='ltr'><strong>onmem</strong></span> <span class='ocrx_word' id='word_1_622' title='bbox 1448 1983 1510 2004; x_wconf 86' lang='lat' dir='ltr'><strong>esse</strong></span> <span class='ocrx_word' id='word_1_623' title='bbox 1523 1981 1656 2010; x_wconf 81' lang='lat' dir='ltr'><strong>statuunt,</strong></span> 
     </span>
    </p>
   </div>
   <div class='ocr_carea' id='block_1_89' title="bbox 869 2019 1657 2056">
    <p class='ocr_par' dir='ltr' id='par_1_89' title="bbox 869 2019 1657 2056">
     <span class='ocr_line' id='line_1_89' title="bbox 869 2019 1657 2056; baseline 0.005 -10"><span class='ocrx_word' id='word_1_624' title='bbox 869 2019 921 2046; x_wconf 85' lang='lat' dir='ltr'><strong>hoc</strong></span> <span class='ocrx_word' id='word_1_625' title='bbox 933 2024 1024 2046; x_wconf 89' lang='lat' dir='ltr'><strong>tamen</strong></span> <span class='ocrx_word' id='word_1_626' title='bbox 1040 2019 1131 2047; x_wconf 88' lang='lat' dir='ltr'><strong>dicere</strong></span> <span class='ocrx_word' id='word_1_627' title='bbox 1147 2020 1324 2053; x_wconf 89' lang='lat' dir='ltr'><strong>verebuntur,</strong></span> <span class='ocrx_word' id='word_1_628' title='bbox 1339 2021 1526 2056; x_wconf 87' lang='lat' dir='ltr'><strong>philosophari</strong></span> <span class='ocrx_word' id='word_1_629' title='bbox 1538 2022 1590 2050; x_wconf 85' lang='lat' dir='ltr'><strong>sibi</strong></span> <span class='ocrx_word' id='word_1_630' title='bbox 1602 2031 1657 2050; x_wconf 88' lang='lat' dir='ltr'><strong>non</strong></span> 
     </span>
    </p>
   </div>
   <div class='ocr_carea' id='block_1_90' title="bbox 868 2065 1657 2102">
    <p class='ocr_par' dir='ltr' id='par_1_90' title="bbox 868 2065 1657 2102">
     <span class='ocr_line' id='line_1_90' title="bbox 868 2065 1657 2102; baseline 0.003 -9"><span class='ocrx_word' id='word_1_631' title='bbox 868 2072 929 2093; x_wconf 86' lang='lat' dir='ltr'><strong>esse</strong></span> <span class='ocrx_word' id='word_1_632' title='bbox 943 2065 1049 2100; x_wconf 77' lang='lat' dir='ltr'><strong>vulgari</strong></span> <span class='ocrx_word' id='word_1_633' title='bbox 1061 2065 1201 2100; x_wconf 88' lang='lat' dir='ltr'><strong>voluptate</strong></span> <span class='ocrx_word' id='word_1_634' title='bbox 1213 2067 1372 2101; x_wconf 84' lang='lat' dir='ltr'><strong>jucundius.</strong></span> <span class='ocrx_word' id='word_1_635' title='bbox 1386 2067 1456 2095; x_wconf 87' lang='lat' dir='ltr'><strong>Deos</strong></span> <span class='ocrx_word' id='word_1_636' title='bbox 1470 2075 1563 2102; x_wconf 84' lang='lat' dir='ltr'><strong>porro.</strong></span> <span class='ocrx_word' id='word_1_637' title='bbox 1586 2075 1657 2102; x_wconf 89' lang='lat' dir='ltr'><strong>quos</strong></span> 
     </span>
    </p>
   </div>
   <div class='ocr_carea' id='block_1_91' title="bbox 867 2111 1656 2148">
    <p class='ocr_par' dir='ltr' id='par_1_91' title="bbox 867 2111 1656 2148">
     <span class='ocr_line' id='line_1_91' title="bbox 867 2111 1656 2148; baseline 0.004 -10"><span class='ocrx_word' id='word_1_638' title='bbox 867 2115 955 2146; x_wconf 77' lang='lat' dir='ltr'><strong>poeta:</strong></span> <span class='ocrx_word' id='word_1_639' title='bbox 970 2111 1080 2147; x_wconf 87' lang='lat' dir='ltr'><strong>quidem</strong></span> <span class='ocrx_word' id='word_1_640' title='bbox 1092 2112 1219 2139; x_wconf 86' lang='lat' dir='ltr'><strong>bonorum</strong></span> <span class='ocrx_word' id='word_1_641' title='bbox 1235 2117 1353 2140; x_wconf 79' lang='lat' dir='ltr'><strong>auctores</strong></span> <span class='ocrx_word' id='word_1_642' title='bbox 1366 2113 1524 2147; x_wconf 66' lang='lat' dir='ltr'><strong>praedicant,</strong></span> <span class='ocrx_word' id='word_1_643' title='bbox 1539 2113 1656 2148; x_wconf 88' lang='lat' dir='ltr'><strong>philoso-</strong></span> 
     </span>
    </p>
   </div>
   <div class='ocr_carea' id='block_1_92' title="bbox 868 2158 1655 2194">
    <p class='ocr_par' dir='ltr' id='par_1_92' title="bbox 868 2158 1655 2194">
     <span class='ocr_line' id='line_1_92' title="bbox 868 2158 1655 2194; baseline 0.001 -9"><span class='ocrx_word' id='word_1_644' title='bbox 868 2158 914 2194; x_wconf 88' lang='lat' dir='ltr'><strong>phi</strong></span> <span class='ocrx_word' id='word_1_645' title='bbox 926 2165 991 2186; x_wconf 90' lang='lat' dir='ltr'><strong>vero</strong></span> <span class='ocrx_word' id='word_1_646' title='bbox 1005 2158 1060 2192; x_wconf 87' lang='lat' dir='ltr'><strong>isti,</strong></span> <span class='ocrx_word' id='word_1_647' title='bbox 1074 2159 1175 2186; x_wconf 82' lang='lat' dir='ltr'><strong>nullius</strong></span> <span class='ocrx_word' id='word_1_648' title='bbox 1188 2159 1299 2186; x_wconf 89' lang='lat' dir='ltr'><strong>omnino</strong></span> <span class='ocrx_word' id='word_1_649' title='bbox 1315 2159 1379 2186; x_wconf 91' lang='lat' dir='ltr'><strong>boni</strong></span> <span class='ocrx_word' id='word_1_650' title='bbox 1389 2159 1430 2186; x_wconf 84' lang='lat' dir='ltr'><strong>vel</strong></span> <span class='ocrx_word' id='word_1_651' title='bbox 1441 2163 1567 2186; x_wconf 86' lang='lat' dir='ltr'><strong>auctores</strong></span> <span class='ocrx_word' id='word_1_652' title='bbox 1582 2166 1655 2192; x_wconf 87' lang='lat' dir='ltr'><strong>esse,</strong></span> 
     </span>
    </p>
   </div>
   <div class='ocr_carea' id='block_1_93' title="bbox 14 2203 813 2239">
    <p class='ocr_par' dir='ltr' id='par_1_93' title="bbox 14 2203 813 2239">
     <span class='ocr_line' id='line_1_93' title="bbox 14 2203 813 2239; baseline 0.003 -8"><span class='ocrx_word' id='word_1_653' title='bbox 14 2203 128 2239; x_wconf 76' lang='grc' dir='ltr'>σκευὴν</span> <span class='ocrx_word' id='word_1_654' title='bbox 145 2203 364 2238; x_wconf 64' lang='grc' dir='ltr'>προσνέμοντεςν</span> <span class='ocrx_word' id='word_1_655' title='bbox 377 2204 409 2230; x_wconf 74' lang='grc' dir='ltr'><strong>ἵν’</strong></span> <span class='ocrx_word' id='word_1_656' title='bbox 426 2205 458 2231; x_wconf 83' lang='grc' dir='ltr'>ὲκ</span> <span class='ocrx_word' id='word_1_657' title='bbox 480 2204 527 2232; x_wconf 88' lang='grc' dir='ltr'><strong>τοῦ</strong></span> <span class='ocrx_word' id='word_1_658' title='bbox 552 2204 648 2238; x_wconf 88' lang='grc' dir='ltr'>θεῖναι,</span> <span class='ocrx_word' id='word_1_659' title='bbox 663 2205 736 2232; x_wconf 74' lang='grc' dir='ltr'>τοῦτ’</span> <span class='ocrx_word' id='word_1_660' title='bbox 759 2205 813 2233; x_wconf 80' lang='grc' dir='ltr'>ἔστι</span> 
     </span>
    </p>
   </div>
   <div class='ocr_carea' id='block_1_94' title="bbox 891 2203 1654 2239">
    <p class='ocr_par' dir='ltr' id='par_1_94' title="bbox 891 2203 1654 2239">
     <span class='ocr_line' id='line_1_94' title="bbox 891 2203 1654 2239; baseline 0 -7"><span class='ocrx_word' id='word_1_661' title='bbox 891 2204 911 2232; x_wconf 72' lang='lat' dir='ltr'><strong>al</strong></span> <span class='ocrx_word' id='word_1_662' title='bbox 923 2203 1067 2239; x_wconf 83' lang='lat' dir='ltr'><strong>participes</strong></span> <span class='ocrx_word' id='word_1_663' title='bbox 1085 2204 1199 2232; x_wconf 88' lang='lat' dir='ltr'><strong>ridendo</strong></span> <span class='ocrx_word' id='word_1_664' title='bbox 1210 2204 1336 2238; x_wconf 83' lang='lat' dir='ltr'><strong>jactant;</strong></span> <span class='ocrx_word' id='word_1_665' title='bbox 1353 2203 1430 2236; x_wconf 89' lang='lat' dir='ltr'><strong>deos,</strong></span> <span class='ocrx_word' id='word_1_666' title='bbox 1448 2203 1654 2238; x_wconf 84' lang='lat' dir='ltr'><strong>inquam,illos,</strong></span> 
     </span>
    </p>
   </div>
   <div class='ocr_carea' id='block_1_95' title="bbox 14 2248 815 2288">
    <p class='ocr_par' dir='ltr' id='par_1_95' title="bbox 14 2248 815 2288">
     <span class='ocr_line' id='line_1_95' title="bbox 14 2248 815 2288; baseline 0.001 -11"><span class='ocrx_word' id='word_1_667' title='bbox 14 2249 150 2284; x_wconf 78' lang='grc' dir='ltr'>ποιῆσαι,</span> <span class='ocrx_word' id='word_1_668' title='bbox 161 2248 356 2284; x_wconf 78' lang='grc' dir='ltr'>θεοποιήσωσιν</span> <span class='ocrx_word' id='word_1_669' title='bbox 366 2249 462 2281; x_wconf 72' lang='grc' dir='ltr'>αὐτούς</span> <span class='ocrx_word' id='word_1_670' title='bbox 474 2250 578 2285; x_wconf 78' lang='grc' dir='ltr'>(τούτου</span> <span class='ocrx_word' id='word_1_671' title='bbox 591 2251 646 2286; x_wconf 77' lang='grc' dir='ltr'><strong>γὰρ</strong></span> <span class='ocrx_word' id='word_1_672' title='bbox 655 2251 738 2278; x_wconf 82' lang='grc' dir='ltr'>’ἑνεκα</span> <span class='ocrx_word' id='word_1_673' title='bbox 748 2252 815 2288; x_wconf 85' lang='grc' dir='ltr'>πρὸς</span> 
     </span>
    </p>
   </div>
   <div class='ocr_carea' id='block_1_96' title="bbox 12 2295 815 2334">
    <p class='ocr_par' dir='ltr' id='par_1_96' title="bbox 12 2295 815 2334">
     <span class='ocr_line' id='line_1_96' title="bbox 12 2295 815 2334; baseline 0.002 -11"><span class='ocrx_word' id='word_1_674' title='bbox 12 2295 155 2331; x_wconf 81' lang='grc' dir='ltr'>ἀλήθειαν</span> <span class='ocrx_word' id='word_1_675' title='bbox 179 2295 193 2322; x_wconf 87' lang='grc' dir='ltr'><strong>ό</strong></span> <span class='ocrx_word' id='word_1_676' title='bbox 217 2295 271 2322; x_wconf 83' lang='grc' dir='ltr'>τῶν</span> <span class='ocrx_word' id='word_1_677' title='bbox 296 2295 422 2323; x_wconf 83' lang='grc' dir='ltr'>ἁπάντων</span> <span class='ocrx_word' id='word_1_678' title='bbox 448 2295 561 2332; x_wconf 84' lang='grc' dir='ltr'>ποιητὴς</span> <span class='ocrx_word' id='word_1_679' title='bbox 586 2298 633 2324; x_wconf 73' lang='grc' dir='ltr'>καὶ</span> <span class='ocrx_word' id='word_1_680' title='bbox 653 2297 815 2334; x_wconf 81' lang='grc' dir='ltr'>δημιουργὸς</span> 
     </span>
    </p>
   </div>
   <div class='ocr_carea' id='block_1_97' title="bbox 14 2341 815 2380">
    <p class='ocr_par' dir='ltr' id='par_1_97' title="bbox 14 2341 815 2380">
     <span class='ocr_line' id='line_1_97' title="bbox 14 2341 815 2380; baseline 0.004 -12"><span class='ocrx_word' id='word_1_681' title='bbox 14 2343 108 2379; x_wconf 83' lang='grc' dir='ltr'>μόνος</span> <span class='ocrx_word' id='word_1_682' title='bbox 125 2341 183 2368; x_wconf 79' lang='grc' dir='ltr'>ἐστὶ</span> <span class='ocrx_word' id='word_1_683' title='bbox 196 2341 272 2378; x_wconf 86' lang='grc' dir='ltr'>Θεός)</span> <span class='ocrx_word' id='word_1_684' title='bbox 283 2351 290 2358; x_wconf 73' lang='grc' dir='ltr'><strong>ν</strong></span> <span class='ocrx_word' id='word_1_685' title='bbox 309 2343 376 2378; x_wconf 89' lang='grc' dir='ltr'>μήτε</span> <span class='ocrx_word' id='word_1_686' title='bbox 391 2342 532 2379; x_wconf 81' lang='grc' dir='ltr'>διοίκησιν,</span> <span class='ocrx_word' id='word_1_687' title='bbox 550 2343 566 2380; x_wconf 87' lang='grc' dir='ltr'>ἢ</span> <span class='ocrx_word' id='word_1_688' title='bbox 584 2344 684 2380; x_wconf 83' lang='grc' dir='ltr'>κρίσιν,</span> <span class='ocrx_word' id='word_1_689' title='bbox 702 2344 718 2380; x_wconf 88' lang='grc' dir='ltr'>ἢ</span> <span class='ocrx_word' id='word_1_690' title='bbox 736 2345 815 2380; x_wconf 84' lang='grc' dir='ltr'>χάριν</span> 
     </span>
    </p>
   </div>
   <div class='ocr_carea' id='block_1_98' title="bbox 13 2388 814 2426">
    <p class='ocr_par' dir='ltr' id='par_1_98' title="bbox 13 2388 814 2426">
     <span class='ocr_line' id='line_1_98' title="bbox 13 2388 814 2426; baseline 0.002 -10"><span class='ocrx_word' id='word_1_691' title='bbox 13 2388 117 2416; x_wconf 77' lang='grc' dir='ltr'>αὐτῶν</span> <span class='ocrx_word' id='word_1_692' title='bbox 131 2396 193 2415; x_wconf 88' lang='grc' dir='ltr'>τινα</span> <span class='ocrx_word' id='word_1_693' title='bbox 209 2388 277 2424; x_wconf 80' lang='grc' dir='ltr'>πρὸς</span> <span class='ocrx_word' id='word_1_694' title='bbox 290 2388 451 2424; x_wconf 80' lang='grc' dir='ltr'>ἀνθρώπους</span> <span class='ocrx_word' id='word_1_695' title='bbox 473 2390 651 2426; x_wconf 79' lang='grc' dir='ltr'>ἐκτιθέμενοι,</span> <span class='ocrx_word' id='word_1_696' title='bbox 673 2391 715 2418; x_wconf 85' lang='grc' dir='ltr'><strong>ἴνα</strong></span> <span class='ocrx_word' id='word_1_697' title='bbox 733 2390 814 2426; x_wconf 77' lang='grc' dir='ltr'>φόϐον</span> 
     </span>
    </p>
   </div>
   <div class='ocr_carea' id='block_1_99' title="bbox 9 2430 813 2472">
    <p class='ocr_par' dir='ltr' id='par_1_99' title="bbox 9 2430 813 2472">
     <span class='ocr_line' id='line_1_99' title="bbox 9 2430 813 2472; baseline 0.005 -11"><span class='ocrx_word' id='word_1_698' title='bbox 9 2436 33 2471; x_wconf 85' lang='grc' dir='ltr'>ἦ</span> <span class='ocrx_word' id='word_1_699' title='bbox 53 2430 142 2470; x_wconf 71' lang='grc' dir='ltr'>τιμὴν</span> <span class='ocrx_word' id='word_1_700' title='bbox 159 2434 326 2470; x_wconf 82' lang='grc' dir='ltr'>ὀφλήσαντες</span> <span class='ocrx_word' id='word_1_701' title='bbox 342 2436 574 2472; x_wconf 85' lang='grc' dir='ltr'>προσκυνήσωμεν</span> <span class='ocrx_word' id='word_1_702' title='bbox 590 2437 699 2470; x_wconf 83' lang='grc' dir='ltr'>αὐτοῖς;</span> <span class='ocrx_word' id='word_1_703' title='bbox 716 2435 754 2464; x_wconf 85' lang='grc' dir='ltr'>Ἦ</span> <span class='ocrx_word' id='word_1_704' title='bbox 767 2438 813 2465; x_wconf 86' lang='grc' dir='ltr'><strong>τοῦ</strong></span> 
     </span>
    </p>
   </div>
   <div class='ocr_carea' id='block_1_100' title="bbox 10 2481 814 2520">
    <p class='ocr_par' dir='ltr' id='par_1_100' title="bbox 10 2481 814 2520">
     <span class='ocr_line' id='line_1_100' title="bbox 10 2481 814 2520; baseline 0.004 -11"><span class='ocrx_word' id='word_1_705' title='bbox 10 2482 130 2518; x_wconf 77' lang='grc' dir='ltr'>κόσμου</span> <span class='ocrx_word' id='word_1_706' title='bbox 157 2481 299 2517; x_wconf 83' lang='grc' dir='ltr'>προκύψας</span> <span class='ocrx_word' id='word_1_707' title='bbox 331 2481 510 2518; x_wconf 80' lang='grc' dir='ltr'>Ἐπίκουρος,</span> <span class='ocrx_word' id='word_1_708' title='bbox 539 2483 586 2510; x_wconf 72' lang='grc' dir='ltr'><strong>καὶ</strong></span> <span class='ocrx_word' id='word_1_709' title='bbox 614 2484 659 2510; x_wconf 88' lang='grc' dir='ltr'>τὸν</span> <span class='ocrx_word' id='word_1_710' title='bbox 690 2484 814 2520; x_wconf 78' lang='grc' dir='ltr'>οὐράνιον</span> 
     </span>
    </p>
   </div>
   <div class='ocr_carea' id='block_1_101' title="bbox 9 2527 814 2566">
    <p class='ocr_par' dir='ltr' id='par_1_101' title="bbox 9 2527 814 2566">
     <span class='ocr_line' id='line_1_101' title="bbox 9 2527 814 2566; baseline 0.004 -11"><span class='ocrx_word' id='word_1_711' title='bbox 9 2527 149 2564; x_wconf 72' lang='grc' dir='ltr'>ὑπερὸὰς</span> <span class='ocrx_word' id='word_1_712' title='bbox 165 2527 315 2564; x_wconf 78' lang='grc' dir='ltr'>περίὸολον,</span> <span class='ocrx_word' id='word_1_713' title='bbox 336 2528 353 2564; x_wconf 86' lang='grc' dir='ltr'>ἢ</span> <span class='ocrx_word' id='word_1_714' title='bbox 371 2528 414 2556; x_wconf 81' lang='grc' dir='ltr'>διά</span> <span class='ocrx_word' id='word_1_715' title='bbox 431 2537 510 2555; x_wconf 91' lang='grc' dir='ltr'>τινων</span> <span class='ocrx_word' id='word_1_716' title='bbox 527 2530 650 2564; x_wconf 81' lang='grc' dir='ltr'>κρυφίων</span> <span class='ocrx_word' id='word_1_717' title='bbox 674 2530 706 2562; x_wconf 74' lang='grc' dir='ltr'>ἃς</span> <span class='ocrx_word' id='word_1_718' title='bbox 734 2531 814 2566; x_wconf 88' lang='grc' dir='ltr'>μόνος</span> 
     </span>
    </p>
   </div>
   <div class='ocr_carea' id='block_1_102' title="bbox 70 2604 587 2641">
    <p class='ocr_par' dir='ltr' id='par_1_102' title="bbox 70 2604 587 2641">
     <span class='ocr_line' id='line_1_102' title="bbox 70 2604 587 2641; baseline 0.004 -9"><span class='ocrx_word' id='word_1_719' title='bbox 70 2605 118 2640; x_wconf 73' lang='grc'><strong>47)</strong></span> <span class='ocrx_word' id='word_1_720' title='bbox 144 2604 270 2638; x_wconf 78' lang='grc' dir='ltr'>Ἀληθές.</span> <span class='ocrx_word' id='word_1_721' title='bbox 282 2605 370 2641; x_wconf 76' lang='lat' dir='ltr'><strong>Forte</strong></span> <span class='ocrx_word' id='word_1_722' title='bbox 383 2606 474 2641; x_wconf 68' lang='grc' dir='ltr'>ἄηθες.</span> <span class='ocrx_word' id='word_1_723' title='bbox 494 2606 587 2634; x_wconf 68' lang='grc' dir='ltr'>νιςειι.</span> 
     </span>
    </p>
   </div>
   <div class='ocr_carea' id='block_1_103' title="bbox 68 2640 812 2678">
    <p class='ocr_par' dir='ltr' id='par_1_103' title="bbox 68 2640 812 2678">
     <span class='ocr_line' id='line_1_103' title="bbox 68 2640 812 2678; baseline 0.004 -11"><span class='ocrx_word' id='word_1_724' title='bbox 68 2640 229 2678; x_wconf 25' lang='grc' dir='ltr'><strong>48)-ῌΦύσει</strong></span> <span class='ocrx_word' id='word_1_725' title='bbox 256 2640 312 2678; x_wconf 55' lang='grc' dir='ltr'>γὸίρ</span> <span class='ocrx_word' id='word_1_726' title='bbox 334 2640 444 2678; x_wconf 50' lang='lat' dir='ltr'><strong>ﬁgitur}.</strong></span> <span class='ocrx_word' id='word_1_727' title='bbox 471 2641 603 2670; x_wconf 60' lang='lat' dir='ltr'><strong>Praeclare</strong></span> <span class='ocrx_word' id='word_1_728' title='bbox 628 2642 733 2670; x_wconf 86' lang='lat' dir='ltr'><strong>Tullius</strong></span> <span class='ocrx_word' id='word_1_729' title='bbox 764 2652 812 2678; x_wconf 87' lang='lat' dir='ltr'><strong>pro</strong></span> 
     </span>
    </p>
   </div>
   <div class='ocr_carea' id='block_1_104' title="bbox 8 2675 813 2710">
    <p class='ocr_par' dir='ltr' id='par_1_104' title="bbox 8 2675 813 2710">
     <span class='ocr_line' id='line_1_104' title="bbox 8 2675 813 2710; baseline 0.001 -6"><span class='ocrx_word' id='word_1_730' title='bbox 8 2675 169 2707; x_wconf 66' lang='lat' dir='ltr'><strong>Alrircello,</strong></span> <span class='ocrx_word' id='word_1_731' title='bbox 191 2680 257 2703; x_wconf 85' lang='lat' dir='ltr'><strong>sect.</strong></span> <span class='ocrx_word' id='word_1_732' title='bbox 283 2676 298 2701; x_wconf 87' lang='lat'><strong>7</strong></span> <span class='ocrx_word' id='word_1_733' title='bbox 321 2685 328 2703; x_wconf 93' lang='lat'>:</span> <span class='ocrx_word' id='word_1_734' title='bbox 353 2675 497 2710; x_wconf 86' lang='lat' dir='ltr'><strong>Nunquam</strong></span> <span class='ocrx_word' id='word_1_735' title='bbox 524 2678 657 2705; x_wconf 73' lang='lat' dir='ltr'><strong>lenneritas</strong></span> <span class='ocrx_word' id='word_1_736' title='bbox 682 2687 740 2704; x_wconf 88' lang='lat' dir='ltr'><strong>cum</strong></span> <span class='ocrx_word' id='word_1_737' title='bbox 764 2675 813 2705; x_wconf 75' lang='grc' dir='ltr'>’δα-</span> 
     </span>
    </p>
   </div>
   <div class='ocr_carea' id='block_1_105' title="bbox 8 2710 813 2771">
    <p class='ocr_par' dir='ltr' id='par_1_105' title="bbox 8 2710 813 2771">
     <span class='ocr_line' id='line_1_105' title="bbox 8 2710 813 2771; baseline 0.002 -33"><span class='ocrx_word' id='word_1_738' title='bbox 8 2712 123 2771; x_wconf 60' lang='grc' dir='ltr'>ρίειιιῖα</span> <span class='ocrx_word' id='word_1_739' title='bbox 139 2710 332 2742; x_wconf 73' lang='lat' dir='ltr'><strong>commiscetur,</strong></span> <span class='ocrx_word' id='word_1_740' title='bbox 348 2719 393 2738; x_wconf 83' lang='lat' dir='ltr'><strong>nec</strong></span> <span class='ocrx_word' id='word_1_741' title='bbox 406 2713 440 2738; x_wconf 86' lang='lat' dir='ltr'><strong>ad</strong></span> <span class='ocrx_word' id='word_1_742' title='bbox 453 2713 591 2740; x_wconf 80' lang='lat' dir='ltr'><strong>consilium</strong></span> <span class='ocrx_word' id='word_1_743' title='bbox 605 2721 682 2741; x_wconf 77' lang='lat' dir='ltr'><strong>casus</strong></span> <span class='ocrx_word' id='word_1_744' title='bbox 695 2714 813 2740; x_wconf 79' lang='lat' dir='ltr'><strong>adntitti-</strong></span> 
     </span>
     <span class='ocr_line' id='line_1_106' title="bbox 8 2753 132 2771; baseline 0 0"><span class='ocrx_word' id='word_1_745' title='bbox 8 2754 73 2771; x_wconf 77' lang='lat' dir='ltr'><strong>rur.</strong></span> <span class='ocrx_word' id='word_1_746' title='bbox 105 2753 132 2771; x_wconf 79' lang='grc' dir='ltr'>ο.</span> 
     </span>
    </p>
   </div>
   <div class='ocr_carea' id='block_1_106' title="bbox 8 2753 132 2774">
    <p class='ocr_par' dir='ltr' id='par_1_106' title="bbox 8 2753 132 2774">
     <span class='ocr_line' id='line_1_107' title="bbox 8 2753 132 2774; baseline -0.008 0"><span class='ocrx_word' id='word_1_747' title='bbox 8 2754 73 2774; x_wconf 78' lang='lat' dir='ltr'><strong>tur.</strong></span> <span class='ocrx_word' id='word_1_748' title='bbox 94 2753 132 2773; x_wconf 80' lang='lat' dir='ltr'><strong>ID.</strong></span> 
     </span>
    </p>
   </div>
   <div class='ocr_carea' id='block_1_107' title="bbox 53 2780 814 2816">
    <p class='ocr_par' dir='ltr' id='par_1_107' title="bbox 53 2780 814 2816">
     <span class='ocr_line' id='line_1_108' title="bbox 53 2780 814 2816; baseline 0.005 -8"><span class='ocrx_word' id='word_1_749' title='bbox 53 2781 115 2816; x_wconf 74' lang='grc'>(49)</span> <span class='ocrx_word' id='word_1_750' title='bbox 149 2780 208 2815; x_wconf 80' lang='grc' dir='ltr'><strong>Τὴν</strong></span> <span class='ocrx_word' id='word_1_751' title='bbox 234 2782 341 2816; x_wconf 76' lang='grc' dir='ltr'>τύχην.</span> <span class='ocrx_word' id='word_1_752' title='bbox 367 2781 503 2811; x_wconf 83' lang='lat' dir='ltr'><strong>Hactenus</strong></span> <span class='ocrx_word' id='word_1_753' title='bbox 533 2785 614 2813; x_wconf 77' lang='lat' dir='ltr'><strong>verba</strong></span> <span class='ocrx_word' id='word_1_754' title='bbox 646 2784 814 2813; x_wconf 80' lang='lat' dir='ltr'><strong>Democriti:</strong></span> 
     </span>
    </p>
   </div>
   <div class='ocr_carea' id='block_1_108' title="bbox 8 2818 538 2854">
    <p class='ocr_par' dir='ltr' id='par_1_108' title="bbox 8 2818 538 2854">
     <span class='ocr_line' id='line_1_109' title="bbox 8 2818 538 2854; baseline 0.008 -12"><span class='ocrx_word' id='word_1_755' title='bbox 8 2825 81 2854; x_wconf 55' lang='lat' dir='ltr'><strong>quur:</strong></span> <span class='ocrx_word' id='word_1_756' title='bbox 90 2821 258 2854; x_wconf 32' lang='lat' dir='ltr'><strong>Asequ‘untur</strong></span> <span class='ocrx_word' id='word_1_757' title='bbox 272 2818 396 2854; x_wconf 49' lang='lat' dir='ltr'><strong>Dionysii</strong></span> <span class='ocrx_word' id='word_1_758' title='bbox 405 2823 482 2854; x_wconf 89' lang='lat' dir='ltr'><strong>sunt.</strong></span> <span class='ocrx_word' id='word_1_759' title='bbox 500 2819 538 2847; x_wconf 69' lang='lat' dir='ltr'><strong>In,</strong></span> 
     </span>
    </p>
   </div>
   <div class='ocr_carea' id='block_1_109' title="bbox 52 2851 456 2888">
    <p class='ocr_par' dir='ltr' id='par_1_109' title="bbox 52 2851 456 2888">
     <span class='ocr_line' id='line_1_110' title="bbox 52 2851 456 2888; baseline -0.002 -9"><span class='ocrx_word' id='word_1_760' title='bbox 52 2851 114 2886; x_wconf 66' lang='lat'><strong>(50)</strong></span> <span class='ocrx_word' id='word_1_761' title='bbox 141 2851 209 2880; x_wconf 74' lang='grc' dir='ltr'><strong>Ἡδὺ</strong></span> <span class='ocrx_word' id='word_1_762' title='bbox 224 2851 268 2878; x_wconf 69' lang='grc' dir='ltr'><strong>ὃν.</strong></span> <span class='ocrx_word' id='word_1_763' title='bbox 288 2851 367 2880; x_wconf 72' lang='lat' dir='ltr'><strong>Forte</strong></span> <span class='ocrx_word' id='word_1_764' title='bbox 383 2853 456 2888; x_wconf 69' lang='grc' dir='ltr'>ἦδιοι-</span> 
     </span>
    </p>
   </div>
   <div class='ocr_carea' id='block_1_110' title="bbox 869 2248 1655 2284">
    <p class='ocr_par' dir='ltr' id='par_1_110' title="bbox 869 2248 1655 2284">
     <span class='ocr_line' id='line_1_111' title="bbox 869 2248 1655 2284; baseline -0.001 -7"><span class='ocrx_word' id='word_1_765' title='bbox 869 2249 969 2284; x_wconf 87' lang='lat' dir='ltr'><strong>quibus</strong></span> <span class='ocrx_word' id='word_1_766' title='bbox 991 2249 1100 2277; x_wconf 88' lang='lat' dir='ltr'><strong>tandem</strong></span> <span class='ocrx_word' id='word_1_767' title='bbox 1125 2248 1276 2276; x_wconf 85' lang='lat' dir='ltr'><strong>rationibus</strong></span> <span class='ocrx_word' id='word_1_768' title='bbox 1297 2253 1327 2276; x_wconf 91' lang='lat' dir='ltr'><strong>ut</strong></span> <span class='ocrx_word' id='word_1_769' title='bbox 1340 2248 1407 2276; x_wconf 92' lang='lat' dir='ltr'><strong>deos</strong></span> <span class='ocrx_word' id='word_1_770' title='bbox 1421 2256 1483 2276; x_wconf 83' lang='lat' dir='ltr'><strong>esse</strong></span> <span class='ocrx_word' id='word_1_771' title='bbox 1499 2253 1594 2283; x_wconf 88' lang='lat' dir='ltr'><strong>putent</strong></span> <span class='ocrx_word' id='word_1_772' title='bbox 1608 2249 1655 2276; x_wconf 86' lang='lat' dir='ltr'><strong>ad-</strong></span> 
     </span>
    </p>
   </div>
   <div class='ocr_carea' id='block_1_111' title="bbox 869 2294 1656 2331">
    <p class='ocr_par' dir='ltr' id='par_1_111' title="bbox 869 2294 1656 2331">
     <span class='ocr_line' id='line_1_112' title="bbox 869 2294 1656 2331; baseline -0.004 -7"><span class='ocrx_word' id='word_1_773' title='bbox 869 2297 1023 2329; x_wconf 86' lang='lat' dir='ltr'><strong>ducuntur;</strong></span> <span class='ocrx_word' id='word_1_774' title='bbox 1039 2303 1109 2331; x_wconf 90' lang='lat' dir='ltr'><strong>quos</strong></span> <span class='ocrx_word' id='word_1_775' title='bbox 1127 2303 1178 2323; x_wconf 88' lang='lat' dir='ltr'><strong>nec</strong></span> <span class='ocrx_word' id='word_1_776' title='bbox 1194 2298 1343 2330; x_wconf 76' lang='lat' dir='ltr'><strong>praesentes</strong></span> <span class='ocrx_word' id='word_1_777' title='bbox 1365 2294 1485 2327; x_wconf 86' lang='lat' dir='ltr'><strong>videant,</strong></span> <span class='ocrx_word' id='word_1_778' title='bbox 1498 2302 1548 2322; x_wconf 92' lang='lat' dir='ltr'><strong>nec</strong></span> <span class='ocrx_word' id='word_1_779' title='bbox 1563 2303 1656 2322; x_wconf 89' lang='lat' dir='ltr'><strong>rerum</strong></span> 
     </span>
    </p>
   </div>
   <div class='ocr_carea' id='block_1_112' title="bbox 868 2339 1655 2378">
    <p class='ocr_par' dir='ltr' id='par_1_112' title="bbox 868 2339 1655 2378">
     <span class='ocr_line' id='line_1_113' title="bbox 868 2339 1655 2378; baseline -0.004 -8"><span class='ocrx_word' id='word_1_780' title='bbox 868 2342 1017 2378; x_wconf 87' lang='lat' dir='ltr'><strong>quidquam</strong></span> <span class='ocrx_word' id='word_1_781' title='bbox 1031 2341 1175 2369; x_wconf 88' lang='lat' dir='ltr'><strong>molientes</strong></span> <span class='ocrx_word' id='word_1_782' title='bbox 1193 2339 1278 2376; x_wconf 89' lang='lat' dir='ltr'><strong>(quod</strong></span> <span class='ocrx_word' id='word_1_783' title='bbox 1299 2340 1385 2368; x_wconf 89' lang='lat' dir='ltr'><strong>secuti</strong></span> <span class='ocrx_word' id='word_1_784' title='bbox 1405 2340 1499 2368; x_wconf 88' lang='lat' dir='ltr'><strong>saltem</strong></span> <span class='ocrx_word' id='word_1_785' title='bbox 1518 2341 1655 2375; x_wconf 88' lang='lat' dir='ltr'><strong>videntur,</strong></span> 
     </span>
    </p>
   </div>
   <div class='ocr_carea' id='block_1_113' title="bbox 868 2386 1655 2423">
    <p class='ocr_par' dir='ltr' id='par_1_113' title="bbox 868 2386 1655 2423">
     <span class='ocr_line' id='line_1_114' title="bbox 868 2386 1655 2423; baseline 0 -8"><span class='ocrx_word' id='word_1_786' title='bbox 868 2389 914 2423; x_wconf 92' lang='lat' dir='ltr'><strong>qui</strong></span> <span class='ocrx_word' id='word_1_787' title='bbox 926 2389 1023 2422; x_wconf 89' lang='lat' dir='ltr'><strong>solem,</strong></span> <span class='ocrx_word' id='word_1_788' title='bbox 1042 2388 1135 2416; x_wconf 87' lang='lat' dir='ltr'><strong>lunam</strong></span> <span class='ocrx_word' id='word_1_789' title='bbox 1161 2395 1194 2415; x_wconf 89' lang='lat' dir='ltr'><strong>ac</strong></span> <span class='ocrx_word' id='word_1_790' title='bbox 1214 2387 1306 2416; x_wconf 85' lang='lat' dir='ltr'><strong>stellas</strong></span> <span class='ocrx_word' id='word_1_791' title='bbox 1329 2386 1466 2421; x_wconf 87' lang='lat' dir='ltr'><strong>admirati,</strong></span> <span class='ocrx_word' id='word_1_792' title='bbox 1491 2386 1579 2419; x_wconf 83' lang='grc' dir='ltr'>θεούς,</span> <span class='ocrx_word' id='word_1_793' title='bbox 1603 2387 1655 2415; x_wconf 87' lang='lat' dir='ltr'><strong>hoc</strong></span> 
     </span>
    </p>
   </div>
   <div class='ocr_carea' id='block_1_114' title="bbox 868 2433 1655 2468">
    <p class='ocr_par' dir='ltr' id='par_1_114' title="bbox 868 2433 1655 2468">
     <span class='ocr_line' id='line_1_115' title="bbox 868 2433 1655 2468; baseline -0.001 -5"><span class='ocrx_word' id='word_1_794' title='bbox 868 2440 909 2463; x_wconf 87' lang='lat' dir='ltr'><strong>est</strong></span> <span class='ocrx_word' id='word_1_795' title='bbox 933 2436 1005 2468; x_wconf 79' lang='lat' dir='ltr'><strong>deos,</strong></span> <span class='ocrx_word' id='word_1_796' title='bbox 1021 2436 1065 2463; x_wconf 82' lang='grc' dir='ltr'>διὰ</span> <span class='ocrx_word' id='word_1_797' title='bbox 1081 2436 1114 2463; x_wconf 86' lang='grc' dir='ltr'><strong>τὺ</strong></span> <span class='ocrx_word' id='word_1_798' title='bbox 1139 2433 1229 2468; x_wconf 56' lang='lat' dir='ltr'><strong>(idem,</strong></span> <span class='ocrx_word' id='word_1_799' title='bbox 1248 2434 1275 2462; x_wconf 90' lang='lat' dir='ltr'><strong>id</strong></span> <span class='ocrx_word' id='word_1_800' title='bbox 1291 2439 1343 2468; x_wconf 88' lang='lat' dir='ltr'><strong>est,</strong></span> <span class='ocrx_word' id='word_1_801' title='bbox 1358 2442 1372 2462; x_wconf 85' lang='lat' dir='ltr'><strong>a</strong></span> <span class='ocrx_word' id='word_1_802' title='bbox 1387 2435 1524 2462; x_wconf 89' lang='lat' dir='ltr'><strong>currendo</strong></span> <span class='ocrx_word' id='word_1_803' title='bbox 1543 2438 1655 2462; x_wconf 82' lang='lat' dir='ltr'><strong>vocatos</strong></span> 
     </span>
    </p>
   </div>
   <div class='ocr_carea' id='block_1_115' title="bbox 868 2481 1653 2519">
    <p class='ocr_par' dir='ltr' id='par_1_115' title="bbox 868 2481 1653 2519">
     <span class='ocr_line' id='line_1_116' title="bbox 868 2481 1653 2519; baseline -0.003 -10"><span class='ocrx_word' id='word_1_804' title='bbox 868 2490 928 2510; x_wconf 84' lang='lat' dir='ltr'><strong>esse</strong></span> <span class='ocrx_word' id='word_1_805' title='bbox 955 2482 1106 2519; x_wconf 80' lang='lat' dir='ltr'><strong>dixerunt),</strong></span> <span class='ocrx_word' id='word_1_806' title='bbox 1124 2490 1174 2511; x_wconf 90' lang='lat' dir='ltr'><strong>nee</strong></span> <span class='ocrx_word' id='word_1_807' title='bbox 1199 2481 1255 2510; x_wconf 92' lang='lat' dir='ltr'><strong>ullo</strong></span> <span class='ocrx_word' id='word_1_808' title='bbox 1279 2489 1392 2516; x_wconf 86' lang='lat' dir='ltr'><strong>prorsus</strong></span> <span class='ocrx_word' id='word_1_809' title='bbox 1414 2481 1442 2508; x_wconf 92' lang='lat' dir='ltr'><strong>in</strong></span> <span class='ocrx_word' id='word_1_810' title='bbox 1467 2488 1580 2516; x_wconf 89' lang='lat' dir='ltr'><strong>operum</strong></span> <span class='ocrx_word' id='word_1_811' title='bbox 1605 2485 1653 2508; x_wconf 86' lang='lat' dir='ltr'><strong>aut</strong></span> 
     </span>
    </p>
   </div>
   <div class='ocr_carea' id='block_1_116' title="bbox 869 2528 1654 2564">
    <p class='ocr_par' dir='ltr' id='par_1_116' title="bbox 869 2528 1654 2564">
     <span class='ocr_line' id='line_1_117' title="bbox 869 2528 1654 2564; baseline -0.001 -8"><span class='ocrx_word' id='word_1_812' title='bbox 869 2529 1039 2557; x_wconf 80' lang='lat' dir='ltr'><strong>functionum</strong></span> <span class='ocrx_word' id='word_1_813' title='bbox 1059 2537 1159 2564; x_wconf 76' lang='lat' dir='ltr'><strong>genere</strong></span> <span class='ocrx_word' id='word_1_814' title='bbox 1180 2529 1280 2557; x_wconf 81' lang='lat' dir='ltr'><strong>versari</strong></span> <span class='ocrx_word' id='word_1_815' title='bbox 1306 2529 1429 2561; x_wconf 87' lang='lat' dir='ltr'><strong>credant,</strong></span> <span class='ocrx_word' id='word_1_816' title='bbox 1444 2534 1474 2556; x_wconf 88' lang='lat' dir='ltr'><strong>ut</strong></span> <span class='ocrx_word' id='word_1_817' title='bbox 1490 2537 1538 2557; x_wconf 86' lang='lat' dir='ltr'><strong>eos</strong></span> <span class='ocrx_word' id='word_1_818' title='bbox 1557 2529 1589 2555; x_wconf 78' lang='grc' dir='ltr'>ὲκ</span> <span class='ocrx_word' id='word_1_819' title='bbox 1607 2528 1654 2556; x_wconf 74' lang='grc' dir='ltr'><strong>τοῦ</strong></span> 
     </span>
    </p>
   </div>
   <div class='ocr_carea' id='block_1_117' title="bbox 903 2608 1654 2644">
    <p class='ocr_par' dir='ltr' id='par_1_117' title="bbox 903 2608 1654 2644">
     <span class='ocr_line' id='line_1_118' title="bbox 903 2608 1654 2644; baseline 0.001 -8"><span class='ocrx_word' id='word_1_820' title='bbox 903 2608 960 2644; x_wconf 75' lang='lat' dir='ltr'><strong>(Si)</strong></span> <span class='ocrx_word' id='word_1_821' title='bbox 979 2608 1116 2644; x_wconf 66' lang='grc' dir='ltr'>Δωτῆρας</span> <span class='ocrx_word' id='word_1_822' title='bbox 1130 2609 1217 2636; x_wconf 77' lang='grc' dir='ltr'><strong>ἑάων.</strong></span> <span class='ocrx_word' id='word_1_823' title='bbox 1227 2609 1361 2637; x_wconf 86' lang='lat' dir='ltr'><strong>Homerus</strong></span> <span class='ocrx_word' id='word_1_824' title='bbox 1374 2609 1470 2644; x_wconf 74' lang='lat' dir='ltr'><strong>Odyss.</strong></span> <span class='ocrx_word' id='word_1_825' title='bbox 1485 2608 1506 2635; x_wconf 86' lang='grc' dir='ltr'>Θ</span> <span class='ocrx_word' id='word_1_826' title='bbox 1517 2630 1524 2642; x_wconf 87' lang='grc'><strong>,</strong></span> <span class='ocrx_word' id='word_1_827' title='bbox 1540 2617 1566 2636; x_wconf 91' lang='lat' dir='ltr'><strong>v.</strong></span> <span class='ocrx_word' id='word_1_828' title='bbox 1583 2609 1654 2637; x_wconf 72' lang='lat'><strong>525:</strong></span> 
     </span>
    </p>
   </div>
   <div class='ocr_carea' id='block_1_118' title="bbox 867 2643 1611 2706">
    <p class='ocr_par' dir='ltr' id='par_1_118' title="bbox 867 2643 1611 2706">
     <span class='ocr_line' id='line_1_119' title="bbox 867 2643 1611 2706; baseline 0.001 -36"><span class='ocrx_word' id='word_1_829' title='bbox 867 2679 888 2706; x_wconf 75' lang='grc' dir='ltr'>Ε</span> <span class='ocrx_word' id='word_1_830' title='bbox 905 2643 1016 2706; x_wconf 59' lang='grc' dir='ltr'><strong>Ἕσέἕῖ</strong></span> <span class='ocrx_word' id='word_1_831' title='bbox 1029 2643 1055 2670; x_wconf 82' lang='grc' dir='ltr'>δ’</span> <span class='ocrx_word' id='word_1_832' title='bbox 1068 2644 1102 2670; x_wconf 82' lang='grc' dir='ltr'><strong>ὲν</strong></span> <span class='ocrx_word' id='word_1_833' title='bbox 1115 2645 1288 2679; x_wconf 80' lang='grc' dir='ltr'>προθύροισι</span> <span class='ocrx_word' id='word_1_834' title='bbox 1305 2645 1365 2672; x_wconf 77' lang='grc' dir='ltr'>θεοὶ</span> <span class='ocrx_word' id='word_1_835' title='bbox 1380 2643 1510 2679; x_wconf 76' lang='grc' dir='ltr'>δωτῆρες</span> <span class='ocrx_word' id='word_1_836' title='bbox 1523 2644 1611 2672; x_wconf 74' lang='grc' dir='ltr'><strong>ἐάων.</strong></span> 
     </span>
     <span class='ocr_line' id='line_1_120' title="bbox 891 2687 1031 2706; baseline 0 0"><span class='ocrx_word' id='word_1_837' title='bbox 891 2687 900 2706; x_wconf 93' lang='grc' dir='ltr'><strong>ι</strong></span> <span class='ocrx_word' id='word_1_838' title='bbox 917 2688 942 2706; x_wconf 88' lang='lat' dir='ltr'><strong>v.</strong></span> <span class='ocrx_word' id='word_1_839' title='bbox 993 2689 1009 2706; x_wconf 78' lang='grc' dir='ltr'>ί)</span> <span class='ocrx_word' id='word_1_840' title='bbox 1025 2688 1031 2706; x_wconf 94' lang='lat'>:</span> 
     </span>
    </p>
   </div>
   <div class='ocr_carea' id='block_1_119' title="bbox 891 2687 1031 2707">
    <p class='ocr_par' dir='ltr' id='par_1_119' title="bbox 891 2687 1031 2707">
     <span class='ocr_line' id='line_1_121' title="bbox 891 2687 1031 2707; baseline -0.007 0"><span class='ocrx_word' id='word_1_841' title='bbox 891 2687 942 2707; x_wconf 75' lang='grc' dir='ltr'>ιν.</span> <span class='ocrx_word' id='word_1_842' title='bbox 958 2687 1031 2706; x_wconf 72' lang='lat'><strong>000:</strong></span> 
     </span>
    </p>
   </div>
   <div class='ocr_carea' id='block_1_120' title="bbox 908 2714 1582 2749">
    <p class='ocr_par' dir='ltr' id='par_1_120' title="bbox 908 2714 1582 2749">
     <span class='ocr_line' id='line_1_122' title="bbox 908 2714 1582 2749; baseline 0 -7"><span class='ocrx_word' id='word_1_843' title='bbox 908 2714 1026 2749; x_wconf 79' lang='grc' dir='ltr'>Ἑρμεία</span> <span class='ocrx_word' id='word_1_844' title='bbox 1038 2734 1044 2745; x_wconf 91' lang='lat'><strong>,</strong></span> <span class='ocrx_word' id='word_1_845' title='bbox 1060 2715 1125 2747; x_wconf 70' lang='grc' dir='ltr'>Διὸς</span> <span class='ocrx_word' id='word_1_846' title='bbox 1142 2714 1188 2742; x_wconf 74' lang='grc' dir='ltr'><strong>υἱὲ</strong></span> <span class='ocrx_word' id='word_1_847' title='bbox 1200 2736 1207 2749; x_wconf 89' lang='grc'><strong>,</strong></span> <span class='ocrx_word' id='word_1_848' title='bbox 1223 2715 1358 2749; x_wconf 80' lang='grc' dir='ltr'>διάκτορε</span> <span class='ocrx_word' id='word_1_849' title='bbox 1368 2736 1375 2747; x_wconf 83' lang='grc'><strong>,</strong></span> <span class='ocrx_word' id='word_1_850' title='bbox 1389 2714 1481 2749; x_wconf 81' lang='grc' dir='ltr'>δῶτορ</span> <span class='ocrx_word' id='word_1_851' title='bbox 1496 2714 1582 2742; x_wconf 70' lang='grc' dir='ltr'><strong>ἐάων.</strong></span> 
     </span>
    </p>
   </div>
   <div class='ocr_carea' id='block_1_121' title="bbox 904 2749 1654 2786">
    <p class='ocr_par' dir='ltr' id='par_1_121' title="bbox 904 2749 1654 2786">
     <span class='ocr_line' id='line_1_123' title="bbox 904 2749 1654 2786; baseline 0.001 -9"><span class='ocrx_word' id='word_1_852' title='bbox 904 2750 958 2786; x_wconf 74' lang='lat'><strong>(5‘2)</strong></span> <span class='ocrx_word' id='word_1_853' title='bbox 986 2749 1153 2784; x_wconf 82' lang='grc' dir='ltr'>Ἀδώρητοι.</span> <span class='ocrx_word' id='word_1_854' title='bbox 1170 2749 1197 2778; x_wconf 78' lang='lat' dir='ltr'><strong>h&#39;l</strong></span> <span class='ocrx_word' id='word_1_855' title='bbox 1215 2756 1265 2785; x_wconf 88' lang='lat' dir='ltr'><strong>est,</strong></span> <span class='ocrx_word' id='word_1_856' title='bbox 1284 2751 1419 2777; x_wconf 82' lang='lat' dir='ltr'><strong>nullorum</strong></span> <span class='ocrx_word' id='word_1_857' title='bbox 1437 2757 1555 2778; x_wconf 70' lang='lat' dir='ltr'><strong>auctores</strong></span> <span class='ocrx_word' id='word_1_858' title='bbox 1571 2753 1654 2778; x_wconf 79' lang='lat' dir='ltr'><strong>dono-</strong></span> 
     </span>
    </p>
   </div>
   <div class='ocr_carea' id='block_1_122' title="bbox 868 2785 1654 2824">
    <p class='ocr_par' dir='ltr' id='par_1_122' title="bbox 868 2785 1654 2824">
     <span class='ocr_line' id='line_1_124' title="bbox 868 2785 1654 2824; baseline 0 -12"><span class='ocrx_word' id='word_1_859' title='bbox 868 2794 925 2812; x_wconf 86' lang='lat' dir='ltr'><strong>rum</strong></span> <span class='ocrx_word' id='word_1_860' title='bbox 937 2806 945 2819; x_wconf 90' lang='lat'><strong>,</strong></span> <span class='ocrx_word' id='word_1_861' title='bbox 970 2786 1023 2812; x_wconf 87' lang='lat' dir='ltr'><strong>hoc</strong></span> <span class='ocrx_word' id='word_1_862' title='bbox 1043 2785 1153 2824; x_wconf 72' lang='lat' dir='ltr'><strong>quidem</strong></span> <span class='ocrx_word' id='word_1_863' title='bbox 1179 2787 1255 2820; x_wconf 86' lang='lat' dir='ltr'><strong>loco,</strong></span> <span class='ocrx_word' id='word_1_864' title='bbox 1273 2786 1318 2814; x_wconf 85' lang='lat' dir='ltr'><strong>ubi</strong></span> <span class='ocrx_word' id='word_1_865' title='bbox 1336 2786 1457 2821; x_wconf 81' lang='grc' dir='ltr'>δωτῆρες</span> <span class='ocrx_word' id='word_1_866' title='bbox 1477 2791 1503 2814; x_wconf 82' lang='lat' dir='ltr'><strong>et</strong></span> <span class='ocrx_word' id='word_1_867' title='bbox 1522 2786 1654 2824; x_wconf 76' lang='grc' dir='ltr'>ἀδώρητοι</span> 
     </span>
    </p>
   </div>
   <div class='ocr_carea' id='block_1_123' title="bbox 867 2819 1105 2856">
    <p class='ocr_par' dir='ltr' id='par_1_123' title="bbox 867 2819 1105 2856">
     <span class='ocr_line' id='line_1_125' title="bbox 867 2819 1105 2856; baseline -0.004 -8"><span class='ocrx_word' id='word_1_868' title='bbox 867 2819 1058 2856; x_wconf 50' lang='lat' dir='ltr'><strong>opponuntur.</strong></span> <span class='ocrx_word' id='word_1_869' title='bbox 1068 2819 1105 2847; x_wconf 79' lang='grc' dir='ltr'><strong>ιο.</strong></span> 
     </span>
    </p>
   </div>
  </div>
