1844 3047
25 139 34 147 .
51 114 127 153 126‘s

568 131 613 159 EX
632 133 743 161 LIBRIS
763 134 945 164 ADVERSUS
965 137 1166 166 SABELLIUM.

1609 145 1674 172 1270

81 198 106 249 li
127 201 214 228 sacris
229 201 373 230 Parallelis
389 203 418 231 S.
437 204 549 232 Joannis
563 206 720 236 Damascem'
742 209 968 245 Rupefucaldinis.
986 211 1052 247 Opp.
1070 218 1132 240 tom.
1147 213 1179 245 ll,
1197 222 1256 249 pag.
1271 214 1321 242 752
1336 215 1366 242 C.
1381 216 1444 243 edit.
1464 217 1550 245 Paris.
1566 218 1645 246 1712.

47 246 106 272 Τοῦ
135 248 214 283 ἁγίου
231 251 368 278 Διονυσίου
395 252 595 289 Ἀλεξανδρείας
617 257 687 290 Περὶ
708 258 837 292 φύσεως.

85 294 146 329 υύχ
166 295 259 329 ἁπλῶς
283 297 336 324 τῶν
361 299 495 334 μεριστῶν
517 300 562 327 τοῦ
588 303 701 338 κόσμου,
721 304 767 331 καὶ
785 305 839 332 τῶν

45 339 97 366 ὑπ’
114 341 207 374 αὐτὸν,
221 343 330 370 καὶ-τοῦ
347 344 462 380 ἀριθμοῦ
484 347 529 373 τοῦ
545 348 656 381 αίῶνος’
678 349 745 376 ἀλλὰ
769 351 837 378 πάν-

853 263 877 290 Α

1011 261 1039 288 S.
1057 261 1178 297 Dionysii
1196 262 1369 290 Alexandrini
1384 263 1420 290 De
1436 269 1545 292 natura.

928 305 985 333 Non
1002 306 1083 334 modo
1107 315 1199 335 earum
1222 309 1296 336 orbis
1319 317 1410 336 rerum
1428 318 1488 345 qum
1501 306 1669 344 dividuntur,

890 356 918 379 et
932 360 1025 379 earum
1045 360 1106 387 qua:
1131 354 1182 381 sub
1207 354 1265 388 ipso
1292 360 1365 387 sunt,
1391 355 1538 390 quinetiam
1563 358 1667 384 numeri

44 395 103 414 των
119 388 168 415 καὶ
184 389 238 417 τῶν
258 390 407 426 ἐλαχίστων
429 392 551 429 ἄπειρος,
574 394 714 428 ἀτέλεστος
738 396 792 423 τῶν
807 397 826 423 ἐν

909 398 1048 425 :ternitatis
1060 407 1067 432 ;
1083 398 1130 426 sed
1146 403 1173 426 et
1187 399 1308 427 omnium
1321 408 1434 435 prorsus
1448 406 1528 436 atque
1542 402 1668 429 minima-

44 431 207 468 ἀνθρώποις
222 435 239 470 ἡ
255 435 365 469 γνῶσις.

889 450 950 470 rum
961 443 1052 471 nescia
1069 448 1120 477 est,
1137 452 1187 473 nec
1200 446 1317 480 erudita,
1334 447 1475 475 hominum
1485 448 1613 483 cognitio.

183 548 1650 564 Ἢ

807 629 900 672 [ΙΙ.

331 731 413 777 EX
447 733 642 778 LIBRIS
676 733 981 780 ADVERSUS
1016 735 1372 782 SABELLIUM.

563 828 671 859 (Euam,
688 830 800 861 Prcepar.
814 835 898 862 evang.
911 829 955 854 lib.
967 837 1008 861 vu,
1021 837 1074 862 cap.
1088 831 1138 863 t9.)

108 981 181 1015 Περὶ
197 981 250 1008 τοῦ
266 981 309 1015 μὴ
326 981 493 1016 ἀγέννητον
510 980 586 1010 εἶναι
598 981 655 1017 τὴν
668 983 756 1017 ὕλην.

71 1028 136 1054 Οὐδ’
161 1028 260 1054 ἐκεῖνοι
285 1027 339 1063 (59)
365 1028 414 1064 μὲν
437 1027 490 1063 γὰρ
510 1028 587 1062 ὅσιοι,
604 1030 628 1055 οἱ
644 1029 694 1064 τὴν
711 1029 776 1064 ὕλην
789 1029 826 1061 ὡς

33 1074 186 1109 ἀγέννητον
208 1074 361 1109 ὑποχείριον
383 1074 423 1106 εἰς
451 1065 629 1111 διακόσμησιν
654 1075 769 1107 διδόντες
788 1075 827 1110 τῷ

32 1119 95 1156 Θεῴ
107 1129 114 1135 ·
133 1120 256 1157 παθητὴν
270 1120 323 1157 γὰρ
338 1120 433 1157 αὐτὴν,
448 1121 496 1148 καὶ
510 1121 630 1157 τρεπτὴν
642 1122 824 1158 ὑπάρχουσαν,

30 1166 122 1193 εἴκειν
146 1168 207 1198 ταῖς
229 1166 395 1202 θεοποιήτοις
416 1166 584 1193 ἀλλοιώσεσι.
601 1167 656 1194 Καὶ
677 1167 758 1194 πόθεν
771 1167 825 1204 γὰρ

29 1212 154 1248 ὑπάρχει
168 1212 216 1238 καὶ
231 1211 269 1247 τῷ
283 1211 352 1247 Θεῷ,
361 1212 406 1238 καὶ
418 1213 450 1248 τῇ
469 1212 529 1249 ὕλῃ,
541 1213 571 1239 τό
588 1221 616 1240 τε
632 1213 722 1248 ὅμοιον
739 1213 825 1240 καὶτὸ

28 1259 171 1294 ἀνόμοιον,
194 1258 412 1293 διασαφήτωσαν.
448 1258 592 1294 Ἑκατέρου
620 1259 673 1295 γὰρ
702 1259 743 1286 δεῖ
765 1259 824 1286 τινὰ

27 1305 177 1340 ἐπινοῆσαι
198 1305 349 1340 κρείττονα,
371 1304 385 1331 ὃ
411 1304 478 1340 μηδὲ
498 1305 605 1340 θεμιτὸν
621 1306 745 1341 ἐννοῆσαι
760 1308 824 1342 περὶ

27 1350 78 1377 τοῦ
96 1350 176 1377 Θεοῦ.
190 1351 226 1377 Τό
239 1359 269 1377 τε
281 1351 334 1387 γὰρ
345 1351 503 1387 ἀγέννητον,
516 1351 606 1386 ὅμοιον
619 1352 648 1378 έν
658 1352 824 1388 ἀμφοτέροις

26 1397 190 1432 λεγόμενον,
208 1396 254 1423 καὶ
270 1396 362 1433 ἕτερον
378 1396 521 1432 νοούμενον
539 1397 603 1433 παρ’
621 1398 760 1433 ἑκάτερον,
774 1398 823 1425 πό-

25 1442 77 1469 θεν
93 1443 124 1469 ὲν
147 1439 237 1474 αὐτοῖς
253 1441 381 1476 ὲγένετο;
398 1442 429 1468 Εἰ
447 1442 496 1477 μὲν
511 1442 565 1477 γὰρ
589 1442 654 1469 αὐτὸ
677 1443 822 1479 ἁγέννητόν

25 1489 107 1515 ἐστιν
124 1489 139 1514 6
160 1488 236 1520 Θεὸς,
253 1488 300 1515 καὶ
321 1488 399 1515 οὐσία
420 1487 494 1515 ἐστὶν
519 1488 612 1520 αὑτοῦ,
634 1489 671 1520 ὡς
696 1488 728 1516 ἂν
751 1488 822 1515 εἴποι

23 1543 82 1567 τις,
102 1535 120 1569 ἡ
146 1533 301 1570 ἀγεννησία,
321 1535 370 1561 οὐκ
393 1533 425 1562 ἂν
442 1534 588 1569 ἀγέννητον
610 1534 653 1570 εἴη
670 1536 685 1570 ή
705 1534 752 1570 ὕλη
765 1543 773 1550 ·
791 1535 821 1562 οὐ

22 1581 84 1617 γὰρ
100 1581 197 1608 ταυτόν
213 1581 286 1609 ἐστιν
300 1581 316 1617 ἡ
335 1580 396 1617 ὕλη,
414 1581 486 1607 καὶὸ
504 1581 579 1613 Θεός.
598 1581 629 1607 ΕΞ
646 1581 675 1607 δὲ
692 1582 820 1617 ἑκάτερον

23 1627 82 1664 μὲν
107 1626 192 1659 ἔστιν,
206 1627 274 1662 ὅπερ
299 1627 371 1654 ἐστὶν
421 1627 470 1663 ὕλη
488 1627 534 1654 καὶ
550 1628 564 1654 ὁ
588 1627 664 1659 Θεὸς,
690 1627 820 1663 πρόσεστι

21 1673 53 1700 δὲ
73 1673 242 1708 ἀμφοτέροις
259 1673 289 1700 τὸ
303 1673 449 1709 ἀγέννητον
461 1682 467 1689 ·
489 1674 568 1709 δῆλον
584 1674 621 1706 ὡς
637 1674 728 1710 ἕτερόν
745 1675 820 1701 ἐστιν

21 1719 174 1756 ἑκατέρου,
192 1720 238 1747 καὶ
258 1720 419 1756 ἀμφοτέρων
436 1720 618 1757 πρεσϐύτερόν
633 1730 663 1748 τε
688 1721 734 1748 καὶ
751 1722 821 1748 ἀνω-

20 1768 111 1802 τέρω.
142 1766 337 1803 ’Δνατρεπτικὴ
363 1767 392 1794 δὲ
417 1768 567 1800 παντελῶς,
592 1768 639 1794 καὶ
663 1768 710 1796 τοῦ
735 1768 820 1795 ταῦτα

22 1812 223 1848 συνυπάρχειν,
240 1812 338 1848 μᾶλλον
354 1813 383 1840 δὲ
395 1813 474 1840 τοῦτο
486 1813 579 1850 ἕτερον
590 1814 679 1841 αὐτῶν
691 1814 739 1850 τὴν
753 1813 819 1850 ὓλην

20 1859 69 1892 ἐφ’
86 1858 188 1893 ἑαυτῆς
205 1858 347 1894 ὑπάρχειν,
365 1859 441 1894 καὶὴ
457 1859 506 1894 τῆς
520 1860 642 1892 ἐναντίας
661 1860 743 1892 ἕξεως
762 1860 819 1887 δια-

20 1903 109 1940 φορά.
128 1903 288 1932 Εὶπάτωσαν
302 1905 356 1941 γὰρ
371 1904 418 1940 τὴν
435 1905 534 1938 αἰτίαν,
552 1905 585 1932 δι’
607 1907 639 1942 ἢν
656 1906 818 1941 ἀμφοτέρων

18 1949 113 1976 ὄντων
135 1950 300 1985 ἀγεννήτων,
324 1952 339 1977 ὀ
362 1951 410 1986 μὲν
433 1951 498 1983 Θεὸς
523 1951 648 1987 ἀπαθὴς,
672 1953 816 1988 ἄτρεπτος,

18 1994 168 2030 ἀκίνητος,
186 1996 362 2031 ἐργαστικός·
385 1998 402 2032 ἡ
427 1997 466 2029 δὲ,
490 1997 524 2024 τὰ
550 1997 668 2030 ἐναντία,
696 1998 815 2034 παθητὴ,

18 2040 144 2076 τρεπτὴ,
160 2040 285 2073 ἄστατος,
302 2041 530 2077 μεταποιουμένη.
547 2042 602 2069 Καὶ
618 2042 675 2074 πῶς
691 2042 816 2078 ἥρμοσαν

18 2087 72 2113 καὶ
87 2086 270 2122 συνέδραμονς
287 2087 404 2123 Πότερον
419 2088 488 2114 κατὰ
509 2088 556 2123 τὴν
575 2088 625 2123 τῆς
649 2088 715 2124 ὕλης
736 2089 815 2124 φύσιν

16 2130 206 2165 ὲξοικειώσαξ
234 2133 328 2161 ἑαυτὸν
361 2134 542 2169 ἐτεχνίτευσεν
575 2134 660 2170 αὐτὴν
690 2137 704 2162 ὁ
730 2135 814 2168 Θεός,

25 2179 116 2206 Ἀλλὰ
135 2179 212 2206 τοῦτό
235 2187 267 2213 γε
293 2179 403 2212 ἄτοπον,
420 2180 520 2214 ὁμοίως
544 2180 696 2215 ἀνθρώποις
716 2190 814 2218 χρυσο-

15 2225 99 2261 χοεῖν
123 2224 171 2251 καὶ
190 2224 352 2261 λιθουργεῖν,
371 2226 420 2252 καὶ.
440 2226 509 2253 κατὰ
531 2226 580 2258 τὰς
602 2227 683 2259 ἄλλοις
706 2227 813 2262 τέχνας,

14 2270 91 2301 ὅσας
110 2271 138 2296 αἱ
162 2269 222 2297 ὗλαι
246 2271 413 2306 μορφοῦσθαι
433 2272 479 2298 καὶ
502 2272 651 2299 τυποῦσθαι
676 2273 813 2307 δύνανται,

842 987 864 1014 Β

833 1657 856 1687 C

1069 983 1211 1012 Materiam
1226 990 1285 1012 ortu
1305 993 1355 1012 non
1367 994 1465 1014 carere.

912 1030 1062 1065 lmpietatis
1085 1033 1168 1059 etiam
1190 1032 1256 1059 illud
1273 1037 1325 1066 est,
1349 1033 1421 1068 quod
1436 1033 1559 1069 plerique
1574 1039 1659 1062 mate-

877 1075 957 1108 riam,
979 1076 1058 1110 cujus
1077 1081 1167 1104 ortum
1189 1078 1294 1105 nullum
1315 1086 1375 1106 esse
1392 1079 1484 1113 velint,
1502 1080 1599 1108 divinae
1611 1089 1660 1116 po-

876 1122 967 1149 testati
990 1123 1165 1158 digerendam
1187 1124 1394 1159 ornandamque
1416 1126 1572 1160 subjiciam,
1590 1126 1655 1154 dum

876 1175 936 1194 eam
962 1173 1060 1195 natura
1074 1176 1125 1196 sua
1141 1169 1288 1204 patientem
1311 1175 1393 1206 atque
1410 1171 1590 1204 tractabilem,
1605 1172 1656 1199 im-

875 1220 983 1247 pressas
994 1213 1125 1242 divinitus
1143 1215 1308 1243 mutationes
1327 1216 1406 1243 facile
1427 1217 1519 1244 subire
1535 1217 1655 1244 tradunt.

875 1257 1145 1288 Enimverodoceant
1160 1260 1204 1287 isti
1219 1262 1266 1296 qui
1277 1261 1334 1288 iieri
1350 1262 1477 1296 potuerit,
1492 1267 1521 1289 ut
1533 1263 1558 1289 in
1570 1263 1655 1290 Deum

874 1308 956 1338 atque
970 1305 1111 1332 materiam
1127 1305 1277 1333 similitudo
1293 1307 1393 1340 pariter
1410 1314 1443 1334 ac
1462 1307 1656 1334 dissimilitudo

874 1351 992 1378 caderet.
1013 1349 1082 1377 Nam
1099 1350 1182 1380 alium
1208 1351 1353 1386 quemdam
1369 1350 1496 1386 'utroque
1521 1352 1657 1386 potentio-

873 1404 930 1424 rem
951 1396 1071 1432 cogitare
1086 1401 1144 1424 tum
1160 1400 1306 1431 oporteret,
1324 1397 1397 1430 quod
1424 1401 1513 1424 tamen
1544 1398 1577 1425 de
1599 1397 1655 1425 Deo

873 1442 917 1469 vel
937 1442 1081 1477 suspicari,
1105 1442 1194 1470 nefas.
1211 1441 1278 1469 Nam
1305 1447 1332 1470 et
1355 1443 1444 1478 ipsum
1462 1447 1524 1470 ortu
1549 1451 1653 1477 carere,

873 1488 945 1524 quod
969 1489 998 1516 in
1016 1492 1133 1523 utroque
1154 1488 1244 1515 simile
1266 1488 1376 1520 dicitur,
1394 1492 1422 1516 et
1437 1488 1551 1515 alterum
1576 1489 1652 1522 illud,

874 1535 947 1570 quod
964 1539 1060 1569 praeter
1077 1538 1222 1569 utrumque
1234 1534 1378 1569 cogitatur,
1395 1535 1532 1570 quomodo
1544 1535 1652 1562 tandem

872 1581 901 1609 in
917 1581 952 1608 iis
964 1580 1055 1608 locum
1070 1579 1222 1608 habuit?Si
1234 1580 1305 1607 enim
1319 1580 1385 1608 illud
1401 1581 1490 1616 ipsum
1504 1582 1576 1616 quod
1591 1586 1652 1610 ortu

873 1632 960 1662 caret,
975 1627 1046 1654 Deus
1061 1631 1115 1660 est,
1129 1627 1252 1662 ipsaque,
1269 1632 1298 1654 ut
1313 1627 1350 1654 ita
1361 1627 1460 1658 dicam,
1476 1632 1553 1655 ortus
1568 1635 1652 1663 nega-

872 1674 919 1706 tio,
935 1673 1026 1701 divina
1041 1674 1158 1701 essentia
1173 1677 1234 1707 est;
1249 1681 1302 1700 uon
1318 1673 1373 1708 jam
1387 1673 1457 1700 idem
1472 1674 1561 1708 ipsum
1577 1674 1650 1708 quod

870 1724 932 1748 ortu
951 1723 1034 1753 caret,
1053 1719 1166 1746 materia
1189 1718 1280 1752 fuerit,
1306 1727 1368 1746 cum
1390 1718 1462 1746 Deus
1488 1723 1515 1746 et
1537 1720 1652 1747 materia

870 1774 954 1793 unum
963 1766 1090 1800 idemque
1102 1773 1156 1792 non
1170 1765 1234 1792 sint.
1249 1764 1297 1792 Sin
1312 1769 1402 1792 autem
1417 1770 1562 1800 utrumque
1577 1766 1651 1793 dixe-

869 1812 934 1843 rint,
955 1811 982 1838 id
1007 1811 1116 1846 quidem
1138 1818 1199 1838 esse
1223 1810 1332 1846 propnie
1346 1811 1419 1846 quod
1440 1815 1491 1844 est,
1509 1812 1650 1839 materiam

868 1857 1005 1890 videlicet,
1029 1861 1109 1892 atque
1135 1856 1231 1889 Deum,
1261 1862 1337 1884 ortus
1362 1861 1453 1885 tamen
1480 1858 1650 1899 negationem

868 1904 1001 1931 ambobus
1011 1903 1157 1931 convenire
1170 1912 1176 1930 :
1188 1903 1333 1931 manifeste
1345 1904 1477 1938 sequitur,
1491 1905 1564 1932 aliud
1572 1905 1651 1940 quid-

867 1950 940 1986 piam
955 1953 1052 1984 prazter
1074 1954 1218 1984 utrumque
1243 1949 1409 1984 ponendum,
1425 1950 1497 1984 quod
1510 1951 1650 1986 antiquius

868 2002 901 2022 ac
926 1995 1054 2030 superius
1075 1999 1191 2030 utroque
1208 1995 1252 2022 sit.
1275 1995 1336 2023 Jam
1356 1996 1502 2031 quominus
1528 2004 1576 2031 per
1591 2004 1650 2025 sese

869 2040 951 2067 ambo
967 2040 1050 2067 simul
1077 2048 1137 2068 esse
1151 2041 1265 2076 possint,
1282 2042 1337 2069 imo
1352 2041 1499 2076 quotninus
1513 2049 1528 2069 e
1543 2042 1650 2070 duobus

867 2087 994 2119 alterunt,
1012 2087 1064 2114 hoc
1078 2092 1120 2114 est
1142 2087 1267 2120 materia,
1284 2095 1345 2115 csse
1363 2095 1411 2122 per
1423 2095 1484 2115 sese
1496 2093 1588 2122 queat,
1607 2089 1649 2115 vel

867 2133 926 2168 ipsa
948 2133 1063 2161 rationis
1094 2138 1121 2161 et
1142 2133 1307 2161 conditionis
1337 2134 1478 2168 utriusque
1505 2133 1649 2161 diversitas

866 2187 979 2214 prorsus
1012 2180 1152 2215 impediat.
1177 2181 1286 2216 Alioqui
1300 2187 1410 2207 causam
1434 2180 1471 2207 illi
1489 2188 1557 2208 sane
1584 2181 1650 2208 affe-

866 2231 937 2259 rant,
953 2227 1130 2262 quamobrem
1148 2235 1210 2254 cum
1236 2232 1298 2254 ortu
1324 2227 1405 2253 ambo
1426 2231 1547 2260 careant,
1575 2227 1647 2254 Deus

866 2273 974 2308 quidem
994 2281 1044 2300 nec
1069 2273 1125 2308 pati
1152 2273 1310 2307 quidquam,
1325 2280 1375 2300 nec
1390 2273 1501 2306 mutari,
1523 2281 1574 2301 nec
1590 2282 1647 2301 m0-

15 2317 218 2352 χειροκμητεῖν
242 2317 286 2345 τὸν
307 2317 382 2345 Θεόν.
401 2318 432 2344 El
455 2318 482 2344 δὲ
507 2318 564 2345 οἵαν
587 2319 666 2350 αὐτὸς
691 2319 814 2347 ἐϐούλετο

909 2320 924 2346 -ἰ
941 2319 1038 2354 possit,
1053 2319 1178 2353 idemque
1201 2318 1283 2346 simul
1305 2318 1438 2345 efﬁciendi
1452 2318 1507 2345 vim
1523 2319 1623 2346 habeat
1638 2329 1645 2346 :

15 2362 96 2388 κατὰ
115 2361 163 2398 τὴν
180 2363 273 2390 ἑαυτοῦ
290 2364 385 2399 σοφίαν
407 2364 518 2400 ἐποίησε
543 2364 593 2400 τὴν
615 2365 691 2402 ὓλην,
708 2366 736 2393 τὺ
763 2375 813 2394 πο-

16 2407 175 2445 λύμορφον,
193 2410 240 2436 καὶ
257 2409 439 2446 παμποίκιλον
454 2411 504 2446 τῆς
523 2411 700 2448 δημιουργίας
716 2412 812 2439 ἑαυτοῦ

17 2454 123 2490 σχῆμα
149 2455 197 2481 καὶ
219 2455 304 2482 τύπον
330 2456 574 2492 ὲνσφραγιζόμενος
601 2458 680 2493 αὐτῇ,
706 2459 753 2484 καὶ
770 2457 813 2484 εὕ-

60 2564 121 2601 (59)
143 2566 211 2593 Οὐδ’
227 2566 344 2600 ἐκεῖνοι,
360 2577 387 2594 κ.
405 2577 428 2594 τ.
448 2568 472 2594 λ.
490 2567 623 2596 Eusebius
639 2569 657 2596 l.
674 2577 698 2596 c.
716 2570 774 2598 haec
788 2577 814 2599 et

16 2601 317 2640 sequentiaregitans,
329 2604 365 2640 ita
382 2604 662 2640 prploquitunweﬁcm
676 2605 703 2631 δὲ
721 2605 812 2640 φωνὰς

13 2635 83 2675 τῶν.
97 2636 152 2671 πρὸ
167 2638 183 2675 ᾗ
188 2636 245 2672 μῶν
251 2638 291 2675 *τὸ
302 2635 393 2675 νδόγμὰ
406 2635 633 2675 διηκριϐωκάτων,
643 2639 689 2666 καὶ
703 2635 812 2675 πρώτου

21 2657 75 2663 νυγ
101 2657 151 2671 "rw
170 2657 175 2662 -
188 2657 243 2672 (μιν,
266 2657 291 2664 νυ
307 2657 393 2673 ννηωιι
406 2657 633 2674 νειιηγυιιωηυυωγ,
644 2657 689 2666 aur-
707 2657 811 2675 ιιίιωιυυ

14 2679 54 2716 γε
70 2657 211 2712 ιξιονυσίου
222 2693 229 2705 ,
249 2672 279 2704 ὃς
290 2674 327 2716 ,ἐν
341 2673 378 2709 τῷ
399 2673 498 2716 πρώτῳ
514 2674 567 2716 τῷν
584 2674 652 2714 ⁸πρὸς
668 2675 811 2716 Σαϐέλλιον

15 2706 102 2746 αὐτῷ
119 2708 350 2746 γεγυμνασμένων
362 2706 372 2741 ,⁷
393 2706 456 2746 τᾶᾷε
480 2706 544 2746 περξι
562 2706 613 2736 τοῦ
631 2711 810 2746 προκειμένου

15 2731 140 2779 γράᾦεί,
155 2731 374 2779 ίρὲαιιιρῗεονωῖε
385 2744 461 2771 verba
473 2731 617 2779 producam
631 2731 676 2779 ι]ὗὶ
690 2734 750 2771 αηὶε
762 2755 808 2773 nos

15 2778 73 2815 lyre
95 2778 323 2815 in‘disputartione
347 2779 442 2815 versati
464 2778 541 2812 sunt,
568 2778 646 2815 atque
664 2781 691 2807 in.
716 2781 807 2815 primis

19 2812 169 2850 Dionysii,
185 2814 232 2850 qui
245 2814 272 2840 in
287 2815 370 2847 primo
385 2814 513 2841 librorum
525 2812 614 2842 eorum
628 2823 691 2850 quas
709 2812 737 2842 in
756 2813 806 2843 Sa-

17 2847 134 2875 bellium
146 2849 318 2882 elucubravit,
329 2852 395 2876 hunc
411 2850 437 2876 in
451 2849 553 2878 modum
568 2851 599 2878 dc
617 2847 643 2878 re
660 2856 714 2879 tota
725 2851 808 2886 philo—
837 2890 842 2895 '

865 2366 978 2393 materia
995 2373 1060 2392 vero
1082 2364 1216 2392 contraria
1235 2364 1331 2392 subeat
1352 2364 1455 2397 omnia,
1473 2365 1572 2399 quippe
1585 2373 1647 2399 qua)

865 2412 921 2447 pati
951 2412 1105 2446 mutarique
1131 2411 1225 2445 possit,
1256 2411 1423 2444 inconstans,
1450 2415 1478 2438 et
1505 2411 1647 2445 multiplici

864 2457 1073 2491 contigurationi
1097 2457 1225 2484 obnoxia.
1237 2455 1297 2484 lam
1310 2457 1357 2491 qui
1374 2456 1486 2484 tandem
1499 2456 1572 2484 inter
1586 2465 1646 2484 sese

865 2570 1000 2605 sap/tatur.
1016 2568 1101 2598 Porro
1113 2570 1144 2597 ad
1157 2571 1207 2598 ista
1221 2570 1370 2598 Eusebiana
1383 2571 1440 2598 haec
1454 2570 1534 2597 habet
1549 2569 1646 2598 doctus

865 2605 998 2641 interpres
1014 2613 1020 2630 :
1041 2615 1050 2630 ‹
1066 2605 1199 2633 Sabellius
1211 2627 1217 2639 ,
1242 2615 1258 2633 a
1275 2614 1329 2641 quo
1344 2605 1524 2633 Personarum
1549 2606 1576 2632 iu
1593 2605 1643 2633 SS.

864 2640 962 2667 Triade
973 2640 1111 2667 distinctio
1127 2641 1230 2668 nefarie
1247 2640 1404 2673 toliebatur,
1415 2641 1528 2668 alterum
1546 2641 1597 2667 hoc
1611 2642 1644 2669 de

863 2680 977 2712 materia
998 2676 1133 2712 somnium
1155 2677 1193 2712 ab
1216 2676 1382 2712 Hermogene
1404 2681 1553 2712 acceperat.
1580 2675 1644 2703 Plu-

863 2719 906 2747 res
928 2710 1057 2747 adversus
1079 2710 1229 2747 Sabellium
1255 2710 1335 2739 istum
1363 2712 1446 2739 libros
1473 2719 1488 2738 a
1514 2710 1644 2747 Dionysio

862 2746 1045 2772 Alexandrino
1063 2745 1216 2773 elaboratos
1228 2754 1300 2779 esse,
1318 2755 1372 2774 non
1389 2752 1491 2774 tantum
1508 2745 1603 2779 unum,
1615 2753 1644 2776 ut

863 2788 916 2808 non
932 2787 1011 2808 nemo
1025 2781 1155 2812 credidit,
1171 2782 1213 2810 vel
1227 2782 1279 2810 hoc
1293 2782 1403 2811 Eusebii
1423 2783 1483 2811 loco
1499 2782 1644 2811 manifeste

862 2816 1042 2844 convincitur.
1058 2826 1067 2843 ι
1086 2816 1168 2844 ϐω..
