1844 3047
56 134 130 163 {277

450 132 620 161 EPISTOLA
638 131 812 161 CANONICA
833 133 878 160 AD
898 131 1081 160 BASILIDEM
1097 129 1300 159 EPISCOPUM.

1616 127 1684 154 1278

51 194 131 228 Τοὺς
158 189 192 221 et
217 193 470 229 ῠφυστερίζοντας
498 194 547 221 καὶ
577 193 774 228 διαρκοῦντας

958 198 1129 229 exspectant;
1147 192 1193 220 sed
1210 191 1259 219 alii
1284 191 1399 227 quidem,
1420 191 1461 218 vel
1487 198 1574 218 omnes
1596 193 1684 216 trans-

44 239 209 272 πλεῖστον,
226 239 276 266 καὶ
296 239 384 274 μέχρι
399 239 541 274 τετάρτης
557 239 696 275 φυλακῆς
708 240 844 276 ὃιεγκαρ-

42 285 224 320 τεροῦντας,
242 286 306 313 καθ’
327 284 367 320 ἢν
390 285 440 313 καὶ
454 286 516 319 τοῖς
532 286 681 314 πλέουσιν
703 288 720 314 ὀ
741 286 844 321 Σωτὴρ

43 331 139 366 ἡμῶν
150 331 320 366 περιπατῶν
338 331 388 358 ἐπὶ
402 332 456 367 τῆς
470 332 629 367 θαλάσσης
640 332 791 368 ἐπεφάνη,
803 333 843 366 ὡς

41 377 210 410 γενναίους
225 377 274 404 καὶ
288 378 474 412 φιλοπόνους
487 378 701 413 ἀποδεχόμεθα.
727 379 791 412 Τοῖς
809 379 843 406 δὲ

37 422 163 456 μεταξὺ
175 423 216 456 ὡς
226 422 413 457 ἐκινήθησαν
424 422 443 457 ἣ
454 424 493 456 ὡς
503 423 701 458 ἠδυνήθησαν
709 425 842 451 ἀναπαυ-

40 467 204 502 σαμένοις,
216 467 260 502 μὴ
281 467 361 494 πάνυ
378 467 557 503 διοχλῶμεν·
572 468 637 496 ἐπεὶ
647 469 725 504 μηδὲ
738 469 792 502 τὰς
807 469 842 502 ἐξ

39 512 110 540 τῶν
126 512 276 548 νηστειῶν
293 513 407 548 ἡμέρας
421 514 494 547 ἴσως
510 514 589 548 μηδὲ
606 515 714 549 ὁμοίως
731 515 842 548 πάντες

37 557 262 593 διαμένουσιν
279 558 348 586 ἀλλ’
364 560 391 585 ol
404 557 463 593 μὲν
475 559 525 585 καὶ
545 558 646 592 πάσας
667 560 840 594 ὐπερτιθέα-

37 613 101 632 σιν
120 605 219 632 ἄσιτοι
237 605 456 638 διατελοῦντες,
472 607 499 633 ol
513 605 547 632 se
560 606 626 639 δύο,
640 607 667 633 οὶ
693 606 728 633 δὲ
745 607 839 641 τρεῖς,

37 653 74 678 οἱ
103 651 140 678 δὲ
163 651 326 686 τέσσαρας,
350 653 378 679 οἰ
402 651 437 678 δὲ
454 652 606 687 οὐδεμίαν.
629 653 686 679 Καὶ
700 653 762 686 τοῖς
779 653 840 688 μὲν

36 696 128 724 πάνυ
147 697 374 732 δωπονηθεῖσιν
393 697 428 724 ἐν
450 698 516 731 ταῖς
536 697 751 732 ὑπερθέσεσιν,
776 697 840 726 εἶτα

34 742 238 778 ἀποκαμοῦσι
252 742 301 769 καὶ
315 743 447 778 μονονοὺ
468 743 656 776 ἐκλείπουσι,
679 745 839 780 συγγνώμη

36 788 102 822 τῆς
123 787 290 823 ταχυτέρας
311 789 453 824 γεύσεως.
474 790 510 816 Et
530 788 564 816 δέ
587 798 668 822 τινες
687 790 743 824 οὺχ
761 789 840 823 ὅπως

33 836 102 870 οὐχ
122 834 355 870 ὑπερτιθέμενοι,
374 835 455 863 ἀλλὰ
475 835 553 870 μηδὲ
571 835 796 870 νηστεύσαντες
819 835 838 870 ἢ

896 241 1018 272 mittunt,
1028 239 1117 275 jejuni
1130 242 1322 275 permanentes,
1339 237 1387 265 alii
1399 237 1476 269 duos,
1488 236 1537 264 alii
1553 241 1615 269 tres,
1636 235 1685 263 alii

894 274 1032 320 quatuor,
1055 283 1105 311 alii
1137 280 1264 310 nullum.’
1278 282 1312 310 Et
1340 282 1375 309 iis
1397 281 1502 316 quidem
1519 280 1563 316 qui
1577 281 1606 308 in
1627 274 1682 307 illis

895 331 1109 358 transmittendis
1131 330 1209 357 valde
1236 329 1432 359 laboraverunt,
1462 327 1556 354 deinde
1585 326 1683 361 defessi

894 382 966 411 sunt,
978 382 1003 404 et
1018 376 1205 412 propemodum
1217 376 1352 410 deﬁciunt,
1362 373 1549 410 ignoscendum
1558 377 1596 399 est
1611 372 1679 407 quod

894 424 1004 452 celerius
1018 429 1135 460 gustent.
1150 423 1181 450 Si
1198 423 1243 458 qui
1260 427 1347 449 autem
1361 429 1412 448 non
1436 419 1513 447 modo
1527 427 1577 446 non
1593 423 1681 445 trans-

891 471 980 498 missis
1005 471 1050 498 sed
1065 470 1234 505 nejejunatis
1249 468 1364 503 quidem,
1382 467 1421 494 uel
1444 467 1523 493 etiam
1539 466 1566 492 in
1581 465 1681 492 delica-

893 518 927 544 tis
950 517 1122 552 opiparisque
1147 515 1283 547 conviciis,
1298 513 1459 548 consumptis
1473 511 1680 547 praecedentibus

891 567 1005 597 quatuor
1016 562 1119 594 diebus,
1134 562 1169 588 ad
1187 562 1253 588 duos
1271 568 1365 596 eosque
1383 560 1453 587 solos
1478 563 1606 586 extremos
1623 557 1680 584 dies

891 616 949 635 eum
962 609 1089 640 uenerint,
1103 607 1158 634 illis
1173 616 1188 634 a
1202 616 1228 634 se
1242 607 1298 634 cibo
1318 615 1368 633 non
1382 609 1488 645 gustato
1504 603 1678 634 transmissis,

891 655 1039 685 Paraseeue
1049 660 1074 681 et
1092 653 1219 686 Sabbato,
1236 660 1371 687 maguunr
1387 650 1450 686 quid
1461 656 1484 678 et
1508 650 1638 686 egregium
1652 657 1680 675 se

892 701 979 736 facere
999 701 1168 733 existimant,
1185 699 1208 726 si
1230 698 1264 725 ad
1291 706 1417 725 auroram
1432 704 1513 731 usque
1527 702 1678 730 permanse-

892 747 962 777 rint;
985 754 1037 773 non
1056 746 1179 772 existima
1203 753 1246 771 eos
1269 752 1302 771 ea:
1326 752 1399 778 wquo
1417 747 1546 770 certamen
1567 741 1680 767 subiisse

891 801 951 819 eum
963 793 995 819 iis
1008 793 1091 828 quise
1102 791 1221 827 pluribus
1229 791 1319 818 diebus
1330 790 1404 824 prius
1417 792 1599 816 exercuerunt.
1614 786 1678 814 llwc

891 839 1008 874 quidem,
1025 843 1053 865 ut
1071 838 1166 872 sentio,
1181 839 1319 866 consulens
1334 836 1365 863 de
1377 836 1446 862 hisce
1457 834 1560 869 scripsi.

35 882 94 908 καὶ
109 881 318 917 τρυφήσαντες
345 881 400 916 τὰς
425 882 617 922 προαγούσας
636 881 797 917 τέσσαρας,
824 881 887 910 εἶτα
902 885 1043 918 ἐλθόντες
1054 885 1103 912 ἐπὶ
1118 885 1172 918 τὰς
1184 883 1355 916 τελευταίας
1367 883 1421 909 δύο
1435 881 1485 909 καὶ
1500 882 1596 917 μόνας
1608 881 1679 916 ἡμέ-

29 938 108 964 ρας,
122 930 216 964 αὐτὰς
228 930 446 965 ὐπερτιθέντες,
460 930 518 964 τήν
530 939 563 958 τε
576 931 777 966 Παρασκευὴν
785 931 836 958 καὶ
849 932 884 959 τὸ
915 933 1077 966 Σάϐϐατον,
1096 935 1173 969 μέγα
1190 942 1218 960 τι
1242 932 1290 960 καὶ
1321 931 1458 966 λαμπρὸν
1483 929 1580 957 ποιεῖν
1595 930 1678 963 νομί-

33 976 147 1007 ζουσιν
161 977 201 1005 ἂν
214 978 303 1013 μέχρι
314 978 370 1013 τῆς
384 979 421 1005 ἕω
438 979 648 1014 διαμείνωσιν,
679 981 737 1007 οὐκ
767 978 847 1015 οἶμαι
864 981 923 1016 τὴν
945 982 1019 1017 ἴσην
1034 981 1166 1016 ἄθλησιν
1193 980 1304 1014 αὐτοὺς
1322 979 1512 1014 πεποιῆσθαι,
1540 978 1601 1011 τοῖς
1625 979 1678 1011 τὰς

29 1025 188 1058 πλείονας
201 1026 311 1060 ἡμέρας
334 1027 552 1061 προησκηκόσι.
580 1027 675 1054 Ταῦτα
691 1027 759 1061 μὲν,
778 1029 818 1062 ὠς
834 1029 944 1064 φρονῶ,
959 1030 1175 1065 συμϐουλεύων
1188 1029 1254 1063 περ).
1271 1029 1385 1056 τούτων
1394 1028 1520 1064 ἔγραψα.

74 1071 176 1098 ΒΑΛΣ.
201 1071 363 1098 Ἑπισκόπου
384 1071 457 1104 τινὸς
473 1072 661 1108 ἐρωτήσαντος
684 1073 729 1100 τὸν
747 1072 802 1108 μέγη

947 1082 1001 1102 us.
1019 1074 1089 1102 Cum
1107 1075 1254 1110 episcopus
1270 1073 1382 1109 quidam
1397 1079 1527 1107 magnum
1541 1070 1616 1097 hunc
1627 1079 1675 1096 au-

30 1116 173 1153 ἀρχιερέα
184 1117 287 1149 τοῦτον,
300 1117 361 1144 καθ’
373 1117 406 1154 ἣν
420 1116 494 1152 ὥραν
506 1117 606 1153 ἀνέστη
618 1118 632 1144 ὁ
644 1118 772 1156 Χριστὸς,
787 1119 833 1153 ἐφ’

30 1159 58 1197 ᾧ
77 1162 151 1190 κατὰ
160 1163 210 1199 τὴν
231 1163 284 1199 πρὸ
303 1163 404 1199 ταύτης
423 1163 497 1200 ὤραν
521 1164 729 1199 ἀπονηστίςειν,
745 1166 759 1192 ὁ
783 1165 834 1200 ἀρη

29 1209 151 1245 χιερεὺς
176 1209 306 1246 προέθετο
328 1210 370 1236 ὅτι
387 1210 404 1246 ἡ
427 1209 509 1246 ἑορτὴ
530 1209 577 1236 τοῦ
594 1209 691 1244 Πάσχα
714 1209 782 1246 μετὰ
803 1211 833 1237 τὸ

29 1255 191 1291 ἀναστῆναι
205 1256 250 1282 τὸν
265 1255 378 1292 Κύριον,
399 1255 527 1292 ἄρχεται·
553 1256 601 1282 καὶ
617 1256 669 1288 ἕως
684 1256 744 1283 τότε
758 1256 832 1291 6φεί-

28 1301 123 1337 λομεν
143 1301 299 1337 νηστεύειν·
313 1300 464 1337 τηνικαῦτα
479 1301 519 1333 δὲ,
536 1301 566 1327 οὐ
584 1301 637 1337 πρὸ
653 1301 702 1337 τῆς
714 1302 831 1329 ἀναστά-

30 1356 121 1379 σεως,
144 1346 346 1382 ἁπονηστίζειν.
372 1347 433 1374 Ὅτι
447 1347 477 1374 δὲ
495 1347 545 1374 οὐκ
566 1347 630 1383 ἐξῆν
647 1348 721 1383 αὐτῷ
745 1349 831 1375 εἰπεῖν

29 1393 88 1429 τὴν
114 1392 189 1429 ὥραν
211 1393 271 1420 καθ’
287 1394 321 1429 ἢν
344 1394 359 1420 ὁ
381 1393 484 1428 Κύριος
509 1394 618 1430 ἀνέστη,
643 1394 831 1430 ἀπελογήσατο

27 1439 92 1466 ἀπὸ
107 1438 239 1474 ῥημάτων
251 1438 384 1474 διαφόρων
392 1439 603 1473 εὐαγγελιστῶν,
612 1440 663 1467 ὄτι·
680 1440 713 1468 Et
727 1441 775 1467 καὶ
789 1441 826 1477 μὴ

29 1485 144 1518 ἔξεστιν
160 1485 214 1512 ἀπὸ
229 1484 330 1512 τούτων
349 1484 451 1520 γνῶναι
466 1485 516 1521 τὴν
535 1485 608 1522 ὥραν
629 1486 690 1514 καθ’
705 1488 739 1523 ἢν
753 1487 829 1522 ὀφεί-

29 1533 123 1568 λομεν
144 1531 347 1568 ἁπονηστίζειν,
366 1532 434 1558 ἀλλὰ
454 1532 517 1564 τοὺς
537 1532 588 1568 μὲν
610 1533 663 1568 πρὸ
678 1533 726 1560 τοῦ
749 1542 830 1569 μεσο-

28 1579 149 1607 νυκτίου
169 1579 282 1611 λύοντας
307 1579 357 1614 τὴν
381 1579 519 1614 νηστείαν,
544 1579 582 1611 ὡς
608 1579 756 1615 ὀλιγώρους
782 1581 829 1607 καὶ

28 1626 168 1661 ἀκρατεῖς
193 1624 372 1661 μεμφόμεθα’
390 1625 453 1656 τοὺς
473 1624 502 1651 δὲ
525 1625 607 1661 μέχρι
621 1626 756 1662 τετάρτης
777 1635 827 1662 φυ-

28 1671 125 1707 λακῆς
147 1662 207 1706 ἤτοι
234 1670 332 1707 ὄρθρου
353 1669 596 1706 ὲγκαρτεροῦντας,
621 1671 825 1707 ἀποδεχόμεθσυ

27 1716 99 1748 τοὺς
114 1715 143 1742 δὲ
157 1716 186 1743 ἐν
199 1715 238 1751 τῷ
253 1715 356 1751 μεταξὺ
369 1715 583 1748 ἁναπαυθέντας,
595 1715 644 1743 οὐκ
658 1717 809 1752 αἰτιώμεθα
818 1726 824 1733 ·

889 1120 1003 1148 tistitem
1018 1120 1226 1156 interrogasset,
1246 1127 1300 1155 qua
1322 1119 1389 1146 hora
1408 1118 1527 1145 surrexit
1537 1116 1675 1149 Christus,

889 1172 918 1194 ut.
938 1167 1007 1194 hora
1028 1175 1090 1202 qua:
1113 1167 1188 1194 illam
1207 1166 1358 1202 pra-cessit,
1383 1164 1520 1200 jejunium
1547 1163 1675 1194 solveret,

888 1214 1035 1250 proposuit
1056 1214 1172 1242 antistes
1183 1214 1256 1249 quod
1272 1213 1372 1241 festum
1387 1212 1511 1244 Paschal,
1528 1215 1673 1246 postquam

887 1260 1021 1289 Dominus
1050 1260 1211 1293 surrexerit,
1233 1259 1339 1293 incipit,
1350 1264 1377 1285 et
1393 1266 1426 1286 eo
1443 1264 1530 1292 usque
1543 1257 1675 1284 debemus

883 1307 1029 1342 jejunare:
1045 1311 1112 1335 tunc
1136 1311 1239 1340 autem,
1253 1313 1308 1333 non
1337 1309 1400 1333 ante
1425 1303 1672 1336 resurrectionem,

883 1354 1019 1389 jejunium
1035 1354 1149 1382 solvere.
1167 1353 1237 1387 Quia
1262 1358 1352 1380 autem
1377 1360 1431 1380 non
1453 1355 1558 1387 poterat
1583 1351 1674 1378 dicere

886 1401 981 1428 horam
998 1408 1052 1436 qua
1067 1400 1194 1428 Christus
1208 1400 1368 1433 resurrexit,
1383 1399 1524 1434 respondit
1536 1406 1569 1425 ex
1584 1397 1673 1425 diver-
1706 1426 1707 1429 η

889 1446 928 1474 sis
948 1446 1039 1475 verbis
1053 1446 1377 1481 evangelistarum,quod
1391 1455 1397 1473 :
1411 1444 1468 1472 Etsi
1479 1452 1511 1472 ex
1529 1444 1562 1471 iis
1576 1443 1670 1470 horam

884 1499 936 1527 qua
948 1491 1085 1527 jejunium
1110 1492 1216 1520 solvere
1233 1492 1375 1524 debemus,
1393 1498 1559 1526 cognoscere
1571 1497 1624 1517 non
1639 1490 1672 1516 li-

883 1542 954 1570 ceal,
969 1545 1017 1566 eos
1030 1543 1119 1566 tamen
1131 1538 1178 1573 qui
1197 1541 1260 1565 ante
1281 1537 1400 1565 mediam
1426 1541 1534 1564 noctem
1562 1536 1671 1564 solvunt
1700 1533 1707 1537 ’

880 1583 1028 1618 jejunium,
1042 1588 1073 1611 ut
1097 1588 1298 1619 contemptores
1323 1588 1350 1610 et
1374 1583 1589 1618 intemperantes
1599 1583 1670 1609 vitu-

881 1637 1029 1664 peramus;
1049 1638 1097 1658 eos
1117 1635 1221 1664 autem,
1237 1632 1285 1666 qui
1306 1630 1339 1658 ad
1361 1634 1487 1665 quartam
1502 1638 1588 1664 usque
1602 1630 1671 1666 vigi-

881 1675 957 1710 liam,
980 1683 1029 1704 seu
1054 1677 1088 1705 ad
1105 1677 1255 1704 diluculum
1272 1684 1372 1711 usque,
1391 1676 1497 1704 fortiter
1509 1676 1668 1711 perdurant,

881 1723 1087 1758 amplectimur;
1105 1731 1152 1751 eos
1169 1731 1233 1750 vero
1242 1723 1289 1758 qui
1304 1723 1409 1750 interea
1423 1723 1666 1758 interquieverunt.

27 1765 75 1790 ὅτι
92 1761 156 1787 οὐδὲ
170 1761 219 1793 τὰς
234 1761 264 1793 ἓξ
280 1761 386 1798 ἡμέρας
405 1761 456 1796 τῆς
469 1761 516 1788 τοῦ
540 1761 642 1794 πάθους
662 1762 708 1789 τοῦ
723 1763 755 1789 Κι

947 1769 1181 1804 reprehendimus,
1194 1769 1258 1804 quia
1274 1777 1325 1796 nec
1341 1777 1389 1796 sex
1409 1769 1547 1804 passionis
1560 1768 1667 1796 Domini

27 1807 185 1842 ἑϐδομάδος
199 1807 300 1840 πάντες
316 1809 417 1844 ὁμοίως
433 1809 568 1837 ἀνύουσιν.
586 1810 617 1836 οἱ
640 1809 689 1845 μὲν
704 1810 759 1846 γὰρ
778 1811 827 1842 τὰς

27 1852 129 1884 πάσας
152 1853 339 1888 νηστεύουσιν,
360 1854 386 1881 οἱ
411 1854 439 1881 δὲ
461 1853 518 1887 δύο,
541 1855 567 1881 οἱ
588 1854 616 1880 δὲ
638 1857 724 1890 τρεῖς,
751 1856 775 1882 οἱ
797 1856 825 1882 δὲ

27 1899 158 1931 πλείους,
169 1900 193 1926 at
208 1899 237 1926 δὲ
250 1901 386 1936 οὐδεμίαν.
396 1901 458 1933 Τοῖς
470 1898 516 1928 οὖν
532 1901 562 1928 ὲν
574 1900 692 1929 πλείοσιν
709 1901 826 1938 ἡμέραις

25 1944 212 1981 νηστεύσασι,
229 1946 277 1973 καὶ
291 1947 463 1979 κοπιάσασιν,
478 1948 502 1973 εἰ
515 1946 664 1982 ταχύτερον
683 1946 825 1981 γεύσονται

24 1992 149 2028 τροφῆς,
167 1991 330 2028 συγγνώμην
341 1992 429 2020 δοτέον
438 2000 445 2007 ·
460 1993 516 2024 τοῖς
531 1992 559 2018 δὲ
573 1992 709 2028 τέσσαρας
719 1993 825 2028 ἡμέρας

26 2039 70 2074 μὴ
88 2037 279 2073 νηστεύσασιν,
297 2038 364 2065 ἀλλὰ.
387 2038 435 2066 καὶ
449 2038 614 2076 τρυφήσασι,
639 2039 709 2066 κατὰ
728 2038 756 2065 δὲ
775 2039 824 2075 τὴν

24 2084 215 2120 Παρασκευὴν
235 2084 325 2111 καὶτὸ
339 2084 476 2112 Σάϐϐατον
493 2084 665 2119 νηστεύσασι,
688 2085 725 2120 μὴ
744 2093 823 2120 νομι-

24 2131 111 2167 σθείη
130 2131 200 2167 μέγα
215 2140 242 2157 τι
267 2132 363 2164 ποιεῖν,
379 2132 402 2158 εἰ
425 2130 506 2166 μέχρι
519 2131 625 2167 πρωῖας
639 2130 689 2166 τῆς
705 2131 823 2159 ἀναστα-

24 2179 116 2214 σίμου
146 2177 254 2214 ἡμέρας
285 2177 533 2214 ὲγκαρτερήσουσιν
571 2177 676 2204 ἄσιτοι·
706 2177 736 2204 οὐ
767 2177 822 2214 γὰρ

22 2224 129 2260 ὁμοίαν
149 2223 287 2251 ποιοῦνται
310 2223 433 2259 ἄθλησιν.
450 2224 505 2250 Καὶ
521 2225 538 2259 ή
556 2223 605 2259 μὲν
628 2223 762 2258 ἀπολογία
775 2223 822 2251 τοῦ

23 2270 154 2306 Πατρὸς,
170 2270 251 2305 αὕτη.
267 2270 302 2296 Σὺ
324 2269 353 2296 δὲ
372 2269 508 2304 ἀνάγνωθι
530 2269 576 2297 τὸν
593 2269 637 2296 πθ¹
657 2270 756 2297 κανόνα
773 2271 821 2306 τῆς

22 2319 57 2344 ὲν
82 2316 212 2352 Τρούλλῳ
236 2315 356 2348 συνόδου,
381 2315 564 2351 διοριζόμενον
592 2315 820 2352 ἁπονηστίςεσθαι

22 2362 96 2398 περὶ
108 2361 194 2397 μέσας
207 2361 308 2393 νύκτας
315 2361 362 2388 τοῦ
373 2361 492 2397 μεγάλου
504 2361 644 2389 Σαῢσάτου
654 2370 661 2377 ι
674 2362 724 2394 τὰς
734 2361 762 2388 δὲ
772 2362 821 2389 ἄλ-

21 2409 77 2440 λας
86 2407 246 2444 ὴμέρας-τοῦ
257 2407 392 2444 σωτηρίου
401 2406 514 2439 πάθους,
524 2408 553 2434 ἐν
561 2408 673 2443 νηστείᾳ
680 2408 726 2435 καὶ
733 2416 819 2444 προσ-

22 2442 165 2487 ευχῇῃκαὶ
179 2442 448 2487 κατανύξειήδιάγειν.
463 2453 539 2479 Ἐπεὶ
551 2452 580 2479 δὲ
589 2442 592 2443 ν
602 2442 700 2485 ἔξωθεν
713 2442 761 2479 tofi
771 2453 820 2480 αὑ·
835 2442 857 2469 D

21 2498 72 2525 τοῦ
81 2498 194 2530 κανόνος
201 2499 369 2536 ὲσαφηνίσθη
377 2500 394 2534 ὴ
402 2499 461 2532 ὥρα
468 2499 518 2534 τῆς
525 2499 642 2534 Χριστοῦ
650 2500 822 2531 ἀναστάσεως

21 2545 82 2572 ἀπὸ
107 2543 243 2581 διαφόρων
258 2545 401 2582 Γραφικῶν
413 2545 468 2581 [ισ.
483 2545 609 2581 Γραφῶν]
626 2545 694 2577 τέως
711 2546 780 2572 κατὰ
791 2546 822 2573 τὸ

21 2590 168 2626 ἐγχωροῦν
180 2591 221 2626 (τὸ
230 2591 284 2628 γὰρ
298 2591 396 2628 ἀληθὲς
408 2592 486 2628 μόνος
495 2590 565 2619 οἶδεν
575 2592 590 2617 ὁ
600 2591 718 2623 ἀναστὰς
727 2592 816 2628 Θεὸς),

20 2638 171 2674 ὀφείλομεν
182 2639 270 2666 εἰπεῖν
283 2640 323 2666 ὅτι
340 2640 421 2676 μέχρι
440 2640 490 2675 μὲν
506 2639 556 2675 τῆς
572 2639 655 2675 ἕκτης
675 2640 750 2676 ὥρας
770 2641 817 2668 καὶ

21 2685 113 2720 αὐτῆς
122 2684 169 2711 τοῦ
180 2685 338 2721 νυκτερινοῦ
355 2685 493 2712 Σαὸὃάτου
506 2685 648 2721 ὀφείλομεν
663 2686 812 2721 νηστεύειν.

27 2731 98 2758 Ἀπὸ
117 2730 147 2758 δὲ
161 2731 212 2766 τῆς
231 2731 348 2768 ἑϐδόμης
365 2731 440 2768 ὥρας
459 2733 521 2758 ἐπεὶ
542 2732 653 2768 ἄρχεται
672 2733 688 2767 ἡ
714 2733 814 2768 κυριώ-

22 2785 110 2812 νυμος
126 2777 185 2804 καθ’
201 2778 234 2813 ἢν
256 2779 302 2805 καί
317 2779 414 2815 ἀνέστη
431 2780 445 2806 ὁ
461 2779 576 2814 Χριστὸς
593 2778 681 2814 (εἰκὸς
697 2779 725 2805 δέ
742 2780 815 2806 ἐστιν

21 2823 40 2858 ἢ
57 2823 130 2850 κατὰ
142 2824 193 2859 τὴν
210 2824 326 2860 ἑϐδόμην
347 2825 363 2861 ἢ
380 2825 452 2852 κατὰ
471 2825 520 2861 τὴν
537 2825 632 2861 ὀγδόην
647 2825 723 2862 ὥραν
741 2827 815 2861 γενέ-

24 2869 90 2899 σθαι
101 2870 150 2907 την
166 2870 336 2908 ἀνάστασιν),
352 2871 402 2899 οὐκ
419 2871 560 2908 ὀφείλομεν
576 2872 645 2901 κατὰ
659 2873 760 2906 ταύτας
772 2883 816 2910 νη-

881 1813 1059 1842 hebdomade:
1081 1815 1150 1848 dies,
1169 1822 1265 1843 omnes
1293 1815 1420 1843 similiter
1443 1820 1586 1850 peragunt.
1614 1815 1666 1842 Alii

879 1860 953 1887 enim
967 1868 1063 1888 omnes
1082 1861 1220 1896 jejunant,
1239 1861 1286 1888 alii
1305 1869 1370 1888 vero
1384 1861 1465 1894 duos,
1479 1862 1524 1888 alii
1540 1866 1603 1895 tres,
1620 1861 1666 1888 alii

878 1913 970 1936 autem
989 1907 1093 1942 plures,
1108 1907 1154 1934 alii
1177 1915 1242 1934 vero
1261 1907 1378 1935 nullum.
1391 1907 1426 1934 lis
1444 1916 1509 1943 ergo
1519 1907 1566 1943 qui
1581 1908 1666 1943 pluri-

878 1952 930 1980 bus
945 1952 1041 1980 diebus
1055 1953 1215 1988 jejunarunt
1240 1958 1268 1980 et
1284 1953 1455 1986 laborarunt,
1472 1954 1495 1981 si
1507 1955 1664 1981 alimentum

877 1999 960 2027 citius
975 2000 1153 2035 gustaverint,
1168 1999 1246 2026 venia
1271 1999 1360 2027 danda
1373 2003 1416 2027 est
1429 2009 1435 2033 ;
1448 2008 1497 2028 eos
1512 2005 1603 2028 autent
1616 2001 1662 2036 qui

876 2049 996 2080 quatuor
1008 2046 1066 2073 dies
1087 2053 1143 2073 non
1163 2045 1334 2080 jeiunarunt,
1347 2046 1394 2073 sed
1407 2046 1524 2073 delicate
1539 2047 1664 2081 opipare-

877 2099 932 2126 que
946 2091 1085 2124 vixerunt,
1099 2091 1125 2118 in
1143 2091 1295 2119 Parasceve
1310 2096 1399 2119 autem
1416 2096 1442 2119 et
1466 2091 1664 2128 Sabbatojeju-

875 2146 984 2171 nevere,
995 2138 1153 2165 existimare
1161 2132 1215 2165 non
1231 2143 1336 2173 oportet
1347 2145 1474 2173 magnum
1485 2138 1552 2173 quid
1562 2138 1661 2173 facere,

874 2184 898 2211 si
925 2191 1012 2219 usque
1041 2184 1074 2212 ad
1102 2184 1266 2211 matutinum
1293 2184 1500 2212 resurrectionis
1523 2184 1576 2211 diei
1603 2184 1662 2212 sine

874 2230 936 2258 cibo
947 2230 1035 2266 jejuni
1060 2231 1280 2266 permanserint:
1298 2238 1387 2266 neque
1411 2231 1484 2258 enim
1501 2231 1589 2258 simile
1602 2239 1660 2258 cer-

873 2280 964 2302 tamen
977 2275 1087 2303 adeunt.
1098 2275 1187 2310 Atque
1202 2275 1258 2302 haec
1271 2275 1381 2310 quidem
1392 2279 1433 2302 est
1443 2274 1533 2301 Patris
1547 2283 1660 2310 respon—

872 2321 924 2349 sio.
936 2321 977 2349 Tu
992 2326 1082 2350 autem
1101 2322 1160 2357 lege
1170 2321 1203 2349 89
1215 2322 1285 2349 can.‘
1295 2329 1356 2357 syn.
1374 2321 1402 2348 in
1417 2320 1521 2354 Trulla,
1535 2326 1659 2349 statuen»

873 2372 927 2396 tem
943 2368 1079 2403 jejunium
1098 2369 1258 2396 solvendum
1279 2375 1341 2403 esse
1358 2367 1431 2395 circa
1450 2368 1554 2396 medias
1564 2372 1659 2395 noctes

872 2415 964 2450 magni
976 2414 1103 2448 Sahhati;
1114 2415 1276 2442 aliiseutem
1287 2413 1382 2441 diebus
1394 2412 1540 2440 salutiferae
1550 2412 1658 2448 passio-

871 2460 926 2493 nis,
950 2460 977 2487 in
1000 2461 1107 2496 jejunio
1119 2465 1147 2488 et
1162 2460 1287 2488 oratione
1298 2466 1325 2488 et
1335 2459 1544 2495 compunctione
1553 2460 1656 2488 versari

871 2510 1008 2542 oportere.
1040 2507 1175 2541 Quoniam
1197 2513 1287 2536 autem
1316 2507 1486 2535 extrinsecus
1508 2507 1543 2534 ab
1559 2507 1655 2535 eodem

870 2561 975 2581 canone
983 2554 1119 2582 declarata
1131 2558 1174 2581 est
1192 2554 1258 2582 hora
1274 2553 1376 2581 Christi
1392 2553 1603 2581 resurrectionis
1616 2560 1650 2580 ex

868 2599 984 2626 diversis
1014 2598 1186 2635 Scripturis,
1222 2600 1310 2636 quoad
1351 2600 1409 2627 ﬁeri
1439 2599 1528 2635 potuit
1547 2600 1652 2634 (verum

868 2646 941 2673 enim
963 2645 1039 2674 solus
1061 2646 1148 2680 novit,
1163 2646 1211 2681 qui
1241 2643 1391 2674 resurreitit
1407 2646 1505 2682 Deus);
1521 2647 1653 2675 debemus

868 2692 969 2726 dicere,
994 2691 1068 2727 quod
1095 2700 1183 2728 usque
1204 2692 1238 2720 ad
1259 2692 1354 2720 horam
1378 2698 1497 2726 sextam,
1513 2698 1541 2722 et
1563 2694 1652 2729 ipsum

869 2742 1032 2765 nocturnum
1049 2737 1210 2771 Sabbatum,
1222 2738 1352 2766 debemus
1373 2739 1509 2774 jejunare.
1532 2740 1572 2767 Ab
1585 2740 1652 2767 hora

866 2787 957 2811 autem
987 2783 1113 2818 septima,
1137 2784 1267 2819 quoniam
1293 2784 1388 2819 incipit
1412 2784 1571 2813 Dominicus
1597 2793 1651 2820 quo

866 2829 948 2857 etiam
965 2829 1117 2857 resurrexit
1131 2829 1257 2857 Christus
1274 2830 1327 2865 (est
1345 2834 1434 2857 autem
1450 2831 1596 2859 verisimile
1609 2831 1648 2858 vel

866 2881 904 2903 vtt
919 2874 961 2903 vel
979 2882 1027 2903 VIII
1045 2875 1112 2903 hora
1133 2874 1219 2903 luisse
1245 2875 1473 2904 resurrectionem
1487 2876 1567 2911 ejus),
1578 2875 1650 2911 jeju-
