1844 3047
186 103 256 134 1279

665 105 694 133 ε.
726 103 874 133 DIUNYSII
900 104 1055 137 EPISCOPI
1074 105 1308 134 ALEXANDRINI

1756 104 1767 131 i
1773 105 1818 131 εει

185 170 253 191 nare
268 169 322 190 non
339 162 470 190 debemus
484 170 534 190 nec
546 162 678 198 jejunium
696 163 811 198 solvere,
829 171 862 191 ne
875 164 968 191 vidca-

1056 164 1137 197 εὑειν,
1164 165 1224 192 οὐδὲ
1248 165 1447 200 ἀπονηστίζειν,
1464 165 1508 192 ῑνα
1536 164 1577 201 μὴ
1597 163 1730 199 δόξωμεν
1748 163 1815 190 ἐναν-

185 209 250 236 mu‘r
266 215 419 244 repugnare
435 209 589 237 canonibus
606 209 653 244 qui
672 214 797 237 statuunt
811 218 862 238 nos
875 210 970 238 diebus

185 254 336 283 Dominicis
351 262 405 282 non
419 254 519 282 debere
535 255 671 290 jejunare.
688 255 744 283 Etsi
761 257 833 284 enim
847 257 905 284 dies
917 261 971 284 ter-

185 301 240 327 tius
266 304 408 334 reputetur
421 299 592 334 Dominicus,
612 301 699 328 solum
722 306 810 329 tamen
828 309 970 338 propterea

185 346 258 374 quod
280 346 362 373 trium
381 346 486 374 dierum
507 347 671 375 resurrectio
685 355 748 374 eum
775 348 899 383 attingat,
915 353 971 376 ter-

187 393 240 420 tius
268 392 368 419 dicitur
382 401 389 418 :
402 397 445 420 est
465 393 538 420 enim
556 393 670 428 primus.
691 392 723 420 Et
739 393 773 421 89
797 395 970 430 can.syn.in

188 437 280 464 'l‘rullo
293 438 495 471 convenienter,
508 437 568 471 dic,
581 443 643 465 ante
657 438 752 465 horam
765 439 905 473 septimam
923 446 971 466 no-

186 484 276 511 cturni
293 483 406 511 Sabbati
421 484 521 511 debere
533 492 583 511 nos
594 483 729 518 jejunium
743 484 848 511 solvere
864 484 890 511 in
902 492 971 519 qua-

186 537 294 564 cunque
309 530 377 557 hora
391 529 508 557 voluerit
527 529 662 564 quispiam
680 537 713 556 ex
737 537 783 557 sex
804 529 900 564 primis
922 529 972 556 ho-

187 575 235 608 ris,
252 575 334 610 idque
353 575 466 602 omnino
482 583 516 602 ex
543 574 629 602 libera
656 574 872 610 uniuscujusque
895 580 972 610 pote-

185 625 256 649 state
269 625 297 648 et
309 621 433 649 arbitrio.
502 654 505 659 ι

221 664 325 694 ΖοΝΑκ.
364 664 435 693 Huic
471 665 680 701 interrogationi
699 666 845 701 respondet
874 665 897 693 is
926 666 970 694 cui

186 711 325 746 proposita
358 711 535 747 interrogatio
564 716 606 739 est
634 720 643 739 :
668 711 816 739 Postulasti
849 712 970 739 sedulam

187 757 289 791 imponi
313 757 410 792 legem,
425 758 477 785 hoc
491 761 542 791 est,
568 757 689 793 regulam
716 755 888 792 formamque
901 764 971 792 pra:-

187 802 290 835 scribi,
313 811 346 830 ac
365 803 485 830 adhibita
504 803 644 839 diligentia
666 803 733 831 certi
758 802 862 838 aliquid
887 803 970 831 statui

187 851 221 878 de
239 850 306 878 hora
322 849 469 878 Dominicaz
485 851 710 884 resurrectionis;
727 850 800 885 quod
815 849 926 886 quidem
943 854 970 876 et
986 840 1006 867 Β

187 897 294 924 dillicile
312 902 354 924 est
379 904 405 924 et
429 897 565 924 lubricum
579 907 586 925 :
600 897 835 933 quandoquidem,
851 901 913 932 post
923 904 970 924 ex-

186 944 298 971 citatum
312 951 327 970 a
341 944 456 971 mortuis
472 943 618 971 Dominum
632 943 840 972 resurrectionis
854 943 965 971 celebri-

187 991 269 1015 tatem
298 988 422 1015 inchoari
439 993 555 1023 oportet,
572 989 714 1024 hucusque
729 989 896 1024 jejunantes,
911 989 971 1016 ani-

186 1033 279 1067 mique
292 1033 344 1060 hoc
363 1038 442 1068 pacto
455 1033 647 1062 demissionem
660 1039 798 1062 curantes.
813 1033 883 1062 ln'ca
894 1042 971 1062 nam-

186 1087 240 1113 que
264 1087 325 1114 qua:
351 1087 398 1114 per
413 1079 547 1116 jejunium
569 1084 611 1108 est
636 1080 758 1115 corporis
787 1080 970 1114 amictatione,

186 1124 270 1151 animi
286 1124 416 1152 demissio
427 1126 576 1161 quaeritur;
593 1131 623 1154 ut
649 1127 766 1161 proinde
778 1127 801 1154 si
816 1127 914 1155 elatior
934 1128 970 1154 sit

183 1171 332 1206 jejunantis
355 1171 474 1203 animus,
491 1172 598 1199 irritum
619 1179 680 1200 esse
700 1173 835 1208 jejunium
849 1174 970 1201 omnium

186 1217 359 1244 confessione
377 1217 528 1252 judicetur.
547 1217 663 1253 Subjicit
677 1219 773 1246 deinde
788 1228 795 1246 :
810 1219 972 1255 Quicunque

186 1263 219 1290 ad
237 1263 392 1298 sepulcrum
418 1269 482 1291 sunt
505 1263 631 1299 profecti,
645 1273 692 1292 eos
711 1265 767 1300 jam
792 1265 939 1292 excitatum
955 1273 969 1292 a

186 1309 304 1336 mortuis
321 1308 467 1336 Dominum
493 1310 655 1344 reperiisse;
674 1318 761 1345 neque
775 1310 918 1343 dissidere,
933 1311 972 1338 in-

185 1355 255 1390 quit,
274 1363 306 1382 ae
321 1355 372 1382 sibi
389 1355 504 1383 invicem
525 1356 664 1384 adversari
689 1357 870 1392 evangelistas
895 1357 970 1384 arbi—

188 1407 300 1434 tremur,
325 1402 397 1436 qu0d
424 1410 487 1430 cum
512 1402 607 1429 eadem
633 1407 712 1430 nocte
739 1402 883 1430 Dominum
910 1410 971 1430 sur-

186 1446 291 1473 rexisse
307 1447 446 1474 communi
469 1454 606 1474 consensu
627 1446 745 1480 tradant,
760 1455 878 1482 quanam
903 1447 971 1475 hora

187 1492 317 1524 surrexit,
334 1492 426 1519 minus
448 1493 589 1527 explorate
615 1493 748 1521 indicant.
768 1493 836 1520 Tum
855 1493 971 1527 ipsamet

187 1538 279 1570 verba,
297 1538 339 1566 vel
355 1539 445 1573 potius
464 1539 540 1566 locos
566 1538 715 1574 Scriptum
730 1538 844 1574 profert,
864 1539 891 1565 in
908 1538 970 1573 qui-

187 1585 238 1612 bus
249 1584 477 1619 evangelistarum
493 1584 607 1619 quilibet
621 1584 654 1611 de
668 1584 870 1611 resurrectione
878 1583 970 1610 Domi-

186 1631 248 1658 nica
264 1631 397 1664 loquitur,
414 1638 446 1658 ac
459 1638 519 1657 eam
536 1638 597 1664 qua:
619 1631 689 1657 inter
703 1630 777 1665 ipsos
792 1629 901 1657 videtur
913 1637 972 1657 esse

187 1676 398 1711 discrepantiam
422 1677 572 1710 componit.
593 1676 682 1711 Atque
706 1677 738 1703 ad
758 1675 898 1708 haac:Qui
911 1676 973 1710 qui-

187 1722 249 1748 dem
272 1726 334 1748 ante
355 1722 444 1749 noclis
455 1722 573 1748 medium
601 1722 712 1749 solvunt
726 1722 873 1756 jejunium,
889 1722 972 1749 veluti

189 1772 391 1802 contemptores
426 1768 693 1803 intcmperantesque
728 1768 972 1803 reprehendimus,

189 1814 289 1849 quippe
313 1815 440 1850 exiguum
457 1815 490 1842 ad
506 1819 612 1850 tempus
635 1814 734 1850 jejuuii
751 1822 862 1841 cursutn
875 1814 973 1842 dissol-

189 1865 273 1894 vunt;
287 1860 407 1895 quivcro
416 1860 449 1888 ad
462 1865 588 1895 quartam
601 1862 688 1895 uSque
705 1861 835 1896 vigiliam,
854 1861 905 1887 hoc
921 1865 972 1894 est,

188 1906 354 1933 matutinum
379 1909 485 1941 tempus
504 1906 610 1934 fortiter
639 1907 787 1939 abstinent,
804 1914 852 1934 eos
874 1906 974 1941 proba-

189 1959 251 1980 mus
263 1960 270 1979 :
281 1952 303 1979 si
319 1952 365 1986 qui
381 1961 447 1980 vero
462 1958 524 1988 post
539 1952 658 1980 mediam
675 1957 783 1980 noctem
801 1953 973 1986 quieverunt,

189 1999 242 2026 hoc
253 2002 295 2026 est
308 1998 479 2026 afﬂictioncm
489 2007 521 2026 ex
537 1999 642 2034 jejunio
656 1998 805 2034 profectam
820 2003 849 2026 ut
864 2003 975 2033 potuere

189 2046 362 2080 sedavcrunt,
373 2045 416 2078 iis,
428 2045 525 2080 inquit,
540 2045 608 2072 nihil
619 2045 726 2072 molesti
739 2045 842 2079 simus;
858 2045 915 2073 hoc.
922 2049 975 2078 est,

190 2091 257 2118 nihil
276 2095 318 2119 est
337 2092 410 2126 quod
426 2099 484 2124 eos,
501 2091 566 2126 quia
585 2091 690 2124 nonad
710 2091 873 2118 matutinum
890 2098 977 2126 usque

190 2142 297 2172 tempus
307 2137 524 2172 perduraverint,
537 2144 713 2164 accusemus:
727 2137 791 2171 quia
806 2144 853 2164 ser
868 2143 976 2171 quoque

1020 211 1143 238 τιοῦσθαι
1159 212 1214 243 τοῖς
1227 211 1319 237 κανόσι
1335 212 1390 242 τοῖς
1405 211 1607 248 διοριζομένοις
1625 209 1705 237 κατὰ
1721 209 1770 240 τὰς
1779 219 1807 236 κο

1023 256 1172 291 ριωνύμους
1185 257 1221 292 μὴ
1236 255 1376 291 νηστεύειν
1386 258 1469 292 ἡμᾶς.
1485 257 1546 284 Κᾶν
1560 257 1620 292 γὰρ
1633 256 1720 291 τρίτη
1735 256 1816 290 ἡμέρα

1020 303 1187 338 λογίζηταιὴ
1209 303 1388 339 κυριώνυμος,
1405 303 1460 329 ἀλλ’
1476 304 1517 335 εἰς
1536 303 1623 339 μόνον
1646 303 1681 328 τὸ
1705 302 1818 337 ἅψασθαι

1019 347 1121 382 ταύτης
1145 348 1193 383 τὴν
1209 348 1356 384 τριήμερον
1380 348 1538 380 ἀνάστασιν,
1556 347 1710 382 λογίζεται
1734 346 1816 382 τρίτη·

1021 393 1115 430 πρώτη
1130 394 1183 430 γάρ
1207 395 1281 420 ἐστι·
1296 395 1343 421 καὶ
1357 394 1511 426 ἀκολούθως
1530 394 1571 429 τῷ
1590 393 1639 420 πθ⁹
1658 393 1756 420 κανόνι
1775 393 1817 427 τῆς

1021 440 1050 466 ἐν
1118 439 1243 476 Τρούλλῳ
1258 440 1376 471 συνόδου,
1393 440 1454 474 λέγε
1469 440 1522 475 πρὸ
1539 441 1592 475 τῆς
1610 439 1739 475 ἑϐδόμης
1751 437 1817 474 ὧρας

1020 485 1067 512 τοῦ
1081 485 1236 520 νυκτερινοῦ
1252 485 1390 513 Σαϐὃάτου
1402 485 1519 521 ὀφείλειν
1540 486 1620 521 ἡμᾶς
1638 485 1817 520 ἀπονηστίξεσ

1022 530 1083 558 σθαι
1098 531 1126 558 ἐν
1143 531 1187 567 οἵᾳ
1201 531 1260 568 ὥρᾳ
1276 531 1382 567 θελήσει
1402 540 1444 564 τις
1459 532 1514 558 τῶν
1531 532 1562 565 ἓξ
1585 531 1714 567 πρώτων
1733 530 1816 566 ὡρῶν,

1021 577 1129 610 πάντως
1148 577 1218 604 κατὰ
1231 577 1278 613 τὴν
1295 578 1397 605 οἰκείαν
1414 577 1527 614 δύναμιν
1544 578 1594 604 καὶ
1615 577 1792 613 προαίρεσιν.

1056 668 1176 694 ΖΩΝΑΡ.
1199 668 1270 704 Πρὸς
1284 668 1314 694 τὸ
1331 667 1460 704 ἐρώτημα
1473 667 1553 694 τοῦτο
1575 668 1665 703 φησιν
1689 669 1704 694 ό
1720 668 1817 702 Epeo-7.,—

1022 713 1088 744 οεὶς,
1103 713 1152 739 ὅτι·
1171 712 1318 748 Ἐξῄτησας
1329 713 1430 749 ἀκριϐῆ
1448 713 1510 749 ὅρον
1532 713 1714 747 ἐπιτεθῆναι,
1737 712 1816 747 ἤγουν

1022 760 1122 787 κανόνα
1134 761 1181 787 καὶ
1195 759 1279 786 τύπον
1289 759 1440 795 ὁρισθῆναι,
1458 761 1504 786 καὶ
1518 758 1734 794 σαφηνισθῆναι
1745 760 1819 793 ἀκρι-

1022 805 1076 837 ϐῶς
1093 805 1140 841 τὴν
1169 805 1244 841 ὥραν
1263 805 1312 841 τῆς
1333 805 1508 838 ἀναστάσεως
1529 805 1577 832 τοῦ
1603 805 1732 840 Κυρίου,
1756 805 1818 839 δερ

1021 850 1067 877 καὶ
1079 850 1206 877 δύσκολον
1224 850 1272 877 καὶ
1293 850 1424 886 σφαλερόν
1441 851 1530 877 ἐστιν·
1548 851 1589 877 ὅτι
1610 850 1665 886 μὲν
1682 851 1741 886 γὰρ
1756 850 1818 885 μετά

1021 896 1050 923 τὸ
1061 896 1209 931 ἀναστῆναι
1224 896 1271 922 τὸν
1285 896 1388 932 Κύριον
1402 896 1451 931 τῆς
1461 896 1559 931 ἑορτῆς
1572 896 1626 931 τῆς
1639 896 1818 926 ἀναστάσεως

1020 941 1151 978 ἄρχεσθαι
1167 943 1217 973 δεῖ,
1235 942 1287 974 ἕως
1303 941 1398 969 τούτου
1419 941 1612 977 νηστεύοντας,
1634 941 1687 968 καὶ
1711 941 1761 973 τὰς
1774 942 1818 976 ψ)-

1020 989 1070 1024 χὰς
1085 989 1170 1020 οὕτως
1188 988 1389 1021 ταπεινοῦντας,
1415 989 1446 1015 Ἦ
1469 989 1524 1024 γὰρ
1543 988 1587 1015 διὰ
1614 988 1668 1023 τῆς

1019 1035 1182 1067 ταπείνωσις
1197 1034 1244 1062 τοῦ
1261 1034 1397 1070 σώματος,
1412 1034 1455 1061 διὰ
1470 1034 1518 1070 τὴν
1535 1034 1586 1069 τῆς
1604 1034 1705 1070 ψυχῆς
1725 1035 1817 1068 Erum:-

1019 1081 1125 1108 δεύεται
1141 1082 1320 1108 ταπείνωσιν·
1343 1080 1381 1113 ὡς
1396 1082 1452 1115 εῐγε
1471 1080 1618 1116 ἐπηρμένη
1643 1081 1691 1115 εἴη
1711 1080 1761 1106 τοῦ
1774 1089 1814 1114 νη-

1021 1128 1161 1160 στεύοντος
1185 1128 1202 1163 ὴ
1223 1127 1307 1164 ψυχὴ,
1334 1127 1436 1163 ματαία
1461 1128 1478 1163 ἡ
1503 1127 1617 1163 νηστεία
1645 1127 1725 1159 ἐστὶ,
1745 1125 1816 1152 vim

1020 1173 1242 1209 ὁμολογούμενον.
1274 1173 1386 1206 Ἐπάγει
1408 1171 1437 1198 δὲ
1453 1172 1494 1200 ὅτι
1518 1172 1574 1198 ὅσοι
1599 1171 1676 1206 πρὸς
1701 1171 1734 1197 τὸ
1756 1180 1816 1206 μνη-

1023 1221 1097 1256 μεῖον
1111 1219 1242 1255 ἀπῆλθον,
1256 1219 1411 1246 ἀναστάντα
1424 1218 1473 1254 ἤδη
1487 1215 1565 1254 εὗρον
1578 1217 1627 1244 τὸν
1644 1217 1756 1253 Κύριον
1765 1226 1772 1232 ·
1786 1218 1817 1252 μὴ

1020 1266 1173 1300 διαφωνεῖν,
1189 1266 1266 1300 φησι,
1282 1265 1330 1292 καὶ
1344 1263 1532 1292 ἐναντιοῦσθαι
1548 1263 1683 1299 ἀλλήλοις
1701 1263 1818 1298 δόξωμεν

1020 1312 1083 1343 τοὺς
1099 1310 1304 1346 εὒαΠελιπάς,
1321 1311 1363 1337 δτι
1377 1309 1586 1346 συμφωνοῦντες
1606 1310 1677 1345 περὶ
1692 1310 1746 1345 τῆς
1759 1310 1818 1336 ἀνα-

1022 1357 1142 1388 στάσεως
1157 1357 1195 1388 ὡς
1206 1357 1235 1383 ὲν
1250 1356 1340 1392 ἐκείνῃ
1356 1357 1389 1392 τῇ
1403 1356 1481 1382 νυκτὶ
1495 1354 1541 1381 τοῦ
1556 1355 1668 1390 Κυρίου
1686 1355 1819 1382 ἀναστάν-

1022 1411 1076 1436 τος,
1098 1402 1147 1439 τὴν
1166 1402 1241 1439 ὥραν
1261 1402 1322 1429 καθ’
1338 1402 1372 1437 ἢν
1388 1401 1487 1437 ἀνέστη
1507 1400 1603 1434 σαφῶς
1624 1401 1657 1427 οὐ
1682 1401 1817 1435 λέγουσιν.

1022 1448 1088 1477 Εἶτα
1110 1449 1157 1477 καὶ
1171 1449 1241 1477 αὐτὰ
1254 1448 1289 1475 τὰ
1311 1449 1421 1484 ῥήματα
1437 1447 1453 1483 ἢ
1479 1447 1580 1483 μᾶλλον
1598 1446 1637 1473 τὰ
1655 1448 1754 1483 χωρία
1775 1447 1818 1482 τῆς

1021 1495 1132 1532 Γραφῆς
1146 1494 1252 1530 τίθησιν
1262 1514 1269 1526 ,
1284 1494 1334 1521 ὃσα
1352 1494 1467 1525 ἕκαστος
1487 1493 1540 1520 τῶν
1554 1493 1766 1527 εὐαγγελιστῶν
1779 1493 1816 1519 λέ-

1021 1553 1064 1578 γει
1076 1543 1140 1578 περὶ
1151 1543 1200 1578 τῆς
1212 1541 1388 1572 ἀναστάσεως
1398 1540 1446 1567 τοῦ
1458 1540 1572 1576 Κυρίου,
1586 1540 1637 1567 καὶ
1652 1539 1816 1576 ωμὸιὸἀζει

1021 1588 1069 1624 τὴν
1093 1587 1224 1614 δοκοῦσαν
1251 1586 1399 1621 διαφωνίαν
1427 1585 1526 1612 αὐτῶν.
1554 1585 1610 1611 Καὶ
1627 1583 1687 1612 ’ἐπὶ
1719 1586 1817 1615 τούτοις

1021 1635 1084 1666 τοὺς
1100 1633 1149 1669 μὲν
1167 1632 1219 1668 πρὸ
1231 1631 1279 1658 τοῦ
1295 1631 1472 1666 μεσονυκτίου
1489 1630 1602 1661 λύοντας
1617 1629 1669 1665 τὴν
1682 1631 1817 1666 νηστείαν,

1021 1679 1058 1712 ὡς
1071 1678 1217 1715 ὀλιγώρους
1231 1679 1278 1705 καὶ
1290 1678 1428 1714 ἀκρατεῖς,
1443 1677 1521 1713 φησι,
1534 1676 1719 1712 μεμιξόμεθα,
1737 1676 1775 1708 ὡς
1789 1677 1818 1703 δι’

1023 1725 1114 1760 ὀλίγην
1127 1723 1201 1760 ὥραν
1224 1723 1269 1751 τὸν
1283 1723 1383 1759 δρόμον
1401 1722 1451 1757 τῆς
1470 1721 1595 1757 νηστείας
1615 1721 1815 1752 καταλύοντας·

1023 1770 1085 1802 τοὺς
1099 1769 1127 1796 δὲ
1147 1770 1225 1806 μέχρι
1238 1768 1369 1804 τετάρτης
1380 1767 1513 1802 φυλακῆς,
1529 1767 1587 1802 ἦτοι
1603 1766 1711 1802 ὄρθρου
1724 1767 1818 1801 ἐγκαρ-

1023 1815 1169 1853 τεροῦντας
1186 1815 1383 1850 ἀποδεχόμεθα.
1405 1815 1437 1841 Et
1456 1814 1485 1840 δέ
1500 1821 1573 1845 τινες
1598 1813 1672 1848 μετά
1694 1814 1726 1839 τὸ
1744 1821 1817 1848 μετο-

1024 1863 1134 1891 νύκτιον
1155 1861 1354 1894 ἀνεπαύσαντο,
1379 1861 1463 1896 ήγουν
1483 1859 1534 1894 τὴν
1562 1858 1758 1885 κακοπάθειαν
1774 1859 1815 1892 τὴν

1024 1910 1057 1936 ὲκ
1079 1909 1128 1944 τῆς
1149 1908 1277 1944 νηστείας
1298 1907 1419 1933 ἔπαυσαν
1442 1905 1479 1937 ὡς
1499 1904 1688 1940 ἠδυνήθησαν,
1706 1904 1815 1934 τούτοις,

1025 1953 1103 1989 φησὶ,
1120 1954 1156 1988 μὴ
1171 1952 1322 1988 ἐνοχλῶμεν
1339 1951 1411 1987 (ἀντὶ
1422 1951 1480 1982 τοῦ,
1498 1950 1536 1985 μὴ
1549 1951 1591 1976 ὁτι
1607 1950 1662 1980 ἕως
1683 1949 1757 1985 πρωῒ
1774 1949 1816 1974 ei:

1025 1999 1212 2035 ἐκαρτέρησαν
1226 1997 1376 2032 αἰτιώμεθα
1389 1997 1508 2030 αὐτοὺς),
1521 1997 1561 2023 ὅτι
1573 1995 1635 2022 οὐδὲ
1648 1995 1701 2027 τὰς
1714 1995 1744 2028 ἑξ
1757 1995 1816 2030 ἡμὲ-

1027 2053 1075 2081 ρας
1098 2044 1147 2080 τῆς
1163 2043 1210 2070 τοῦ
1235 2042 1337 2075 πάθους
1358 2041 1405 2069 τοῦ
1426 2041 1530 2077 Κυρίου
1550 2040 1703 2076 ἑὸδομάδος
1725 2040 1815 2069 mire;

1025 2090 1125 2126 ὁμοίως
1140 2089 1281 2117 ἀνύουσινο
1304 2090 1328 2115 οἱ
1348 2088 1397 2124 μὲν
1417 2087 1472 2123 γὰρ
1494 2087 1544 2118 τὰς
1561 2087 1655 2117 πάσας
1677 2086 1815 2121 νηστεύον-

1027 2145 1078 2168 σιν,
1095 2136 1119 2162 οἱ
1133 2135 1162 2162 δὲ
1175 2135 1221 2162 δύο
1237 2134 1253 2170 ἢ
1269 2135 1354 2170 τρεῖς,
1374 2134 1400 2160 οι
1416 2133 1445 2160 δὲ
1461 2132 1581 2164 πλείους,
1596 2132 1623 2158 oi
1636 2132 1666 2160 δὲ
1683 2131 1812 2166 οὐδεμίαν.

190 2182 249 2210 dies
262 2182 321 2217 ejus
339 2182 516 2210 hebdomadas
530 2190 584 2217 qua
598 2190 696 2218 passus
710 2186 752 2209 est
764 2181 905 2215 Dominus,
920 2189 970 2209 non

1056 2181 1089 2212 at;
1107 2178 1153 2207 οὖν
1167 2181 1213 2206 ἐπὶ
1229 2179 1336 2210 πλείους
1355 2178 1461 2215 ἡμέρας
1477 2177 1644 2213 νηστεύσασι
1661 2178 1713 2204 καὶ
1729 2177 1813 2204 κοπιά-

192 2236 288 2256 omnes
308 2229 405 2256 eodem
426 2229 508 2256 modo
535 2229 700 2264 transigunt.
716 2227 783 2255 Nam
805 2228 850 2255 alii
865 2228 975 2263 quidem

191 2282 288 2302 omnes
305 2275 440 2310 jcjuuant,
467 2275 514 2302 alii
541 2282 607 2302 vero
623 2275 703 2308 duos,
724 2279 824 2306 tresve,
841 2274 886 2301 alii
912 2282 977 2302 vero

192 2321 295 2356 plures,
308 2321 353 2348 alii
366 2329 449 2355 porro
462 2328 495 2348 ne
519 2328 603 2348 unum
617 2320 736 2355 quidem.
754 2319 789 2346 lis
803 2327 868 2354 ergo
880 2319 928 2354 qui
944 2320 978 2346 ad

193 2367 286 2402 plures
298 2367 356 2394 dies
371 2367 575 2402 jejunaverunt,
588 2357 761 2401 ampliusque
775 2365 977 2398 laboraverunt,

193 2413 218 2440 si
243 2412 324 2440 citius
344 2413 433 2440 cibum
460 2412 647 2447 degustarint,
667 2411 845 2448 ignoscimus.
875 2410 904 2438 Si
931 2411 978 2446 qui

193 2465 259 2486 vero
269 2465 324 2485 non
336 2458 416 2485 modo
429 2457 487 2485 dies
515 2458 619 2493 aliquot
634 2458 707 2485 haud
723 2457 893 2493 jejunarunt,
911 2458 977 2492 quin

195 2504 285 2539 potius
303 2503 364 2531 aliis
386 2509 504 2538 quatuor
521 2503 700 2532 hebdomadas
723 2504 820 2531 diebus
836 2503 979 2530 luxuriose

194 2550 332 2584 vixerunt,
349 2550 376 2577 in
392 2549 543 2577 Parasceve
562 2554 651 2577 autem
676 2553 703 2577 et
732 2549 851 2576 Sabbato
872 2556 888 2576 a
917 2549 978 2576 cibo

195 2596 396 2629 abstinuerunt,
417 2603 449 2623 ac
463 2603 591 2631 magnum
604 2595 734 2630 quiddam
753 2595 843 2622 facere
863 2602 893 2622 se
905 2594 980 2622 arbi-

198 2646 302 2670 trantur
328 2642 351 2670 si
375 2649 462 2677 usque
488 2642 521 2669 ad
552 2641 714 2669 matutinam
735 2642 830 2668 horam
850 2641 904 2668 diei
932 2640 979 2675 qui

197 2688 398 2716 resurreCtiene
426 2695 504 2716 sacer
530 2692 583 2721 est,
605 2688 691 2723 jejuni
719 2691 902 2723 perseverent,
924 2694 980 2714 non

198 2734 298 2768 simile,
317 2734 416 2770 inquit,
439 2739 578 2763 certamen
602 2734 829 2770 perﬁciuntzhoc
852 2738 905 2766 est,
926 2741 981 2761 non

200 2779 304 2814 pariter
315 2780 486 2813 laborarunt,
500 2781 533 2808 iis
548 2779 595 2815 qui
611 2787 641 2808 se
662 2780 789 2815 pluribus
802 2779 898 2808 diebus
907 2778 980 2814 jeju-

1029 2234 1090 2253 σασι
1110 2225 1209 2261 μᾶλλον
1225 2225 1249 2251 εί
1263 2224 1410 2260 ταχύτερον
1426 2222 1569 2258 γεὺσονται
1582 2222 1692 2258 τροφῆς
1706 2221 1811 2257 συγγὺ

1030 2280 1088 2306 μεν.
1102 2271 1133 2298 Εἰ
1154 2269 1183 2296 δέ
1199 2278 1271 2301 τινες
1286 2269 1316 2296 οὺ
1329 2269 1408 2304 μόνον
1424 2268 1468 2302 ἐφ’
1478 2267 1585 2303 ἡμέρας
1598 2267 1680 2299 τινὰς
1699 2268 1749 2294 οὐκ
1761 2267 1812 2300 svi;-

1030 2326 1155 2349 στευσαν,
1177 2316 1245 2343 ἀλλά
1271 2316 1318 2342 καὶ
1337 2314 1496 2351 ἐτρύφησαν
1522 2314 1573 2346 τὰς
1596 2314 1702 2350 ἑτέρας
1725 2315 1811 2340 τέσσα-

1031 2372 1079 2399 ρας
1103 2363 1152 2399 τῆς
1183 2362 1326 2397 ἑϐδομάδος
1361 2361 1489 2397 ἡμέρας,
1520 2360 1593 2387 κατὰ
1623 2360 1653 2386 δὲ
1686 2361 1736 2395 τὴν
1766 2360 1811 2386 Ih-

1031 2409 1166 2446 ρασκευὴν
1196 2409 1242 2435 καὶ
1269 2408 1299 2434 τὸ
1323 2406 1460 2434 Σάδῦατον
1483 2406 1638 2442 ἀπέσχοντο
1673 2406 1811 2442 βρώσεως,

1032 2457 1078 2483 καὶ
1094 2456 1165 2491 μέγα
1178 2464 1204 2481 τι
1220 2456 1307 2481 ποιεῖν
1325 2453 1491 2489 νομίζουσιν,
1506 2454 1531 2479 εί
1547 2453 1630 2489 μέχρι
1647 2454 1756 2489 πρωῐας
1771 2452 1812 2486 τῆς

1031 2502 1215 2537 ἀναστασίμου
1230 2501 1336 2536 ἡμέρας
1347 2501 1599 2536 ἑγκαρτερήσουσιν
1613 2500 1718 2531 ἄσιτοι,
1735 2500 1762 2526 οὐ

1031 2549 1125 2584 ὁμοίαν
1140 2547 1252 2583 ἄθλησιν
1265 2545 1418 2572 ποιοῦνται·
1432 2546 1582 2578 τουτέστιν,
1598 2546 1651 2581 οὐχ
1664 2546 1766 2581 ὁμοίως
1774 2553 1809 2571 ισ-

1033 2594 1180 2621 κοπιὰκασι
1206 2594 1263 2625 τοῖς
1283 2591 1409 2623 πλειόνας
1429 2591 1540 2627 ἡμέρας
1560 2592 1715 2627 ἀσκήσασι.
1738 2591 1810 2618 Καὶό

1034 2640 1077 2667 πθ¹
1104 2639 1192 2667 κανὼν
1207 2639 1257 2674 τῆς
1280 2638 1306 2671 ς’
1323 2639 1449 2669 συνόδου,
1472 2638 1537 2673 περὶ
1556 2637 1645 2672 μέσας
1662 2638 1761 2667 νύκτας
1774 2634 1809 2661 τοί

1036 2686 1152 2722 μεγάλου
1176 2684 1313 2712 Σαὸὁάτου
1337 2684 1404 2719 φησι
1427 2684 1482 2710 δεῖν
1507 2682 1750 2719 ἀπονηστίζεσθαι.
1772 2683 1811 2711 τὰς

1035 2732 1116 2764 ἄλλας
1129 2731 1234 2767 ἡμέρας
1255 2730 1304 2765 τῆς
1319 2729 1466 2765 ἑϐδομάδος
1479 2728 1529 2755 τοῦ
1546 2729 1653 2761 πάθους
1668 2731 1699 2756 ὲν
1717 2728 1811 2764 νηστείᾳ

1036 2779 1083 2804 καὶ
1100 2777 1236 2813 προσευχῇ
1252 2776 1298 2803 καὶ
1314 2775 1458 2808 κατανύξει
1473 2774 1631 2809 διάγοντας.

202 2827 248 2854 nio
262 2831 453 2855 exercuerunt.
468 2826 564 2855 Nonus
576 2834 685 2862 quoque
699 2835 780 2862 supra
792 2827 985 2862 octogesimum
1004 2831 1086 2854 seum
1109 2824 1203 2859 synodi
1231 2831 1328 2857 canon,
1347 2815 1452 2850 circiter
1466 2821 1589 2849 mediam
1605 2822 1699 2857 magni
1716 2819 1809 2847 Sabina
