1844 3047
51 88 124 115 ίῖὅι

440 89 607 117 EPISTULA
627 89 800 119 CANONICA
819 92 864 119 AD
881 91 1062 119 BASILIDEM
1083 92 1286 122 EPlSCOPUM.

1605 97 1674 124 taxa

48 154 175 183 noctem,
187 149 321 186 jejunium
344 151 503 179 solvendum
530 153 638 184 asserit,
658 153 778 190 reliquos
790 154 963 182 hebdomadas
976 163 1028 189 qua
1044 155 1169 182 Christus
1180 163 1278 191 passus
1291 159 1332 183 est
1348 155 1417 187 dies,
1430 161 1456 183 et
1469 155 1495 183 lu
1517 159 1674 191 precatione

44 202 79 224 et
96 197 188 225 cordis
202 199 408 233 compunctione
431 204 599 234 peragentes.

37 275 47 284 -
362 246 481 273 ΚΑΝΩΝ
494 248 529 273 B’.

88 290 159 325 Περὶ
173 290 206 317 δὲ
218 290 275 318 τῶν
286 291 321 318 ἐν
339 291 516 328 ἀρέδρῳωὸ)
531 293 689 328 γυναικῶν,
703 295 731 321 εί
740 302 833 329 προσ-

46 333 127 369 ῆκεν
138 337 231 370 αὐτὰς
247 337 322 364 οὕτω
339 337 522 373 διακειμένας
540 341 583 373 εὶς
605 340 659 367 τὸν
678 338 761 367 οἶκον
773 343 834 367 εὶσ-

45 382 129 409 ιέναι
154 383 208 410 τοῦ
237 384 322 415 Θεοῦ,
350 385 488 418 περιττὸν
505 385 539 412 δὲ·
565 387 598 412 τὸ
631 386 833 414 πυνθάνεσθαι

42 428 166 462 νομίζω.
182 429 257 456 οὐδὲ
267 429 322 464 γὰρ
335 430 428 463 αὐτὰς
441 430 530 465 οἶμαι,
546 432 653 465 πιστὰς
670 433 765 465 οὔσας
784 433 832 460 καὶ

41 473 199 507 εὐλαϐεῖς,
222 475 384 509 τολμήσειν
414 476 507 510 οὕτως
530 476 713 512 διακειμένας
726 499 732 510 ,
758 479 776 513 ἢ
796 479 833 514 τῇ

41 519 177 555 τραπέζῃ
201 520 239 555 τῇ
268 521 337 555 ἁγίᾳ
362 523 550 556 προσελθεῖν,
569 523 587 558 ἢ
617 525 669 551 τοῦ
699 524 833 559 σώματος

41 566 96 592 καὶ
123 566 177 593 τοῦ
211 567 334 601 αἵματος
363 568 416 595 τοῦ
452 570 582 603 Χριστοῦ
606 571 830 605 προσάψασθαι.

43 611 128 638 Οὐδὲ
143 612 197 646 γὰρ
222 613 241 646 ὴ
267 613 322 647 τὴν
340 613 505 650 δωδεκαετῆ
516 616 609 650 ῥῦσιν
629 616 742 650 ἔχουσα
757 617 832 651 πρὸς

39 658 106 691 τὴν
134 658 217 685 ἴασιν
239 659 337 694 ἔθιγεν
354 661 457 688 αὑτοῦ·
474 661 555 689 ἀλλὰ
579 662 674 697 μόνου
689 663 741 690 τοῦ
760 672 830 697 κρα-

39 703 175 732 σπέδου.
206 706 428 740 Προσεύχεσθαι
452 706 511 742 μὲν
536 707 592 742 γὰρ
609 708 687 742 ὅπως
714 708 751 735 ἂν
776 710 830 745 ἔχῃ

38 758 101 783 τις,
120 751 169 777 καὶ
186 751 225 784 ὡς
239 751 276 779 ἂν
296 752 447 785 διάκειται,
466 754 635 788 μεμνῆσθαι
653 755 705 782 τοῦ
720 756 830 782 Δεσπό‹

38 804 110 827 του,
130 796 178 823 καὶ
190 795 303 824 δεῖσθαι
317 797 460 832 βοηθείας
481 798 592 834 τυχεῖν,
620 799 829 834 ἀνεπίφθονον.

39 842 99 874 Εις
113 841 149 868 δὲ
163 842 199 869 τὰ
214 842 299 877 "Aria
310 843 369 870 τῶν
382 844 484 878 ἁγίων,
501 846 517 872 ὀ
537 844 581 879 μὴ
594 845 690 880 πάντη
703 847 831 880 καθαρὸς

38 888 94 914 καὶ
135 887 221 923 ’ψυχῇ
253 889 302 916 καὶ
335 890 468 924 σώματι,
504 891 658 925 προσιέναι
695 892 829 926 κωλυθή-

36 941 142 960 σεται.

78 980 179 1006 ΒΑΛΣ.
196 981 228 1007 Al
262 980 401 1017 Ἐϐραῖδες
426 982 554 1016 γυναῖκες
566 982 631 1009 ὅταν
657 981 768 1018 γένηται
782 983 829 1009 αὑ-

35 1027 104 1057 ταῖς
152 1025 206 1052 τῶν
234 1027 364 1062 ἐμμήνων
392 1026 479 1064 ῥῦσις,
497 1029 525 1054 ὲν
546 1028 619 1064 τόπῳ
648 1029 829 1065 μεμονωμένῳ

35 1071 208 1107 καθήμεναι,
224 1072 412 1108 ἡσυχάζουσιν,
426 1073 478 1105 ἕως
495 1073 528 1100 ἂν
551 1074 651 1110 ἡμέραι
675 1075 743 1102 ἑπτὰ
759 1084 829 1110 παρ-

42 1117 159 1150 έλθωσι,
180 1119 254 1154 καὶὴ
269 1119 322 1146 τῶν
338 1120 467 1155 ἐμμήνων
489 1119 566 1155 ρὗις
593 1120 754 1157 καθαρισοῇ’
768 1121 829 1148 ὅθεν

35 1163 172 1198 εἴληπται
185 1163 216 1189 τὸ
226 1164 260 1190 ἐν
275 1164 402 1198 ἀφέδρῳ,
426 1166 486 1200 ήτοι
513 1165 542 1192 τὸ
565 1166 728 1202 κεχωρίσθαι
745 1167 828 1199 αὐτὰς

35 1208 99 1236 ἀπὸ
111 1209 162 1245 τῆς
176 1209 229 1236 τῶν
242 1209 340 1236 λοιπῶν
354 1210 445 1246 ἕδρας,
459 1211 495 1243 ὡς
512 1211 690 1247 ἀκαθάρτους.
711 1213 828 1249 Ἐρωτη-

35 1255 100 1287 θεὶς
116 1252 163 1282 οὗν
187 1256 201 1282 ὸ
215 1256 290 1290 ἅγιος
304 1256 367 1292 περὶ
381 1257 434 1283 τῶν
450 1257 553 1284 πιστῶν
579 1257 723 1292 γυναικῶν,
740 1260 764 1285 εἰ
775 1258 828 1295 χρὴ

34 1300 145 1332 ταύτας
158 1301 222 1328 ὅταν
238 1301 288 1328 ὑπὸ
298 1301 351 1328 τῶν
366 1303 493 1339 ἐμμήνων
508 1303 648 1338 ὀχλῶνται,
662 1303 773 1330 εἰσιέναι
789 1305 828 1336 εὶς

34 1347 200 1383 ἐκκλησίαν,
215 1348 348 1384 ἀπεκρίθη
367 1349 403 1384 μὴ
417 1349 472 1375 δεῖν
485 1349 562 1376 τοῦτο
575 1350 705 1384 γίνεσθαι,
718 1351 763 1377 καὶ
779 1351 828 1387 τὴν

35 1394 70 1420 ὲν
86 1393 129 1428 τῷ
141 1393 298 1429 Εὑαγγελίῳ
327 1395 524 1430 αἱμορροοῦσα-ι
546 1397 705 1432 παρήγαγεν
721 1398 760 1429 εἰς
773 1406 826 1424 πι-

35 1438 190 1473 ράδειγμα,
208 1438 244 1474 μὴ
259 1439 434 1475 τολμήσασαν
464 1439 535 1472 θίξαι
551 1440 597 1467 τοῦ
610 1441 721 1476 Κυρίου,
738 1442 794 1468 ἀλλ’
808 1441 825 1478 ἥ

35 1483 126 1518 μόνου
139 1483 185 1510 τοῦ
201 1484 353 1520 κρασπέδου
368 1484 460 1511 αὐτοῦ.
489 1484 623 1520 Εὖχεσθαι
650 1486 698 1522 μὲν
712 1487 764 1523 γὰρ
780 1487 827 1514 καὶ

32 1530 86 1556 τοῦ
101 1530 205 1565 Κυρίου
220 1530 386 1566 μεμνῆσθαι,
403 1531 494 1566 φησὶν,
509 1532 561 1557 οὐδ’
572 1532 600 1558 ὲν
615 1532 726 1568 τοιούτῳ
739 1533 827 1569 καιρῷ

32 1575 255 1612 κωλυθήσονται·
271 1577 311 1608 εἰς
322 1577 385 1604 ναὸν
401 1577 428 1603 δὲ
443 1577 509 1603 Θεοῦ
521 1578 633 1604 εἰσιέναι
653 1578 669 1613 ἦ
688 1579 825 1614 μεταλαμ-

33 1622 134 1649 ῆάνειν
157 1621 241 1654 αὑτὰς
268 1622 322 1648 τῶν
338 1623 524 1658 ἁγιασμάτων,
539 1624 569 1649 οὺ
601 1623 648 1650 δεῖ.
667 1623 759 1650 Ταῦτα
775 1625 822 1651 τοῦ

33 1667 161 1703 μεγάλου
176 1667 323 1704 ἀρχιερέως
335 1668 532 1704 διορισαμένου,
554 1668 688 1704 βλέπομεν
706 1670 824 1706 σήμερον

31 1714 75 1745 εἰς
86 1713 124 1740 τὰ
136 1715 275 1748 γυναικεῖα
286 1713 332 1740 καὶ
344 1713 442 1749 μᾶλλον
457 1715 622 1750 μοναστήρια
639 1715 721 1747 ἀδεῶς
735 1715 824 1742 τοιαύ-

30 1769 86 1791 τας
101 1759 249 1794 ἱσταμένας
262 1761 393 1794 γυναῖκας
408 1760 448 1791 είς
463 1759 526 1792 τοὺς
538 1761 671 1796 προνάους
684 1762 823 1794 παντοίαις

29 1805 132 1840 ἁγίαις
146 1805 231 1832 εἰκόσι
250 1805 531 1841 κεκαλλωπισμένους,
556 1806 603 1833 καὶ
615 1807 655 1839 εἰς
671 1807 823 1842 δοξολογίαν

28 1852 106 1878 Θεοῦ
121 1852 348 1888 ἀπονεμηθέντας·
365 1853 413 1879 καὶ
433 1852 585 1888 ἐρωτῶντες
601 1854 675 1886 ὅπως
689 1854 767 1881 τοῦτο
780 1855 823 1889 γί-

28 1907 125 1931 νεται,
140 1898 275 1934 ἀκούομεν
301 1898 337 1934 μὴ
359 1898 548 1934 ἐκκλησιάζειν
564 1899 656 1931 αὑτὰς,
679 1900 746 1936 ὅπερ
761 1900 822 1936 ἐμοὶ

27 1945 108 1977 τέως
121 1944 152 1971 οὐ
165 1945 245 1972 δοκεῖ.
265 1945 301 1971 Οὐ
314 1944 368 1980 γάρ
380 1945 447 1971 εἰσιν
472 1945 496 1971 οἱ
521 1945 632 1981 πρόναοι
645 1947 728 1973 κοινοὶ
739 1946 776 1978 ὼς
787 1947 822 1974 τὰ

26 1992 88 2019 τῶν
103 1989 254 2026 ἐκκλησιῶν
269 1990 411 2026 προαύλια,
428 1990 495 2018 ἀλλά
519 1983 603 2026 μέρος
620 1991 709 2018 αὐτῶν
725 1993 821 2019 ἀπονε-

28 2037 123 2074 μηθὲν
137 2038 196 2068 ταῖς
211 2036 316 2070 γυναιξὶ
334 2037 394 2068 ταῖς
410 2036 447 2072 μὴ
473 2036 655 2072 κωλυομέναις
676 2038 821 2074 ἐκκλησιά-

25 2085 102 2117 ζειν.
124 2084 172 2114 ’ος
181 2082 212 2118 δὴ
226 2082 352 2118 πρόναος,
362 2082 443 2114 τόπος
452 2082 579 2117 δευτέρας
595 2083 652 2109 ἐστὶ
667 2084 818 2118 μετανοίας,

30 2129 118 2159 ὁτῶν
144 2129 324 2164 ἀκροωμένων
348 2128 500 2163 λεγόμενος.
530 2128 585 2155 Καὶ
605 2129 634 2155 ὲν
663 2129 737 2164 αὑτῷ
759 2129 819 2156 οὐδὲ

25 2174 164 2210 ἀνδράσιν
188 2174 291 2207 ἐφεῖται
307 2172 443 2203 ἵστασθαι,
471 2172 654 2208 ὲπιτιμηθεῖσι
668 2173 705 2208 μὴ
721 2174 819 2209 ἐκκλη-

26 2219 152 2252 σιάζειν,
169 2218 235 2245 ἀλλὰ
248 2219 345 2251 ἔξωθεν
359 2217 441 2245 αὑτοῦ
458 2218 642 2253 προσ-κλαίειν.
665 2219 737 2246 Ἔδει
752 2219 816 2253 γοῦν

1196 248 1309 276 ΟΑΝΟΝ
1329 249 1360 276 ll.

922 294 961 321 De
983 294 1136 321 mulieribus
1157 300 1244 321 autem
1262 303 1321 330 qua:
1341 299 1401 322 sunt
1425 295 1453 321 in
1476 294 1597 322 abscessu
1612 316 1620 329 ,
1637 305 1671 322 an

886 346 930 365 eas
942 339 980 365 sic
995 339 1103 373 aﬂ'ectas
1118 344 1236 373 oporteat
1251 339 1356 366 donzum
1372 339 1420 366 Dei
1440 339 1554 374 ingredi,
1577 348 1669 374 super-

886 391 1028 410 vacaneum
1045 384 1083 410 uel
1098 385 1260 419 interrogare
1276 385 1409 411 existimo.
1429 384 1519 419 Neque
1540 386 1609 412 enim
1625 394 1670 412 eus

885 430 1018 462 existimo,
1036 430 1058 456 si
1078 431 1131 456 sint
1146 432 1197 465 piw
1216 435 1240 458 et
1254 431 1354 465 fideles,
1368 431 1406 458 sic
1423 431 1542 466 a/fectas,
1556 440 1669 459 ausurae

885 474 924 501 vel
941 476 975 501 ad
991 480 1110 501 sanctam
1125 484 1241 502 mensam
1258 477 1389 509 accedere,
1405 477 1443 503 vel
1459 485 1550 511 corpus
1566 483 1592 504 et
1604 486 1665 504 sane

885 521 988 555 guinem
1000 521 1105 547 Domini
1116 522 1253 556 attingere.
1267 522 1354 557 Neque
1369 523 1448 556 enim,
1463 531 1522 558 qua:
1532 523 1668 550 duodecim

885 575 1015 593 annorum
1038 568 1140 601 [luxum
1162 568 1271 595 habebat
1290 568 1322 601 ³⁸,
1345 569 1430 604 ipsum
1455 570 1488 596 ad
1512 569 1668 597 medicinam

885 613 979 648 tetigit,
1000 614 1045 639 sed
1064 613 1149 639 solam
1170 614 1226 647 ejus
1246 615 1390 648 ﬁmbriam.
1412 615 1495 642 Orare
1516 616 1584 642 enim
1601 624 1667 650 quo-

884 658 1063 694 modocunque
1081 667 1108 686 se
1127 659 1222 686 habeat
1239 660 1347 695 aliquis,
1361 665 1386 687 et
1401 665 1530 696 utcunque
1547 661 1583 687 sit
1602 661 1669 695 affe-

884 708 940 730 ctus
958 704 1064 731 Domini
1079 706 1235 737 meminisse,
1255 710 1279 731 et
1296 706 1428 732 auxilium
1446 706 1599 741 implorare,
1616 715 1667 733 non

883 755 922 777 est
944 750 1190 784 reprehendendum.
1218 751 1260 777 Ad
1276 750 1375 778 Sancta
1395 757 1483 778 autem
1504 757 1668 785 sanctorum,

883 797 927 831 qui
944 805 993 824 non
1012 798 1117 824 omnino
1138 798 1227 824 anima
1247 798 1349 832 pariter
1362 803 1386 826 et
1400 806 1506 833 corpore
1520 795 1601 833 purus
1616 804 1670 832 est,

883 843 1003 870 accedere
1015 844 1203 879 prohibebitur.

914 980 993 1008 BALS.
1018 979 1158 1008 Hebraicze
1172 980 1310 1014 mulieres,
1327 981 1435 1016 quando
1450 982 1530 1009 fuerit
1544 982 1584 1010 eis
1602 990 1666 1017 pro-

879 1025 990 1053 ﬂuvium
1024 1032 1212 1058 menstruum,
1246 1026 1273 1053 in
1301 1027 1361 1054 loco
1391 1027 1514 1054 solitario
1540 1028 1665 1055 sedentes

878 1072 1033 1108 quiescunt,
1051 1073 1137 1099 donec
1148 1077 1250 1107 septem
1267 1073 1324 1100 dies
1340 1073 1530 1108 praeterierint,
1549 1078 1576 1100 et
1588 1081 1665 1101 men-

878 1124 1015 1146 struorum
1043 1119 1134 1146 ﬂuxus
1161 1123 1326 1154 expurgatus
1349 1120 1464 1146 stelerit.
1490 1118 1567 1146 Unde
1588 1127 1664 1147 acce-

878 1168 952 1199 ptum
969 1168 1009 1192 est
1029 1164 1105 1196 illud,
1126 1163 1152 1190 in
1169 1164 1302 1197 abscessu,
1318 1171 1368 1199 pro
1381 1172 1413 1192 eo
1426 1164 1498 1199 quod
1514 1170 1565 1196 est,
1584 1172 1664 1199 sepa-

878 1214 949 1236 ratas
967 1216 1027 1236 esse
1053 1209 1126 1244 ipsas
1142 1209 1164 1236 'a
1180 1209 1346 1244 reliquorum
1372 1209 1435 1236 sedc
1452 1214 1481 1236 ut
1497 1210 1661 1238 immundae.

878 1253 1062 1289 interrogatus
1079 1261 1144 1289 ergo
1159 1259 1271 1282 sanctus
1287 1254 1321 1282 de
1346 1255 1470 1282 ﬁdelibus
1491 1255 1661 1289 mulieribus,

878 1308 912 1328 an
938 1307 984 1327 eas
1007 1304 1140 1334 oporteat,
1166 1299 1275 1334 quando
1303 1307 1318 1326 a
1342 1301 1489 1328 menstruis
1515 1305 1661 1333 vexantur,

877 1345 1019 1373 ecclesiam
1035 1345 1149 1381 ingredi,
1163 1345 1303 1380 respondit
1314 1353 1367 1372 non
1382 1350 1508 1380 oportere
1520 1346 1573 1374 hoc
1587 1347 1660 1380 ﬁeri;

877 1395 903 1418 et
916 1391 1056 1418 mulierem
1076 1398 1137 1426 quae
1153 1391 1294 1426 sanguinis
1313 1391 1446 1426 proﬂuvio
1470 1392 1498 1419 in
1514 1391 1662 1428 Evangelia

876 1437 1024 1471 laborabat,
1039 1437 1066 1463 in
1082 1436 1234 1471 exemplum
1250 1437 1373 1470 adduxit,
1391 1445 1445 1465 non
1459 1445 1554 1465 ausam
1568 1438 1659 1466 Domb

876 1490 941 1509 num
969 1486 1095 1517 tangere,
1119 1483 1166 1509 sed
1193 1482 1279 1510 solam
1303 1483 1388 1517 ipsius
1407 1482 1551 1510 ﬁmbriam.
1576 1483 1661 1511 Orare

876 1528 949 1555 enim
976 1530 1003 1555 et
1027 1527 1134 1554 Domini
1159 1528 1338 1560 meminisse,
1365 1529 1472 1564 inquit,
1496 1537 1530 1556 ne
1557 1530 1584 1556 in
1608 1531 1660 1557 hoc

876 1574 983 1608 quidem
1004 1577 1125 1608 tempore
1146 1573 1378 1609 prohibebuntur;
1408 1575 1539 1610 templum
1567 1580 1658 1603 autem

876 1619 998 1655 ingredi,
1021 1619 1063 1646 vel
1084 1624 1241 1646 sanctorum
1268 1619 1341 1653 ipsas
1360 1627 1420 1646 esse
1439 1620 1583 1655 participes
1603 1628 1658 1648 non

875 1665 1010 1693 convenit.
1040 1663 1102 1692 [late
1125 1672 1187 1692 cum
1214 1664 1326 1692 antistes
1355 1665 1659 1699 delinierit,.videmus

875 1711 954 1738 hodie
972 1712 999 1738 in
1015 1711 1147 1747 gynaeeeis
1160 1715 1187 1738 et
1200 1711 1318 1738 maxime
1342 1711 1368 1738 in
1385 1712 1568 1745 monasteriis,
1589 1713 1658 1740 tales

874 1756 1001 1784 mulieres
1016 1763 1112 1783 secure
1135 1760 1207 1784 stare
1222 1757 1248 1783 in
1262 1760 1423 1791 templorum
1435 1758 1586 1791 vestibulis,
1598 1766 1659 1794 qua:

873 1801 976 1829 sanctis
993 1801 1083 1829 onmis
1102 1802 1208 1836 generis
1232 1802 1396 1837 imaginibus
1417 1810 1557 1837 exornata,
1577 1808 1604 1832 et
1621 1804 1656 1832 ad

874 1846 921 1874 Dei
944 1846 1050 1874 laudem
1073 1847 1199 1882 deputata
1222 1853 1286 1874 sunt
1304 1856 1311 1874 :
1333 1851 1437 1875 etcum
1457 1848 1657 1884 interrogamus

871 1892 1009 1928 quomodo
1024 1893 1075 1920 hoc
1090 1893 1146 1926 liat,
1162 1892 1289 1920 audimus
1303 1900 1350 1920 eas
1368 1901 1422 1920 non
1439 1901 1500 1921 esse
1523 1893 1550 1921 in
1570 1894 1658 1922 eccle-

872 1939 929 1972 sia,
945 1939 1016 1974 quod
1037 1939 1103 1966 mihi
1119 1939 1228 1974 quidem
1250 1947 1303 1966 non
1321 1939 1358 1966 ita
1377 1947 1438 1967 esse
1452 1940 1570 1968 videtur.
1598 1940 1656 1968 Non

873 1990 938 2013 sunt
969 1986 1042 2013 enim
1072 1985 1206 2013 vestibula
1235 1985 1390 2012 communia
1409 1985 1449 2012 ἰιι
1479 1986 1655 2013 ecclesiarum

871 2031 951 2064 atria,
973 2031 1019 2058 sed
1035 2038 1099 2066 pars
1115 2035 1179 2058 sunt
1200 2030 1320 2064 ipsarum
1344 2030 1506 2058 mulieribus
1526 2031 1655 2058 attributa

870 2085 931 2112 quae
955 2077 984 2104 in
1009 2076 1123 2104 ecclesia
1149 2075 1252 2103 versari
1281 2083 1335 2102 non
1359 2076 1547 2110 prohibentur.
1578 2075 1655 2109 Quod

869 2123 979 2158 quidem
994 2113 1221 2150 vestibulum'est
1245 2121 1321 2149 locus
1344 2120 1470 2148 secunda:
1492 2121 1655 2155 pmnitenlia:

869 2168 916 2204 qui
932 2168 1032 2195 dicitur
1048 2167 1215 2194 audientium
1231 2170 1278 2193 :et
1293 2166 1320 2193 in
1340 2166 1399 2201 ipso
1420 2173 1454 2192 ne
1465 2165 1530 2193 viris
1545 2166 1667 2200 quidem-

870 2217 942 2241 stare
962 2213 1139 2248 permittitur,
1159 2212 1259 2247 quibus
1278 2211 1405 2246 imposita
1422 2215 1463 2238 est
1479 2218 1558 2244 paena
1574 2217 1608 2237 ne
1625 2210 1652 2236 in

23 2266 97 2296 τοὺς
110 2263 245 2296 τοιούτους
255 2264 387 2299 προνάους
398 2265 437 2295 εἰς
450 2263 496 2294 οὒς
517 2265 545 2290 αἱ
559 2263 680 2290 τοιαῦται
700 2265 821 2300 ἀκάθαρο,

918 2260 982 2287 lesia
999 2264 1150 2291 versentur,
1163 2258 1208 2285 sed
1221 2263 1296 2285 extra
1312 2258 1400 2292 ipsum
1422 2257 1530 2284 deﬂere.
1543 2256 1654 2291 Oportet

23 2321 72 2339 τοι
85 2312 214 2345 γυναῖκες
229 2310 339 2346 ἔμελλον
364 2309 499 2342 ἵστασθαι,
531 2309 567 2345 μὴ
588 2310 759 2346 ἀναπληροῦν
773 2311 818 2337 τό-

24 2367 83 2385 πον
98 2356 249 2392 ἐκκλησιῶν
265 2356 294 2388 ea
308 2356 399 2391 ὀρθοῦ,
417 2355 487 2381 ὥστε
508 2355 556 2381 καὶ
573 2356 654 2391 ἱερεῖς
678 2356 747 2391 μετὰ
762 2356 817 2382 τῶν

23 2404 115 2431 θεῐων
142 2403 318 2439 ἁγιασμάτων
344 2401 496 2437 διέρχεσθαι
516 2401 586 2428 κατὰ
599 2401 643 2428 τὸν
658 2402 817 2437 χερουὸικὺν

24 2450 129 2485 ὕμνον,
144 2449 191 2475 καὶ
203 2449 301 2484 θυμιᾷν
313 2448 376 2479 τοὺς
390 2449 418 2474 ὲν
431 2447 518 2483 τούτῳ
545 2447 609 2479 loco;
619 2447 699 2478 ὄντας
714 2448 816 2482 τάφους

23 2497 79 2523 καὶ
96 2495 199 2530 ἁγίους,
219 2495 265 2521 καὶ
280 2493 407 2526 τελευτὰς
421 2494 506 2528 ἀγιῶν
524 2493 610 2529 εὐχῶν
624 2495 718 2520 ποιεῖν·
735 2494 751 2529 ἢ
765 2493 816 2521 κᾶν

67 2564 92 2580 ³⁵
112 2563 207 2590 Matth.
222 2571 259 2596 Ix,
270 2563 324 2596 20;
337 2562 404 2590 Luc.
423 2570 483 2595 vui,
496 2562 541 2589 45.

66 2630 125 2666 (65)
145 2629 213 2666 Περὶ
229 2629 263 2656 δὲ
275 2628 335 2656 τῶν
350 2628 385 2655 ἐν
399 2628 525 2666 ἀφέδρῳ.
539 2628 814 2666 Constantinusliar-

24 2664 197 2700 menopulus
213 2666 284 2692 hunc
297 2664 483 2700 cauonemrsic
494 2664 702 2698 compendil'acit
714 2673 720 2691 :
733 2664 765 2690 Ai
781 2664 810 2700 εν

22 2698 140 2737 ἀφέδρὶρ
159 2702 205 2737 καὶ
221 2700 300 2737 θείων
311 2699 381 2726 ναῶν
398 2699 445 2726 καὶ
459 2699 537 2734 ἱερῶν
555 2702 708 2737 μυστηρίων
721 2698 810 2737 εἰργέ-

24 2734 148 2765 σθωσαν.
163 2735 228 2767 Qua:
242 2736 269 2761 in
284 2743 383 2761 secessu
399 2739 470 2765 sunt,
489 2740 542 2760 tam
560 2742 576 2760 a
594 2735 689 2760 divinis
708 2734 809 2768 templis

22 2780 109 2806 quam
121 2771 208 2806 sacris?
218 2770 347 2804 mysteriis
359 2774 508 2806 arceantur.
519 2769 560 2806 _ln
574 2777 655 2803 quam
672 2770 808 2806 epitomen

24 2804 190 2838 scholiastes
203 2805 259 2832 haec
272 2809 347 2832 notat
362 2813 368 2831 ε
383 2805 415 2831 Αἱ
428 2805 457 2831 ὲν
473 2804 580 2841 ἀφὲδρῳ
592 2805 673 2840 ἤγουν
685 2805 713 2831 ὲν
729 2812 810 2830 κατα-

869 2311 936 2338 ει-εομ
956 2303 1091 2338 ejusmodi
1116 2302 1247 2330 vestibula
1272 2302 1300 2329 in
1324 2302 1424 2337 quibus
1445 2302 1555 2329 stabunt
1579 2302 1653 2336 ejus-

868 2350 942 2377 modi
961 2350 1108 2377 immunda:
1122 2348 1260 2380 mulieres,
1279 2347 1456 2375 ecclesiarum
1475 2347 1563 2374 locum
1581 2347 1652 2374 dire-

868 2401 912 2423 cto
929 2404 983 2423 non
1003 2396 1126 2430 implere,
1147 2399 1177 2422 ut
1196 2393 1277 2421 etiam
1300 2394 1454 2420 sacerdotes
1473 2400 1534 2419 cum
1551 2392 1651 2419 divinis

869 2443 1047 2470 sacramentis
1067 2442 1094 2468 in
1112 2440 1258 2468 cherubico
1275 2439 1376 2474 hymno
1401 2443 1548 2471 transeant,
1564 2442 1591 2465 et
1607 2446 1651 2464 se-

869 2487 962 2522 pulcra
984 2495 1045 2522 quae
1067 2487 1122 2514 illic
1144 2486 1212 2514 forte
1227 2490 1306 2518 sunt,
1322 2485 1430 2512 suﬂiaut
1446 2489 1472 2512 et
1490 2489 1608 2515 sanctos,
1624 2488 1650 2510 et

870 2626 973 2662 μηνίοις
982 2635 991 2662 ’ν
999 2625 1042 2652 διὰ
1053 2626 1083 2662 τξ)
1096 2625 1305 2661 κεχωρισμένως
1316 2624 1415 2662 ταύτας
1429 2623 1503 2659 παρὰ
1515 2623 1649 2650 Ἰουδαίων

867 2660 1037 2693 καθέζεσθαι.
1060 2661 1124 2693 ρων
1138 2660 1278 2687 insecessu
1296 2665 1371 2692 sunt,
1385 2660 1432 2686 hoc
1443 2665 1491 2690 est,
1504 2667 1562 2693 qute
1577 2667 1648 2684 meu-

862 2705 902 2723 ses
919 2705 980 2723 suos
1000 2697 1093 2723 habent
1107 2703 1116 2721 :
1127 2701 1264 2730 propterea
1281 2695 1407 2731 quodﬁlur
1423 2694 1562 2728 separatim
1577 2694 1647 2731 apud

861 2731 970 2758 ludam
999 2731 1134 2767 degebant.
1158 2731 1324 2765 Harmenop.
1350 2730 1421 2765 Epit.
1441 2738 1515 2764 can.,
1532 2733 1598 2757 sect.
1619 2730 1644 2756 6.

862 2766 945 2794 αλιι..
