1844 3047
221 69 290 98 1285

714 73 743 99 S.
763 72 909 101 DlONYSll
928 73 1081 103 EPISCOPI
1100 75 1334 105 ALEXANDRINI
1734 82 1775 110 ιιδι

219 134 358 155 sacrarum
371 134 480 161 precum
491 131 778 164 mystenﬁ’p‘eragant;
794 131 835 158 vel
850 131 931 158 etiam
941 140 987 160 cur

1057 134 1125 169 μετὰ
1141 135 1321 171 ὲπισκοπικῆς
1335 136 1484 172 ἐπιτροπῆς
1505 137 1568 168 τοὺς
1591 136 1705 170 τοιοῦτους
1716 141 1776 173 τόπος

218 173 365 207 episcopali
381 173 562 207 permissione
578 173 711 208 ejusmodi
734 176 791 202 loca
812 184 955 211 separare,
975 183 1005 205 ut

219 219 365 246 immundae
379 220 507 247 mulieres
520 220 546 247 in
561 221 600 247 eis
616 220 676 248 sine
687 222 843 256 przejndicio
854 229 927 250 stare
942 232 1005 258 pos-

218 266 283 293 sint.
307 265 360 299 Ego
377 269 467 292 autem
486 265 542 292 vidi
556 266 637 293 etiam
659 267 793 300 ejusmodi
815 269 955 296 mulierem
976 270 1003 297 in

218 312 351 338 vestibulo
371 315 487 338 stantem
497 332 504 344 ,
518 316 545 338 et
563 312 652 338 arrlne
666 313 817 340 orationem
832 314 867 340 ab
882 314 1005 342 antistite

217 357 393 391 accipientem
417 358 509 392 :quod
536 358 644 392 quidem
666 366 725 385 sum
749 359 909 387 admiratus.
932 360 1002 388 Olim

215 408 316 435 autem,
334 407 363 430 nt
389 408 430 430 est
453 403 609 435 verisimile,
624 405 752 432 mulieres
772 405 805 432 ad
822 405 906 433 altare
924 414 1003 434 acce-
1026 401 1028 404 ’

215 450 330 482 debant,
353 454 380 477 et
400 451 433 477 de
457 454 550 477 sancta
577 458 670 477 mensa
700 451 908 486 participabant.
937 451 1004 479 Pro-

214 501 305 530 pterea
322 496 394 523 enim
418 496 512 523 altaris
525 504 633 531 quoque
657 504 746 523 canon
772 497 906 524 meminit.
934 497 1003 533 Lege

214 542 249 568 41
263 549 396 569 canonem
424 542 519 577 synodi
550 541 725 574 Laodiceme,
742 549 769 569 et
791 542 825 570 69
846 551 872 570 νι
895 543 1001 578 synodi.

215 580 346 615 Similiter
371 588 429 622 lege
452 592 478 614 et
491 588 524 614 l7
539 589 672 615 novellam
698 589 770 624 regis
787 589 889 616 domini
903 588 1002 616 Leonis

215 634 351 669 Sapientis
374 635 431 662 hinc
452 635 477 661 in
497 639 573 670 parte
598 639 757 662 tractantem
774 643 780 660 :
799 634 949 662 Slatuimus
968 635 1002 662 de

214 681 374 708 mulieribus
394 689 455 716 qua:
469 685 642 715 pepererunt,
657 685 683 708 et
703 681 736 708 de
753 681 788 708 iis
804 689 864 716 qua:
885 681 1000 707 naturali

213 727 374 762 purgatione
387 727 552 759 detinentur,
566 727 700 761 siquidem
716 735 809 753 earum
823 727 876 753 vita
895 735 909 753 a
925 726 1000 754 nulla

214 773 265 799 alia
287 773 414 799 morbosa
439 772 582 800 all‘ectione
605 772 790 807 perturbatur,
809 777 838 799 ut
860 780 920 807 quae
944 780 997 799 non

1055 180 1242 215 ἀφορίζεσθαι,
1257 182 1326 209 ὥστε
1346 183 1584 218 ὰποκριματίστως
1597 183 1702 211 ἵστασθαι
1713 186 1733 211 ἐν
1749 188 1776 213 ιὺρ

1055 226 1110 257 τοῖς
1123 225 1172 257 τὰς
1188 227 1357 263 ἀκαθάρτους
1383 230 1524 262 γυναῖκας.
1554 218 1621 263 Ἐπίὼ
1645 229 1670 256 δὲ
1691 229 1741 258 εἶδον
1751 235 1776 261 καὶ

1054 271 1181 307 τοιαύτην
1195 274 1311 306 γυναῖκα
1337 274 1384 300 ἐπὶ
1407 274 1524 309 προνάου
1547 274 1669 306 ἑστῶσαν,
1683 276 1780 311 καὶεῦχὴν

1054 316 1212 352 ἀῤῥαῦῶνος
1235 318 1310 354 παρὰ
1334 319 1482 355 ἀρχιερέως
1515 319 1663 356 δεξαμένην·
1684 322 1734 357 ὅπερ
1751 324 1777 349 καὶ

1054 362 1206 398 ἐθαύμασα.
1243 364 1287 396 Ὧς
1300 364 1371 391 ἔοικε
1385 365 1424 398 δὲ,
1440 365 1470 391 τὸ
1489 366 1602 392 παλαιὸν
1616 367 1776 402 εἰσήρχοντογυ-

1053 409 1144 440 ναῖκες
1159 409 1198 440 εἰς
1208 410 1238 435 τὸ
1262 410 1462 447 θυσιαστήριον,
1488 412 1534 438 καὶ
1551 411 1604 438 ἀπὸ
1617 412 1659 446 τῆς
1670 413 1730 446 ἁγίας
1740 423 1778 448 τρι-

1054 452 1139 488 πέζης
1156 454 1366 489 μετελάμϐανον.
1383 455 1432 482 Διὰ
1454 455 1532 482 τοῦτο
1545 456 1599 491 γὰρ
1614 457 1655 483 καὶ
1674 458 1710 483 τοῦ
1720 458 1777 485 θυσια-

1054 495 1164 531 στηρίου
1180 496 1314 534 μέμνηται
1330 499 1344 524 ὁ
1366 499 1464 526 κανών.
1492 501 1546 527 Καὶ
1576 501 1697 535 ἀνάγνωθι
1709 503 1740 528 τὸν
1754 504 1777 537 με

1052 541 1151 568 κανόνα
1164 542 1213 576 τῆς
1239 543 1267 569 ἐν
1281 544 1423 580 Λαοδικείᾳ
1441 545 1570 576 συνόδους
1582 546 1627 572 καὶ
1649 546 1686 572 τὸν
1706 546 1732 578 ξθ¹

1053 589 1079 618 ς’
1106 588 1223 614 συνόδου.
1248 589 1384 622 Ὡσαύτως
1401 590 1535 624 ἀνάγνωθι
1549 591 1595 617 καὶ
1620 591 1663 627 τὴν
1675 592 1699 624 ιε’
1716 595 1778 628 νεαρὰν

1052 631 1099 658 τοῦ
1108 631 1241 667 βασιλέως
1255 634 1351 670 κυρίου
1366 635 1478 667 Λέοντος
1487 636 1533 662 τοῦ
1546 636 1690 670 Φιλοσόφου,
1703 639 1724 664 ὲν
1732 638 1778 673 μέρει

1051 677 1136 704 ταῦτα
1151 679 1394 715 διοιλαμόόινουειτιν⁸
1403 682 1544 718 Ὀρίζομεν
1556 683 1619 719 περὶ
1633 685 1741 711 saxosa-Gr;
1750 694 1779 719 γ)-

1051 724 1150 750 ναικῶν
1162 726 1208 752 καὶ
1222 727 1285 762 περὶ
1300 727 1355 753 τῶν
1378 728 1437 754 ὅσαι
1452 729 1484 764 τῇ
1512 730 1612 764 φυσικῇ
1639 729 1741 765 καθάρσει
1751 740 1780 756 κι-

1050 769 1275 806 ταλαμϐάνονται,
1298 773 1473 810 ἀνενοχλήτου
1493 774 1541 809 μὲν
1558 774 1588 806 ἐξ
1599 774 1673 810 ἄλλης
1688 775 1780 807 “mea.

213 824 277 846 sunt
290 820 398 854 quidem
416 819 537 851 initiatae,
554 826 608 845 non
624 818 678 845 sint
690 818 897 845 illuminationis
911 817 987 852 partit

1051 814 1151 847 θέσεως
1167 818 1280 853 νοσερᾶς
1295 819 1343 853 τῆς
1448 804 1537 846 αὐτῶν
1556 804 1780 855 συντελουσηςλμετ-

212 866 302 900 cipes;
324 873 385 900 qua:
406 869 495 892 autem
517 869 581 892 sunt
598 865 625 891 in
647 865 746 892 divinis
765 864 924 891 ministeriis
945 864 997 890 ini-

214 912 296 944 tiatre,
318 911 456 946 impolluta
483 911 609 946 mysteria
632 918 687 938 non
711 911 889 945 participem,
913 918 999 945 usque

212 957 245 983 ad
260 957 438 992 quadraginta
454 957 559 984 dierum
575 955 732 983 terminum.
755 955 833 988 Quod
849 955 872 982 si
886 955 998 982 morbus

212 1003 351 1034 invaserit,
368 1008 395 1030 et
409 1011 438 1030 se
454 1003 537 1030 vitam
553 1003 732 1037 abruptnrum
749 1002 880 1032 minetur,
895 1006 926 1028 ut
941 1001 997 1028 sint

211 1049 324 1075 omnino
352 1049 513 1076 sacramenti
542 1048 697 1083 participes.
727 1046 760 1074 Et
781 1051 842 1081 post
856 1047 997 1079 nonnulla,

211 1094 269 1128 ipsa
285 1102 381 1121 rursus
401 1094 478 1129 jubet
497 1094 530 1121 de
545 1094 696 1121 infantibus
717 1093 832 1125 novella,
857 1097 886 1119 ut
903 1093 997 1120 morbo

209 1140 320 1176 quidem
342 1148 396 1167 non
414 1144 526 1174 urgente
551 1140 569 1167 ii
589 1144 650 1175 post
668 1144 791 1166 octavum
814 1138 886 1165 diem
909 1139 997 1174 bapti-

210 1191 306 1215 zentur
330 1195 337 1213 :
360 1187 433 1222 quod
457 1187 481 1214 si
506 1193 579 1214 mors
603 1185 762 1218 immineat,
789 1185 808 1211 ii
829 1185 909 1212 etiam
935 1189 997 1212 ante

209 1239 334 1261 octavum
358 1233 538 1268 baptizentur.
569 1231 621 1258 Sed
647 1231 711 1266 quia
734 1230 825 1258 audivi
851 1231 996 1265 quemdam

209 1280 343 1307 dicentem
359 1286 413 1306 non
435 1278 533 1306 debere
549 1281 704 1312 segregatos
727 1276 812 1303 laicos
826 1280 902 1304 extra
916 1275 998 1303 vesti-

209 1324 302 1351 bulum
317 1328 420 1351 stantes
433 1323 538 1350 divinas
551 1323 717 1358 psalmodias
728 1322 832 1353 audire,
849 1322 894 1349 sed
909 1330 997 1356 neque

209 1370 339 1405 psallere;
353 1370 378 1396 ei
397 1369 558 1404 respondeo,
571 1368 643 1403 quod
661 1377 667 1394 :
682 1367 748 1401 Quae
763 1368 790 1394 in
809 1367 935 1402 przesenti
951 1375 997 1394 ca-

209 1424 280 1444 none
301 1416 401 1451 scripta
421 1420 494 1447 sunt,
510 1415 569 1446 tibi,
588 1422 605 1441 o
621 1415 701 1441 homo
732 1414 779 1449 qui
794 1414 851 1441 hate
865 1413 945 1447 dicis,
963 1421 995 1442 os

207 1462 364 1490 occludunt.
389 1460 626 1495 Quemadmodum
650 1460 722 1487 enim
745 1467 806 1494 qua:
830 1459 856 1486 in
879 1459 993 1486 ecclesia

207 1509 311 1537 versari
328 1516 382 1535 non
397 1508 523 1535 sinuntur
539 1506 676 1538 mulieres,
689 1513 767 1533 orare
781 1513 836 1532 non
851 1509 991 1536 vetantur;

206 1555 246 1582 ita
265 1562 315 1582 nec
333 1553 380 1588 qui
401 1557 466 1580 sunt
489 1552 631 1587 segregati,
649 1559 698 1586 per
718 1558 747 1578 se
770 1558 848 1578 orare
865 1551 992 1585 prohibe-

208 1600 326 1632 buntur;
356 1598 402 1626 sed
424 1602 451 1625 et
472 1602 548 1624 extra
570 1596 693 1624 ecclesiae
717 1595 883 1623 vestibulum
909 1599 991 1626 stare,

206 1649 234 1672 et
253 1644 359 1671 divinas
383 1643 546 1676 psalmodias
573 1642 682 1674 audire;
704 1646 731 1668 et
752 1641 804 1668 hoc
824 1640 895 1667 enim
917 1641 946 1666 tit
959 1640 993 1667 ad

207 1690 339 1724 majorem
354 1696 447 1715 eorum
461 1687 694 1715 exercitationem.

1048 861 1126 894 όχους
1149 860 1217 890 εἶναι
1229 871 1236 877 ·
1252 863 1301 894 τὰς
1315 864 1364 899 μὲν
1379 864 1545 897 ἀτελέστους,
1563 865 1609 892 τοῦ
1623 866 1780 901 (perlapsi-.5;

1047 908 1076 935 δὲ
1093 909 1394 944 μεμυσταγωγημένας,
1421 909 1475 936 τῶν
1505 911 1645 946 ἀχράντων
1672 912 1781 947 pus-qu

1047 955 1098 989 τῆς
1116 954 1301 990 μεταλήψεως,
1330 955 1411 991 μέχρι
1427 955 1478 991 τῆς
1503 956 1558 983 τῶν
1586 961 1610 992 μ’
1634 956 1725 993 ἡμερῶν
1743 966 1781 992 τῖον

1049 999 1178 1035 Θεσμίας’
1202 1001 1353 1035 νοσήματος
1377 1001 1405 1027 δέ
1430 1009 1502 1033 τινος
1530 1003 1700 1037 κατασχόντος
1712 1003 1780 1037 ulti:

1047 1046 1178 1081 διακοπὴν
1193 1046 1243 1081 τῆς
1260 1045 1331 1082 ζωῆς
1344 1046 1528 1079 ἀπειλοῦντος,
1554 1049 1633 1074 παντὶ
1643 1049 1720 1084 τρόπῳ
1731 1057 1780 1083 μετι-

1047 1090 1195 1126 λαμὸάνειν
1208 1091 1292 1122 αὐτὰς
1302 1091 1349 1118 τοῦ
1367 1091 1543 1127 ἁγιάσματος.
1561 1094 1616 1120 Καὶ
1628 1094 1689 1129 μετά
1697 1102 1741 1120 τινα
1751 1096 1780 1119 :i-

1047 1137 1088 1163 λιν
1103 1137 1317 1174 παρακελεύεται
1333 1139 1350 1173 ἡ
1361 1138 1429 1174 αὐτὴ
1441 1139 1525 1174 νεαρὰ
1540 1140 1605 1175 περὶ
1619 1139 1720 1175 βρεφῶν,
1731 1140 1780 1173 wn.-

1049 1190 1132 1217 ματος
1150 1183 1198 1218 μὲν
1212 1182 1248 1217 μὴ
1266 1182 1484 1216 κατεπείγοντος,
1499 1182 1570 1218 μετὰ
1582 1183 1631 1218 τὴν
1654 1183 1731 1218 ὀγδόην
1739 1183 1781 1217 ἡμέ-

1049 1236 1098 1263 ραν
1113 1227 1200 1254 ταῦτα
1215 1227 1401 1262 βαπτίζεσθαι·
1421 1228 1534 1255 θανάτου
1549 1228 1579 1255 δὲ
1588 1228 1782 1264 ἐφισταμένουμιεὶ

1046 1273 1096 1308 τῆς
1111 1273 1206 1308 ὀγδόης
1223 1273 1330 1309 ἡμέρας
1351 1274 1424 1306 ἐντὸς
1449 1274 1518 1300 αὐτὰ
1542 1274 1715 1309 βαπτίζεσθαι.
1738 1274 1783 1299 Ἐπεὶ

1045 1319 1074 1346 δὲ
1093 1320 1197 1354 ἤκουσά
1214 1328 1284 1350 τινος
1298 1319 1420 1353 λέγοντος
1436 1319 1474 1351 ὡς
1495 1321 1544 1347 οὐκ
1563 1321 1703 1355 ὀιςείλουσιν
1711 1321 1783 1353 air,»

1047 1365 1168 1402 ρισμένοι
1182 1365 1270 1391 λαῖκοὶ
1286 1365 1302 1400 ἢ
1318 1365 1471 1400 ἀκροᾶσθαι
1499 1365 1580 1392 θείων
1596 1365 1783 1401 ψαλμιώημάτωέ.

1046 1411 1145 1444 ἔξωθεν
1167 1411 1214 1437 τοῦ
1229 1411 1346 1446 προνάου
1372 1411 1525 1446 ἱστάμενοι,
1551 1411 1609 1438 ἀλλ’
1631 1411 1684 1437 οὐδὲ
1701 1410 1782 1445 ψάλλειν*

1046 1457 1231 1493 ἀπολογοῦμαι
1248 1457 1316 1493 πρὸς
1337 1457 1417 1484 αὑτὸν
1431 1457 1483 1483 ὅτι·
1499 1458 1540 1484 Τὰ
1557 1459 1588 1485 ὲν
1606 1458 1643 1493 τῷ
1656 1458 1785 1493 παρόντικα-

1045 1504 1100 1531 νόνι
1113 1503 1292 1538 γεγραμμένα
1317 1503 1521 1539 ἐπιστομίζουσί
1543 1513 1586 1536 σε,
1611 1504 1731 1539 ἄνθρωπε,
1751 1510 1784 1527 =6!-

1044 1548 1116 1575 αὗτα
1140 1549 1263 1583 λέγοντα.
1280 1549 1385 1585 Ὥσπερ
1400 1549 1455 1585 γὰρ
1471 1550 1499 1575 αἱ
1516 1549 1553 1585 μὴ
1587 1548 1785 1585 παραχωρούμείιι

1045 1594 1234 1630 ἐκκλησιάζειν
1248 1595 1374 1628 γυναῖκες
1391 1594 1591 1630 προσεύχεσθαι
1617 1596 1646 1622 οὐ
1670 1593 1785 1623 κωλύσητε

1044 1639 1130 1671 οὕτως
1144 1639 1204 1666 οὐδὲ
1224 1640 1249 1665 οἱ
1262 1639 1448 1675 ἀφωρισμένοι
1473 1640 1673 1676 κωλυθήσονται
1691 1638 1786 1666 καθ’ἑκ-

1043 1684 1107 1716 τοὺς
1124 1683 1263 1719 εὖχεσθαν
1281 1685 1405 1712 ἵστασθαι
1419 1685 1447 1712 δὲ
1467 1687 1513 1712 καὶ
1536 1686 1636 1718 ἔξωθεν
1650 1685 1691 1712 τοῦ
1705 1684 1785 1719 προιὼν

205 1736 255 1772 τῆς
276 1735 432 1771 ἐκκλησίας,
457 1735 505 1762 καὶ
521 1734 672 1771 ἀκροᾶσθαι
694 1733 747 1760 τῶν
774 1733 854 1760 θείων
880 1733 1115 1769 ψαλμωδημάτων.
1147 1733 1218 1759 Διὸτι
1243 1733 1321 1760 τοῦτο
1343 1733 1411 1769 πρὸς
1433 1733 1543 1761 πλείονα
1575 1733 1711 1769 συντριὸὴν
1727 1731 1786 1758 αὐτῶν

208 1783 292 1810 ἐστίν.

242 1844 342 1871 Ζοκιιι.
379 1842 555 1871 Hebraeorum
594 1843 722 1872 mulieres
754 1851 815 1872 cum
850 1843 992 1879 sanguinis

206 1888 337 1914 menstrui
350 1886 439 1915 ﬂuxus
455 1887 521 1922 ipsis
532 1889 675 1924 contingit,
690 1889 716 1916 in
732 1889 854 1916 solitario
868 1889 992 1916 sedentes

206 1933 278 1964 loco,
297 1933 433 1960 neminem
454 1934 507 1961 nisi
527 1939 588 1969 post
605 1939 707 1969 septem
728 1934 835 1969 elapsos
852 1935 910 1962 dies
924 1935 991 1962 allo-

205 1983 327 2013 quuntur
346 1988 352 2005 :
372 1979 444 2006 unde
461 1980 572 2007 verbum
593 1979 670 2012 illud,
691 1980 718 2006 in
733 1980 864 2013 abscessu,
881 1980 991 2008 desum-

205 2029 280 2059 plum
300 2029 351 2056 est,
368 2025 491 2052 indicans
505 2033 552 2052 eas
568 2025 602 2052 ab
618 2026 732 2052 aliarum
755 2033 898 2058 consessu,
916 2026 989 2053 velut

204 2071 326 2107 impuras
343 2071 427 2099 fuisse
442 2077 606 2107 segregatas.
624 2071 745 2107 Rogatus
758 2079 839 2107 porro
851 2073 895 2099 hic
908 2072 988 2102 Pater

203 2117 237 2145 de
256 2118 379 2145 lidelibus
400 2119 578 2152 mulieribus,
596 2126 661 2145 num
681 2125 728 2145 eas
748 2126 809 2145 cum
831 2123 987 2145 menstruo-

1078 1842 1200 1869 ΖΩΝΑΡ.
1231 1842 1370 1878 Ἐϐραῖδες
1385 1844 1514 1877 γυναῖκες
1536 1843 1585 1870 ὅτε
1611 1843 1713 1879 γένηται
1724 1841 1787 1868 αὖτιὲξ

1041 1889 1058 1924 ἡ
1074 1888 1128 1914 τῶν
1143 1888 1273 1923 ἐμμήνων
1290 1888 1376 1923 ρῦσις,
1401 1890 1430 1915 ὲν
1453 1889 1529 1924 τόπῳ
1547 1889 1721 1925 μεμονωμένῳ
1732 1885 1787 1918 καθῆ-

1042 1942 1131 1969 μεναι,
1145 1934 1338 1969 ἡσυχάζουσιν,
1352 1934 1404 1965 ἕως
1420 1934 1453 1960 ἂν
1477 1935 1548 1961 ἑπτὰ
1563 1935 1663 1970 ἡμέρας
1685 1931 1786 1968 παρέώιν-

1041 1988 1092 2007 cur
1110 1977 1170 2006 ὅθεν
1183 1979 1308 2015 εἴληπται
1325 1979 1355 2006 τὸ
1369 1980 1403 2006 ὲν
1419 1980 1548 2014 ἀφέὸρῳ,
1580 1980 1673 2016 δηλοῦν
1688 1979 1713 2005 τὸ
1729 1986 1786 2012 κεχω-

1043 2025 1132 2061 ρίσθαι
1149 2026 1235 2057 αὑτὰς
1256 2026 1310 2052 ἀπὸ
1339 2026 1388 2061 τῆς
1414 2027 1467 2052 τῶν
1491 2026 1595 2053 λοιπῶν
1609 2027 1685 2062 ἕδρας
1698 2025 1729 2056 ὡς
1743 2025 1786 2050 ἀκι-

1041 2071 1164 2106 θάρτους.
1187 2071 1350 2107 Ἐρωτηθεὶς
1374 2072 1403 2098 δὲ
1419 2073 1434 2098 ὁ
1458 2072 1557 2108 Πατὴρ
1585 2069 1660 2104 οὗτος
1684 2070 1736 2106 περὶ
1752 2068 1785 2094 τῶν

1041 2117 1143 2144 πιστῶν
1157 2117 1302 2151 γυναικῶν,
1320 2118 1344 2144 εἰ
1355 2117 1407 2153 χρὴ
1424 2119 1523 2150 ταύτας
1538 2120 1585 2145 ὅτε
1599 2120 1616 2155 ή
1630 2119 1680 2145 τῶν
1694 2117 1785 2153 ἐμμήνων

203 2170 263 2189 rum
279 2163 352 2190 ﬂuxu
368 2163 540 2195 (livexantur.
563 2164 590 2190 in
612 2163 754 2191 ecclesiam
779 2163 883 2198 ingredi
906 2171 987 2198 opor-

1046 2162 1115 2194 5x3ch
1132 2163 1227 2194 αὐταῖς
1243 2163 1354 2198 ἐνοχλεῖ,
1381 2164 1492 2191 εἰσιέναι
1520 2166 1562 2197 εἰς
1585 2164 1730 2201 ἐκκλησίαν,
1743 2163 1784 2188 ἁπ-

203 2213 268 2240 tcat,
290 2209 360 2235 haud
379 2213 504 2244 oportere
523 2209 670 2243 respondit,
692 2208 847 2243 profertque
871 2208 987 2243 exempli

203 2254 264 2281 loco
288 2254 360 2281 illam
384 2263 416 2281 ex
438 2254 582 2290 Evangelia
608 2255 749 2282 mulierem
766 2262 826 2290 quae
845 2254 986 2289 sanguinis

202 2300 304 2327 ﬂuxum
327 2301 489 2335 patiebatur,
518 2308 578 2335 quae
597 2300 741 2328 Dominum
770 2301 858 2334 ipsum
885 2307 986 2335 nequa-

202 2354 283 2380 quam
305 2354 370 2374 ausa
386 2352 427 2373 est
443 2347 607 2382 contingere,
627 2347 674 2374 sed
687 2347 771 2374 vestis
789 2346 846 2381 ejus
865 2350 984 2372 tantum-

201 2395 283 2421 modo
306 2394 429 2421 limbum.
462 2394 570 2422 Precari
594 2402 676 2429 porro
702 2402 734 2421 ac
755 2393 862 2420 Domini
887 2393 984 2419 memi-

201 2440 284 2472 nisse,
299 2440 397 2475 inquit.
413 2447 583 2475 nequaquam
598 2447 632 2467 eo
646 2445 766 2474 tempore
788 2438 984 2473 prohibentur;

200 2492 294 2512 verum
321 2486 347 2512 in
373 2486 501 2520 templum
525 2485 573 2513 Dei
590 2485 664 2520 ipsas
688 2484 804 2520 ingredi,
828 2488 877 2511 aut
898 2483 984 2512 sacris

200 2531 336 2567 mysteriis
351 2531 565 2564 communicare,
582 2530 654 2558 baud
672 2531 744 2558 licet.

512 2597 626 2625 CANON
647 2596 691 2624 lll.

236 2661 318 2689 Porro
338 2663 383 2698 qui
401 2663 468 2690 satis
489 2663 523 2690 ad
543 2662 570 2689 id
586 2663 710 2689 instructi
723 2668 783 2690 sum
802 2667 827 2689 et
842 2670 982 2690 consenue-

201 2712 273 2739 runt,
289 2707 379 2735 debent
396 2716 451 2735 esse
466 2709 508 2735 sui
521 2708 637 2742 iudices.
655 2708 731 2740 Quod
751 2709 819 2736 enim
839 2718 855 2736 a
871 2717 898 2736 se
912 2709 980 2735 invi-

200 2762 253 2781 cem
272 2761 304 2781 ex
323 2762 448 2782 consensu
466 2756 596 2783 abstinere
613 2756 759 2784 conveniat.
778 2761 807 2783 ut
827 2756 861 2783 ad
879 2761 980 2792 tempus

1038 2207 1118 2244 κρίθη
1147 2208 1183 2244 μὴ
1197 2209 1261 2240 δεῖν,
1274 2210 1321 2236 καὶ
1332 2210 1380 2244 τὴν
1394 2211 1424 2236 ὲν
1438 2210 1477 2245 τῷ
1493 2210 1656 2246 Εὐαγγελὶῳ
1669 2206 1785 2245 αἱμορροί-

1038 2262 1087 2279 σαν
1103 2254 1262 2289 παρήγαγεν
1273 2255 1312 2285 εἰς
1323 2255 1508 2291 παράδειγμα,
1520 2255 1560 2292 μὴ
1571 2257 1731 2291 τολμήσασαν
1739 2251 1783 2282 θίξιι

1036 2299 1084 2325 τοῦ
1101 2299 1213 2335 Κυρίου,
1229 2299 1286 2326 ἀλλ’
1304 2299 1320 2334 ἢ
1339 2301 1419 2335 μόνου
1430 2300 1477 2327 τοῦ
1490 2301 1649 2337 κρασπέδου
1663 2299 1739 2327 αὑτοῦ.
1752 2295 1783 2323 Εἱ-

1037 2344 1132 2379 χεσθαι
1146 2344 1195 2380 μὲν
1210 2345 1264 2381 γὰρ
1290 2346 1394 2373 καὶτοῦ
1415 2347 1517 2382 Κυρίου
1544 2347 1705 2383 μεμνῆσθαι,
1722 2343 1782 2379 qni-'1'.

1035 2392 1089 2419 οὐδ’
1103 2393 1131 2418 ὲν
1143 2392 1183 2428 τῷ
1199 2393 1312 2428 τοιούτῳ
1328 2393 1416 2428 καιρῷ
1427 2393 1646 2429 κωλυθήσονται·
1663 2394 1700 2424 εἰς
1712 2391 1757 2417 ναὸν

1035 2437 1102 2464 Θεοῦ
1119 2438 1241 2472 εἰσιέναι,
1254 2438 1270 2474 ἢ
1287 2439 1503 2474 μεταλαμϐάνειν
1519 2439 1608 2472 αὑτὰς
1624 2439 1676 2466 τῶν
1687 2435 1783 2472 dtur?

1034 2493 1088 2512 των
1103 2485 1133 2511 οὺ
1145 2485 1194 2511 δεῖ.

1340 2599 1458 2626 ΚΑΝΩΝ
1475 2600 1512 2626 Γ’.

1068 2666 1230 2701 Αὐτάρκεις
1244 2667 1278 2693 δὲ
1291 2667 1342 2694 καὶ
1357 2670 1385 2695 οἱ
1397 2670 1609 2703 γεγηρακότες,
1620 2668 1724 2697 ἑαυτῶν
1733 2665 1782 2701 ἐφελ-

1031 2713 1140 2739 λουσιν
1149 2711 1224 2740 εἶναι
1239 2715 1344 2747 κριταί.
1361 2714 1419 2741 ’Ὁτι
1436 2715 1491 2749 γὰρ
1500 2715 1666 2751 ἀπέχεσθαι
1675 2713 1781 2745 ἀλλήλων

1032 2759 1188 2793 προσῆκον
1203 2760 1237 2786 ἐκ
1252 2761 1436 2794 συμφωνίας,
1455 2761 1505 2788 ἵνα
1522 2762 1600 2796 πρὸς
1623 2761 1718 2798 καιρὸν
1733 2766 1781 2792 ι’χο·
