1844 3047
8 81 75 109 I285

400 85 569 114 EPISTOLA
588 76 764 114 CANONICA
784 87 829 114 AD
848 86 1033 115 BASILIDEM
1054 86 1260 115 EPISCOPUM.

1567 85 1639 115 £296

11 142 126 167 154mm
154 142 192 178 τῇ
219 142 385 178 προσευχῇ,
402 144 452 171 καὶ
479 145 572 172 πάλιν
594 145 644 172 ἐπὶ
669 145 702 172 τὸ
729 145 799 173 αὐτὸ

889 150 944 172 cent
961 145 1086 175 orationi,
1100 151 1125 172 et
1139 153 1230 171 rursus
1246 145 1412 178 conveniant,
1425 144 1542 172 Paulum
1553 145 1639 174 dicer:-

8 186 91 219 Brtr,
113 189 262 224 ἀκηκόασι
276 191 398 217 Παύλου
412 190 586 226 γράφοντος.

38 236 144 262 ΒΑΛΣ.
165 236 208 267 Ὡς
230 236 327 269 ἔοικεν,
343 237 472 273 ἠρωτήθη
489 239 503 264 6
520 237 597 272 ἅγιος
620 238 666 265 ἐὰν
690 238 799 275 ἐνδέχη-

8 291 48 308 ται
61 283 131 314 τοὺς
159 282 291 317 συζύγους
317 284 517 319 γεγηρακότας,
539 284 659 318 καθ’γοῦς
687 286 799 321 καιροὺς

8 328 150 362 εφείλουσι
167 329 377 365 προσεύχεσθαι,
403 331 452 366 τῆς
476 331 615 366 ἐπιμιξίας
638 332 797 366 ἀπέχεσθαι·

8 375 52 402 καί
69 384 156 412 φησιν
171 376 209 407 ὡς
238 377 261 402 οἱ
278 376 404 410 τοιοῦτοι,
429 377 532 404 ἑαυτῶν
557 378 650 413 κριταὶ
674 378 801 412 γινέσθω-

8 431 65 449 ταν·
82 422 134 449 καί
153 431 216 450 ποτε
232 423 354 458 ἀλλήλων
365 425 397 450 ἐκ
412 424 556 460 συμφώνου
571 425 654 460 ἤγουν
668 426 699 452 ἐκ
710 425 799 452 κοινοῦ

8 468 173 504 )ελῆματος,
198 469 385 504 ἀπεχέτωσαν,
398 470 482 504 ἤγουν
505 470 574 496 κατὰ
603 471 666 501 τοὺς
688 470 801 506 καιροὺς

8 515 65 541 καθ’
97 515 149 548 οὓς
176 515 358 550 ὲνετάλθησαν
387 515 603 551 προσεύχεσθαι,
633 516 800 550 διαγέτωσαν

8 561 77 595 μετὰ
95 562 192 597 πάσης
220 561 405 597 σωφροσύνης,
429 562 476 588 καὶ
503 562 583 589 πάλιν
612 563 657 589 ἐπὶ
679 562 709 589 τὺ
736 563 801 589 αὐτὸ

8 608 146 650 ἔστωσανι
165 609 225 635 Ὅτι
240 609 287 635 καὶ
310 610 324 635 6
339 609 423 644 μέγας
439 609 543 640 Παῦλος
557 608 636 635 τοῦτο
652 609 800 642 διετάξατο.

8 653 59 679 Καὶ
75 655 91 680 ὁ
112 654 163 689 μὲν
179 654 268 691 κανῲν
281 654 344 690 περὶ
360 654 552 690 γεγηρακότων
565 655 655 691 φησίν·
676 655 802 688 Ἐξαχου-

8 698 85 725 ςτὲον
102 699 133 725 δὲ
150 699 185 726 τὰ
194 700 222 726 ὲν
232 688 309 735 αὐτῷ
320 700 366 727 καὶ
382 701 421 733 εὶς
444 701 547 733 πάντας
562 703 625 733 τοὺς
640 701 800 737 ὁμοζύγους.

8 746 109 777 Καλῶς
124 746 152 772 δὲ
166 744 226 772 εἷπε
243 746 274 773 τὸ
287 747 321 773 ὲκ
334 747 506 782 συμφώνου.
535 748 609 774 Οὔτε
623 747 678 782 γὰρ
694 749 710 774 ὀ
725 747 802 782 ἀνὴρ

8 791 178 824 ἓξουσιάζει
192 793 244 819 τοῦ
267 792 343 820 ἰδίου
359 793 504 828 σώματος·
519 794 587 821 οὔτε
602 795 621 828 ὴ
635 794 722 829 γυνὴ,
732 795 802 821 κατὰ

8 839 48 864 τὸν
65 838 160 873 μέγαν
177 839 346 868 Ἀπὸστολον.
374 841 423 867 Διά
445 840 524 867 τοῦτο
550 839 596 867 οὖν
618 841 747 876 ἀλλήλους
763 841 804 868 δεῖ

8 886 171 919 συμφωνεῖν
187 886 250 921 περὶ
264 886 380 922 ἀποχῆς,
393 887 436 913 ἵνα
454 886 604 922 σχολάσωσι
617 889 650 923 τῇ
664 889 801 928 προσευχῇ

8 931 51 958 καὶ
70 934 107 968 τῇ
128 932 248 968 νηστείᾳ.
265 933 297 959 Εἰ
318 933 372 969 γὰρ
386 933 423 968 μὴ
439 934 471 960 ἐκ
494 934 651 968 συμφωνίας
673 935 801 970 γίνοιτοὴ

8 978 113 1014 ὶποχὴ,
124 979 269 1015 ἀποστερεῖ
282 979 390 1010 πάντως
401 979 431 1005 τὸ
452 979 488 1014 μὴ
505 979 664 1015 βουλόμενον
680 981 729 1016 τὴν
745 989 804 1007 συν-

8 1025 104 1051 )υσίπίν
138 1024 229 1060 μέρος,
258 1025 288 1051 τὺ
307 1024 409 1060 ταύτην
436 1025 592 1061 ὲπιζητοῦν.
617 1027 672 1053 Καὶ
698 1022 756 1058 πῶς
770 1027 802 1054 ἂν

8 1070 113 1103 Ξόξειεν
131 1070 296 1104 ὲξουσιάζειν
308 1070 354 1098 τοῦ
379 1070 503 1106 σώματος
515 1071 561 1098 τοῦ
577 1072 614 1108 μὴ
631 1072 802 1109 συγχωροῦν-

8 1125 49 1148 τος
79 1117 185 1152 μέρους
199 1117 229 1144 τὸ
241 1118 291 1153 τὴν
309 1117 454 1152 συνάφειαν
468 1116 565 1152 ζητοῦν
582 1118 629 1145 καὶ
646 1119 682 1154 μὴ
697 1128 804 1155 συγχω-

8 1162 162 1198 οούμενον;
182 1164 328 1201 Συμϐαίνει
341 1164 369 1190 δὲ
392 1164 438 1190 καὶ
450 1163 498 1199 τὴν
515 1163 561 1190 τοῦ
578 1165 692 1200 θατέρου
706 1165 804 1201 ἐγκρά-

8 1217 83 1236 τειαν
99 1210 142 1241 εἰς
156 1199 345 1245 βλὰϐηνῖἵσως
367 1209 526 1237 ἁποΰαίνειν
549 1210 673 1245 θατέρου.
696 1211 727 1237 Εἰ
749 1199 803 1247 γὰρ

8 1256 123 1283 νικᾶται
136 1256 188 1282 ὑπὸ
200 1257 248 1287 τῆς
260 1255 408 1292 ἐπιθυμίας
418 1257 466 1283 καὶ
478 1257 507 1283 οὐ
519 1257 735 1292 παραχωρεῖται,
760 1266 804 1283 πε-

8 1303 170 1329 οιπεσεῖται
183 1301 254 1337 μίξει
268 1302 389 1338 ἀθέσμῳ.
417 1303 490 1339 Ἐρεῖ
501 1303 529 1329 δέ
542 1312 593 1336 τις,
605 1303 643 1335 ὡς
657 1304 717 1329 ἐπεὶ
727 1304 741 1330 ὁ
755 1312 805 1330 κα-

8 1349 61 1374 θών
78 1357 166 1384 φησιν
177 1348 382 1375 ἀποδιΐστασθαι
395 1349 458 1381 τοὺς
479 1349 629 1387 ὁμοζύγους
649 1350 692 1376 ἵνα
706 1349 803 1385 σχολά-

8 1403 78 1421 ςωσι
91 1395 129 1429 τῇ
143 1396 291 1430 προσευχῇ,
305 1395 319 1420 ὁ
352 1395 512 1427 Ἀπόστολος
527 1395 556 1421 δὲ
569 1395 714 1431 διορίζεται
730 1396 804 1422 ἀδια-

8 1441 132 1472 λείπτως
143 1441 217 1476 ἡμᾶς
231 1440 439 1476 προσεύχεσθαι,
452 1441 496 1468 ἀεὶ
506 1441 559 1477 χρὴ
573 1442 618 1468 καί¹
641 1443 703 1474 τοὺς
717 1451 804 1469 συνοι-

8 1487 131 1518 ιοῦντας
153 1487 277 1522 ἀλλήλων
298 1487 465 1522 ἀπέχεσθαι;
498 1487 567 1513 Ἀλλ’
581 1488 611 1514 οὑ
639 1488 702 1524 περὶ
712 1488 803 1524 πάσης
817 1496 839 1527 C

8 1533 175 1569 προσευχῆς
185 1533 199 1559 6
210 1532 289 1567 λόγος
305 1533 373 1560 εστί-
400 1533 464 1569 περὶ
481 1533 510 1560 δὲ
531 1534 581 1569 τῆς
594 1534 806 1570 σπουδαιοτέρας

8 1579 96 1613 ἤγουν
109 1578 161 1613 τῆς
174 1577 227 1604 τῶν
243 1578 328 1612 ἁγίων
351 1579 493 1614 νηστειῶν,
508 1579 548 1605 ὅτι
567 1579 613 1606 καὶ
625 1579 668 1606 διὰ
684 1579 730 1606 τοῦ
742 1581 806 1606 Μω-

8 1625 80 1656 σέως
91 1626 107 1651 6
129 1624 196 1656 Θεὸς
207 1625 423 1660 παρηγγυήσατο
433 1627 489 1657 τοῖς
509 1625 644 1657 Ἰουδαίοις
665 1625 805 1661 μέλλουσιν

8 1670 76 1697 ἱκοῦ
82 1679 131 1696 σαι
140 1670 196 1698 (τῶν
208 1670 237 1697 ὲν
249 1670 288 1706 τῷ
300 1670 357 1706 ὄρει
369 1670 449 1697 θείων
459 1671 566 1704 φωνῶν,
581 1671 733 1707 ἀπέχεσθαι
751 1672 805 1699 τῶν

8 1717 123 1743 ἠχείων
138 1716 275 1752 γαμετῶν.
288 1716 343 1743 Καὶ
356 1717 370 1743 6
382 1717 523 1753 προφήτης
535 1717 623 1753 Ἰωήλ·
643 1717 804 1752 Ἁτιάσατε,

8 1763 89 1798 mat,
119 1762 273 1795 νηστείαν,
302 1761 351 1788 καὶ
379 1761 523 1794 ἐξελθέτω
551 1764 681 1797 νυμφίος
703 1764 737 1790 ἐκ
753 1764 806 1791 τοῦ

8 1808 159 1841 ῑσιτῶνος
171 1808 276 1840 αὑτοῦ,
290 1808 340 1835 καὶ
356 1809 457 1843 νύμφη
483 1809 518 1835 ἐκ
541 1809 595 1836 τοῦ
607 1810 725 1837 παστοῦ
753 1811 806 1837 αὐ-

8 1854 73 1888 τῆς.
92 1854 205 1880 Τούτων
228 1855 257 1880 δὲ
282 1854 369 1886 οὕτως
393 1856 519 1891 ἐχόντων,
544 1855 574 1882 οὐ
598 1856 701 1892 συνορῷ
719 1857 805 1889 ποίοις

8 1901 165 1936 ;πιτιμίοις
177 1900 464 1936 καθυποϐληθήσονται
489 1902 513 1928 οἱ
532 1901 618 1928 ταῦτα
644 1902 682 1938 μὴ
706 1902 806 1937 φυλάτ-

8 1956 117 1978 τοντες.
133 1947 245 1982 Νομίζω
266 1947 294 1974 δὲ
315 1947 356 1973 ὅτι
377 1947 448 1974 κατὰ
468 1948 517 1983 τὴν
538 1947 674 1983 διάκρισιν
687 1947 733 1974 τοῦ
756 1948 806 1984 τὴν

8 1993 176 2030 ιξοιγορείαν
188 1994 334 2029 δεχομένου
347 1994 363 2030 ἡ
377 1993 509 2029 θεραπεία
529 1995 673 2030 γενήσεται
686 1995 753 2030 πρὸς
772 1995 806 2021 τὰ

8 2041 150 2077 τρόσωπα
162 2040 208 2066 καὶ
220 2040 268 2075 τὴν
280 2040 401 2076 ἀνάγκην
412 2040 460 2075 τῆς
472 2039 588 2074 φύσεως.
604 2040 657 2066 Καὶ
670 2040 804 2074 ἀνάγνωθι

8 2087 53 2114 τὸν
71 2087 113 2123 ρβ¹
144 2085 242 2112 κανόνα
253 2085 303 2121 τῆς
314 2086 342 2112 ὲν
353 2085 391 2120 τῷ
403 2085 530 2121 Τρούλλῳ
546 2085 663 2112 συνόδου.

40 2132 174 2159 ΖΩΝΑΡ.
195 2132 262 2168 Περὶ
275 2131 328 2159 τῶν
341 2133 368 2159 ὲν
382 2132 463 2168 γάμῳ
473 2132 581 2168 νομίμῳ
597 2131 725 2167 βιούντων
737 2133 806 2168 ἐρω-

8 2179 107 2216 τηθεὶς
125 2179 149 2204 εὶ
166 2178 217 2214 χρὴ
234 2178 382 2214 ἀπέχεσθαι
396 2178 528 2215 ἀλλήλων,
546 2178 645 2214 ἔφησεν
671 2178 708 2210 ὡς
729 2178 803 2213 ὀφείμ

8 2233 105 2253 λουσιν
132 2225 156 2251 oi
182 2226 296 2252 τοιοῦτοι
317 2225 394 2252 αὐτοὶ
417 2225 520 2252 ἑαυτῶν
547 2223 733 2260 εἷναι“κριταὶ,
758 2225 804 2252 καί

8 2278 78 2296 τοτε
107 2269 230 2304 ἀλλήλων
253 2269 401 2305 ἀπέχεσθαι
429 2270 460 2296 ὲκ
486 2268 642 2304 συμφώνου,
662 2269 745 2305 ἤγουν
772 2270 804 2296 ὲκ

8 2314 105 2341 ιοινοῦ
123 2313 282 2349 θελήματος.
301 2314 369 2341 οὒτε
385 2314 438 2350 γὰρ
454 2315 468 2341 ὀ
490 2314 559 2350 ἀνὴρ
584 2315 734 2348 ἐξουσιάζει
756 2314 803 2341 τοῦ

8 2359 80 2386 δίου
97 2356 232 2392 σώματος,
249 2357 311 2385 οὔτε
332 2360 348 2394 ή
373 2358 452 2394 γυνὴ,
468 2358 540 2385 κατὰ
552 2359 598 2386 τὸν
616 2356 702 2394 μέγαν
724 2359 804 2386 Ἀπὸ-

8 2404 120 2432 πτολον.
135 2403 184 2431 Διὰ
199 2403 278 2431 τοῦτο
302 2402 349 2440 ρῦν
375 2405 530 2440 συμφωνεῖν
545 2403 674 2440 ἀλλήλους
687 2404 727 2431 δεῖ
742 2405 807 2441 περὶ

8 2450 124 2485 ιποχῆς
140 2450 182 2476 ἵνα
196 2449 347 2485 σχολάσωσι
362 2451 395 2486 τῇ
413 2451 561 2486 προσευχῇ,
573 2450 620 2477 καὶ
636 2452 668 2486 τῇ
683 2452 804 2487 νηστείᾳ.

8 2498 36 2524 EE
61 2496 104 2531 μὴ
122 2495 175 2531 γὰρ
191 2496 222 2522 ἐκ
239 2496 382 2531 συμφώνου
399 2496 499 2531 γίνοιτο
512 2498 528 2532 ὴ
543 2497 642 2533 ἀποχὴ,
660 2498 806 2534 ἀποστερεί

8 2544 128 2573 τάντως
145 2541 176 2568 τὸ
199 2541 236 2578 μὴ
254 2542 414 2578 βουλόμενον
431 2543 481 2578 τὴν
499 2543 641 2570 συνουσίαν
665 2544 756 2580 μέρος,
774 2543 805 2570 τὸ

8 2589 119 2623 ταύτην
136 2587 292 2624 ὲπιζητοῦν.
308 2589 362 2615 Καὶ
376 2588 434 2621 πῶς
454 2589 486 2616 ἃν
503 2589 566 2626 δόξῃ
580 2589 745 2623 ὲξουσιάζειν
759 2590 805 2617 τοῦ

8 2636 144 2670 πώματος
159 2633 206 2661 τοῦ
223 2634 260 2670 μὴ
279 2635 480 2670 συγχωροῦντος
495 2635 603 2672 μέρους,
618 2635 648 2662 τὺ
661 2636 710 2672 τὴν
727 2637 808 2664 συνά-

8 2689 96 2717 ξειαν
113 2679 212 2716 ζητοῦν
228 2681 274 2707 καὶ
296 2681 333 2716 μὴ
354 2681 592 2717 συγχωρούμενον;
616 2682 763 2717 Συμδαίνει
778 2683 807 2710 δὲ

8 2728 62 2756 :11
85 2726 137 2763 τὴν
161 2726 274 2762 θατέρου
296 2726 469 2762 ἐγκράτειαν,
487 2729 527 2760 εἰς
541 2727 644 2764 βλάῦην
660 2728 726 2760 ἴσως
739 2729 805 2756 ἀποη-

853 196 903 219 tem
917 192 1074 218 audiverunt
1086 191 1118 218 '“.

886 238 964 264 BALS.
984 237 1019 264 Ut
1040 242 1080 264 est
1097 237 1256 270 verisimile,
1275 237 1364 265 fuerat
1389 242 1500 265 Sanctus
1524 238 1640 266 interre-

850 288 945 317 gatus,
968 291 1002 310 an
1029 284 1164 316 admittat,
1193 284 1324 319 conjuges
1352 284 1397 319 qui
1426 290 1636 314 consenuerunt.

850 337 905 364 quo
926 333 1047 366 tempore
1067 331 1166 357 debent
1190 338 1280 359 orare.
1306 338 1321 357 a
1341 331 1532 365 conjunctione
1554 331 1640 358 absti-

851 383 936 402 nere;
957 380 984 402 et
1003 376 1079 408 dicit,
1102 376 1174 410 quod
1197 376 1244 411 qui
1269 376 1337 403 tales
1361 382 1434 410 sunt,
1457 377 1555 404 debent
1578 385 1640 404 essu

851 422 892 448 sui
904 421 1025 456 iudices.
1041 427 1067 449 et
1080 422 1226 457 aliquando
1241 430 1255 449 a
1272 430 1301 449 se
1315 422 1431 450 invicem
1444 431 1477 450 ex
1491 431 1640 458 consensu,

851 475 900 495 seu
920 476 954 495 ex
978 469 1117 495 communi
1138 469 1288 501 voluntate,
1307 469 1465 503 abstinere;
1485 470 1521 497 ita
1539 475 1569 497 ut
1584 478 1640 506 quo

852 517 973 548 tempore
997 521 1076 542 orare
1102 519 1268 544 statuerunt.
1291 523 1353 542 eum
1372 516 1447 543 omni
1471 517 1641 544 continentia

851 565 1013 593 versentur,
1045 565 1072 587 et
1095 569 1192 588 rursus
1215 561 1296 588 simul
1321 563 1495 589 conveniant.
1521 562 1589 590 Nam
1613 567 1640 590 et

852 615 968 642 magnus
986 607 1086 634 Paulus
1104 608 1156 635 hoc
1173 608 1278 635 statuit.
1294 607 1327 634 Et
1344 616 1431 636 canon
1446 609 1554 643 quidem
1573 610 1640 636 dicit

852 651 886 679 de
904 652 938 679 iis
952 652 999 686 qui
1022 653 1215 680 consenuerint
1232 661 1239 679 ε
1262 658 1304 681 est
1325 658 1416 681 autem
1435 654 1517 681 etiam
1540 655 1640 682 intelli—

855 698 958 732 gendus
971 698 1004 725 de
1019 699 1147 726 omnibus
1171 699 1345 735 conjugibus.
1361 699 1443 728 Recte
1466 706 1556 729 autem
1572 702 1641 729 dixit

853 744 933 776 illud.
956 752 987 771 ex.
1003 753 1129 772 consensu
1147 754 1155 772 :
1176 745 1266 781 Neque
1277 747 1346 772 enim
1367 747 1405 773 vir
1421 745 1497 774 habet
1520 749 1562 775 sui
1581 757 1640 775 cor-

854 791 926 824 poris
938 795 1093 825 potestatem
1105 813 1112 824 ,
1131 799 1175 818 nec
1189 792 1284 819 mulier
1295 792 1329 825 ³⁷,
1343 794 1493 820 secundum
1511 802 1639 830 magnum

853 837 1023 872 Apostolnm.
1045 837 1191 872 Propterea
1208 846 1272 873 ergo
1288 846 1335 866 eos
1350 844 1457 874 oportet
1477 841 1546 867 inter
1562 849 1591 868 se
1607 841 1641 869 de

852 878 1017 910 continendi)
1038 884 1207 917 consentire,
1228 889 1257 911 ut
1274 889 1371 912 vacent
1395 886 1512 913 orationi
1528 891 1555 914 et
1570 887 1643 922 jeju-

852 928 909 955 nio.
935 927 994 955 Nisi
1016 929 1087 955 enim
1110 936 1143 955 ex
1165 936 1300 957 consensu
1318 930 1488 963 abstineant.
1503 939 1566 966 pars
1580 940 1642 966 quze

852 981 905 1000 non
924 974 983 1000 vult
1009 974 1122 1001 omnino
1145 975 1385 1010 conjunctionem,
1411 976 1559 1005 frustratur
1580 986 1641 1006 eam

853 1027 913 1054 quae
928 1020 1046 1054 postulat
1061 1029 1067 1046 :
1082 1024 1109 1046 et
1125 1022 1263 1055 quomodo
1279 1029 1311 1049 ea
1326 1030 1388 1057 pars
1402 1031 1463 1058 qua:
1474 1024 1642 1059 conjunctio-

853 1073 914 1092 nem
931 1066 1028 1100 quaerit
1048 1071 1142 1093 etnon
1158 1067 1331 1101 permittitur,
1351 1069 1410 1103 ejus
1431 1078 1491 1104 quae
1511 1078 1564 1098 non
1580 1079 1642 1106 per-

853 1111 935 1137 mittit
957 1115 1117 1145 potestatem
1135 1112 1236 1140 habere
1257 1113 1399 1141 videatur?
1419 1114 1524 1142 Accidit
1549 1121 1640 1144 autem

853 1161 884 1183 ut
896 1157 976 1183 ctiam
998 1157 1111 1184 alterius
1132 1158 1299 1185 continentia
1318 1159 1431 1187 alterius
1443 1162 1527 1195 partis
1540 1162 1640 1189 damno

853 1203 940 1230 Cedat.
968 1202 996 1229 Si
1020 1205 1094 1230 enim
1122 1211 1137 1231 a
1162 1204 1310 1240 cupiditate
1334 1205 1462 1239 vincitur,
1489 1212 1515 1235 et
1539 1217 1592 1235 non
1611 1210 1639 1238 lit

853 1248 878 1275 ei
901 1247 1030 1284 potestas,
1057 1250 1084 1277 in
1108 1251 1209 1278 coitum
1236 1251 1405 1286 illegitimum
1437 1253 1548 1281 incidet.
1570 1254 1640 1283 Dicit

854 1299 943 1321 autem
970 1296 1105 1331 quispiam
1131 1306 1137 1323 :
1163 1296 1231 1323 Cum
1253 1304 1342 1325 canon
1373 1298 1446 1326 dicat
1473 1302 1640 1334 separandos

853 1347 913 1367 esse
937 1341 1067 1376 conjuges
1095 1346 1126 1369 ut
1154 1343 1270 1369 orationi
1296 1349 1402 1376 vacent,
1429 1345 1523 1372 delinit
1549 1350 1639 1374 autem

853 1385 1000 1420 Apostolus
1024 1395 1075 1414 nos
1094 1387 1193 1415 debere
1213 1389 1272 1415 sine
1288 1390 1492 1418 intermissione
1511 1399 1590 1420 orare
1602 1393 1638 1426 ";

854 1440 996 1468 semperne
1029 1438 1135 1468 oportet
1148 1442 1196 1463 eos
1209 1435 1254 1469 qui
1270 1436 1437 1470 cohabitant,
1454 1445 1468 1464 a
1483 1445 1512 1465 se
1526 1438 1640 1467 invicem

855 1477 1010 1505 abstinere?
1029 1480 1076 1506 sed
1097 1488 1149 1508 non
1165 1481 1199 1508 de
1212 1482 1309 1516 quavis
1329 1483 1453 1510 oratione
1475 1484 1574 1518 agitur,
1594 1487 1640 1514 sed

855 1523 888 1550 de
910 1525 1120 1558 praestantiore.
1146 1532 1302 1554 sanctorum
1332 1528 1438 1556 scilicet
1461 1529 1640 1564 jejuniorum.

855 1569 922 1596 Nam
938 1574 965 1598 et
980 1579 1027 1605 per
1040 1570 1161 1607 Moysem
1179 1572 1250 1600 Deus
1266 1573 1367 1602 Judieis
1378 1575 1485 1603 divinas
1506 1584 1587 1605 voces
1612 1578 1641 1604 in

856 1621 948 1647 monte
976 1618 1112 1646 audituris
1136 1620 1265 1654 pracepit
1285 1625 1315 1648 ut
1340 1629 1355 1648 a
1375 1623 1494 1657 propriis
1510 1625 1653 1652 uxoribus’

856 1664 1024 1692 abstinerent
1040 1665 1073 1691 δ’.
1097 1664 1130 1691 Ει
1146 1667 1276 1701 propheta
1295 1666 1352 1694 ἆορ]
1369 1677 1375 1695 :
1393 1667 1575 1704 Sanctiﬁcnte,
1597 1672 1640 1698 in-

856 1713 929 1746 quit,
947 1712 1092 1746 jejunium,
1110 1717 1134 1739 et
1154 1718 1229 1740 exeat
1249 1723 1359 1749 sponsus
1378 1723 1410 1742 ea:
1432 1717 1514 1743 cubili
1531 1726 1595 1751 suo,
1616 1723 1641 1745 et

856 1768 952 1794 sponsa
969 1768 1001 1787 ea:
1017 1769 1064 1786 suo
1083 1761 1199 1787 tlmlamo
1216 1761 1248 1788 “‘.
1273 1761 1342 1789 Cum
1365 1762 1423 1790 hzec
1444 1768 1534 1791 autem
1555 1765 1591 1792 ita
1613 1773 1643 1793 se

856 1806 984 1838 habeant,
999 1815 1053 1834 non
1075 1807 1155 1834 video
1171 1807 1334 1840 quibusnam
1352 1809 1441 1844 poenis
1462 1811 1643 1845 subjicientur

856 1851 903 1885 qui
929 1851 985 1879 haec
1009 1859 1062 1878 non
1090 1857 1210 1879 servant.
1240 1853 1373 1880 Existimo
1391 1859 1481 1881 autem
1504 1856 1574 1890 quod
1593 1864 1643 1890 pro

855 1897 959 1932 judicio
976 1898 1035 1931 ejus
1050 1898 1096 1932 qui
1118 1899 1194 1926 audit
1211 1899 1424 1933 confessionem,
1438 1901 1574 1928 medicina
1594 1903 1642 1929 ad-

857 1943 965 1971 hibetur
981 1945 1115 1978 personis.
1140 1949 1167 1972 et
1191 1946 1345 1973 necessitati
1369 1952 1483 1974 naturae.
1509 1947 1643 1983 Lege102

857 1997 918 2017 can.
931 1998 990 2025 syn.
1007 1990 1034 2017 in
1048 1990 1152 2019 Trullo.
1413 1986 1417 1989 ⁷

892 2126 992 2154 ΖοΝΑιι.
1012 2127 1049 2155 De
1071 2128 1105 2156 iis
1123 2129 1170 2164 qui
1193 2129 1312 2165 legitimo
1332 2130 1402 2157 inter
1418 2138 1449 2159 se
1466 2131 1642 2159 matrimonio

858 2174 976 2208 copulati
993 2178 1066 2206 sunt,
1088 2179 1201 2210 rogatus
1220 2183 1286 2203 num
1308 2176 1444 2203 abstinere
1463 2176 1578 2204 mvieem
1593 2177 1642 2205 de-

857 2219 949 2251 beant,
958 2220 1108 2254 respondit,
1116 2225 1240 2254 oportere
1250 2221 1383 2256 ipsosmet
1397 2222 1440 2249 sui
1453 2229 1512 2250 esse
1523 2222 1641 2257 judices,

857 2269 884 2292 et
903 2265 1050 2300 aliquando
1070 2266 1207 2303 abstinere
1227 2260 1360 2300 invicem,
1380 2276 1412 2294 ex
1427 2276 1573 2302 consensu,
1590 2269 1642 2297 hoc

857 2315 898 2339 est
912 2311 1049 2339 communi
1071 2312 1216 2346 utriusque
1229 2313 1380 2341 voluntate.
1404 2314 1496 2350 Neque
1511 2316 1584 2343 enim
1601 2316 1642 2343 vir

858 2362 1017 2393 potestatem
1041 2359 1122 2386 habet
1148 2359 1191 2386 sui
1218 2360 1351 2394 corporis,
1376 2368 1464 2396 neque
1488 2362 1595 2394 mulier,
1612 2366 1642 2390 ut

859 2411 974 2439 magnus
989 2403 1136 2439 Aposlolus
1154 2404 1200 2432 ait.
1219 2404 1336 2433 Proinde
1355 2414 1420 2442 ergo
1436 2408 1582 2436 convenire
1601 2409 1643 2436 in-

859 2454 899 2478 ter
912 2458 941 2478 se
957 2450 1071 2478 invicem
1085 2455 1192 2486 oportet
1205 2452 1238 2479 de
1251 2452 1424 2484 abstinentia,
1441 2457 1472 2480 ut
1491 2455 1642 2488 precationi

860 2505 891 2524 ac
908 2497 1012 2532 jejunio
1023 2502 1127 2525 vacent.
1145 2497 1249 2525 Etenim
1270 2499 1293 2526 si
1310 2506 1362 2526 non
1381 2507 1413 2526 ex
1428 2507 1563 2528 consensu
1578 2501 1642 2528 abs-

857 2543 971 2576 tineant,
998 2542 1135 2571 fraudabit
1166 2544 1245 2579 plane
1262 2552 1295 2572 ea
1311 2553 1374 2580 pars
1388 2554 1449 2581 quae
1465 2554 1643 2582 congressum

856 2590 957 2622 renuit,
974 2589 1086 2616 alterunt
1106 2598 1168 2625 qua:
1187 2592 1259 2619 hunc
1277 2592 1407 2627 deposcit.
1425 2593 1507 2629 Atqui
1522 2602 1641 2629 quonam

858 2637 938 2664 modo
968 2636 1044 2663 dicas
1073 2641 1232 2671 potestatem
1264 2638 1363 2666 habere
1396 2639 1421 2666 in
1452 2647 1552 2675 corpus
1583 2641 1643 2675 ejus

857 2683 942 2717 partis
955 2691 1015 2717 qua:
1032 2690 1208 2718 congressum
1233 2684 1339 2718 abnuit,
1358 2686 1469 2713 alteram
1497 2686 1540 2713 cui
1560 2687 1644 2721 depo-

859 2728 944 2756 scenti
973 2728 1017 2754 ille
1042 2728 1253 2764 haudquaquam
1286 2731 1473 2765 permittitur?
1502 2731 1642 2768 Contingit

47 2822 74 2840 ³⁸
88 2821 98 2849 l
114 2821 179 2850 Cor.
199 2829 247 2856 vn,
265 2820 291 2849 5.
330 2822 352 2838 ³⁷
371 2821 436 2851 Ibid.
453 2822 478 2850 4.
519 2823 540 2839 ³⁸
558 2822 570 2850 Ι
585 2822 681 2852 Thess.
697 2831 722 2857 v,
741 2823 782 2852 17.

889 2822 947 2851 xod.
967 2831 1022 2857 xxx,
1040 2823 1080 2851 l5.
1119 2823 1141 2839 ⁶⁰
1157 2823 1225 2852 Joel.
1240 2834 1268 2860 ιι,
1286 2826 1329 2860 t5,
1348 2826 1391 2854 ίϐ.
