1844 3047
24 104 97 132 Ηεθ

391 100 396 103 “
421 97 588 127 EPISTOLA
607 97 782 127 CANONICA
801 98 848 126 AD
867 95 1050 126 BASILIDEM
1071 97 1277 126 EPlSCOPUM.

1584 96 1650 123 ΗΟ(

20 163 98 188 κεῖον
115 161 233 193 συνειδὸς
246 160 341 197 κριτὴν
355 160 508 196 ἐχέτωσαν·
527 159 597 186 ὥστε
614 159 639 186 εἰ
657 158 706 195 μὲν
722 159 758 195 μή
775 167 809 185 τι-

900 157 983 185 dicem
1008 157 1126 185 habeant
1156 155 1294 193 propriam
1323 156 1540 185 conscientiam:
1572 159 1603 182 ut
1630 153 1654 183 si

18 215 68 239 νος
84 206 237 242 ἐμπαθείας
253 205 497 242 προϋποκειμένης,
509 205 607 240 συνέὂη
620 205 710 237 αὐτοῖς
721 205 809 237 τοῦτο,

16 253 183 288 αὐτομάτως
209 253 258 288 τῆς
278 251 384 286 φύσεως
409 252 572 287 ἐκκρινάοης
591 251 629 283 ὡς
652 251 810 287 περίττωμα

14 298 71 333 τὴν
97 298 206 334 ἐκροὴν,
223 298 272 324 οὐκ
297 298 537 333 ἐμποδισθήσονται
559 297 614 323 τῶν
633 297 810 331 ἁγιασμάτων

17 344 196 379 μεταλαϐεῖν.
215 344 246 370 Εἰ
262 343 290 370 δέ
305 352 360 370 τισι
377 343 550 378 προϋπῆρξεν
570 343 599 376 ἑξ
613 342 751 378 ἐμπαθοῦς
767 343 811 370 λο-

13 388 122 424 γισμοῦ
139 388 281 424 ἐπιθυμία,
294 390 340 416 καὶ
352 388 439 425 ταύτῃ
456 388 671 425 ἐπηκολούθησεν
687 389 780 425 ἐκροὴ,
793 389 809 425 ἢ

16 434 49 468 ἐξ
65 435 200 471 ἀκρασίας
213 435 363 471 βρωμάτων
381 436 428 463 καὶ
445 437 550 467 πόσεως
568 436 664 472 συνέϐη
685 436 775 469 τοῦτο,
787 437 810 463 οἱ

16 480 138 508 τοιοῦτοι
149 482 198 507 οὑκ
209 481 261 508 εἰσὶ
271 481 384 518 καθαροί
396 490 402 496 ·
417 481 447 508 οὺ
462 482 505 508 διὰ
516 481 565 517 τὴν
578 481 655 517 ρὖιν
666 481 712 508 τοῦ
727 482 811 519 σπέρ-

15 536 108 562 ματος
125 526 173 562 (οὐ
191 527 244 563 γὰρ
259 527 412 563 ἀκάθαρτον
434 527 523 559 τοῦτο,
540 527 601 554 ἐπεὶ
623 527 689 563 μηδέ
706 528 722 563 ἡ
743 527 811 564 σὰρξ

12 572 49 606 ἐξ
61 569 97 609 ἧς
111 574 197 600 ἐκεῖνο
210 573 400 609 περίττωμα),
418 573 486 600 ἀλλὰ
500 573 544 600 διὰ
558 573 588 600 τὺ
604 574 719 609 πονηρὸν
734 573 811 600 ἐνθύ-

12 628 83 654 μιον
99 620 167 656 ὅπερ
181 619 292 654 ὲμόλυνε
305 620 353 656 τὴν
365 619 492 647 διάνοιαν.
502 620 530 646 Ὀ
545 619 609 654 γοῦν
624 619 752 651 τοιοῦτος,
761 620 811 646 οὐκ

10 665 217 702 εὑσυνεξδητος,
236 666 381 693 κάντεῦθεν
396 666 449 693 οὐδ’
466 666 699 702 εὐπαρῤησῐαστος
719 667 758 698 εἰς
780 666 811 693 τὸ

10 711 181 746 προσελθεῖν
192 711 231 747 τῷ
240 711 309 747 Θεῷ.
319 713 430 747 Ἐπάγει
441 713 468 739 δέ
481 712 527 739 καὶ
541 713 590 747 τὴν
605 712 702 749 χρῆσιν
717 714 749 739 ὲκ
763 713 809 740 τοῦ

11 757 144 792 μεγάλου
161 758 266 784 Παύλου
283 758 437 794 γράψαντος
459 759 522 794 περὶ
542 758 596 785 τῶν
616 759 809 791 εἰδωλοθύτων,

7 805 58 830 ὅτι
77 805 95 830 ὁ
112 804 343 839 διακρινόμενος,
359 805 413 832 ἐὰν
423 804 514 840 φάγῃ,
530 804 743 839 κατακέκριται.
757 806 810 832 Πε-

864 204 939 231 nulla
952 203 1123 239 praecedente
1139 204 1223 231 animi
1241 203 1444 239 perturbatione
1459 203 1510 231 hoc
1522 202 1563 230 eis
1579 203 1653 229 acci-

863 249 950 282 derit,
968 254 1066 277 natura
1082 257 1132 277 sua
1149 254 1244 285 sponte
1262 249 1333 276 hanc
1350 248 1499 276 ﬂuxionem
1520 252 1651 282 tanquam

863 300 1066 324 excrementum
1095 301 1276 326 excernente.
1307 303 1362 322 non
1385 293 1566 329 impedientur
1591 301 1653 321 esse

864 347 1096 370 sacramentorum
1124 342 1282 377 participes.
1309 340 1337 368 Si
1365 340 1466 376 quibus
1499 346 1589 368 autem
1617 347 1650 366 ex

864 389 980 416 rationis
1005 389 1208 424 perturbatione
1228 387 1388 423 przeexstitit
1410 387 1554 422 cupiditas,
1579 394 1649 414 eam~

864 442 918 469 que
934 434 1044 462 eﬂluxio
1058 438 1204 463 consecuta
1220 434 1266 467 sit,
1281 434 1322 460 vel
1335 441 1368 461 ex
1383 434 1505 461 ciborum
1517 439 1651 469 potusque

864 480 1072 515 intemperantia
1089 482 1140 509 hoc
1159 480 1291 512 evenerit,
1317 480 1334 507 ii
1350 480 1409 515 puri
1425 487 1479 507 non
1496 485 1578 513 sunt;
1595 487 1650 507 non

866 532 976 561 propter
991 527 1093 554 ﬂuxum
1111 527 1223 555 seminis
1239 527 1303 562 (non
1319 531 1360 554 est
1375 526 1448 553 enim
1463 526 1516 554 hoc
1531 526 1651 553 immun~

864 572 939 605 dum,
955 573 1024 600 sicut
1043 581 1094 600 nec
1106 581 1187 606 caro,
1203 573 1282 608 cujus
1303 577 1346 600 est
1358 572 1585 605 excrementum),
1602 572 1650 600 sed

864 623 973 653 propter
988 619 1086 646 malam
1108 619 1310 654 cogitationem,
1323 627 1385 654 quae
1402 623 1519 646 mentem
1541 619 1647 653 polluit.

863 663 915 696 Qui
940 664 1022 699 igitur
1047 669 1088 692 est
1107 665 1253 700 ejusmodi,
1276 673 1330 692 non
1351 665 1433 692 habet
1456 664 1555 692 bonam
1580 672 1649 692 eou-

863 709 1019 741 scientiam,
1044 714 1072 736 et
1090 717 1144 737 non
1164 709 1245 736 habet
1267 709 1328 736 ideo
1341 713 1500 744 potestatem
1517 709 1549 736 ad
1563 708 1646 735 Deum

863 756 1019 784 accedendi.
1048 756 1194 791 Subjungit
1217 761 1307 783 autem
1334 760 1361 782 et
1385 763 1418 783 ex
1442 762 1542 790 magno
1563 754 1648 782 Paulo

864 803 1037 835 sententiam,
1060 802 1107 838 qui
1133 803 1241 838 scripsit
1264 803 1298 830 de
1320 802 1486 837 idolothytis,
1509 801 1582 837 quod
1604 802 1650 837 qui

11 849 44 883 ρί
59 848 90 875 δὲ
108 849 157 884 τῆς
168 849 214 875 τοῦ
231 849 388 886 σπέρματος
402 850 530 886 ῥεύσεως,
548 849 624 886 ζήτει
638 850 684 877 καὶ
699 850 746 877 τοῦ
766 859 809 886 με-

900 848 983 880 bitat,
1007 848 1029 875 si
1052 848 1212 882 comederit,
1233 848 1421 874 condemnatus
1444 853 1492 874 est.
1515 847 1553 875 De
1574 847 1649 874 ﬂuxu

7 895 104 928 γάλου
128 895 285 922 Ἀθανασίου
312 896 454 932 ἐπιστολὴν
482 896 550 931 πρὸς
576 896 695 932 ’Δμμοῦν
725 896 808 932 μονά-

8 940 113 972 ζοντα.

50 986 177 1012 ΖΩΝΑΡ.
197 987 252 1014 Καὶ
265 987 351 1014 ταῦτα
370 987 438 1023 πρὸς
454 987 587 1023 ἐρώτησιν
601 988 615 1013 ὁ
632 988 726 1024 Πατὴρ
743 988 809 1014 ἀπο-

7 1032 325 1069 κρίνεται-Ἐρωτηθεὶς
340 1033 394 1069 γὰρ
407 1034 431 1060 εἰ
444 1033 483 1060 δεῖ
497 1034 560 1066 τοὺς
580 1034 609 1060 ἐν
630 1033 705 1068 ρύσει
727 1033 810 1069 σπέρ-

10 1086 107 1113 ματος
120 1075 281 1113 γενομένους
289 1079 486 1116 ἀπροαιρέτως,
495 1079 548 1106 τῶν
555 1080 730 1115 ἁγιασμάτων
745 1089 808 1115 μετ-

8 1124 103 1159 έχειν,
120 1124 171 1161 ἔφη
187 1125 239 1156 ὃτι,
254 1126 285 1151 Oi
300 1125 379 1152 τοῦτο
395 1125 536 1159 παθόντες,
565 1125 603 1161 τῷ
616 1126 709 1161 οἰκείῳ
723 1135 810 1153 συνει-

7 1171 73 1197 δότι
91 1170 374 1199 κατακολουθειτωσαν
388 1180 394 1186 ·
411 1172 494 1207 ἡγουν
516 1172 546 1199 τὸ
568 1172 685 1204 συνειδὸς
711 1173 810 1208 ἐχέτω-

8 1225 69 1244 σαν
95 1216 143 1244 τοῦ
171 1218 331 1253 πράγματος
347 1218 486 1254 δικαστὴν,
501 1219 551 1255 τὴν
566 1219 668 1246 οἰκείαν
689 1219 809 1255 δηλονότι

6 1263 232 1290 διάνοιαν.Ὦστε
248 1265 272 1290 ει
290 1265 326 1299 μή
344 1273 416 1296 τινος
437 1265 588 1301 ἐμπαθείας
608 1266 810 1302 προῦποκειμέ-

7 1319 68 1346 νης
83 1310 255 1346 συμϐέϐηκεν
271 1311 430 1346 αὐτομάτως
451 1312 468 1347 ἡ
489 1312 538 1347 τῆς
554 1311 635 1347 γονῆς
650 1312 742 1348 ὲκροὴ,
759 1311 808 1348 τῆς

8 1353 127 1386 φύσεως
137 1353 220 1388 αὐτὴν
237 1353 274 1386 ὡς
291 1354 450 1390 περίττωμα
466 1355 631 1392 ὲκκρινάσης
642 1365 648 1372 ’
659 1356 676 1392 ἢ
687 1358 711 1383 εἰ
725 1357 761 1393 μὴ
776 1357 809 1384 ἐκ

8 1398 162 1434 παροινίας
174 1399 221 1425 καὶ
236 1399 265 1431 ἐξ
278 1399 446 1435 ἁδδηφαγίας
457 1401 573 1436 ἐγένετο,
585 1403 634 1429 οὐκ
645 1402 809 1439 ἐμποδισθή-

10 1451 94 1469 σεται
116 1445 130 1470 ὁ
145 1443 223 1470 τοῦτο
238 1445 332 1472 παθὼν
347 1445 385 1481 τῷ
397 1447 467 1481 ἁγίῳ
484 1447 644 1483 προσελθεῖν
660 1448 808 1485 θυσιαστη-

9 1489 68 1524 ρίῳ
79 1497 86 1504 ·
115 1489 139 1515 εἰ
165 1489 193 1516 δέ
217 1498 259 1522 τις
276 1491 450 1527 προϋπῆρξεν
465 1493 589 1529 ἐμπαθὴς
605 1493 743 1529 λογισμὸς,
761 1494 808 1522 καὶ

8 1531 97 1566 οὗτος
124 1535 348 1576 ἐμφιλοχωρήσας
370 1539 402 1573 τῇ
423 1538 526 1574 διανοίᾳ
548 1539 641 1571 αὐτοῦ,
660 1541 811 1575 φαντασίαν

7 1581 156 1617 ἐπήνεγκε
167 1583 336 1618 νύκτερινὴν,
345 1584 392 1610 καὶ
406 1584 490 1620 ταύτῃ
502 1585 721 1622 ἐπηκολούθησεν
732 1588 748 1622 ἡ
761 1588 811 1623 τῆς

8 1627 101 1662 γονῆς
119 1627 211 1663 ἐκροήν
229 1628 276 1654 καὶ
288 1627 318 1660 ἐξ
333 1629 468 1664 ἀκρασίας
484 1630 634 1666 βρωμάτων
649 1632 695 1659 καὶ
707 1632 812 1664 πόσεως

10 1672 136 1708 συνέόη·
155 1673 169 1698 ὁ
185 1673 303 1705 τοιοῦτος
318 1674 347 1700 οὐ
365 1674 484 1708 καθαρός
501 1676 584 1707 ἐστιν,
602 1677 631 1702 οὐ
648 1674 692 1703 διὰ
705 1677 753 1712 τὴν
768 1676 811 1713 ῥῦ-

11 1727 58 1744 σιν
86 1718 137 1744 τοῦ
163 1719 319 1754 σπέρματος
342 1720 351 1755 (
361 1720 391 1746 οὐ
408 1721 462 1756 γὰρ
477 1721 630 1757 ἀκάθαρτον
644 1722 732 1756 τοῦτο,
749 1723 811 1750 ἐπεὶ

12 1768 68 1802 μὲν
86 1766 150 1793 οὐδὲ
166 1767 182 1801 ή
195 1767 263 1803 σὰρξ
278 1766 311 1804 ἧς
327 1768 415 1794 ἐκεῖνο
432 1768 590 1804 περιττωμα
602 1769 622 1804 ),
640 1769 707 1796 ἀλλὰ
720 1761 763 1797 διὰ
779 1771 811 1797 τὸ

12 1812 140 1848 πονηρὸν
156 1813 290 1849 ἐνθύμιον,
304 1814 372 1850 ὅπερ
388 1815 400 1840 ἐ
405 1814 500 1849 μόλυνε
509 1815 557 1850 τὴν
565 1815 693 1842 διάνοιαν.
703 1816 730 1842 '0
746 1816 810 1851 γοῦν

13 1858 141 1890 τοιοῦτος
155 1859 204 1885 οὐκ
223 1861 417 1896 εὐσυνείδητος,
436 1861 582 1888 κάντεῦθεν
600 1861 653 1888 οὐδ’
669 1862 810 1898 εὐπαρῤη-

14 1907 131 1937 σίαστος
146 1905 189 1932 διὰ
205 1906 235 1932 τὸ
252 1905 317 1933 ἴδιον
330 1906 464 1942 ἐνθύμιον.
483 1906 544 1938 Πῶς
564 1905 610 1934 οὖν
632 1908 810 1943 προσελεύσε-

15 1961 59 1979 ut
73 1951 116 1987 τῷ
131 1951 190 1986 Θεῷ
206 1951 422 1988 διαχρινόμενοςς
441 1952 552 1986 Ἐπάγει
565 1952 593 1980 δέ
608 1953 654 1980 καὶ
669 1954 766 1990 χρῆσιν
779 1956 812 1982 ἐκ

16 1998 63 2024 τοῦ
89 1997 210 2033 μεγάλου
226 1997 333 2025 Παύλου
352 1998 506 2034 γράψαντος
522 2000 585 2034 περὶ
599 1999 654 2026 τῶν
672 2000 812 2028 εἰδωλοθύ-

17 2053 82 2074 των,
98 2043 141 2069 ὅτι
165 2042 388 2078 διακρινόμενος
410 2045 464 2071 ἐὰν
484 2044 575 2080 φάγῃ,
593 2045 809 2081 κατακέκριται.

18 2090 86 2125 Περὶ
113 2089 143 2115 δὲ
167 2089 217 2125 τῆς
238 2089 284 2116 τοῦ
309 2091 463 2126 σπέρματος
479 2091 596 2126 ρεύσεως
616 2092 663 2119 καὶ
684 2093 698 2120 ὁ
723 2093 811 2129 μέγας

19 2135 186 2167 ’Λοανάσιος
211 2135 336 2169 πλατέως
355 2136 472 2173 ἔγραψεν
498 2137 566 2174 πρὸς
588 2137 709 2174 Ἀμμοῦν
728 2140 811 2175 μονά-

20 2184 108 2216 :om.

151 2868 287 2897 an'uot.
315 2867 373 2896 Gn.
389 2865 428 2896 Χ.

862 897 954 920 autem
979 893 1113 926 seminis,
1139 901 1231 928 quaere
1257 893 1348 928 magni
1374 900 1484 928 quoque
1506 893 1650 921 Athanasii

862 938 1005 974 epistolam
1024 939 1058 966 ad
1073 939 1200 966 Ammum
1217 940 1393 966 monachum.

900 985 1002 1012 Zoaan.
1023 985 1073 1013 llic
1089 993 1200 1021 quoque
1213 984 1363 1020 prmpositze
1385 984 1591 1020 interrogationi
1607 994 1651 1014 re-

863 1031 979 1067 spondet
994 1031 1083 1058 Pater.
1107 1030 1229 1066 Rogatus
1245 1038 1364 1065 namque
1380 1039 1414 1058 an
1432 1031 1511 1059 liceat
1535 1032 1569 1060 iis
1588 1033 1651 1068 qui-

863 1077 916 1105 bus
938 1077 1050 1108 seminis
1076 1077 1167 1104 tluxus
1191 1084 1245 1104 non
1269 1081 1366 1111 sponte
1388 1078 1538 1113 contingit,
1564 1080 1650 1107 sacris

862 1123 1066 1150 communicare
1080 1122 1234 1158 mysteriis,
1257 1123 1398 1157 respondit
1420 1131 1427 1149 :
1449 1123 1501 1156 Qui
1526 1125 1577 1152 hoc
1602 1133 1650 1160 pa-

863 1169 984 1202 tiuntur,
1013 1169 1151 1204 propriam
1176 1172 1327 1204 sequantur
1353 1169 1562 1204 conscientiam,
1597 1171 1650 1198 hoc

861 1220 914 1248 est,
939 1215 1002 1243 facti
1027 1215 1147 1250 judicem
1174 1219 1295 1242 statuant
1321 1216 1536 1249 conscientiam,
1567 1225 1647 1244 suum
1667 1246 1673 1251 _

862 1262 987 1289 videlicet
1012 1261 1134 1289 animum
1165 1269 1197 1288 ac
1227 1265 1364 1294 mentem;
1392 1263 1429 1290 ita
1449 1267 1478 1290 ut
1500 1263 1522 1290 si
1540 1263 1648 1298 quidem

862 1308 937 1336 nulla
960 1307 1104 1335 aﬂectione
1123 1307 1328 1342 praegrediente,
1345 1308 1416 1335 ultro
1433 1309 1545 1336 seminis
1559 1310 1648 1338 ﬂuxus

862 1354 964 1386 evenit,
988 1353 1072 1381 veluti
1096 1353 1264 1388 superﬂuum
1288 1354 1353 1389 quid
1379 1355 1467 1389 ipsum
1487 1362 1650 1384 excernente

862 1405 960 1428 natura
975 1421 982 1432 ,
1011 1407 1101 1435 neque
1118 1400 1156 1427 illi
1174 1408 1283 1428 causam
1297 1401 1444 1428 vinolentia
1463 1402 1502 1428 vel
1518 1403 1650 1437 gulositas

862 1446 988 1482 praebuit,
1003 1446 1036 1474 ad
1050 1450 1176 1473 sanctum
1195 1446 1280 1474 altare
1305 1447 1433 1474 accedere
1446 1448 1491 1482 qui
1509 1448 1533 1475 id
1550 1456 1649 1483 passus

862 1496 913 1524 est,
932 1491 1144 1527 haudquaquam
1166 1491 1318 1524 vetabitur;
1345 1491 1368 1518 si
1390 1499 1455 1519 vero
1473 1492 1580 1520 mollior
1597 1493 1649 1519 ali-

824 1525 845 1554 c
864 1545 917 1573 qua
937 1525 1245 1573 cogitatioiprmcessit,
1265 1544 1352 1572 eaque
1373 1537 1456 1564 menti
1474 1537 1577 1565 diutius
1600 1538 1650 1566 ob-

862 1589 970 1612 versata
995 1588 1157 1611 nocturnam
1183 1584 1300 1619 speciem
1325 1584 1441 1617 induxit,
1458 1593 1540 1620 quam
1555 1589 1649 1620 postea

861 1632 975 1660 seminis
996 1631 1086 1659 ﬂuxus
1107 1636 1150 1659 est
1166 1637 1341 1665 consecutus,
1365 1636 1447 1666 atque
1473 1640 1507 1660 ex
1533 1633 1651 1660 inconti-

861 1679 953 1707 nentia
979 1678 1103 1706 ciborum
1124 1683 1151 1706 et
1167 1679 1283 1714 potionis
1308 1679 1407 1712 evenit,
1429 1680 1499 1707 haud
1522 1681 1650 1715 este-jus-

861 1725 934 1752 modi
952 1725 1033 1752 homo
1053 1733 1138 1760 purus
1151 1747 1158 1759 ,
1178 1733 1231 1752 non
1256 1725 1291 1753 ob
1306 1725 1443 1753 deﬂuxum
1463 1727 1575 1755 seminis
1593 1729 1651 1763 (ue-

861 1778 914 1806 que
926 1770 999 1797 enim
1015 1770 1067 1798 hoc
1081 1771 1229 1805 impurum,
1243 1771 1462 1806 quandoquidem
1477 1779 1527 1799 nec
1543 1773 1650 1808 impura

861 1825 936 1850 caro,
953 1818 1032 1852 cujus
1047 1817 1098 1845 hoc
1109 1817 1335 1851 excrementum),
1350 1817 1396 1845 sed
1408 1817 1443 1845 ob
1456 1817 1648 1853 cogitationem

861 1870 984 1897 pravam,
1006 1870 1066 1897 quae
1088 1862 1209 1889 animum
1235 1863 1398 1897 inquinavit.
1427 1862 1486 1890 Non
1502 1867 1544 1891 est
1558 1863 1650 1899 itaque

862 1907 907 1935 hic
931 1908 1033 1935 nullius
1061 1907 1113 1935 sibi
1136 1908 1266 1936 conscius
1290 1908 1377 1940 labis,
1404 1909 1573 1944 proindeque
1600 1917 1651 1937 nec

861 1954 939 1988 plena
969 1953 1008 1981 illi
1032 1954 1140 1987 ﬂducia,
1166 1954 1202 1982 ob
1219 1962 1294 1981 suam
1318 1955 1504 1990 cupiditatem.
1528 1955 1586 1988 Qua
1605 1964 1651 1983 ra-

862 2000 936 2027 tione
955 1999 1037 2035 igitur
1051 1999 1107 2030 Dco
1124 2000 1353 2036 appropinquahit
1369 2001 1517 2028 dubitans?
1532 2000 1650 2036 Suhjicit

863 2054 972 2082 quoque
1000 2046 1090 2082 magni
1119 2046 1196 2074 Pauli
1223 2048 1406 2080 sententiam,
1430 2046 1464 2074 de
1492 2048 1649 2084 idolothytis

862 2092 1017 2124 scribentis,
1036 2093 1107 2127 quod
1126 2093 1150 2119 si
1164 2093 1288 2120 dubitans
1308 2093 1436 2125 comedat,
1459 2095 1649 2121 condemnatus

861 2143 910 2166 est.
935 2138 1020 2165 Porro
1042 2139 1076 2166 de
1097 2139 1210 2166 seminis
1235 2138 1369 2172 ﬂuxione,
1397 2146 1512 2174 magnus
1538 2146 1650 2174 quoque

861 2184 1028 2212 Athanasius
1051 2185 1144 2212 multis
1168 2184 1258 2212 verbis
1278 2185 1310 2212 ad
1326 2185 1456 2212 Animum
1481 2183 1648 2212 monachum

859 2231 980 2266 scripsit.

1497 2853 1531 2884 ιιι
