1844 3047
55 118 120 145 MM

615 114 725 142 EPIST.
746 115 792 142 AD
811 114 940 142 FABIUM
961 113 1120 141 ANTIOCH.

1613 115 1688 143 1502·

50 178 201 213 θρασύτητι
219 178 250 204 τὸ
278 177 344 214 μηδὲ
365 176 496 212 πρότερον
510 176 669 211 Χριστιανοὶ
683 175 823 210 γεγονέναι

916 173 992 201 usillo
1010 173 1102 200 animo
1114 181 1183 202 esse.
1198 174 1249 200 Alii
1265 180 1329 201 vero
1341 173 1493 209 promptius
1507 174 1540 201 ad
1555 181 1617 201 aras
1635 176 1682 202 ad-

48 222 117 258 περὶ
137 219 175 250 ὧν
196 224 214 258 ἡ
233 222 279 249 τοῦ
301 222 404 257 Κυρίου
428 221 579 258 πρόρρησις
601 221 780 257 ἀληθεστάτη,
798 222 838 248 ὅτι

45 267 186 300 δυσκόλως
199 267 374 303 σωθήσονται.
388 267 450 294 Τῶν
465 267 494 293 δὲ
507 266 617 299 λοιπῶν,
631 267 655 293 οί
674 267 722 302 μὲν
732 267 839 294 εἵποντο

45 313 155 345 τούτοις
177 313 333 349 ἑκατέρως’
356 313 381 339 οι
401 312 429 339 δὲ
448 312 578 346 ἔφευγον*
599 312 623 337 οἱ
642 311 669 337 δὲ
687 311 836 347 ἡλίσκοντο.

45 359 105 386 Καὶ
117 359 252 386 τούτωνοὶ
276 359 325 394 μὲν
342 359 405 394 ἄχρι
417 358 525 394 δεσμῶν
543 358 589 385 καὶ
604 357 725 393 φυλακῆς
746 359 837 393 χωρή-

44 414 144 438 σαντες
160 414 167 421 ³
195 405 241 432 καί
265 414 351 437 τινες,
377 404 424 431 καὶ
447 404 570 435 πλείονας
598 403 702 439 ἡμέρας
726 403 836 439 καθειρ-

42 450 167 486 χθέντες,
184 449 243 478 εἶτα
255 451 301 478 καὶ
313 451 376 487 πρὶν
389 451 428 482 εἰς
440 450 611 485 δικαστήριον
623 448 762 481 εἰσελθεῖν,
775 449 838 481 ἐξω-

44 498 180 531 μόσαντο·
198 499 222 524 οἱ
239 498 267 524 δὲ
283 497 330 523 καὶ
348 497 473 532 βασάνοις
497 496 545 523 ἐπὶ
562 497 643 522 ποσὸν
669 497 836 532 ἐγκαρτερή-

42 551 155 575 σαντες,
169 543 236 579 πρὸς
250 543 280 570 τὸ
294 543 356 577 ἑξῆς
373 543 497 569 ἀπεῖπον.

891 220 1052 251 currebant,
1079 220 1207 247 audacter
1226 220 1390 247 afﬁrmantes
1405 228 1545 255 nunquam
1561 227 1591 247 se
1601 224 1680 247 antea

889 265 1060 293 Christianos
1088 264 1173 293 fuisse
1194 266 1247 293 :de
1272 267 1371 302 quibus
1397 266 1538 293 verissime
1557 266 1680 300 praedixit

889 312 954 339 olim
967 312 1111 344 Dominus,
1124 312 1259 348 ejusmodi
1272 313 1396 340 homines
1407 320 1477 346 :egre
1491 312 1604 339 salutem
1617 319 1682 339 con-

889 362 1043 386 secuturos.
1071 358 1165 386 Caeteri
1190 348 1280 386 au’tem
1301 358 1399 393 partim
1420 358 1566 385 alterutros
1584 349 1678 384 eorum

891 412 960 439 quos
974 404 1093 432 diximus
1108 425 1114 436 ,
1144 404 1343 439 sequebantur;
1370 404 1466 438 partim
1490 412 1519 431 se
1543 403 1570 430 in
1587 402 1679 438 fugam

890 450 1009 483 dabant;
1037 451 1136 486 partim
1165 450 1474 486 comprehendebantur.
1507 449 1545 476 Ex
1578 449 1678 484 quibus

889 497 1028 529 nonnulli,
1046 505 1107 524 cum
1124 505 1211 531 usque
1228 497 1261 524 ad
1277 497 1384 523 vincula
1404 502 1430 523 et
1446 495 1596 523 custodiam
1615 502 1680 530 pro-

889 544 975 577 gressi
996 548 1104 575 essent,
1118 544 1228 579 qnidam
1246 544 1327 570 etiam
1340 543 1477 578 plusculos
1495 543 1552 569 dies
1573 543 1599 569 in
1617 549 1679 569 car-

39 596 108 616 cere
122 589 320 624 perstitissent,
345 589 420 623 prius
439 593 528 615 tamen
553 595 635 622 quam
657 587 683 614 in
702 587 834 622 judicium
861 587 1065 621 inducerentur,
1096 590 1177 617 Iidem
1205 590 1356 624 ejurarunt.
1385 588 1510 615 Nonnulli
1525 596 1588 615 vero
1614 594 1676 615 cum

39 635 206 670 aliquandiu
223 639 355 662 tormenta
374 634 480 661 fortiter
493 635 697 666 sustinuissent,
713 634 746 661 ad
766 634 870 668 reliqua
888 635 956 669 quae,
966 636 1171 663 intentabantur
1195 635 1325 670 supplicia
1343 634 1449 661 animos
1462 633 1676 668 desponderunt.

79 683 119 709 E'.
136 683 169 708 Οἱ
181 682 208 708 δὲ
222 682 330 718 στερροὶ
345 681 392 707 καὶ
410 682 539 717 μακάριοι
552 681 642 708 στῦλοι
656 681 702 708 τοῦ
721 681 833 717 Κυρίου,

37 727 263 763 κραταιωθέντες
281 728 326 753 ὑπ’
351 727 445 760 αὑτοῦ,
463 727 510 754 κα)¹
533 728 583 763 τῆς
599 728 712 764 ἰσχυρᾶς
727 728 757 754 ὲν
774 728 836 755 ἑαυ-

36 776 100 806 τοῖς
113 774 231 806 πίστεως
245 774 323 807 ἀξίαν
336 774 382 801 καὶ
394 774 524 808 ἀνάλογον
540 774 654 810 δύναμιν
674 774 721 801 καὶ
736 783 832 810 καρτε-

37 820 106 855 ρίαν
120 820 259 853 λαϐόντες,
273 820 426 855 θαυμαστοὶ
453 819 595 854 γεγόνασιν
618 819 699 847 αὑτοῦ
716 821 766 855 τῆς
785 820 832 855 βα-

923 682 956 709 ν.
977 682 1078 710 Verum
1095 683 1167 710 beati
1184 683 1221 710 illi
1234 690 1266 710 ac
1289 683 1399 710 stabiles
1414 682 1546 709 columna:
1559 681 1676 716 Domini,

885 728 919 755 ab
932 729 993 763 ipso
1005 729 1171 763 conﬁrmati,
1184 733 1211 756 et
1224 728 1285 756 ﬁdei
1302 737 1359 756 sua:
1374 729 1467 756 robori
1481 733 1676 763 congruentem

885 779 912 801 et
933 783 967 802 ex
986 783 1066 810 aequo
1090 775 1298 810 respondentem
1323 775 1377 801 vim
1392 779 1474 810 atque
1494 768 1675 802 constantiam

885 820 974 854 nacti,
1001 821 1176 848 admirabiles
1195 821 1269 855 regni
1292 820 1364 847 illius
1389 823 1471 846 testes
1490 819 1578 847 eﬂ‘eeti
1600 823 1674 847 sunt.

37 865 146 898 σιλείας
161 866 306 902 μάρτυρες.
324 863 374 892 Ὧν
389 866 496 901 πρῶτος
526 866 677 898 Ἰουλιανὸς,
693 866 827 902 ἄνθρωπος

916 874 1006 894 lorum
1025 867 1130 902 primus
1154 866 1279 894 Julianus
1293 887 1300 900 ,
1325 866 1366 892 \‘ir
1386 865 1512 900 podagrm
1534 865 1675 892 doloribus

36 912 191 948 ποδαγρὸς,
211 913 247 948 μὴ
266 914 371 949 στῆναι,
401 913 438 948 μὴ
466 913 571 948 βαδίσαι
601 913 757 948 δυνάμενος,
786 914 832 939 σὺν

35 958 150 993 ἑτέροις
166 958 212 985 δύο
228 960 284 990 τοῖς
311 959 438 994 φέρουσιν
464 958 554 990 αὐτὸν,
586 958 744 993 προσήχθη·
766 955 802 984 ὧν
819 959 832 984 ὁ

36 1004 94 1039 μὲν
108 1003 212 1040 ἕτερος,
237 1004 317 1035 εὐθὺς
346 1004 492 1039 ὴρνήσατσ
514 1005 528 1030 ὁ
552 1003 574 1030 δ’
601 1003 694 1038 ἕτερος
709 1004 832 1038 Κρονίων

33 1050 167 1084 ὀνόματι,
183 1049 295 1085 ἐπίκλην
312 1050 340 1076 δὲ
356 1049 467 1082 Εὕνους,
486 1050 533 1076 καὶ
549 1049 628 1081 αὐτὸς
650 1050 664 1076 ὁ
677 1049 832 1084 πρεσϐύτης

40 1096 200 1128 Ἰουλιανὸς,
224 1097 439 1132 ὁμολογήσαντες
463 1097 508 1124 τὸν
535 1096 651 1131 Κύριον,
676 1096 719 1122 διὰ
742 1097 832 1131 πάσης

30 1141 90 1176 τῆς
108 1141 211 1172 πόλεως
227 1142 358 1177 μεγίστης
370 1141 464 1176 οὔσης,
479 1141 516 1173 ὡς
537 1141 604 1173 ἴστε,
621 1141 755 1176 καμήλοις
769 1142 832 1167 ἑπο-

31 1187 166 1222 χούμενοι
182 1187 228 1213 καὶ
241 1187 372 1223 μετέωροι
390 1187 697 1223 μαστιγούμενοι,τέλος
708 1187 831 1222 ἀσϐέστῳ

32 1223 108 1269 wth
136 1233 190 1268 (89)
220 1233 434 1269 περικεχυμένου
464 1234 509 1260 τοῦ
534 1233 617 1269 δήμου
635 1233 734 1265 παντὸς
749 1242 830 1260 κατε-

30 1281 158 1316 κάησαν.
172 1279 346 1315 Στρατιώτης
370 1288 399 1306 τε
428 1280 518 1311 αὐτοῖς
538 1280 721 1314 ἀπαγομένοις
741 1288 830 1314 παρα-

30 1325 119 1358 στὰς,
136 1326 182 1352 καὶ
197 1327 253 1358 τοῖς
270 1326 460 1362 ἑφυϐρίζουσιν
484 1325 663 1358 ἐναντιωθεὶς,
681 1325 829 1361 ἐκϐοησάν-

28 1380 92 1397 των
109 1371 221 1398 ἐκείνων
237 1371 402 1407 προσαχθεὶς
427 1373 441 1398 ὁ
466 1371 654 1407 ἀνδρειότατος
676 1371 829 1406 ὁπλομάχος

27 1417 84 1443 τοῦ
100 1417 169 1443 Θεοῦ
183 1417 283 1452 Βησᾶς,
297 1418 348 1444 κάν
365 1417 403 1452 τῷ
429 1418 538 1452 μεγάλῳ
566 1417 678 1452 πολέμῳ
703 1417 742 1452 τῷ
766 1419 829 1453 περὶ

29 1463 88 1498 τῆς
100 1463 242 1495 εὐσεϐείας
271 1463 445 1499 ἀριστεύσας,
475 1464 620 1499 ἀπετμήθη
634 1465 683 1499 τὴν
695 1464 826 1500 κεφαλήν.

30 1510 94 1536 Καί
119 1519 160 1540 τις
172 1510 266 1545 ἕτερος
280 1510 310 1536 τὸ
334 1510 382 1545 μὲν
402 1510 478 1544 γένος
493 1510 586 1541 Λίϐυς,
611 1510 659 1546 τὴν
681 1511 708 1536 δὲ
725 1519 828 1546 προση-

26 1556 133 1592 γορίαν
159 1556 217 1590 ἅμα
241 1556 288 1583 καὶ
314 1556 362 1591 τὴν
376 1555 500 1590 εὐλογίαν
528 1555 629 1591 ἀληθὴς
645 1556 744 1591 Μάκαρ
759 1556 825 1592 (90),

27 1601 198 1638 προτροπῆς
215 1601 289 1637 αύτῴ
303 1601 402 1636 πολλῆς
419 1602 472 1628 ὑπὸ
496 1601 543 1627 τοῦ
556 1601 681 1628 δικαστοῦ
695 1602 762 1637 πρὸς
776 1603 826 1638 ἄρ-

28 1656 116 1684 νησιν
130 1648 290 1683 γενομένης,
306 1648 354 1683 οὐχ
370 1647 510 1682 ὑπαχθεὶς,
525 1646 578 1678 ζῶν
595 1647 824 1682 κςλιτειπέιρλεκται⁵

35 1693 194 1729 Ἐπίμαχός
215 1703 244 1720 τε
275 1694 332 1728 μετ’
349 1693 447 1725 αὐτοὺς
475 1694 521 1719 καὶ
545 1692 726 1728 Ἀλέξανδρος,
759 1694 826 1728 μετὰ

27 1739 123 1766 πολὺν
143 1739 198 1775 (91)
222 1739 250 1766 ὃν
274 1739 384 1775 ἔμειναν
402 1739 538 1774 δεσμῶται
555 1739 661 1775 χρόνον,
678 1739 774 1775 μυρίας
787 1740 826 1766 δι-

27 1786 195 1819 ενεγκόντες
224 1785 390 1821 ἀλγηδόνας,
421 1785 568 1821 ξυστῆρας,
599 1785 741 1820 μάστιγας,
760 1786 826 1822 πυρὶ

25 1832 164 1867 ἀσϐέστῳ
178 1833 226 1858 καὶ
240 1829 312 1859 οὗτοι
328 1832 498 1868 διεχύθησαν.

66 1970 118 2003 (τ’.
139 1969 196 1996 Καὶ
213 1970 261 1996 σὺν
274 1970 365 2002 αὐτοῖς
384 1971 511 2004 γυναῖκες
524 1970 664 2005 τέσσαρες·
687 1970 826 2005 Ἄμμωνά-

25 2025 91 2043 mox:
111 2023 142 2042 τε
157 2016 223 2050 ἁγία
244 2016 386 2051 παρθένος,
400 2017 469 2043 πάνυ
495 2016 653 2050 φιλονείκως
666 2016 749 2051 αὐτὴν
764 2017 824 2042 ἐπι-

24 2063 162 2090 πλεῐστον
191 2062 238 2089 τοῦ
255 2063 381 2090 δικαστοῦ
410 2063 613 2098 βασανίσαντος,
640 2062 687 2089 ἆτε
703 2071 824 2097 προαπο-

22 2108 196 2144 φηναμένην
212 2108 250 2139 ὼς
266 2108 348 2144 μηδὲν
363 2105 400 2135 ὧν
415 2110 517 2140 ἐκεῖνος
542 2108 648 2135 κελεύοι
670 2108 823 2143 φθέγξαιτο,

22 2154 209 2189 ἀληθεύσασα
224 2154 272 2189 τὴν
300 2154 475 2188 ἐπαγγελίαν,
502 2155 622 2190 ἀπήχθη·
637 2156 665 2180 αἱ
680 2155 708 2180 δὲ
720 2155 823 2186 λοιπαὶ,

22 2201 42 2235 ἡ
64 2201 331 2236 σεμνοπρεπεστάτη
363 2200 511 2236 πρεσϐύτις
541 2201 713 2236 Μερκουρία,
743 2202 823 2236 καὶὴ

23 2245 173 2277 πολύπαις
193 2246 252 2281 μὲν,
268 2247 317 2281 οὐχ
332 2247 402 2281 ὑπὲρ
417 2246 463 2272 τὸν
482 2246 583 2282 Κύριον
605 2247 632 2273 δὲ
659 2247 825 2281 ἀγαπήσασα

23 2292 138 2327 ἑαυτῆς
161 2293 195 2319 τὰ
222 2292 306 2319 τέκνα
322 2292 447 2319 Διονυσία
465 2292 530 2327 (92),
550 2292 770 2325 καταιδεσθέντος
787 2294 826 2325 είς

65 2391 129 2427 (89)
150 2391 294 2424 Ἆσϐέστῳ
306 2392 387 2426 πψί.
401 2391 492 2419 Potest
502 2392 573 2418 enim
588 2393 654 2418 verti
672 2393 734 2418 vim
745 2393 824 2420 calcis

23 2427 169 2453 incendio.
184 2427 228 2453 Sic
242 2427 312 2454 infra
327 2427 359 2453 de
373 2427 518 2461 Epimacho
535 2432 561 2453 et
579 2427 732 2453 Alexandro
747 2427 824 2459 dixit,

23 2463 103 2498 πυρὶ
118 2461 243 2498 ἀσϐέστῳ
262 2462 432 2498 διεχύθησαν.
448 2461 499 2498 Pro
517 2461 760 2498 quorNieephor-us
776 2463 824 2489 ha-

25 2496 78 2523 Ιιυί
97 2497 210 2532 τιτάνῳ.
236 2498 264 2524 ln
287 2496 389 2524 Menam
413 2497 447 2524 ad
474 2497 547 2532 diem
569 2497 602 2523 50
627 2496 824 2529 0ctobris,§ubi

24 2533 142 2559 mentio
166 2533 195 2559 lit
222 2533 318 2559 horum
358 2537 507 2567 martyrum
534 2531 643 2565 Juliani,
679 2533 825 2559 (ironionis

22 2572 56 2594 ρι
87 2567 220 2599 Macarii,
243 2568 345 2602 legitur
367 2567 498 2594 ἀσϐέστου
522 2567 627 2599 ζέοντος
652 2568 712 2593 κατ’
737 2567 825 2594 αὐτῶν

22 2602 207 2636 ἐκχυθέντος.
226 2601 329 2629 νΑιξΕε.

66 2637 129 2672 (90)
148 2637 203 2664 Καὶ
223 2637 281 2671 τὴν
302 2638 444 2670 εὐλογίαν
464 2637 580 2672 ἀληθὴς
594 2636 706 2671 Μάκαρ.
726 2638 826 2664 Allndit

25 2673 186 2707 Dionysius
203 2673 236 2699 ad
251 2673 333 2699 verba
345 2673 388 2698 illa
407 2673 507 2699 Christi
521 2673 547 2699 in
565 2672 730 2706 Evangelio:
749 2672 825 2699 Beati

23 2708 109 2738 ustis.
128 2715 188 2734 cum
204 2708 332 2741 persecuti
348 2715 392 2734 vos
412 2708 508 2741 fuerint
524 2708 651 2738 homines,
667 2712 732 2739 etc.,
753 2708 825 2741 quod

25 2748 127 2769 tamen
150 2750 204 2768 non
223 2742 573 2776 viditChristophorsonus.
586 2742 637 2775 Qui
653 2743 731 2769 etiam
750 2742 776 2768 in
793 2750 825 2769 eo

24 2778 223 2804 hallucinatus
239 2782 290 2809 est,
307 2779 379 2812 quod
398 2778 544 2804 Macarium
563 2778 635 2804 hunc
651 2777 717 2804 facit
728 2777 823 2803 Afrum

25 2820 81 2843 pro
97 2812 213 2848 Libyco.
233 2812 373 2847 Eleganter
387 2817 476 2839 autem
493 2813 608 2839 Ruﬁnus
622 2813 693 2839 hunc
706 2812 824 2846 Dionysii

25 2849 126 2876 locum
154 2849 190 2875 ita
220 2848 320 2875 vertit:
342 2847 416 2874 Alius
440 2847 545 2882 quidam
572 2849 610 2875 rir
640 2848 752 2874 nominis
783 2847 824 2873 sui

884 914 1058 946 constrictus,
1077 914 1124 948 qui
1138 921 1188 940 nec
1201 918 1273 940 stare
1287 916 1391 947 poterat
1405 919 1454 938 nee
1468 911 1602 944 incedere,
1620 918 1674 937 una

883 968 945 987 cum
960 960 1068 987 duobus
1082 959 1141 986 aliis
1153 959 1200 994 qui
1215 959 1305 994 ipsum
1319 958 1464 993 portabant
1478 957 1610 984 adductus
1622 961 1674 983 est.

883 1007 985 1034 llorum
1006 1007 1074 1034 alter
1088 1007 1178 1035 statim
1193 1006 1309 1040 negavit.
1327 1005 1402 1032 Alter
1415 1004 1526 1032 nomine
1542 1003 1674 1034 Cronion,

883 1053 929 1088 qui
950 1053 1044 1080 Enuus
1063 1053 1317 1087 cognominabatur,
1335 1058 1442 1078 necnon
1465 1054 1492 1076 et
1516 1057 1598 1077 senex
1616 1049 1674 1083 ipse

881 1101 1016 1134 Julianus,
1040 1109 1102 1128 cum
1124 1100 1263 1128 Christum
1285 1098 1404 1127 confessi
1423 1102 1525 1130 essent,
1542 1105 1590 1132 per
1611 1096 1672 1123 uni-

881 1155 988 1174 versam
1005 1147 1110 1178 urbem,
1125 1153 1186 1180 quaz
1198 1145 1319 1180 quidem,
1335 1149 1363 1170 ut
1376 1144 1474 1176 nostis,
1488 1143 1606 1170 maxima
1619 1147 1670 1174 est,

881 1193 993 1222 camelis
1013 1193 1172 1223 insidentes,
1187 1191 1278 1226 ﬂagris
1300 1190 1430 1217 sublimes
1444 1188 1592 1220 verberati,
1612 1193 1672 1215 tan-

881 1240 942 1267 dem
978 1239 1170 1266 ardentissimo
1190 1238 1250 1272 igne
1277 1235 1442 1264 circumfusa
1473 1236 1556 1263 totius
1578 1235 1669 1270 populi

881 1284 1053 1311 multitudine
1075 1283 1231 1317 consumpti
1251 1286 1324 1309 sunt.
1350 1280 1426 1308 Miles
1447 1289 1511 1309 vero
1532 1281 1578 1316 qui
1602 1281 1670 1323 ipsis

881 1331 944 1357 dum
964 1330 998 1358 ad
1017 1330 1181 1365 supplicium
1202 1329 1366 1356 ducerentur
1381 1329 1504 1360 astabat,
1525 1333 1553 1355 et
1572 1332 1668 1354 contu-

881 1376 990 1403 meliam
1009 1375 1155 1406 inferentes
1170 1374 1337 1409 propulerat,
1356 1373 1453 1401 Bersas
1468 1375 1588 1405 nomine,
1603 1380 1670 1400 con-

881 1421 1015 1448 elamante
1031 1421 1161 1448 adversus
1176 1427 1237 1447 eum
1257 1419 1358 1454 populo
1371 1419 1398 1446 in
1410 1419 1454 1454 jus
1466 1418 1601 1446 adductus
1615 1423 1666 1445 cst.

880 1466 930 1494 Ubi
954 1465 1122 1494 fortissimus
1141 1466 1189 1493 Dei
1207 1471 1359 1500 pugnator,
1379 1473 1441 1492 cum
1459 1465 1486 1492 in
1509 1472 1608 1500 magno
1622 1464 1668 1492 illo

880 1521 928 1548 pro
945 1514 1043 1548 pietate
1068 1513 1215 1541 certamine
1228 1518 1338 1540 strenue
1360 1519 1389 1538 se
1411 1512 1559 1547 gessisset,
1578 1511 1668 1538 securi

880 1566 1026 1593 percussus
1042 1564 1095 1585 est.
1113 1559 1189 1586 Alius
1206 1558 1268 1585 item
1285 1557 1418 1585 oriundus
1428 1565 1459 1584 ex
1475 1556 1568 1592 Libya.
1583 1561 1668 1584 etve-

880 1604 978 1631 cabulo
994 1609 1020 1631 et
1032 1605 1123 1631 divina
1134 1603 1322 1631 benedictione
1337 1610 1399 1630 vere
1411 1603 1510 1635 Macar,
1526 1610 1587 1629 eum
1602 1610 1616 1629 a
1626 1602 1668 1637 ju-

880 1649 940 1677 dice
955 1649 1082 1677 omnibus
1099 1649 1187 1676 modis
1202 1650 1373 1681 sollicitatus,
1391 1655 1420 1676 ut
1435 1649 1572 1676 Christum
1587 1656 1668 1682 nega-

879 1699 938 1727 ret,
961 1695 1031 1722 ﬂecti
1055 1703 1193 1729 nunquam
1218 1695 1368 1730 potuisset,
1392 1694 1470 1721 vivus
1486 1693 1665 1720 comburitur.

879 1741 943 1775 Post
954 1740 1004 1768 hes
1018 1740 1181 1775 Epimachus
1196 1747 1222 1767 et
1235 1742 1397 1772 Alexander,
1414 1747 1475 1767 cum
1491 1743 1552 1773 post
1565 1739 1666 1766 diutur-

879 1797 944 1817 num
957 1788 1074 1815 carceris
1085 1788 1224 1815 horrorem
1241 1788 1268 1814 in
1283 1796 1337 1822 quo
1349 1787 1432 1814 vincti
1449 1789 1665 1821 permanserant,

881 1834 984 1861 ferreos
997 1841 1110 1868 ungues,
1123 1833 1205 1868 flagra
1217 1841 1248 1861 ac
1266 1834 1339 1861 mille
1354 1833 1480 1862 dolorum
1498 1841 1595 1868 genera
1609 1840 1666 1867 per-

880 1880 1015 1913 tulissent,
1028 1878 1095 1906 vivae
1106 1879 1190 1906 calcis
1211 1879 1336 1907 incendio
1350 1880 1431 1907 etiam
1445 1879 1495 1914 ipsi
1508 1879 1666 1914 colliquefa-

880 1926 914 1953 cti
928 1925 1076 1960 perierunt.

914 1971 958 1998 Vl.
978 1971 1182 2001 Eumdemcum
1197 1972 1263 2006 ipsis
1276 1971 1388 1998 exitium
1404 1971 1506 1998 sortita:
1522 1975 1586 1998 sunt
1597 1979 1666 2006 qua-

879 2023 942 2046 tuor
955 2018 1092 2046 molieres.
1105 2017 1309 2044 Ammonarium
1323 2018 1432 2052 quidem
1454 2018 1529 2052 virgo
1548 2017 1664 2044 sanctis-

879 2063 966 2095 sima,
980 2070 1041 2089 cum
1058 2070 1073 2089 a
1090 2062 1180 2097 judice
1195 2062 1348 2090 diutissime
1361 2066 1429 2088 torta
1448 2061 1544 2089 fuisset
1562 2063 1664 2097 ingenti

879 2117 940 2136 cum
954 2109 1100 2144 pertinacia
1111 2129 1118 2140 .
1137 2113 1279 2144 propterea
1296 2108 1368 2143 quod
1383 2108 1471 2142 palam
1502 2105 1662 2142 praedixerat

879 2156 946 2183 nihil
970 2163 1063 2182 eorum
1095 2163 1156 2189 qua:
1179 2154 1262 2189 judex
1292 2155 1411 2189 jusscrat
1435 2153 1600 2187 prolaturam
1635 2160 1664 2180 se

865 2210 954 2235 esse;
970 2201 1191 2236 pollicitationem
1203 2209 1279 2228 suam
1293 2200 1459 2227 exsecutioni
1471 2198 1613 2231 mandans,
1629 2199 1662 2225 ad

879 2247 1041 2282 supplicium
1063 2247 1178 2274 abducta
1202 2252 1253 2274 est.
1279 2246 1404 2273 Residua:
1425 2252 1508 2277 vero,
1529 2243 1661 2271 Mercuria

878 2292 979 2320 scilicet
1004 2300 1072 2319 anus
1100 2292 1127 2319 in
1150 2291 1246 2326 primis
1269 2290 1420 2318 veneranda
1435 2310 1441 2322 ,
1467 2296 1492 2317 et
1513 2289 1661 2325 Dionysia,

881 2394 1026 2424 Macarius,
1042 2398 1115 2427 gente
1127 2393 1251 2428 Libycus.
1266 2393 1310 2419 Sic
1320 2393 1391 2419 enim
1404 2390 1492 2428 Latini
1505 2390 1660 2428 loquuntur,

879 2435 909 2456 ut
927 2426 1078 2456 Trebellius
1095 2426 1187 2456 Pollio
1200 2429 1227 2455 in
1254 2428 1377 2460 Aureolo,
1401 2432 1428 2453 et
1446 2426 1618 2460 Lampridius
1633 2426 1661 2452 in

880 2464 1035 2491 Commodo.
1054 2464 1090 2491 In.

915 2499 1052 2535 (91)Met‘
1068 2501 1103 2527 οὺ
1130 2499 1236 2526 πολύν.
1261 2498 1290 2535 In
1314 2497 1406 2535 codice
1429 2497 1499 2535 Med.
1517 2504 1555 2535 ac
1579 2495 1660 2535 Man,

879 2534 947 2561 Fuk.
962 2532 991 2561 ὀι
1008 2535 1104 2566 Savil.,
1121 2540 1148 2562 et
1169 2534 1239 2568 apud
1265 2533 1411 2568 Georgium
1428 2532 1662 2568 Syncellumrlegif

879 2575 921 2596 tur
939 2569 1007 2605 μετὰ
1020 2570 1111 2602 πολύν,
1126 2566 1288 2605 ρυεέἰοειίο
1305 2566 1391 2605 magis
1413 2566 1660 2605 placet,_et_liulini

878 2602 1040 2631 auctoritate
1065 2602 1252 2631 conﬁrmatur.
1280 2603 1308 2630 ln
1334 2602 1427 2631 codice
1455 2603 1538 2638 Regio
1564 2602 1662 2637 legitur

878 2640 958 2667 etiam
980 2639 1009 2665 ὃν
1029 2639 1184 2673 ἐνέμειναν,
1205 2644 1256 2666 etc.
1283 2639 1349 2671 Quae
1369 2639 1448 2666 lectio
1474 2639 1495 2665 si
1517 2645 1578 2665 vera
1602 2642 1660 2670 est,

877 2675 991 2736 pmnipo
1018 2672 1113 2701 achse
1133 2679 1238 2709 oportet
1263 2676 1415 2709 negativam
1442 2673 1514 2701 illam
1540 2672 1661 2707 particu-

888 2717 942 2736 am.
969 2718 995 2736 υ.

888 2717 942 2736 am.
958 2717 995 2736 ID.

913 2744 969 2780 (9‘2)
985 2744 1136 2771 Διονυσία.
1152 2744 1215 2771 Post
1232 2745 1288 2772 haec
1312 2746 1390 2772 verba
1412 2745 1499 2773 addidi
1515 2751 1546 2770 ex
1564 2742 1662 2780 Ruﬁno

880 2778 926 2806 mi
946 2778 1134 2815 Ἀμμωνάριον
1146 2780 1234 2815 ἑτέρα.
1249 2780 1370 2812 Quatuor
1380 2781 1451 2808 enim
1464 2780 1591 2808 mulieres
1603 2778 1670 2806 illas,

882 2815 965 2843 fuisse
981 2823 1062 2850 supra
1078 2815 1144 2843 dixit
1161 2815 1312 2850 Dionysius.
1329 2815 1364 2842 In.
