  <div class='ocr_page' id='page_1' title='image "/cluster/home/n/w/nwhite01/storage/ocr_20150623/10/njp.32101077772406/742.png"; bbox 0 0 1848 3043; ppageno 0'>
   <div class='ocr_carea' id='block_1_1' title="bbox 45 117 107 144">
    <p class='ocr_par' dir='ltr' id='par_1_1' title="bbox 45 117 107 144">
     <span class='ocr_line' id='line_1_1' title="bbox 45 117 107 144; baseline -0.032 0"><span class='ocrx_word' id='word_1_1' title='bbox 45 117 107 144; x_wconf 74' lang='lat' dir='ltr'><strong>I357</strong></span> 
     </span>
    </p>
   </div>
   <div class='ocr_carea' id='block_1_2' title="bbox 613 116 1084 146">
    <p class='ocr_par' dir='ltr' id='par_1_2' title="bbox 613 116 1084 146">
     <span class='ocr_line' id='line_1_2' title="bbox 613 116 1084 146; baseline 0 -2"><span class='ocrx_word' id='word_1_2' title='bbox 613 116 720 145; x_wconf 84' lang='lat' dir='ltr'><strong>EPIST.</strong></span> <span class='ocrx_word' id='word_1_3' title='bbox 740 118 786 144; x_wconf 87' lang='lat' dir='ltr'><strong>AD</strong></span> <span class='ocrx_word' id='word_1_4' title='bbox 805 117 942 146; x_wconf 73' lang='lat' dir='ltr'><strong>ALEXAN</strong></span> <span class='ocrx_word' id='word_1_5' title='bbox 948 117 1070 145; x_wconf 70' lang='lat' dir='ltr'><strong>DlilNOS</strong></span> <span class='ocrx_word' id='word_1_6' title='bbox 1078 134 1084 140; x_wconf 89' lang='lat'><strong><em>-</em></strong></span> 
     </span>
    </p>
   </div>
   <div class='ocr_carea' id='block_1_3' title="bbox 1594 119 1661 146">
    <p class='ocr_par' dir='ltr' id='par_1_3' title="bbox 1594 119 1661 146">
     <span class='ocr_line' id='line_1_3' title="bbox 1594 119 1661 146; baseline 0.015 -1"><span class='ocrx_word' id='word_1_7' title='bbox 1594 119 1661 146; x_wconf 71' lang='lat' dir='ltr'><strong>I533</strong></span> 
     </span>
    </p>
   </div>
   <div class='ocr_carea' id='block_1_4' title="bbox 42 174 809 213">
    <p class='ocr_par' dir='ltr' id='par_1_4' title="bbox 42 175 809 213">
     <span class='ocr_line' id='line_1_4' title="bbox 42 175 809 213; baseline 0.004 -12"><span class='ocrx_word' id='word_1_8' title='bbox 42 176 156 202; x_wconf 70' lang='grc' dir='ltr'>ἔλαττον.</span> <span class='ocrx_word' id='word_1_9' title='bbox 187 175 333 211; x_wconf 79' lang='grc' dir='ltr'>Ἀπέσχετο</span> <span class='ocrx_word' id='word_1_10' title='bbox 354 176 402 211; x_wconf 83' lang='grc' dir='ltr'><strong>μὲν</strong></span> <span class='ocrx_word' id='word_1_11' title='bbox 421 177 474 212; x_wconf 80' lang='grc' dir='ltr'><strong>γὰρ</strong></span> <span class='ocrx_word' id='word_1_12' title='bbox 494 177 553 203; x_wconf 81' lang='grc' dir='ltr'>οὐδὲ</span> <span class='ocrx_word' id='word_1_13' title='bbox 577 177 655 212; x_wconf 78' lang='grc' dir='ltr'><strong>ἡμῶν</strong></span> <span class='ocrx_word' id='word_1_14' title='bbox 667 186 673 192; x_wconf 87' lang='grc'><strong>·</strong></span> <span class='ocrx_word' id='word_1_15' title='bbox 692 177 775 213; x_wconf 85' lang='grc' dir='ltr'>πολλὴ</span> <span class='ocrx_word' id='word_1_16' title='bbox 797 177 809 204; x_wconf 75' lang='grc' dir='ltr'>ὃ</span> 
     </span>
    </p>
   </div>
   <div class='ocr_carea' id='block_1_5' title="bbox 899 174 1660 213">
    <p class='ocr_par' dir='ltr' id='par_1_5' title="bbox 899 174 1660 210">
     <span class='ocr_line' id='line_1_5' title="bbox 899 174 1660 210; baseline -0.003 -6"><span class='ocrx_word' id='word_1_17' title='bbox 899 184 909 204; x_wconf 77' lang='lat' dir='ltr'><strong>c</strong></span> <span class='ocrx_word' id='word_1_18' title='bbox 922 182 1029 204; x_wconf 62' lang='lat' dir='ltr'><strong>caetera.</strong></span> <span class='ocrx_word' id='word_1_19' title='bbox 1062 175 1156 210; x_wconf 88' lang='lat' dir='ltr'><strong>Neque</strong></span> <span class='ocrx_word' id='word_1_20' title='bbox 1170 175 1242 202; x_wconf 86' lang='lat' dir='ltr'><strong>enim</strong></span> <span class='ocrx_word' id='word_1_21' title='bbox 1258 182 1273 202; x_wconf 84' lang='lat' dir='ltr'><strong>a</strong></span> <span class='ocrx_word' id='word_1_22' title='bbox 1288 175 1366 202; x_wconf 87' lang='lat' dir='ltr'><strong>nobis</strong></span> <span class='ocrx_word' id='word_1_23' title='bbox 1381 174 1512 202; x_wconf 85' lang='lat' dir='ltr'><strong>abstinuit</strong></span> <span class='ocrx_word' id='word_1_24' title='bbox 1527 175 1585 202; x_wconf 83' lang='lat' dir='ltr'><strong>lues</strong></span> <span class='ocrx_word' id='word_1_25' title='bbox 1604 176 1660 206; x_wconf 68' lang='lat' dir='ltr'><strong>illa.</strong></span> 
     </span>
    </p>
   </div>
   <div class='ocr_carea' id='block_1_6' title="bbox 42 221 822 259">
    <p class='ocr_par' dir='ltr' id='par_1_6' title="bbox 42 221 822 259">
     <span class='ocr_line' id='line_1_6' title="bbox 42 221 822 259; baseline 0.001 -11"><span class='ocrx_word' id='word_1_26' title='bbox 42 221 147 257; x_wconf 77' lang='grc' dir='ltr'><strong>ἐξῆλθεν</strong></span> <span class='ocrx_word' id='word_1_27' title='bbox 171 222 227 256; x_wconf 85' lang='grc'>(80)</span> <span class='ocrx_word' id='word_1_28' title='bbox 249 223 288 253; x_wconf 80' lang='grc' dir='ltr'>εἰς</span> <span class='ocrx_word' id='word_1_29' title='bbox 308 222 341 249; x_wconf 79' lang='grc' dir='ltr'><strong>τὰ</strong></span> <span class='ocrx_word' id='word_1_30' title='bbox 362 222 435 257; x_wconf 75' lang='grc' dir='ltr'>ἔθνη.</span> <span class='ocrx_word' id='word_1_31' title='bbox 462 223 580 256; x_wconf 83' lang='grc' dir='ltr'><strong>Τούτοις</strong></span> <span class='ocrx_word' id='word_1_32' title='bbox 596 222 669 259; x_wconf 81' lang='grc' dir='ltr'><strong>ἑξῆς</strong></span> <span class='ocrx_word' id='word_1_33' title='bbox 689 222 822 256; x_wconf 59' lang='grc' dir='ltr'><strong>ἐπιφέρει</strong></span> 
     </span>
    </p>
   </div>
   <div class='ocr_carea' id='block_1_7' title="bbox 41 266 822 303">
    <p class='ocr_par' dir='ltr' id='par_1_7' title="bbox 41 266 822 303">
     <span class='ocr_line' id='line_1_7' title="bbox 41 266 822 303; baseline 0 -9"><span class='ocrx_word' id='word_1_34' title='bbox 41 266 149 302; x_wconf 71' lang='grc' dir='ltr'><strong>λέγων’</strong></span> <span class='ocrx_word' id='word_1_35' title='bbox 174 267 205 293; x_wconf 86' lang='grc' dir='ltr'><strong>Οἱ</strong></span> <span class='ocrx_word' id='word_1_36' title='bbox 228 267 292 301; x_wconf 79' lang='grc' dir='ltr'>γοῦν</span> <span class='ocrx_word' id='word_1_37' title='bbox 321 267 439 294; x_wconf 86' lang='grc' dir='ltr'>πλεῖστοι</span> <span class='ocrx_word' id='word_1_38' title='bbox 461 267 513 294; x_wconf 84' lang='grc' dir='ltr'>τῶν</span> <span class='ocrx_word' id='word_1_39' title='bbox 539 267 661 302; x_wconf 63' lang='grc' dir='ltr'>ἀδελφῶν</span> <span class='ocrx_word' id='word_1_40' title='bbox 685 268 763 303; x_wconf 85' lang='grc' dir='ltr'>ἡμῶν</span> <span class='ocrx_word' id='word_1_41' title='bbox 789 268 822 294; x_wconf 82' lang='grc' dir='ltr'>δι’</span> 
     </span>
    </p>
   </div>
   <div class='ocr_carea' id='block_1_8' title="bbox 42 312 823 349">
    <p class='ocr_par' dir='ltr' id='par_1_8' title="bbox 42 312 823 349">
     <span class='ocr_line' id='line_1_8' title="bbox 42 312 823 349; baseline 0.003 -11"><span class='ocrx_word' id='word_1_42' title='bbox 42 312 258 348; x_wconf 73' lang='grc' dir='ltr'>ὑπερϐάλλουσαν</span> <span class='ocrx_word' id='word_1_43' title='bbox 275 313 383 348; x_wconf 82' lang='grc' dir='ltr'><strong>ἀγάπην</strong></span> <span class='ocrx_word' id='word_1_44' title='bbox 401 313 447 340; x_wconf 72' lang='grc' dir='ltr'><strong>καὶ</strong></span> <span class='ocrx_word' id='word_1_45' title='bbox 462 313 634 348; x_wconf 82' lang='grc' dir='ltr'><strong>φιλαδελφίαν</strong></span> <span class='ocrx_word' id='word_1_46' title='bbox 652 313 823 349; x_wconf 73' lang='grc' dir='ltr'><strong>ἀφειδοῦντες</strong></span> 
     </span>
    </p>
   </div>
   <div class='ocr_carea' id='block_1_9' title="bbox 42 358 824 395">
    <p class='ocr_par' dir='ltr' id='par_1_9' title="bbox 42 358 824 395">
     <span class='ocr_line' id='line_1_9' title="bbox 42 358 824 395; baseline 0.003 -11"><span class='ocrx_word' id='word_1_47' title='bbox 42 358 140 384; x_wconf 77' lang='grc' dir='ltr'><strong>ἑαυτῶν</strong></span> <span class='ocrx_word' id='word_1_48' title='bbox 159 359 207 384; x_wconf 70' lang='grc' dir='ltr'><strong>καὶ</strong></span> <span class='ocrx_word' id='word_1_49' title='bbox 226 358 345 394; x_wconf 84' lang='grc' dir='ltr'>ἀλλήλων</span> <span class='ocrx_word' id='word_1_50' title='bbox 367 359 502 394; x_wconf 82' lang='grc' dir='ltr'>ἐχόμενοι,</span> <span class='ocrx_word' id='word_1_51' title='bbox 520 360 733 391; x_wconf 73' lang='grc' dir='ltr'>ἐπισκοποῦντες</span> <span class='ocrx_word' id='word_1_52' title='bbox 754 361 824 395; x_wconf 81' lang='grc' dir='ltr'>ἀφυ-</span> 
     </span>
    </p>
   </div>
   <div class='ocr_carea' id='block_1_10' title="bbox 41 403 820 441">
    <p class='ocr_par' dir='ltr' id='par_1_10' title="bbox 41 403 820 441">
     <span class='ocr_line' id='line_1_10' title="bbox 41 403 820 441; baseline 0.004 -12"><span class='ocrx_word' id='word_1_53' title='bbox 41 404 142 434; x_wconf 79' lang='grc' dir='ltr'>λάκτως</span> <span class='ocrx_word' id='word_1_54' title='bbox 166 403 228 435; x_wconf 82' lang='grc' dir='ltr'>τοὺς</span> <span class='ocrx_word' id='word_1_55' title='bbox 251 403 413 435; x_wconf 78' lang='grc' dir='ltr'><strong>νοσοῦντας,</strong></span> <span class='ocrx_word' id='word_1_56' title='bbox 441 404 564 440; x_wconf 77' lang='grc' dir='ltr'><strong>λιπαρῶς</strong></span> <span class='ocrx_word' id='word_1_57' title='bbox 587 406 820 441; x_wconf 79' lang='grc' dir='ltr'>ὑπηρετούμενοι,</span> 
     </span>
    </p>
   </div>
   <div class='ocr_carea' id='block_1_11' title="bbox 42 448 823 487">
    <p class='ocr_par' dir='ltr' id='par_1_11' title="bbox 42 448 823 487">
     <span class='ocr_line' id='line_1_11' title="bbox 42 448 823 487; baseline 0.003 -11"><span class='ocrx_word' id='word_1_58' title='bbox 42 448 236 484; x_wconf 83' lang='grc' dir='ltr'>θεραπεύοντες</span> <span class='ocrx_word' id='word_1_59' title='bbox 264 450 292 475; x_wconf 81' lang='grc' dir='ltr'><strong>ὲν</strong></span> <span class='ocrx_word' id='word_1_60' title='bbox 317 450 441 486; x_wconf 84' lang='grc' dir='ltr'><strong>Χριστῷ,</strong></span> <span class='ocrx_word' id='word_1_61' title='bbox 471 451 721 487; x_wconf 74' lang='grc' dir='ltr'>συναπηλλάττοντο</span> <span class='ocrx_word' id='word_1_62' title='bbox 751 453 823 478; x_wconf 77' lang='grc' dir='ltr'><strong>ἐκεί-</strong></span> 
     </span>
    </p>
   </div>
   <div class='ocr_carea' id='block_1_12' title="bbox 41 495 823 534">
    <p class='ocr_par' dir='ltr' id='par_1_12' title="bbox 41 495 823 534">
     <span class='ocr_line' id='line_1_12' title="bbox 41 495 823 534; baseline 0.005 -13"><span class='ocrx_word' id='word_1_63' title='bbox 41 504 92 526; x_wconf 85' lang='grc' dir='ltr'>νοις</span> <span class='ocrx_word' id='word_1_64' title='bbox 117 495 173 530; x_wconf 77' lang='grc'>(81)</span> <span class='ocrx_word' id='word_1_65' title='bbox 198 496 402 531; x_wconf 82' lang='grc' dir='ltr'>ἀσμενέστατα·</span> <span class='ocrx_word' id='word_1_66' title='bbox 427 497 473 523; x_wconf 81' lang='grc' dir='ltr'>τοῦ</span> <span class='ocrx_word' id='word_1_67' title='bbox 499 499 564 533; x_wconf 76' lang='grc' dir='ltr'>παρ’</span> <span class='ocrx_word' id='word_1_68' title='bbox 580 498 679 533; x_wconf 78' lang='grc' dir='ltr'>ἐτέρων</span> <span class='ocrx_word' id='word_1_69' title='bbox 702 499 823 534; x_wconf 81' lang='grc' dir='ltr'>ἀναπιμ-</span> 
     </span>
    </p>
   </div>
   <div class='ocr_carea' id='block_1_13' title="bbox 41 542 824 578">
    <p class='ocr_par' dir='ltr' id='par_1_13' title="bbox 41 542 824 578">
     <span class='ocr_line' id='line_1_13' title="bbox 41 542 824 578; baseline 0.005 -11"><span class='ocrx_word' id='word_1_70' title='bbox 41 542 167 576; x_wconf 79' lang='grc' dir='ltr'>πλάμενοι</span> <span class='ocrx_word' id='word_1_71' title='bbox 184 542 296 574; x_wconf 80' lang='grc' dir='ltr'><strong>πάθους,</strong></span> <span class='ocrx_word' id='word_1_72' title='bbox 314 543 360 569; x_wconf 77' lang='grc' dir='ltr'><strong>καὶ</strong></span> <span class='ocrx_word' id='word_1_73' title='bbox 381 542 428 578; x_wconf 82' lang='grc' dir='ltr'>τὴν</span> <span class='ocrx_word' id='word_1_74' title='bbox 449 543 525 570; x_wconf 78' lang='grc' dir='ltr'>νόσον</span> <span class='ocrx_word' id='word_1_75' title='bbox 542 544 583 577; x_wconf 77' lang='grc' dir='ltr'><strong>ἐφ’</strong></span> <span class='ocrx_word' id='word_1_76' title='bbox 598 544 709 576; x_wconf 80' lang='grc' dir='ltr'>ἑαυτοὺς</span> <span class='ocrx_word' id='word_1_77' title='bbox 731 544 824 571; x_wconf 73' lang='grc' dir='ltr'>ἕλκον-</span> 
     </span>
    </p>
   </div>
   <div class='ocr_carea' id='block_1_14' title="bbox 41 587 823 625">
    <p class='ocr_par' dir='ltr' id='par_1_14' title="bbox 41 587 823 625">
     <span class='ocr_line' id='line_1_14' title="bbox 41 587 823 625; baseline 0 -9"><span class='ocrx_word' id='word_1_78' title='bbox 41 597 81 619; x_wconf 80' lang='grc' dir='ltr'><strong>τες</strong></span> <span class='ocrx_word' id='word_1_79' title='bbox 102 587 154 615; x_wconf 79' lang='grc' dir='ltr'><strong>ἀπὺ</strong></span> <span class='ocrx_word' id='word_1_80' title='bbox 176 588 230 614; x_wconf 81' lang='grc' dir='ltr'><strong>τῶν</strong></span> <span class='ocrx_word' id='word_1_81' title='bbox 251 589 374 623; x_wconf 77' lang='grc' dir='ltr'><strong>πλησίον,</strong></span> <span class='ocrx_word' id='word_1_82' title='bbox 395 589 442 615; x_wconf 80' lang='grc' dir='ltr'><strong>καὶ</strong></span> <span class='ocrx_word' id='word_1_83' title='bbox 469 589 576 621; x_wconf 81' lang='grc' dir='ltr'>ἑκόντες</span> <span class='ocrx_word' id='word_1_84' title='bbox 603 589 823 625; x_wconf 79' lang='grc' dir='ltr'>ἀναμασσόμενοι</span> 
     </span>
    </p>
   </div>
   <div class='ocr_carea' id='block_1_15' title="bbox 41 633 825 670">
    <p class='ocr_par' dir='ltr' id='par_1_15' title="bbox 41 633 825 670">
     <span class='ocr_line' id='line_1_15' title="bbox 41 633 825 670; baseline 0.003 -11"><span class='ocrx_word' id='word_1_85' title='bbox 41 633 84 664; x_wconf 77' lang='grc' dir='ltr'><strong>τὰς</strong></span> <span class='ocrx_word' id='word_1_86' title='bbox 99 633 249 668; x_wconf 77' lang='grc' dir='ltr'><strong>ἀλγηδόνας</strong></span> <span class='ocrx_word' id='word_1_87' title='bbox 267 633 320 667; x_wconf 71' lang='grc'>(82)</span> <span class='ocrx_word' id='word_1_88' title='bbox 332 642 338 648; x_wconf 89' lang='grc'><strong>·</strong></span> <span class='ocrx_word' id='word_1_89' title='bbox 357 634 403 660; x_wconf 71' lang='grc' dir='ltr'><strong>καὶ</strong></span> <span class='ocrx_word' id='word_1_90' title='bbox 421 633 510 660; x_wconf 76' lang='grc' dir='ltr'>πολλοὶ</span> <span class='ocrx_word' id='word_1_91' title='bbox 527 635 758 670; x_wconf 80' lang='grc' dir='ltr'>νοσοκομήσαντες</span> <span class='ocrx_word' id='word_1_92' title='bbox 778 636 825 662; x_wconf 75' lang='grc' dir='ltr'>καὶ</span> 
     </span>
    </p>
   </div>
   <div class='ocr_carea' id='block_1_16' title="bbox 41 678 825 716">
    <p class='ocr_par' dir='ltr' id='par_1_16' title="bbox 41 678 825 716">
     <span class='ocr_line' id='line_1_16' title="bbox 41 678 825 716; baseline 0.004 -12"><span class='ocrx_word' id='word_1_93' title='bbox 41 678 176 713; x_wconf 71' lang='grc' dir='ltr'>ῥώπαντες</span> <span class='ocrx_word' id='word_1_94' title='bbox 191 679 312 713; x_wconf 78' lang='grc' dir='ltr'>ἐτέρους,</span> <span class='ocrx_word' id='word_1_95' title='bbox 334 679 512 716; x_wconf 77' lang='grc' dir='ltr'><strong>ἐτελεύτησαν</strong></span> <span class='ocrx_word' id='word_1_96' title='bbox 535 681 622 712; x_wconf 73' lang='grc' dir='ltr'>αὐτοὶ,</span> <span class='ocrx_word' id='word_1_97' title='bbox 647 681 692 707; x_wconf 81' lang='grc' dir='ltr'>τὸν</span> <span class='ocrx_word' id='word_1_98' title='bbox 714 681 825 708; x_wconf 81' lang='grc' dir='ltr'>ἐκείνων</span> 
     </span>
    </p>
   </div>
   <div class='ocr_carea' id='block_1_17' title="bbox 40 723 826 762">
    <p class='ocr_par' dir='ltr' id='par_1_17' title="bbox 40 723 826 762">
     <span class='ocr_line' id='line_1_17' title="bbox 40 723 826 762; baseline 0.005 -13"><span class='ocrx_word' id='word_1_99' title='bbox 40 723 149 750; x_wconf 77' lang='grc' dir='ltr'>Θάνατον</span> <span class='ocrx_word' id='word_1_100' title='bbox 164 724 205 755; x_wconf 82' lang='grc' dir='ltr'>εἰς</span> <span class='ocrx_word' id='word_1_101' title='bbox 225 724 337 755; x_wconf 73' lang='grc' dir='ltr'>ἑαυτοὺς</span> <span class='ocrx_word' id='word_1_102' title='bbox 355 725 604 760; x_wconf 82' lang='grc' dir='ltr'>μεταστησάμενοι·</span> <span class='ocrx_word' id='word_1_103' title='bbox 624 726 716 753; x_wconf 81' lang='grc' dir='ltr'>καὶτὸ</span> <span class='ocrx_word' id='word_1_104' title='bbox 734 726 826 762; x_wconf 86' lang='grc' dir='ltr'>δημῶ-</span> 
     </span>
    </p>
   </div>
   <div class='ocr_carea' id='block_1_18' title="bbox 40 769 824 807">
    <p class='ocr_par' dir='ltr' id='par_1_18' title="bbox 40 769 824 807">
     <span class='ocr_line' id='line_1_18' title="bbox 40 769 824 807; baseline 0.003 -10"><span class='ocrx_word' id='word_1_105' title='bbox 40 771 80 801; x_wconf 79' lang='grc' dir='ltr'><strong>δες</strong></span> <span class='ocrx_word' id='word_1_106' title='bbox 96 770 170 805; x_wconf 73' lang='grc' dir='ltr'>ῥῆμα</span> <span class='ocrx_word' id='word_1_107' title='bbox 193 770 276 805; x_wconf 82' lang='grc' dir='ltr'>μόνης</span> <span class='ocrx_word' id='word_1_108' title='bbox 295 770 338 796; x_wconf 79' lang='grc' dir='ltr'><strong>ἀεὶ</strong></span> <span class='ocrx_word' id='word_1_109' title='bbox 359 769 453 796; x_wconf 81' lang='grc' dir='ltr'>δοκοῦν</span> <span class='ocrx_word' id='word_1_110' title='bbox 473 770 671 806; x_wconf 82' lang='grc' dir='ltr'>φιλοφροσύνης</span> <span class='ocrx_word' id='word_1_111' title='bbox 693 772 746 806; x_wconf 79' lang='grc'>(85)</span> <span class='ocrx_word' id='word_1_112' title='bbox 764 772 824 807; x_wconf 78' lang='grc' dir='ltr'><strong>εχε-</strong></span> 
     </span>
    </p>
   </div>
   <div class='ocr_carea' id='block_1_19' title="bbox 41 815 823 851">
    <p class='ocr_par' dir='ltr' id='par_1_19' title="bbox 41 815 823 851">
     <span class='ocr_line' id='line_1_19' title="bbox 41 815 823 851; baseline 0.003 -9"><span class='ocrx_word' id='word_1_113' title='bbox 41 816 107 847; x_wconf 77' lang='grc' dir='ltr'>σθαι,</span> <span class='ocrx_word' id='word_1_114' title='bbox 122 815 196 851; x_wconf 83' lang='grc' dir='ltr'><strong>ἔργῳ</strong></span> <span class='ocrx_word' id='word_1_115' title='bbox 210 815 242 850; x_wconf 83' lang='grc' dir='ltr'>δὴ</span> <span class='ocrx_word' id='word_1_116' title='bbox 257 815 317 842; x_wconf 83' lang='grc' dir='ltr'>τότε</span> <span class='ocrx_word' id='word_1_117' title='bbox 329 815 504 851; x_wconf 80' lang='grc' dir='ltr'>πληροῦντες,</span> <span class='ocrx_word' id='word_1_118' title='bbox 517 816 639 848; x_wconf 82' lang='grc' dir='ltr'><strong>ἀπιόντες</strong></span> <span class='ocrx_word' id='word_1_119' title='bbox 652 817 740 844; x_wconf 77' lang='grc' dir='ltr'>αὐτῶν</span> <span class='ocrx_word' id='word_1_120' title='bbox 757 818 823 844; x_wconf 83' lang='grc' dir='ltr'><strong>πάν-</strong></span> 
     </span>
    </p>
   </div>
   <div class='ocr_carea' id='block_1_20' title="bbox 39 852 858 898">
    <p class='ocr_par' dir='ltr' id='par_1_20' title="bbox 39 852 858 898">
     <span class='ocr_line' id='line_1_20' title="bbox 39 852 858 898; baseline -0.024 3"><span class='ocrx_word' id='word_1_121' title='bbox 39 871 88 888; x_wconf 78' lang='grc' dir='ltr'><strong>των</strong></span> <span class='ocrx_word' id='word_1_122' title='bbox 105 862 250 898; x_wconf 62' lang='grc' dir='ltr'><strong>περίψημα</strong></span> <span class='ocrx_word' id='word_1_123' title='bbox 269 862 323 897; x_wconf 64' lang='grc'>(84)</span> <span class='ocrx_word' id='word_1_124' title='bbox 335 869 342 876; x_wconf 83' lang='grc'><strong>·</strong></span> <span class='ocrx_word' id='word_1_125' title='bbox 360 862 384 888; x_wconf 83' lang='grc' dir='ltr'><strong>οἱ</strong></span> <span class='ocrx_word' id='word_1_126' title='bbox 404 861 469 895; x_wconf 81' lang='grc' dir='ltr'>γοῦν</span> <span class='ocrx_word' id='word_1_127' title='bbox 486 862 592 896; x_wconf 80' lang='grc' dir='ltr'>ἄριστοι</span> <span class='ocrx_word' id='word_1_128' title='bbox 607 862 660 888; x_wconf 81' lang='grc' dir='ltr'>τῶν</span> <span class='ocrx_word' id='word_1_129' title='bbox 675 864 739 898; x_wconf 74' lang='grc' dir='ltr'>παρ’</span> <span class='ocrx_word' id='word_1_130' title='bbox 757 865 822 898; x_wconf 64' lang='grc' dir='ltr'><strong>ἡμῖν</strong></span> <span class='ocrx_word' id='word_1_131' title='bbox 838 852 858 880; x_wconf 85' lang='grc' dir='ltr'>Β</span> 
     </span>
    </p>
   </div>
   <div class='ocr_carea' id='block_1_21' title="bbox 39 907 820 944">
    <p class='ocr_par' dir='ltr' id='par_1_21' title="bbox 39 907 820 944">
     <span class='ocr_line' id='line_1_21' title="bbox 39 907 820 944; baseline 0.001 -10"><span class='ocrx_word' id='word_1_132' title='bbox 39 907 165 942; x_wconf 73' lang='grc' dir='ltr'>ἀδελφῶν,</span> <span class='ocrx_word' id='word_1_133' title='bbox 185 909 280 936; x_wconf 86' lang='grc' dir='ltr'>τοῦτον</span> <span class='ocrx_word' id='word_1_134' title='bbox 308 908 353 934; x_wconf 75' lang='grc' dir='ltr'>τὸν</span> <span class='ocrx_word' id='word_1_135' title='bbox 372 907 470 943; x_wconf 82' lang='grc' dir='ltr'>τρόπον</span> <span class='ocrx_word' id='word_1_136' title='bbox 492 907 664 944; x_wconf 79' lang='grc' dir='ltr'><strong>ἐξεχώρησαν</strong></span> <span class='ocrx_word' id='word_1_137' title='bbox 679 909 725 935; x_wconf 82' lang='grc' dir='ltr'>τοῦ</span> <span class='ocrx_word' id='word_1_138' title='bbox 749 908 820 944; x_wconf 83' lang='grc' dir='ltr'>βίου·</span> 
     </span>
    </p>
   </div>
   <div class='ocr_carea' id='block_1_22' title="bbox 40 952 823 988">
    <p class='ocr_par' dir='ltr' id='par_1_22' title="bbox 40 952 823 988">
     <span class='ocr_line' id='line_1_22' title="bbox 40 952 823 988; baseline 0.004 -10"><span class='ocrx_word' id='word_1_139' title='bbox 40 953 214 988; x_wconf 72' lang='grc' dir='ltr'>πρεσϐύτεροί</span> <span class='ocrx_word' id='word_1_140' title='bbox 237 954 267 980; x_wconf 80' lang='grc' dir='ltr'>τέ</span> <span class='ocrx_word' id='word_1_141' title='bbox 290 962 364 984; x_wconf 81' lang='grc' dir='ltr'>τινες</span> <span class='ocrx_word' id='word_1_142' title='bbox 386 953 433 979; x_wconf 74' lang='grc' dir='ltr'><strong>καὶ</strong></span> <span class='ocrx_word' id='word_1_143' title='bbox 452 952 590 979; x_wconf 76' lang='grc' dir='ltr'>διάκονοι·</span> <span class='ocrx_word' id='word_1_144' title='bbox 617 954 664 980; x_wconf 76' lang='grc' dir='ltr'><strong>καὶ</strong></span> <span class='ocrx_word' id='word_1_145' title='bbox 691 954 744 980; x_wconf 77' lang='grc' dir='ltr'><strong>τῶν</strong></span> <span class='ocrx_word' id='word_1_146' title='bbox 770 955 823 981; x_wconf 87' lang='grc' dir='ltr'>ἀπὸ</span> 
     </span>
    </p>
   </div>
   <div class='ocr_carea' id='block_1_23' title="bbox 40 997 821 1033">
    <p class='ocr_par' dir='ltr' id='par_1_23' title="bbox 40 997 821 1033">
     <span class='ocr_line' id='line_1_23' title="bbox 40 997 821 1033; baseline 0.003 -10"><span class='ocrx_word' id='word_1_147' title='bbox 40 998 81 1024; x_wconf 69' lang='grc' dir='ltr'><strong>τ(ιῦ</strong></span> <span class='ocrx_word' id='word_1_148' title='bbox 102 999 166 1025; x_wconf 71' lang='grc' dir='ltr'>λαοῦ</span> <span class='ocrx_word' id='word_1_149' title='bbox 190 999 250 1025; x_wconf 86' lang='grc' dir='ltr'>λίαν</span> <span class='ocrx_word' id='word_1_150' title='bbox 272 998 463 1033; x_wconf 77' lang='grc' dir='ltr'>ἐπαινούμενοι</span> <span class='ocrx_word' id='word_1_151' title='bbox 482 1005 488 1012; x_wconf 94' lang='grc'><strong>·</strong></span> <span class='ocrx_word' id='word_1_152' title='bbox 511 997 549 1029; x_wconf 88' lang='grc' dir='ltr'>ὡς</span> <span class='ocrx_word' id='word_1_153' title='bbox 570 998 615 1024; x_wconf 74' lang='grc' dir='ltr'><strong>καὶ</strong></span> <span class='ocrx_word' id='word_1_154' title='bbox 639 998 685 1025; x_wconf 78' lang='grc' dir='ltr'><strong>τοῦ</strong></span> <span class='ocrx_word' id='word_1_155' title='bbox 706 998 821 1026; x_wconf 84' lang='grc' dir='ltr'>θανάτου</span> 
     </span>
    </p>
   </div>
   <div class='ocr_carea' id='block_1_24' title="bbox 39 1043 823 1081">
    <p class='ocr_par' dir='ltr' id='par_1_24' title="bbox 39 1043 823 1081">
     <span class='ocr_line' id='line_1_24' title="bbox 39 1043 823 1081; baseline 0.001 -10"><span class='ocrx_word' id='word_1_156' title='bbox 39 1045 111 1072; x_wconf 68' lang='grc' dir='ltr'>τοῦτο</span> <span class='ocrx_word' id='word_1_157' title='bbox 126 1045 156 1071; x_wconf 81' lang='grc' dir='ltr'>τὸ</span> <span class='ocrx_word' id='word_1_158' title='bbox 171 1043 240 1077; x_wconf 84' lang='grc' dir='ltr'>εἶδος</span> <span class='ocrx_word' id='word_1_159' title='bbox 256 1045 299 1072; x_wconf 83' lang='grc' dir='ltr'><strong>διὰ</strong></span> <span class='ocrx_word' id='word_1_160' title='bbox 312 1045 412 1080; x_wconf 78' lang='grc' dir='ltr'>πολλὴν</span> <span class='ocrx_word' id='word_1_161' title='bbox 428 1045 568 1072; x_wconf 80' lang='grc' dir='ltr'><strong>εὐσέϐειαν</strong></span> <span class='ocrx_word' id='word_1_162' title='bbox 585 1045 631 1072; x_wconf 78' lang='grc' dir='ltr'>καὶ</span> <span class='ocrx_word' id='word_1_163' title='bbox 643 1046 733 1072; x_wconf 83' lang='grc' dir='ltr'>πίστιν</span> <span class='ocrx_word' id='word_1_164' title='bbox 748 1046 823 1081; x_wconf 78' lang='grc' dir='ltr'>ἰσχυ-</span> 
     </span>
    </p>
   </div>
   <div class='ocr_carea' id='block_1_25' title="bbox 41 1091 749 1128">
    <p class='ocr_par' dir='ltr' id='par_1_25' title="bbox 41 1091 749 1128">
     <span class='ocr_line' id='line_1_25' title="bbox 41 1091 749 1128; baseline 0 -10"><span class='ocrx_word' id='word_1_165' title='bbox 41 1091 86 1126; x_wconf 73' lang='grc' dir='ltr'><strong>ρὰν</strong></span> <span class='ocrx_word' id='word_1_166' title='bbox 98 1092 249 1127; x_wconf 78' lang='grc' dir='ltr'>γινόμενον,</span> <span class='ocrx_word' id='word_1_167' title='bbox 266 1092 348 1127; x_wconf 78' lang='grc' dir='ltr'>μηδὲν</span> <span class='ocrx_word' id='word_1_168' title='bbox 364 1092 472 1118; x_wconf 78' lang='grc' dir='ltr'><strong>ἀποδεῖν</strong></span> <span class='ocrx_word' id='word_1_169' title='bbox 485 1092 634 1128; x_wconf 76' lang='grc' dir='ltr'><strong>μαρτυρίου</strong></span> <span class='ocrx_word' id='word_1_170' title='bbox 652 1092 749 1118; x_wconf 81' lang='grc' dir='ltr'>δοκεῖν.</span> 
     </span>
    </p>
   </div>
   <div class='ocr_carea' id='block_1_26' title="bbox 73 1227 822 1264">
    <p class='ocr_par' dir='ltr' id='par_1_26' title="bbox 73 1227 822 1264">
     <span class='ocr_line' id='line_1_26' title="bbox 73 1227 822 1264; baseline 0.001 -10"><span class='ocrx_word' id='word_1_171' title='bbox 73 1228 107 1254; x_wconf 91' lang='grc' dir='ltr'><strong>Δ’.</strong></span> <span class='ocrx_word' id='word_1_172' title='bbox 121 1227 176 1254; x_wconf 72' lang='grc' dir='ltr'><strong>Καὶ</strong></span> <span class='ocrx_word' id='word_1_173' title='bbox 194 1227 230 1254; x_wconf 75' lang='grc' dir='ltr'><strong>τὰ</strong></span> <span class='ocrx_word' id='word_1_174' title='bbox 247 1227 361 1263; x_wconf 89' lang='grc' dir='ltr'>σώματα</span> <span class='ocrx_word' id='word_1_175' title='bbox 382 1228 411 1255; x_wconf 80' lang='grc' dir='ltr'>δὲ</span> <span class='ocrx_word' id='word_1_176' title='bbox 432 1228 486 1255; x_wconf 79' lang='grc' dir='ltr'>τῶν</span> <span class='ocrx_word' id='word_1_177' title='bbox 509 1227 592 1263; x_wconf 83' lang='grc' dir='ltr'>ἁγίων</span> <span class='ocrx_word' id='word_1_178' title='bbox 614 1229 723 1260; x_wconf 69' lang='grc' dir='ltr'>ὑπτίαις</span> <span class='ocrx_word' id='word_1_179' title='bbox 744 1229 822 1264; x_wconf 76' lang='grc' dir='ltr'>χερσὶ</span> 
     </span>
    </p>
   </div>
   <div class='ocr_carea' id='block_1_27' title="bbox 40 1271 822 1308">
    <p class='ocr_par' dir='ltr' id='par_1_27' title="bbox 40 1271 822 1308">
     <span class='ocr_line' id='line_1_27' title="bbox 40 1271 822 1308; baseline 0.004 -11"><span class='ocrx_word' id='word_1_180' title='bbox 40 1271 82 1297; x_wconf 72' lang='grc' dir='ltr'><strong>λαὶ</strong></span> <span class='ocrx_word' id='word_1_181' title='bbox 99 1271 208 1303; x_wconf 84' lang='grc' dir='ltr'>κόλποις</span> <span class='ocrx_word' id='word_1_182' title='bbox 231 1272 474 1308; x_wconf 73' lang='grc' dir='ltr'>ὑπολαμϐάνοντες,</span> <span class='ocrx_word' id='word_1_183' title='bbox 498 1273 691 1308; x_wconf 79' lang='grc' dir='ltr'>καοαιροῦντές</span> <span class='ocrx_word' id='word_1_184' title='bbox 709 1282 739 1300; x_wconf 82' lang='grc' dir='ltr'><strong>τε</strong></span> <span class='ocrx_word' id='word_1_185' title='bbox 759 1274 822 1306; x_wconf 82' lang='grc' dir='ltr'>τοὺς</span> 
     </span>
    </p>
   </div>
   <div class='ocr_carea' id='block_1_28' title="bbox 40 1318 821 1356">
    <p class='ocr_par' dir='ltr' id='par_1_28' title="bbox 40 1318 821 1356">
     <span class='ocr_line' id='line_1_28' title="bbox 40 1318 821 1356; baseline 0.005 -13"><span class='ocrx_word' id='word_1_186' title='bbox 40 1318 198 1354; x_wconf 67' lang='grc' dir='ltr'>ὀφθαλμοὺς,</span> <span class='ocrx_word' id='word_1_187' title='bbox 219 1320 265 1346; x_wconf 78' lang='grc' dir='ltr'>καὶ</span> <span class='ocrx_word' id='word_1_188' title='bbox 286 1319 405 1355; x_wconf 82' lang='grc' dir='ltr'>στόματα</span> <span class='ocrx_word' id='word_1_189' title='bbox 428 1319 632 1354; x_wconf 80' lang='grc' dir='ltr'>συγκλείοντες·</span> <span class='ocrx_word' id='word_1_190' title='bbox 656 1320 821 1356; x_wconf 83' lang='grc' dir='ltr'>όμοφοροῦν-</span> 
     </span>
    </p>
   </div>
   <div class='ocr_carea' id='block_1_29' title="bbox 40 1364 821 1401">
    <p class='ocr_par' dir='ltr' id='par_1_29' title="bbox 40 1364 821 1401">
     <span class='ocr_line' id='line_1_29' title="bbox 40 1364 821 1401; baseline 0.004 -11"><span class='ocrx_word' id='word_1_191' title='bbox 40 1364 81 1396; x_wconf 77' lang='grc' dir='ltr'>τές</span> <span class='ocrx_word' id='word_1_192' title='bbox 93 1373 121 1390; x_wconf 84' lang='grc' dir='ltr'><strong>τε</strong></span> <span class='ocrx_word' id='word_1_193' title='bbox 139 1364 186 1391; x_wconf 82' lang='grc' dir='ltr'><strong>καὶ</strong></span> <span class='ocrx_word' id='word_1_194' title='bbox 207 1364 369 1397; x_wconf 83' lang='grc' dir='ltr'><strong>διατιθέντες</strong></span> <span class='ocrx_word' id='word_1_195' title='bbox 389 1365 459 1401; x_wconf 79' lang='grc'>(85),</span> <span class='ocrx_word' id='word_1_196' title='bbox 479 1365 714 1401; x_wconf 77' lang='grc' dir='ltr'>προσ-κολλώμενοι</span> <span class='ocrx_word' id='word_1_197' title='bbox 726 1387 734 1398; x_wconf 87' lang='grc'><strong>,</strong></span> <span class='ocrx_word' id='word_1_198' title='bbox 751 1375 821 1401; x_wconf 84' lang='grc' dir='ltr'>συμ-</span> 
     </span>
    </p>
   </div>
   <div class='ocr_carea' id='block_1_30' title="bbox 42 1410 822 1448">
    <p class='ocr_par' dir='ltr' id='par_1_30' title="bbox 42 1410 822 1448">
     <span class='ocr_line' id='line_1_30' title="bbox 42 1410 822 1448; baseline 0.006 -13"><span class='ocrx_word' id='word_1_199' title='bbox 42 1410 194 1446; x_wconf 82' lang='grc' dir='ltr'>πλεκόμενοι</span> <span class='ocrx_word' id='word_1_200' title='bbox 205 1431 213 1444; x_wconf 92' lang='grc'><strong>,</strong></span> <span class='ocrx_word' id='word_1_201' title='bbox 230 1411 351 1448; x_wconf 79' lang='grc' dir='ltr'>λουτροῖς</span> <span class='ocrx_word' id='word_1_202' title='bbox 365 1420 393 1438; x_wconf 89' lang='grc' dir='ltr'><strong>τε</strong></span> <span class='ocrx_word' id='word_1_203' title='bbox 411 1412 458 1438; x_wconf 71' lang='grc' dir='ltr'><strong>καὶ</strong></span> <span class='ocrx_word' id='word_1_204' title='bbox 478 1412 650 1447; x_wconf 70' lang='grc' dir='ltr'>περιττολαῐς</span> <span class='ocrx_word' id='word_1_205' title='bbox 665 1412 719 1447; x_wconf 84' lang='grc'>(86)</span> <span class='ocrx_word' id='word_1_206' title='bbox 739 1421 822 1440; x_wconf 82' lang='grc' dir='ltr'>κατα-</span> 
     </span>
    </p>
   </div>
   <div class='ocr_carea' id='block_1_31' title="bbox 43 1456 823 1493">
    <p class='ocr_par' dir='ltr' id='par_1_31' title="bbox 43 1456 823 1493">
     <span class='ocr_line' id='line_1_31' title="bbox 43 1456 823 1493; baseline 0.004 -11"><span class='ocrx_word' id='word_1_207' title='bbox 43 1456 219 1491; x_wconf 80' lang='grc' dir='ltr'><strong>κοσμοῦντες·</strong></span> <span class='ocrx_word' id='word_1_208' title='bbox 245 1457 410 1493; x_wconf 80' lang='grc' dir='ltr'>μεταμικρδν</span> <span class='ocrx_word' id='word_1_209' title='bbox 431 1457 577 1492; x_wconf 68' lang='grc' dir='ltr'>ἐτύγχανον</span> <span class='ocrx_word' id='word_1_210' title='bbox 598 1457 651 1484; x_wconf 84' lang='grc' dir='ltr'>τῶν</span> <span class='ocrx_word' id='word_1_211' title='bbox 676 1458 755 1485; x_wconf 82' lang='grc' dir='ltr'>ἴσων·</span> <span class='ocrx_word' id='word_1_212' title='bbox 780 1459 823 1485; x_wconf 78' lang='grc' dir='ltr'><strong>ἀεὶ</strong></span> 
     </span>
    </p>
   </div>
   <div class='ocr_carea' id='block_1_32' title="bbox 40 1502 819 1539">
    <p class='ocr_par' dir='ltr' id='par_1_32' title="bbox 40 1502 819 1539">
     <span class='ocr_line' id='line_1_32' title="bbox 40 1502 819 1539; baseline 0.003 -11"><span class='ocrx_word' id='word_1_213' title='bbox 40 1502 88 1528; x_wconf 86' lang='grc' dir='ltr'><strong>τῶν</strong></span> <span class='ocrx_word' id='word_1_214' title='bbox 111 1502 341 1538; x_wconf 79' lang='grc' dir='ltr'>ὑπολειπομένων,</span> <span class='ocrx_word' id='word_1_215' title='bbox 365 1503 539 1538; x_wconf 64' lang='grc' dir='ltr'>ὲφεπομένων</span> <span class='ocrx_word' id='word_1_216' title='bbox 561 1505 617 1535; x_wconf 79' lang='grc' dir='ltr'>τοῖς</span> <span class='ocrx_word' id='word_1_217' title='bbox 643 1504 696 1539; x_wconf 73' lang='grc' dir='ltr'>πρὸ</span> <span class='ocrx_word' id='word_1_218' title='bbox 721 1504 819 1531; x_wconf 77' lang='grc' dir='ltr'>αὐτῶν.</span> 
     </span>
    </p>
   </div>
   <div class='ocr_carea' id='block_1_33' title="bbox 41 1548 817 1585">
    <p class='ocr_par' dir='ltr' id='par_1_33' title="bbox 41 1548 817 1585">
     <span class='ocr_line' id='line_1_33' title="bbox 41 1548 817 1585; baseline 0.003 -11"><span class='ocrx_word' id='word_1_219' title='bbox 41 1548 76 1574; x_wconf 81' lang='grc' dir='ltr'><strong>Τὰ</strong></span> <span class='ocrx_word' id='word_1_220' title='bbox 89 1548 116 1575; x_wconf 81' lang='grc' dir='ltr'>δέ</span> <span class='ocrx_word' id='word_1_221' title='bbox 137 1557 169 1583; x_wconf 80' lang='grc' dir='ltr'>γε</span> <span class='ocrx_word' id='word_1_222' title='bbox 187 1549 253 1584; x_wconf 69' lang='grc' dir='ltr'><strong>ἔθνη</strong></span> <span class='ocrx_word' id='word_1_223' title='bbox 269 1550 323 1575; x_wconf 75' lang='grc' dir='ltr'>πᾶν</span> <span class='ocrx_word' id='word_1_224' title='bbox 339 1550 492 1576; x_wconf 83' lang='grc' dir='ltr'>τούναντίον</span> <span class='ocrx_word' id='word_1_225' title='bbox 502 1558 508 1565; x_wconf 93' lang='grc'>·</span> <span class='ocrx_word' id='word_1_226' title='bbox 528 1550 576 1576; x_wconf 68' lang='grc' dir='ltr'>καὶ</span> <span class='ocrx_word' id='word_1_227' title='bbox 599 1551 686 1576; x_wconf 84' lang='grc' dir='ltr'>νοσεῖν</span> <span class='ocrx_word' id='word_1_228' title='bbox 702 1549 817 1585; x_wconf 68' lang='grc' dir='ltr'>ἀρχομέ›</span> 
     </span>
    </p>
   </div>
   <div class='ocr_carea' id='block_1_34' title="bbox 72 1647 821 1684">
    <p class='ocr_par' dir='ltr' id='par_1_34' title="bbox 72 1647 821 1684">
     <span class='ocr_line' id='line_1_34' title="bbox 72 1647 821 1684; baseline 0.004 -11"><span class='ocrx_word' id='word_1_229' title='bbox 72 1647 124 1682; x_wconf 89' lang='grc'><strong>(80)</strong></span> <span class='ocrx_word' id='word_1_230' title='bbox 145 1647 232 1684; x_wconf 66' lang='grc' dir='ltr'><strong>Πολρ</strong></span> <span class='ocrx_word' id='word_1_231' title='bbox 244 1647 277 1674; x_wconf 83' lang='grc' dir='ltr'>δὲ</span> <span class='ocrx_word' id='word_1_232' title='bbox 290 1647 428 1684; x_wconf 64' lang='grc' dir='ltr'><strong>ἐξῆλθεν.</strong></span> <span class='ocrx_word' id='word_1_233' title='bbox 447 1649 484 1676; x_wconf 89' lang='lat' dir='ltr'><strong>Ita</strong></span> <span class='ocrx_word' id='word_1_234' title='bbox 497 1649 607 1683; x_wconf 80' lang='lat' dir='ltr'><strong>quidem</strong></span> <span class='ocrx_word' id='word_1_235' title='bbox 625 1650 754 1684; x_wconf 89' lang='lat' dir='ltr'><strong>scriptum</strong></span> <span class='ocrx_word' id='word_1_236' title='bbox 774 1651 821 1676; x_wconf 82' lang='lat' dir='ltr'><strong>ha-</strong></span> 
     </span>
    </p>
   </div>
   <div class='ocr_carea' id='block_1_35' title="bbox 41 1682 821 1720">
    <p class='ocr_par' dir='ltr' id='par_1_35' title="bbox 41 1682 821 1720">
     <span class='ocr_line' id='line_1_35' title="bbox 41 1682 821 1720; baseline 0.005 -12"><span class='ocrx_word' id='word_1_237' title='bbox 41 1682 78 1720; x_wconf 68' lang='lat' dir='ltr'><strong>bet</strong></span> <span class='ocrx_word' id='word_1_238' title='bbox 103 1683 188 1720; x_wconf 58' lang='lat' dir='ltr'><strong>code;</strong></span> <span class='ocrx_word' id='word_1_239' title='bbox 216 1682 327 1720; x_wconf 61' lang='lat' dir='ltr'><strong>Regius.</strong></span> <span class='ocrx_word' id='word_1_240' title='bbox 352 1683 404 1711; x_wconf 85' lang='lat' dir='ltr'><strong>Sed</strong></span> <span class='ocrx_word' id='word_1_241' title='bbox 427 1685 458 1720; x_wconf 86' lang='lat' dir='ltr'><strong>in</strong></span> <span class='ocrx_word' id='word_1_242' title='bbox 481 1682 593 1720; x_wconf 76' lang='lat' dir='ltr'><strong>reliquis</strong></span> <span class='ocrx_word' id='word_1_243' title='bbox 623 1682 821 1720; x_wconf 73' lang='lat' dir='ltr'><strong>exemplaribus</strong></span> 
     </span>
    </p>
   </div>
   <div class='ocr_carea' id='block_1_36' title="bbox 41 1716 820 1756">
    <p class='ocr_par' dir='ltr' id='par_1_36' title="bbox 41 1716 820 1756">
     <span class='ocr_line' id='line_1_36' title="bbox 41 1716 820 1756; baseline 0.005 -14"><span class='ocrx_word' id='word_1_244' title='bbox 41 1717 115 1756; x_wconf 73' lang='lat' dir='ltr'><strong>ll_az.,</strong></span> <span class='ocrx_word' id='word_1_245' title='bbox 128 1717 199 1756; x_wconf 81' lang='lat' dir='ltr'><strong>llled.</strong></span> <span class='ocrx_word' id='word_1_246' title='bbox 217 1726 250 1756; x_wconf 88' lang='lat' dir='ltr'><strong>a_c</strong></span> <span class='ocrx_word' id='word_1_247' title='bbox 266 1718 334 1756; x_wconf 59' lang='grc' dir='ltr'><strong>[τιιιεἒ</strong></span> <span class='ocrx_word' id='word_1_248' title='bbox 352 1719 479 1746; x_wconf 70' lang='lat' dir='ltr'><strong>scribitur</strong></span> <span class='ocrx_word' id='word_1_249' title='bbox 493 1716 820 1756; x_wconf 58' lang='grc' dir='ltr'>πολλήποοιίὺείδυὺςιυ-</span> 
     </span>
    </p>
   </div>
   <div class='ocr_carea' id='block_1_37' title="bbox 43 1752 411 1785">
    <p class='ocr_par' dir='ltr' id='par_1_37' title="bbox 43 1752 411 1785">
     <span class='ocr_line' id='line_1_37' title="bbox 43 1752 411 1785; baseline 0.008 -7"><span class='ocrx_word' id='word_1_250' title='bbox 43 1752 110 1779; x_wconf 86' lang='lat' dir='ltr'><strong>ditur</strong></span> <span class='ocrx_word' id='word_1_251' title='bbox 125 1753 198 1779; x_wconf 85' lang='lat' dir='ltr'><strong>enim</strong></span> <span class='ocrx_word' id='word_1_252' title='bbox 211 1753 297 1785; x_wconf 87' lang='grc' dir='ltr'>νόσος.</span> <span class='ocrx_word' id='word_1_253' title='bbox 313 1752 411 1781; x_wconf 67' lang='lat' dir='ltr'><strong>Vates.</strong></span> 
     </span>
    </p>
   </div>
   <div class='ocr_carea' id='block_1_38' title="bbox 73 1788 821 1822">
    <p class='ocr_par' dir='ltr' id='par_1_38' title="bbox 73 1788 821 1822">
     <span class='ocr_line' id='line_1_38' title="bbox 73 1788 821 1822; baseline 0.001 -8"><span class='ocrx_word' id='word_1_254' title='bbox 73 1788 125 1822; x_wconf 80' lang='grc'>(81)</span> <span class='ocrx_word' id='word_1_255' title='bbox 145 1788 439 1822; x_wconf 78' lang='grc' dir='ltr'>Συναπηλλάττοντο</span> <span class='ocrx_word' id='word_1_256' title='bbox 454 1789 590 1822; x_wconf 75' lang='grc' dir='ltr'><strong>ἐκείνοις.</strong></span> <span class='ocrx_word' id='word_1_257' title='bbox 604 1788 668 1816; x_wconf 90' lang='lat' dir='ltr'><strong>Post</strong></span> <span class='ocrx_word' id='word_1_258' title='bbox 678 1790 727 1816; x_wconf 88' lang='lat' dir='ltr'><strong>has</strong></span> <span class='ocrx_word' id='word_1_259' title='bbox 740 1797 821 1816; x_wconf 87' lang='lat' dir='ltr'><strong>voces</strong></span> 
     </span>
    </p>
   </div>
   <div class='ocr_carea' id='block_1_39' title="bbox 43 1823 821 1858">
    <p class='ocr_par' dir='ltr' id='par_1_39' title="bbox 43 1823 821 1858">
     <span class='ocr_line' id='line_1_39' title="bbox 43 1823 821 1858; baseline 0.003 -10"><span class='ocrx_word' id='word_1_260' title='bbox 43 1823 66 1849; x_wconf 91' lang='lat' dir='ltr'><strong>in</strong></span> <span class='ocrx_word' id='word_1_261' title='bbox 82 1823 171 1851; x_wconf 87' lang='lat' dir='ltr'><strong>codice</strong></span> <span class='ocrx_word' id='word_1_262' title='bbox 186 1824 263 1858; x_wconf 76' lang='lat' dir='ltr'><strong>regio</strong></span> <span class='ocrx_word' id='word_1_263' title='bbox 274 1824 306 1858; x_wconf 14' lang='lat' dir='ltr'><strong>in,</strong></span> <span class='ocrx_word' id='word_1_264' title='bbox 317 1824 434 1851; x_wconf 86' lang='lat' dir='ltr'><strong>editione</strong></span> <span class='ocrx_word' id='word_1_265' title='bbox 453 1824 564 1851; x_wconf 70' lang='lat' dir='ltr'><strong>Iioberti</strong></span> <span class='ocrx_word' id='word_1_266' title='bbox 588 1823 716 1858; x_wconf 85' lang='lat' dir='ltr'><strong>Stephani</strong></span> <span class='ocrx_word' id='word_1_267' title='bbox 737 1831 821 1858; x_wconf 87' lang='lat' dir='ltr'><strong>appo—</strong></span> 
     </span>
    </p>
   </div>
   <div class='ocr_carea' id='block_1_40' title="bbox 41 1857 818 1893">
    <p class='ocr_par' dir='ltr' id='par_1_40' title="bbox 41 1857 818 1893">
     <span class='ocr_line' id='line_1_40' title="bbox 41 1857 818 1893; baseline 0.001 -9"><span class='ocrx_word' id='word_1_268' title='bbox 41 1859 86 1884; x_wconf 86' lang='lat' dir='ltr'><strong>sita</strong></span> <span class='ocrx_word' id='word_1_269' title='bbox 99 1858 270 1893; x_wconf 73' lang='lat' dir='ltr'><strong>estvirgula.</strong></span> <span class='ocrx_word' id='word_1_270' title='bbox 286 1857 387 1885; x_wconf 73' lang='lat' dir='ltr'><strong>Verum</strong></span> <span class='ocrx_word' id='word_1_271' title='bbox 408 1860 434 1885; x_wconf 91' lang='lat' dir='ltr'><strong>in</strong></span> <span class='ocrx_word' id='word_1_272' title='bbox 454 1860 540 1886; x_wconf 90' lang='lat' dir='ltr'><strong>tribus</strong></span> <span class='ocrx_word' id='word_1_273' title='bbox 562 1857 662 1886; x_wconf 81' lang='lat' dir='ltr'><strong>nostris</strong></span> <span class='ocrx_word' id='word_1_274' title='bbox 679 1857 818 1893; x_wconf 76' lang='lat' dir='ltr'><strong>exempla-</strong></span> 
     </span>
    </p>
   </div>
   <div class='ocr_carea' id='block_1_41' title="bbox 41 1892 820 1926">
    <p class='ocr_par' dir='ltr' id='par_1_41' title="bbox 41 1892 820 1926">
     <span class='ocr_line' id='line_1_41' title="bbox 41 1892 820 1926; baseline 0.001 -7"><span class='ocrx_word' id='word_1_275' title='bbox 41 1893 112 1920; x_wconf 86' lang='lat' dir='ltr'><strong>ribus</strong></span> <span class='ocrx_word' id='word_1_276' title='bbox 125 1892 209 1926; x_wconf 56' lang='grc' dir='ltr'>Μαι,</span> <span class='ocrx_word' id='word_1_277' title='bbox 231 1893 301 1920; x_wconf 89' lang='lat' dir='ltr'><strong>Med.</strong></span> <span class='ocrx_word' id='word_1_278' title='bbox 325 1897 352 1920; x_wconf 89' lang='lat' dir='ltr'><strong>et</strong></span> <span class='ocrx_word' id='word_1_279' title='bbox 368 1893 436 1921; x_wconf 86' lang='lat' dir='ltr'><strong>Fuk.</strong></span> <span class='ocrx_word' id='word_1_280' title='bbox 453 1895 505 1921; x_wconf 83' lang='lat' dir='ltr'><strong>alia</strong></span> <span class='ocrx_word' id='word_1_281' title='bbox 521 1898 563 1921; x_wconf 88' lang='lat' dir='ltr'><strong>est</strong></span> <span class='ocrx_word' id='word_1_282' title='bbox 582 1894 731 1921; x_wconf 88' lang='lat' dir='ltr'><strong>distinctio.</strong></span> <span class='ocrx_word' id='word_1_283' title='bbox 755 1894 820 1920; x_wconf 75' lang='lat' dir='ltr'><strong>Nam</strong></span> 
     </span>
    </p>
   </div>
   <div class='ocr_carea' id='block_1_42' title="bbox 41 1928 822 1964">
    <p class='ocr_par' dir='ltr' id='par_1_42' title="bbox 41 1928 822 1964">
     <span class='ocr_line' id='line_1_42' title="bbox 41 1928 822 1964; baseline 0 -10"><span class='ocrx_word' id='word_1_284' title='bbox 41 1933 97 1964; x_wconf 81' lang='lat' dir='ltr'><strong>post</strong></span> <span class='ocrx_word' id='word_1_285' title='bbox 110 1936 206 1956; x_wconf 89' lang='lat' dir='ltr'><strong>vocem</strong></span> <span class='ocrx_word' id='word_1_286' title='bbox 219 1929 416 1964; x_wconf 76' lang='grc' dir='ltr'>ἀσμενέστατα,</span> <span class='ocrx_word' id='word_1_287' title='bbox 433 1929 556 1963; x_wconf 88' lang='lat' dir='ltr'><strong>apposita</strong></span> <span class='ocrx_word' id='word_1_288' title='bbox 568 1933 609 1955; x_wconf 84' lang='lat' dir='ltr'><strong>est</strong></span> <span class='ocrx_word' id='word_1_289' title='bbox 622 1929 710 1955; x_wconf 87' lang='lat' dir='ltr'><strong>media</strong></span> <span class='ocrx_word' id='word_1_290' title='bbox 725 1928 822 1955; x_wconf 75' lang='lat' dir='ltr'><strong>distill-</strong></span> 
     </span>
    </p>
   </div>
   <div class='ocr_carea' id='block_1_43' title="bbox 42 1963 820 1999">
    <p class='ocr_par' dir='ltr' id='par_1_43' title="bbox 42 1963 820 1999">
     <span class='ocr_line' id='line_1_43' title="bbox 42 1963 820 1999; baseline 0.001 -11"><span class='ocrx_word' id='word_1_291' title='bbox 42 1963 172 1994; x_wconf 44' lang='lat' dir='ltr'><strong>ctionseu</strong></span> <span class='ocrx_word' id='word_1_292' title='bbox 202 1963 290 1991; x_wconf 80' lang='lat' dir='ltr'><strong>mora.</strong></span> <span class='ocrx_word' id='word_1_293' title='bbox 309 1963 386 1996; x_wconf 82' lang='lat' dir='ltr'><strong>Quod</strong></span> <span class='ocrx_word' id='word_1_294' title='bbox 409 1966 519 1999; x_wconf 84' lang='lat' dir='ltr'><strong>quidem</strong></span> <span class='ocrx_word' id='word_1_295' title='bbox 541 1964 642 1990; x_wconf 90' lang='lat' dir='ltr'><strong>idcirco</strong></span> <span class='ocrx_word' id='word_1_296' title='bbox 655 1964 820 1990; x_wconf 89' lang='lat' dir='ltr'><strong>monendum</strong></span> 
     </span>
    </p>
   </div>
   <div class='ocr_carea' id='block_1_44' title="bbox 41 1998 821 2034">
    <p class='ocr_par' dir='ltr' id='par_1_44' title="bbox 41 1998 821 2034">
     <span class='ocr_line' id='line_1_44' title="bbox 41 1998 821 2034; baseline -0.001 -9"><span class='ocrx_word' id='word_1_297' title='bbox 41 2006 97 2025; x_wconf 87' lang='lat' dir='ltr'><strong>esse</strong></span> <span class='ocrx_word' id='word_1_298' title='bbox 110 1999 185 2031; x_wconf 79' lang='lat' dir='ltr'><strong>duxi,</strong></span> <span class='ocrx_word' id='word_1_299' title='bbox 201 2006 235 2025; x_wconf 93' lang='lat' dir='ltr'><strong>ne</strong></span> <span class='ocrx_word' id='word_1_300' title='bbox 249 1999 312 2033; x_wconf 87' lang='lat' dir='ltr'><strong>quis</strong></span> <span class='ocrx_word' id='word_1_301' title='bbox 325 1998 396 2026; x_wconf 83' lang='lat' dir='ltr'><strong>forte</strong></span> <span class='ocrx_word' id='word_1_302' title='bbox 408 1998 571 2034; x_wconf 75' lang='lat' dir='ltr'><strong>suspicetur,</strong></span> <span class='ocrx_word' id='word_1_303' title='bbox 589 1999 724 2034; x_wconf 83' lang='lat' dir='ltr'><strong>vulgatam</strong></span> <span class='ocrx_word' id='word_1_304' title='bbox 738 1999 821 2024; x_wconf 85' lang='lat' dir='ltr'><strong>inter-</strong></span> 
     </span>
    </p>
   </div>
   <div class='ocr_carea' id='block_1_45' title="bbox 41 2034 820 2069">
    <p class='ocr_par' dir='ltr' id='par_1_45' title="bbox 41 2034 820 2069">
     <span class='ocr_line' id='line_1_45' title="bbox 41 2034 820 2069; baseline 0 -10"><span class='ocrx_word' id='word_1_305' title='bbox 41 2034 211 2066; x_wconf 89' lang='lat' dir='ltr'><strong>punclionem</strong></span> <span class='ocrx_word' id='word_1_306' title='bbox 230 2039 341 2066; x_wconf 84' lang='lat' dir='ltr'><strong>temere,</strong></span> <span class='ocrx_word' id='word_1_307' title='bbox 359 2041 390 2060; x_wconf 87' lang='lat' dir='ltr'><strong>ac</strong></span> <span class='ocrx_word' id='word_1_308' title='bbox 407 2035 465 2061; x_wconf 87' lang='lat' dir='ltr'><strong>sine</strong></span> <span class='ocrx_word' id='word_1_309' title='bbox 477 2034 637 2062; x_wconf 84' lang='lat' dir='ltr'><strong>auctoritate</strong></span> <span class='ocrx_word' id='word_1_310' title='bbox 656 2034 820 2069; x_wconf 89' lang='lat' dir='ltr'><strong>scriptorum</strong></span> 
     </span>
    </p>
   </div>
   <div class='ocr_carea' id='block_1_46' title="bbox 41 2069 603 2096">
    <p class='ocr_par' dir='ltr' id='par_1_46' title="bbox 41 2069 603 2096">
     <span class='ocr_line' id='line_1_46' title="bbox 41 2069 603 2096; baseline 0.004 -2"><span class='ocrx_word' id='word_1_311' title='bbox 41 2069 160 2095; x_wconf 74' lang='lat' dir='ltr'><strong>Codicum</strong></span> <span class='ocrx_word' id='word_1_312' title='bbox 179 2077 195 2095; x_wconf 76' lang='grc' dir='ltr'><strong>ιι</strong></span> <span class='ocrx_word' id='word_1_313' title='bbox 208 2069 287 2095; x_wconf 88' lang='lat' dir='ltr'><strong>nobis</strong></span> <span class='ocrx_word' id='word_1_314' title='bbox 301 2073 432 2096; x_wconf 80' lang='lat' dir='ltr'><strong>mutatam</strong></span> <span class='ocrx_word' id='word_1_315' title='bbox 454 2069 547 2096; x_wconf 78' lang='lat' dir='ltr'><strong>fuisse.</strong></span> <span class='ocrx_word' id='word_1_316' title='bbox 566 2069 603 2096; x_wconf 83' lang='lat' dir='ltr'><strong>In.</strong></span> 
     </span>
    </p>
   </div>
   <div class='ocr_carea' id='block_1_47' title="bbox 73 2103 822 2138">
    <p class='ocr_par' dir='ltr' id='par_1_47' title="bbox 73 2103 822 2138">
     <span class='ocr_line' id='line_1_47' title="bbox 73 2103 822 2138; baseline 0.001 -9"><span class='ocrx_word' id='word_1_317' title='bbox 73 2103 126 2138; x_wconf 52' lang='lat'><strong>(8‘2)</strong></span> <span class='ocrx_word' id='word_1_318' title='bbox 150 2104 405 2138; x_wconf 77' lang='grc' dir='ltr'>’Λναμασσόμενοι</span> <span class='ocrx_word' id='word_1_319' title='bbox 416 2105 469 2136; x_wconf 85' lang='grc' dir='ltr'>τὰς</span> <span class='ocrx_word' id='word_1_320' title='bbox 480 2104 660 2138; x_wconf 64' lang='grc' dir='ltr'>ἀλγηδόνας.</span> <span class='ocrx_word' id='word_1_321' title='bbox 675 2103 784 2137; x_wconf 68' lang='lat' dir='ltr'><strong>Langus</strong></span> <span class='ocrx_word' id='word_1_322' title='bbox 795 2108 822 2130; x_wconf 88' lang='lat' dir='ltr'><strong>et</strong></span> 
     </span>
    </p>
   </div>
   <div class='ocr_carea' id='block_1_48' title="bbox 41 2137 821 2173">
    <p class='ocr_par' dir='ltr' id='par_1_48' title="bbox 41 2137 821 2173">
     <span class='ocr_line' id='line_1_48' title="bbox 41 2137 821 2173; baseline 0.001 -9"><span class='ocrx_word' id='word_1_323' title='bbox 41 2137 302 2173; x_wconf 86' lang='lat' dir='ltr'><strong>Christophorsouns</strong></span> <span class='ocrx_word' id='word_1_324' title='bbox 322 2142 463 2165; x_wconf 74' lang='lat' dir='ltr'><strong>verterunt</strong></span> <span class='ocrx_word' id='word_1_325' title='bbox 487 2137 657 2173; x_wconf 71' lang='lat' dir='ltr'><strong>mitigantes:</strong></span> <span class='ocrx_word' id='word_1_326' title='bbox 675 2147 755 2173; x_wconf 91' lang='lat' dir='ltr'><strong>quam</strong></span> <span class='ocrx_word' id='word_1_327' title='bbox 779 2139 821 2165; x_wconf 92' lang='lat' dir='ltr'><strong>iu-</strong></span> 
     </span>
    </p>
   </div>
   <div class='ocr_carea' id='block_1_49' title="bbox 42 2173 819 2208">
    <p class='ocr_par' dir='ltr' id='par_1_49' title="bbox 42 2173 819 2208">
     <span class='ocr_line' id='line_1_49' title="bbox 42 2173 819 2208; baseline 0.001 -9"><span class='ocrx_word' id='word_1_328' title='bbox 42 2174 257 2206; x_wconf 83' lang='lat' dir='ltr'><strong>tcrpretationem</strong></span> <span class='ocrx_word' id='word_1_329' title='bbox 272 2173 396 2207; x_wconf 85' lang='lat' dir='ltr'><strong>equidem</strong></span> <span class='ocrx_word' id='word_1_330' title='bbox 415 2174 530 2208; x_wconf 88' lang='lat' dir='ltr'><strong>probare</strong></span> <span class='ocrx_word' id='word_1_331' title='bbox 545 2182 597 2200; x_wconf 91' lang='lat' dir='ltr'><strong>non</strong></span> <span class='ocrx_word' id='word_1_332' title='bbox 614 2181 735 2208; x_wconf 80' lang='lat' dir='ltr'><strong>possum.</strong></span> <span class='ocrx_word' id='word_1_333' title='bbox 752 2173 819 2200; x_wconf 85' lang='lat' dir='ltr'><strong>Nam</strong></span> 
     </span>
    </p>
   </div>
   <div class='ocr_carea' id='block_1_50' title="bbox 41 2208 819 2243">
    <p class='ocr_par' dir='ltr' id='par_1_50' title="bbox 41 2208 819 2243">
     <span class='ocr_line' id='line_1_50' title="bbox 41 2208 819 2243; baseline 0.001 -9"><span class='ocrx_word' id='word_1_334' title='bbox 41 2208 213 2242; x_wconf 73' lang='grc' dir='ltr'>ἁναμάσσειν,</span> <span class='ocrx_word' id='word_1_335' title='bbox 232 2209 289 2235; x_wconf 87' lang='lat' dir='ltr'><strong>sive</strong></span> <span class='ocrx_word' id='word_1_336' title='bbox 310 2209 470 2243; x_wconf 77' lang='grc' dir='ltr'>ἐκμάσσειν,</span> <span class='ocrx_word' id='word_1_337' title='bbox 489 2209 558 2236; x_wconf 88' lang='lat' dir='ltr'><strong>idem</strong></span> <span class='ocrx_word' id='word_1_338' title='bbox 577 2214 619 2236; x_wconf 90' lang='lat' dir='ltr'><strong>est</strong></span> <span class='ocrx_word' id='word_1_339' title='bbox 638 2209 709 2243; x_wconf 85' lang='lat' dir='ltr'><strong>quod</strong></span> <span class='ocrx_word' id='word_1_340' title='bbox 731 2210 819 2242; x_wconf 67' lang='lat' dir='ltr'><strong>expri—</strong></span> 
     </span>
    </p>
   </div>
   <div class='ocr_carea' id='block_1_51' title="bbox 41 2243 819 2278">
    <p class='ocr_par' dir='ltr' id='par_1_51' title="bbox 41 2243 819 2278">
     <span class='ocr_line' id='line_1_51' title="bbox 41 2243 819 2278; baseline 0.003 -10"><span class='ocrx_word' id='word_1_341' title='bbox 41 2250 114 2275; x_wconf 77' lang='lat' dir='ltr'><strong>mere,</strong></span> <span class='ocrx_word' id='word_1_342' title='bbox 128 2247 270 2278; x_wconf 75' lang='lat' dir='ltr'><strong>extergere.</strong></span> <span class='ocrx_word' id='word_1_343' title='bbox 297 2243 342 2270; x_wconf 78' lang='lat' dir='ltr'><strong>Ait</strong></span> <span class='ocrx_word' id='word_1_344' title='bbox 361 2244 443 2277; x_wconf 79' lang='lat' dir='ltr'><strong>igitur</strong></span> <span class='ocrx_word' id='word_1_345' title='bbox 465 2244 628 2278; x_wconf 72' lang='lat' dir='ltr'><strong>Dionysius,</strong></span> <span class='ocrx_word' id='word_1_346' title='bbox 648 2243 819 2270; x_wconf 83' lang='lat' dir='ltr'><strong>Christianos</strong></span> 
     </span>
    </p>
   </div>
   <div class='ocr_carea' id='block_1_52' title="bbox 42 2278 818 2313">
    <p class='ocr_par' dir='ltr' id='par_1_52' title="bbox 42 2278 818 2313">
     <span class='ocr_line' id='line_1_52' title="bbox 42 2278 818 2313; baseline 0 -9"><span class='ocrx_word' id='word_1_347' title='bbox 42 2278 84 2311; x_wconf 85' lang='lat' dir='ltr'><strong>qui</strong></span> <span class='ocrx_word' id='word_1_348' title='bbox 99 2285 186 2313; x_wconf 57' lang='lat' dir='ltr'><strong>agros</strong></span> <span class='ocrx_word' id='word_1_349' title='bbox 206 2278 343 2312; x_wconf 83' lang='lat' dir='ltr'><strong>pestilenti</strong></span> <span class='ocrx_word' id='word_1_350' title='bbox 366 2279 461 2305; x_wconf 90' lang='lat' dir='ltr'><strong>morbo</strong></span> <span class='ocrx_word' id='word_1_351' title='bbox 480 2279 632 2306; x_wconf 89' lang='lat' dir='ltr'><strong>laborantes</strong></span> <span class='ocrx_word' id='word_1_352' title='bbox 654 2279 818 2310; x_wconf 85' lang='lat' dir='ltr'><strong>invisehant,</strong></span> 
     </span>
    </p>
   </div>
   <div class='ocr_carea' id='block_1_53' title="bbox 41 2313 820 2348">
    <p class='ocr_par' dir='ltr' id='par_1_53' title="bbox 41 2313 820 2348">
     <span class='ocr_line' id='line_1_53' title="bbox 41 2313 820 2348; baseline 0.001 -10"><span class='ocrx_word' id='word_1_353' title='bbox 41 2319 181 2345; x_wconf 81' lang='lat' dir='ltr'><strong>expressos</strong></span> <span class='ocrx_word' id='word_1_354' title='bbox 195 2314 383 2348; x_wconf 76' lang='lat' dir='ltr'><strong>:egrotantium</strong></span> <span class='ocrx_word' id='word_1_355' title='bbox 396 2313 503 2341; x_wconf 81' lang='lat' dir='ltr'><strong>dolores</strong></span> <span class='ocrx_word' id='word_1_356' title='bbox 520 2313 546 2340; x_wconf 93' lang='lat' dir='ltr'><strong>iu</strong></span> <span class='ocrx_word' id='word_1_357' title='bbox 557 2314 716 2347; x_wconf 84' lang='lat' dir='ltr'><strong>semetipsos</strong></span> <span class='ocrx_word' id='word_1_358' title='bbox 732 2318 820 2340; x_wconf 87' lang='lat' dir='ltr'><strong>trans-</strong></span> 
     </span>
    </p>
   </div>
   <div class='ocr_carea' id='block_1_54' title="bbox 46 2347 820 2383">
    <p class='ocr_par' dir='ltr' id='par_1_54' title="bbox 46 2347 820 2383">
     <span class='ocr_line' id='line_1_54' title="bbox 46 2347 820 2383; baseline 0.003 -10"><span class='ocrx_word' id='word_1_359' title='bbox 46 2348 146 2374; x_wconf 86' lang='lat' dir='ltr'><strong>tulisse.</strong></span> <span class='ocrx_word' id='word_1_360' title='bbox 176 2347 203 2375; x_wconf 86' lang='lat' dir='ltr'><strong>Itl</strong></span> <span class='ocrx_word' id='word_1_361' title='bbox 223 2347 297 2375; x_wconf 81' lang='lat' dir='ltr'><strong>enim</strong></span> <span class='ocrx_word' id='word_1_362' title='bbox 319 2348 516 2382; x_wconf 70' lang='lat' dir='ltr'><strong>signiﬁcatvox</strong></span> <span class='ocrx_word' id='word_1_363' title='bbox 538 2348 776 2383; x_wconf 66' lang='grc' dir='ltr'>ἀναμασώμενοι,</span> <span class='ocrx_word' id='word_1_364' title='bbox 793 2348 820 2375; x_wconf 89' lang='lat' dir='ltr'><strong>id</strong></span> 
     </span>
    </p>
   </div>
   <div class='ocr_carea' id='block_1_55' title="bbox 41 2382 821 2418">
    <p class='ocr_par' dir='ltr' id='par_1_55' title="bbox 41 2382 821 2418">
     <span class='ocr_line' id='line_1_55' title="bbox 41 2382 821 2418; baseline 0 -9"><span class='ocrx_word' id='word_1_365' title='bbox 41 2387 79 2418; x_wconf 70' lang='lat' dir='ltr'><strong>est</strong></span> <span class='ocrx_word' id='word_1_366' title='bbox 89 2383 213 2418; x_wconf 83' lang='lat' dir='ltr'><strong>excipere</strong></span> <span class='ocrx_word' id='word_1_367' title='bbox 228 2384 254 2410; x_wconf 93' lang='lat' dir='ltr'><strong>in</strong></span> <span class='ocrx_word' id='word_1_368' title='bbox 275 2390 314 2414; x_wconf 88' lang='lat' dir='ltr'><strong>se,</strong></span> <span class='ocrx_word' id='word_1_369' title='bbox 333 2388 359 2409; x_wconf 89' lang='lat' dir='ltr'><strong>et</strong></span> <span class='ocrx_word' id='word_1_370' title='bbox 378 2385 456 2417; x_wconf 91' lang='lat' dir='ltr'><strong>quasi</strong></span> <span class='ocrx_word' id='word_1_371' title='bbox 473 2382 733 2418; x_wconf 17' lang='lat' dir='ltr'><strong>exsugeréralterius</strong></span> <span class='ocrx_word' id='word_1_372' title='bbox 747 2390 821 2409; x_wconf 88' lang='lat' dir='ltr'><strong>mor-</strong></span> 
     </span>
    </p>
   </div>
   <div class='ocr_carea' id='block_1_56' title="bbox 41 2416 821 2453">
    <p class='ocr_par' dir='ltr' id='par_1_56' title="bbox 41 2416 821 2453">
     <span class='ocr_line' id='line_1_56' title="bbox 41 2416 821 2453; baseline 0.003 -10"><span class='ocrx_word' id='word_1_373' title='bbox 41 2416 112 2444; x_wconf 89' lang='lat' dir='ltr'><strong>bum.</strong></span> <span class='ocrx_word' id='word_1_374' title='bbox 122 2416 193 2445; x_wconf 86' lang='lat' dir='ltr'><strong>ldem</strong></span> <span class='ocrx_word' id='word_1_375' title='bbox 205 2418 287 2452; x_wconf 77' lang='lat' dir='ltr'><strong>igitur</strong></span> <span class='ocrx_word' id='word_1_376' title='bbox 297 2422 348 2449; x_wconf 75' lang='lat' dir='ltr'><strong>est,</strong></span> <span class='ocrx_word' id='word_1_377' title='bbox 358 2416 430 2452; x_wconf 87' lang='lat' dir='ltr'><strong>quod</strong></span> <span class='ocrx_word' id='word_1_378' title='bbox 444 2416 603 2453; x_wconf 27' lang='lat' dir='ltr'><strong>antead‘ixit</strong></span> <span class='ocrx_word' id='word_1_379' title='bbox 610 2417 765 2453; x_wconf 85' lang='lat' dir='ltr'><strong>Dionysius,</strong></span> <span class='ocrx_word' id='word_1_380' title='bbox 775 2417 821 2445; x_wconf 76' lang='grc' dir='ltr'><strong>καὶ</strong></span> 
     </span>
    </p>
   </div>
   <div class='ocr_carea' id='block_1_57' title="bbox 41 2452 563 2487">
    <p class='ocr_par' dir='ltr' id='par_1_57' title="bbox 41 2452 563 2487">
     <span class='ocr_line' id='line_1_57' title="bbox 41 2452 563 2487; baseline 0.002 -9"><span class='ocrx_word' id='word_1_381' title='bbox 41 2452 86 2487; x_wconf 80' lang='grc' dir='ltr'>τὴν</span> <span class='ocrx_word' id='word_1_382' title='bbox 99 2453 176 2479; x_wconf 87' lang='grc' dir='ltr'>νόσον</span> <span class='ocrx_word' id='word_1_383' title='bbox 188 2454 230 2487; x_wconf 77' lang='grc' dir='ltr'><strong>ἐφ’</strong></span> <span class='ocrx_word' id='word_1_384' title='bbox 247 2453 359 2484; x_wconf 78' lang='grc' dir='ltr'>ἑαυτοὺς</span> <span class='ocrx_word' id='word_1_385' title='bbox 373 2453 507 2484; x_wconf 72' lang='grc' dir='ltr'>ἕλκοντες.</span> <span class='ocrx_word' id='word_1_386' title='bbox 525 2452 563 2479; x_wconf 84' lang='lat' dir='ltr'><strong>In.</strong></span> 
     </span>
    </p>
   </div>
   <div class='ocr_carea' id='block_1_58' title="bbox 75 2487 822 2522">
    <p class='ocr_par' dir='ltr' id='par_1_58' title="bbox 75 2487 822 2522">
     <span class='ocr_line' id='line_1_58' title="bbox 75 2487 822 2522; baseline -0.001 -8"><span class='ocrx_word' id='word_1_387' title='bbox 75 2488 128 2522; x_wconf 79' lang='lat'><strong>(85)</strong></span> <span class='ocrx_word' id='word_1_388' title='bbox 147 2489 250 2522; x_wconf 80' lang='grc' dir='ltr'>Μόνης</span> <span class='ocrx_word' id='word_1_389' title='bbox 266 2489 501 2522; x_wconf 67' lang='grc' dir='ltr'>φιλοφροσύνης.</span> <span class='ocrx_word' id='word_1_390' title='bbox 514 2487 572 2514; x_wconf 88' lang='lat' dir='ltr'><strong>Non</strong></span> <span class='ocrx_word' id='word_1_391' title='bbox 589 2491 670 2518; x_wconf 87' lang='lat' dir='ltr'><strong>recte,</strong></span> <span class='ocrx_word' id='word_1_392' title='bbox 687 2495 747 2513; x_wconf 87' lang='lat' dir='ltr'><strong>meo</strong></span> <span class='ocrx_word' id='word_1_393' title='bbox 760 2487 822 2521; x_wconf 87' lang='lat' dir='ltr'><strong>qui-</strong></span> 
     </span>
    </p>
   </div>
   <div class='ocr_carea' id='block_1_59' title="bbox 42 2522 822 2558">
    <p class='ocr_par' dir='ltr' id='par_1_59' title="bbox 42 2522 822 2558">
     <span class='ocr_line' id='line_1_59' title="bbox 42 2522 822 2558; baseline 0 -9"><span class='ocrx_word' id='word_1_394' title='bbox 42 2522 98 2558; x_wconf 79' lang='lat' dir='ltr'><strong>dem</strong></span> <span class='ocrx_word' id='word_1_395' title='bbox 122 2523 236 2558; x_wconf 86' lang='lat' dir='ltr'><strong>judicio,</strong></span> <span class='ocrx_word' id='word_1_396' title='bbox 252 2523 392 2550; x_wconf 86' lang='lat' dir='ltr'><strong>Muscnlus</strong></span> <span class='ocrx_word' id='word_1_397' title='bbox 408 2528 435 2550; x_wconf 88' lang='lat' dir='ltr'><strong>et</strong></span> <span class='ocrx_word' id='word_1_398' title='bbox 453 2522 822 2558; x_wconf 6' lang='lat' dir='ltr'><strong>Christophorsouns(veram</strong></span> 
     </span>
    </p>
   </div>
   <div class='ocr_carea' id='block_1_60' title="bbox 42 2556 823 2593">
    <p class='ocr_par' dir='ltr' id='par_1_60' title="bbox 42 2556 823 2593">
     <span class='ocr_line' id='line_1_60' title="bbox 42 2556 823 2593; baseline 0.001 -10"><span class='ocrx_word' id='word_1_399' title='bbox 42 2556 242 2585; x_wconf 73' lang='lat' dir='ltr'><strong>benevolentiam</strong></span> <span class='ocrx_word' id='word_1_400' title='bbox 265 2558 487 2592; x_wconf 87' lang='lat' dir='ltr'><strong>interpretantur,</strong></span> <span class='ocrx_word' id='word_1_401' title='bbox 503 2565 564 2584; x_wconf 74' lang='lat' dir='ltr'><strong>eum</strong></span> <span class='ocrx_word' id='word_1_402' title='bbox 576 2556 768 2593; x_wconf 24' lang='lat' dir='ltr'><strong>VVQLX9¢9030VTI</strong></span> <span class='ocrx_word' id='word_1_403' title='bbox 787 2559 823 2584; x_wconf 86' lang='lat' dir='ltr'><strong>sit</strong></span> 
     </span>
    </p>
   </div>
   <div class='ocr_carea' id='block_1_61' title="bbox 42 2592 820 2626">
    <p class='ocr_par' dir='ltr' id='par_1_61' title="bbox 42 2592 820 2626">
     <span class='ocr_line' id='line_1_61' title="bbox 42 2592 820 2626; baseline 0 -8"><span class='ocrx_word' id='word_1_404' title='bbox 42 2595 128 2626; x_wconf 86' lang='lat' dir='ltr'><strong>potius</strong></span> <span class='ocrx_word' id='word_1_405' title='bbox 139 2593 326 2620; x_wconf 83' lang='lat' dir='ltr'><strong>benevolentia</strong></span> <span class='ocrx_word' id='word_1_406' title='bbox 338 2593 365 2619; x_wconf 93' lang='lat' dir='ltr'><strong>in</strong></span> <span class='ocrx_word' id='word_1_407' title='bbox 377 2600 502 2620; x_wconf 87' lang='lat' dir='ltr'><strong>sermone</strong></span> <span class='ocrx_word' id='word_1_408' title='bbox 514 2597 540 2619; x_wconf 91' lang='lat' dir='ltr'><strong>et</strong></span> <span class='ocrx_word' id='word_1_409' title='bbox 552 2592 710 2619; x_wconf 70' lang='lat' dir='ltr'><strong>aﬂ‘abilitate</strong></span> <span class='ocrx_word' id='word_1_410' title='bbox 721 2592 820 2626; x_wconf 59' lang='lat' dir='ltr'><strong>posita,</strong></span> 
     </span>
    </p>
   </div>
   <div class='ocr_carea' id='block_1_62' title="bbox 42 2627 822 2662">
    <p class='ocr_par' dir='ltr' id='par_1_62' title="bbox 42 2627 822 2662">
     <span class='ocr_line' id='line_1_62' title="bbox 42 2627 822 2662; baseline 0 -9"><span class='ocrx_word' id='word_1_411' title='bbox 42 2635 98 2662; x_wconf 65' lang='lat' dir='ltr'><strong>qua:</strong></span> <span class='ocrx_word' id='word_1_412' title='bbox 117 2629 230 2656; x_wconf 73' lang='lat' dir='ltr'><strong>comitas</strong></span> <span class='ocrx_word' id='word_1_413' title='bbox 250 2628 350 2655; x_wconf 88' lang='lat' dir='ltr'><strong>dicitur</strong></span> <span class='ocrx_word' id='word_1_414' title='bbox 372 2636 387 2655; x_wconf 90' lang='lat' dir='ltr'><strong>a</strong></span> <span class='ocrx_word' id='word_1_415' title='bbox 409 2627 525 2655; x_wconf 86' lang='lat' dir='ltr'><strong>Latinis.</strong></span> <span class='ocrx_word' id='word_1_416' title='bbox 544 2627 644 2654; x_wconf 88' lang='lat' dir='ltr'><strong>Gallice</strong></span> <span class='ocrx_word' id='word_1_417' title='bbox 668 2628 822 2654; x_wconf 80' lang='lat' dir='ltr'><strong>civilitatem</strong></span> 
     </span>
    </p>
   </div>
   <div class='ocr_carea' id='block_1_63' title="bbox 41 2663 823 2699">
    <p class='ocr_par' dir='ltr' id='par_1_63' title="bbox 41 2663 823 2699">
     <span class='ocr_line' id='line_1_63' title="bbox 41 2663 823 2699; baseline 0 -10"><span class='ocrx_word' id='word_1_418' title='bbox 41 2667 65 2689; x_wconf 90' lang='lat' dir='ltr'><strong>et</strong></span> <span class='ocrx_word' id='word_1_419' title='bbox 84 2663 459 2699; x_wconf 28' lang='lat' dir='ltr'><strong>complementumivocamus.</strong></span> <span class='ocrx_word' id='word_1_420' title='bbox 471 2663 583 2699; x_wconf 85' lang='lat' dir='ltr'><strong>Videtur</strong></span> <span class='ocrx_word' id='word_1_421' title='bbox 597 2666 689 2699; x_wconf 86' lang='lat' dir='ltr'><strong>autem</strong></span> <span class='ocrx_word' id='word_1_422' title='bbox 703 2663 760 2699; x_wconf 52' lang='lat' dir='ltr'><strong>haec</strong></span> <span class='ocrx_word' id='word_1_423' title='bbox 769 2670 823 2699; x_wconf 80' lang='lat' dir='ltr'><strong>vox</strong></span> 
     </span>
    </p>
   </div>
   <div class='ocr_carea' id='block_1_64' title="bbox 43 2698 823 2735">
    <p class='ocr_par' dir='ltr' id='par_1_64' title="bbox 43 2698 823 2735">
     <span class='ocr_line' id='line_1_64' title="bbox 43 2698 823 2735; baseline 0.001 -12"><span class='ocrx_word' id='word_1_424' title='bbox 43 2698 182 2735; x_wconf 74' lang='grc' dir='ltr'>περίψημα</span> <span class='ocrx_word' id='word_1_425' title='bbox 192 2706 253 2735; x_wconf 59' lang='lat' dir='ltr'><strong>quae</strong></span> <span class='ocrx_word' id='word_1_426' title='bbox 264 2699 291 2725; x_wconf 93' lang='lat' dir='ltr'><strong>in</strong></span> <span class='ocrx_word' id='word_1_427' title='bbox 300 2698 428 2733; x_wconf 85' lang='lat' dir='ltr'><strong>Epistolis</strong></span> <span class='ocrx_word' id='word_1_428' title='bbox 438 2698 513 2726; x_wconf 88' lang='lat' dir='ltr'><strong>Pauli</strong></span> <span class='ocrx_word' id='word_1_429' title='bbox 527 2698 726 2735; x_wconf 27' lang='lat' dir='ltr'><strong>l_egitur,Avulgo</strong></span> <span class='ocrx_word' id='word_1_430' title='bbox 740 2698 823 2735; x_wconf 80' lang='lat' dir='ltr'><strong>fuisse</strong></span> 
     </span>
    </p>
   </div>
   <div class='ocr_carea' id='block_1_65' title="bbox 42 2732 823 2768">
    <p class='ocr_par' dir='ltr' id='par_1_65' title="bbox 42 2732 823 2768">
     <span class='ocr_line' id='line_1_65' title="bbox 42 2732 823 2768; baseline 0 -10"><span class='ocrx_word' id='word_1_431' title='bbox 42 2732 281 2762; x_wconf 61' lang='lat' dir='ltr'><strong>ah&#39;AleStandrinis</strong></span> <span class='ocrx_word' id='word_1_432' title='bbox 305 2732 446 2768; x_wconf 78' lang='lat' dir='ltr'><strong>usurpata,</strong></span> <span class='ocrx_word' id='word_1_433' title='bbox 470 2732 576 2768; x_wconf 74' lang='lat' dir='ltr'><strong>quoties</strong></span> <span class='ocrx_word' id='word_1_434' title='bbox 592 2741 621 2760; x_wconf 90' lang='lat' dir='ltr'><strong>se</strong></span> <span class='ocrx_word' id='word_1_435' title='bbox 638 2732 664 2759; x_wconf 93' lang='lat' dir='ltr'><strong>in</strong></span> <span class='ocrx_word' id='word_1_436' title='bbox 682 2733 823 2759; x_wconf 82' lang='lat' dir='ltr'><strong>salutatio—</strong></span> 
     </span>
    </p>
   </div>
   <div class='ocr_carea' id='block_1_66' title="bbox 43 2768 823 2804">
    <p class='ocr_par' dir='ltr' id='par_1_66' title="bbox 43 2768 823 2804">
     <span class='ocr_line' id='line_1_66' title="bbox 43 2768 823 2804; baseline 0.001 -11"><span class='ocrx_word' id='word_1_437' title='bbox 43 2769 118 2795; x_wconf 87' lang='lat' dir='ltr'><strong>nihus</strong></span> <span class='ocrx_word' id='word_1_438' title='bbox 135 2774 229 2797; x_wconf 90' lang='lat' dir='ltr'><strong>mutuo</strong></span> <span class='ocrx_word' id='word_1_439' title='bbox 246 2770 440 2804; x_wconf 84' lang='lat' dir='ltr'><strong>compellarent</strong></span> <span class='ocrx_word' id='word_1_440' title='bbox 453 2788 460 2799; x_wconf 87' lang='lat'><strong>.</strong></span> <span class='ocrx_word' id='word_1_441' title='bbox 479 2773 506 2796; x_wconf 91' lang='lat' dir='ltr'><strong>et</strong></span> <span class='ocrx_word' id='word_1_442' title='bbox 519 2775 629 2804; x_wconf 80' lang='lat' dir='ltr'><strong>operam</strong></span> <span class='ocrx_word' id='word_1_443' title='bbox 643 2773 731 2804; x_wconf 79' lang='lat' dir='ltr'><strong>atque</strong></span> <span class='ocrx_word' id='word_1_444' title='bbox 742 2768 823 2804; x_wconf 50' lang='lat' dir='ltr'><strong>obse:</strong></span> 
     </span>
    </p>
   </div>
   <div class='ocr_carea' id='block_1_67' title="bbox 42 2802 823 2839">
    <p class='ocr_par' dir='ltr' id='par_1_67' title="bbox 42 2802 823 2839">
     <span class='ocr_line' id='line_1_67' title="bbox 42 2802 823 2839; baseline 0 -11"><span class='ocrx_word' id='word_1_445' title='bbox 42 2803 130 2835; x_wconf 87' lang='lat' dir='ltr'><strong>quiunt</strong></span> <span class='ocrx_word' id='word_1_446' title='bbox 149 2802 331 2838; x_wconf 73' lang='lat' dir='ltr'><strong>sponderent:</strong></span> <span class='ocrx_word' id='word_1_447' title='bbox 350 2804 420 2838; x_wconf 87' lang='grc' dir='ltr'><strong>Ἐγώ</strong></span> <span class='ocrx_word' id='word_1_448' title='bbox 436 2805 493 2839; x_wconf 89' lang='grc' dir='ltr'>εἰμι</span> <span class='ocrx_word' id='word_1_449' title='bbox 510 2802 653 2838; x_wconf 79' lang='grc' dir='ltr'>περίψημά</span> <span class='ocrx_word' id='word_1_450' title='bbox 669 2811 724 2839; x_wconf 62' lang='lat' dir='ltr'><strong>dou.</strong></span> <span class='ocrx_word' id='word_1_451' title='bbox 745 2802 823 2835; x_wconf 80' lang='lat' dir='ltr'><strong>Quod</strong></span> 
     </span>
    </p>
   </div>
   <div class='ocr_carea' id='block_1_68' title="bbox 38 2837 822 2875">
    <p class='ocr_par' dir='ltr' id='par_1_68' title="bbox 38 2837 822 2875">
     <span class='ocr_line' id='line_1_68' title="bbox 38 2837 822 2875; baseline -0.001 -10"><span class='ocrx_word' id='word_1_452' title='bbox 38 2844 110 2866; x_wconf 68' lang='lat' dir='ltr'><strong>cette</strong></span> <span class='ocrx_word' id='word_1_453' title='bbox 128 2837 172 2867; x_wconf 75' lang='lat' dir='ltr'><strong>hic</strong></span> <span class='ocrx_word' id='word_1_454' title='bbox 193 2839 314 2875; x_wconf 76' lang='lat' dir='ltr'><strong>Dionysii</strong></span> <span class='ocrx_word' id='word_1_455' title='bbox 337 2839 414 2867; x_wconf 85' lang='lat' dir='ltr'><strong>locus</strong></span> <span class='ocrx_word' id='word_1_456' title='bbox 439 2837 551 2868; x_wconf 79' lang='lat' dir='ltr'><strong>videtur</strong></span> <span class='ocrx_word' id='word_1_457' title='bbox 562 2839 685 2867; x_wconf 82' lang='lat' dir='ltr'><strong>inbuere.</strong></span> <span class='ocrx_word' id='word_1_458' title='bbox 702 2837 758 2865; x_wconf 76' lang='lat' dir='ltr'><strong>Nisi</strong></span> <span class='ocrx_word' id='word_1_459' title='bbox 772 2845 822 2872; x_wconf 85' lang='lat' dir='ltr'><strong>po-</strong></span> 
     </span>
    </p>
   </div>
   <div class='ocr_carea' id='block_1_69' title="bbox 874 221 1660 257">
    <p class='ocr_par' dir='ltr' id='par_1_69' title="bbox 874 221 1660 257">
     <span class='ocr_line' id='line_1_69' title="bbox 874 221 1660 257; baseline -0.003 -8"><span class='ocrx_word' id='word_1_460' title='bbox 874 223 938 249; x_wconf 88' lang='lat' dir='ltr'><strong>licet</strong></span> <span class='ocrx_word' id='word_1_461' title='bbox 954 222 1101 256; x_wconf 86' lang='lat' dir='ltr'><strong>plurimum</strong></span> <span class='ocrx_word' id='word_1_462' title='bbox 1119 222 1145 248; x_wconf 93' lang='lat' dir='ltr'><strong>in</strong></span> <span class='ocrx_word' id='word_1_463' title='bbox 1159 221 1273 257; x_wconf 75' lang='lat' dir='ltr'><strong>gentiles</strong></span> <span class='ocrx_word' id='word_1_464' title='bbox 1285 225 1407 256; x_wconf 76' lang='lat' dir='ltr'><strong>grassata</strong></span> <span class='ocrx_word' id='word_1_465' title='bbox 1422 221 1468 248; x_wconf 88' lang='lat' dir='ltr'><strong>sit.</strong></span> <span class='ocrx_word' id='word_1_466' title='bbox 1487 221 1569 248; x_wconf 81' lang='lat' dir='ltr'><strong>A&#39;ddit</strong></span> <span class='ocrx_word' id='word_1_467' title='bbox 1584 221 1660 248; x_wconf 77' lang='lat' dir='ltr'><strong>dein—</strong></span> 
     </span>
    </p>
   </div>
   <div class='ocr_carea' id='block_1_70' title="bbox 874 266 1660 301">
    <p class='ocr_par' dir='ltr' id='par_1_70' title="bbox 874 266 1660 301">
     <span class='ocr_line' id='line_1_70' title="bbox 874 266 1660 301; baseline 0 -7"><span class='ocrx_word' id='word_1_468' title='bbox 874 269 930 295; x_wconf 62' lang='lat' dir='ltr'><strong>de»:</strong></span> <span class='ocrx_word' id='word_1_469' title='bbox 947 267 1059 294; x_wconf 81' lang='lat' dir='ltr'><strong>Plurimi</strong></span> <span class='ocrx_word' id='word_1_470' title='bbox 1076 267 1225 301; x_wconf 66' lang='lat' dir='ltr'><strong>qnidentev</strong></span> <span class='ocrx_word' id='word_1_471' title='bbox 1237 266 1367 293; x_wconf 76' lang='lat' dir='ltr'><strong>fratribus</strong></span> <span class='ocrx_word' id='word_1_472' title='bbox 1378 267 1489 298; x_wconf 82' lang='lat' dir='ltr'><strong>nostris,</strong></span> <span class='ocrx_word' id='word_1_473' title='bbox 1501 267 1535 294; x_wconf 91' lang='lat' dir='ltr'><strong>oh</strong></span> <span class='ocrx_word' id='word_1_474' title='bbox 1548 267 1660 294; x_wconf 89' lang='lat' dir='ltr'><strong>nimiam</strong></span> 
     </span>
    </p>
   </div>
   <div class='ocr_carea' id='block_1_71' title="bbox 880 314 1658 348">
    <p class='ocr_par' dir='ltr' id='par_1_71' title="bbox 880 314 1658 348">
     <span class='ocr_line' id='line_1_71' title="bbox 880 314 1658 348; baseline 0 -7"><span class='ocrx_word' id='word_1_475' title='bbox 880 315 1040 342; x_wconf 84' lang='lat' dir='ltr'><strong>eltaritatem</strong></span> <span class='ocrx_word' id='word_1_476' title='bbox 1058 322 1150 341; x_wconf 86' lang='lat' dir='ltr'><strong>curam</strong></span> <span class='ocrx_word' id='word_1_477' title='bbox 1165 322 1272 340; x_wconf 87' lang='lat' dir='ltr'><strong>omnetn</strong></span> <span class='ocrx_word' id='word_1_478' title='bbox 1288 315 1404 348; x_wconf 70' lang='lat' dir='ltr'><strong>propria:</strong></span> <span class='ocrx_word' id='word_1_479' title='bbox 1419 314 1514 341; x_wconf 89' lang='lat' dir='ltr'><strong>salutis</strong></span> <span class='ocrx_word' id='word_1_480' title='bbox 1530 314 1658 348; x_wconf 85' lang='lat' dir='ltr'><strong>ahjicien-</strong></span> 
     </span>
    </p>
   </div>
   <div class='ocr_carea' id='block_1_72' title="bbox 874 359 1660 394">
    <p class='ocr_par' dir='ltr' id='par_1_72' title="bbox 874 359 1660 394">
     <span class='ocr_line' id='line_1_72' title="bbox 874 359 1660 394; baseline -0.003 -7"><span class='ocrx_word' id='word_1_481' title='bbox 874 364 914 387; x_wconf 87' lang='lat' dir='ltr'><strong>tes</strong></span> <span class='ocrx_word' id='word_1_482' title='bbox 928 360 1035 394; x_wconf 85' lang='lat' dir='ltr'><strong>sibique</strong></span> <span class='ocrx_word' id='word_1_483' title='bbox 1055 364 1149 386; x_wconf 88' lang='lat' dir='ltr'><strong>mutuo</strong></span> <span class='ocrx_word' id='word_1_484' title='bbox 1163 359 1388 391; x_wconf 70' lang='lat' dir='ltr'><strong>adhaarescentes,</strong></span> <span class='ocrx_word' id='word_1_485' title='bbox 1402 359 1466 385; x_wconf 92' lang='lat' dir='ltr'><strong>dum</strong></span> <span class='ocrx_word' id='word_1_486' title='bbox 1478 365 1565 392; x_wconf 61' lang='grc' dir='ltr'>εδει-οε</span> <span class='ocrx_word' id='word_1_487' title='bbox 1579 366 1660 386; x_wconf 86' lang='lat' dir='ltr'><strong>secu—</strong></span> 
     </span>
    </p>
   </div>
   <div class='ocr_carea' id='block_1_73' title="bbox 875 405 1661 440">
    <p class='ocr_par' dir='ltr' id='par_1_73' title="bbox 875 405 1661 440">
     <span class='ocr_line' id='line_1_73' title="bbox 875 405 1661 440; baseline -0.001 -8"><span class='ocrx_word' id='word_1_488' title='bbox 875 414 903 432; x_wconf 86' lang='lat' dir='ltr'><strong>re</strong></span> <span class='ocrx_word' id='word_1_489' title='bbox 925 410 1006 440; x_wconf 87' lang='lat' dir='ltr'><strong>atque</strong></span> <span class='ocrx_word' id='word_1_490' title='bbox 1030 405 1158 432; x_wconf 82' lang='lat' dir='ltr'><strong>audacter</strong></span> <span class='ocrx_word' id='word_1_491' title='bbox 1182 405 1319 438; x_wconf 86' lang='lat' dir='ltr'><strong>invisum,</strong></span> <span class='ocrx_word' id='word_1_492' title='bbox 1344 405 1438 439; x_wconf 87' lang='lat' dir='ltr'><strong>eisque</strong></span> <span class='ocrx_word' id='word_1_493' title='bbox 1457 405 1566 432; x_wconf 85' lang='lat' dir='ltr'><strong>assidue</strong></span> <span class='ocrx_word' id='word_1_494' title='bbox 1580 405 1661 431; x_wconf 91' lang='lat' dir='ltr'><strong>mini-</strong></span> 
     </span>
    </p>
   </div>
   <div class='ocr_carea' id='block_1_74' title="bbox 876 449 1660 480">
    <p class='ocr_par' dir='ltr' id='par_1_74' title="bbox 876 449 1660 480">
     <span class='ocr_line' id='line_1_74' title="bbox 876 449 1660 480; baseline -0.001 -3"><span class='ocrx_word' id='word_1_495' title='bbox 876 455 963 477; x_wconf 88' lang='lat' dir='ltr'><strong>strant</strong></span> <span class='ocrx_word' id='word_1_496' title='bbox 978 455 1005 477; x_wconf 92' lang='lat' dir='ltr'><strong>ct</strong></span> <span class='ocrx_word' id='word_1_497' title='bbox 1015 451 1184 477; x_wconf 84' lang='lat' dir='ltr'><strong>curationem</strong></span> <span class='ocrx_word' id='word_1_498' title='bbox 1199 450 1327 477; x_wconf 84' lang='lat' dir='ltr'><strong>adhibent</strong></span> <span class='ocrx_word' id='word_1_499' title='bbox 1353 450 1379 476; x_wconf 95' lang='lat' dir='ltr'><strong>in</strong></span> <span class='ocrx_word' id='word_1_500' title='bbox 1394 449 1514 480; x_wconf 86' lang='lat' dir='ltr'><strong>Christo,</strong></span> <span class='ocrx_word' id='word_1_501' title='bbox 1532 457 1585 476; x_wconf 93' lang='lat' dir='ltr'><strong>una</strong></span> <span class='ocrx_word' id='word_1_502' title='bbox 1598 457 1660 476; x_wconf 91' lang='lat' dir='ltr'><strong>cum</strong></span> 
     </span>
    </p>
   </div>
   <div class='ocr_carea' id='block_1_75' title="bbox 876 495 1659 530">
    <p class='ocr_par' dir='ltr' id='par_1_75' title="bbox 876 495 1659 530">
     <span class='ocr_line' id='line_1_75' title="bbox 876 495 1659 530; baseline 0.001 -9"><span class='ocrx_word' id='word_1_503' title='bbox 876 495 929 522; x_wconf 87' lang='lat' dir='ltr'><strong>illis</strong></span> <span class='ocrx_word' id='word_1_504' title='bbox 943 496 1044 522; x_wconf 81' lang='lat' dir='ltr'><strong>mortui</strong></span> <span class='ocrx_word' id='word_1_505' title='bbox 1062 501 1124 523; x_wconf 89' lang='lat' dir='ltr'><strong>sunt</strong></span> <span class='ocrx_word' id='word_1_506' title='bbox 1140 505 1146 522; x_wconf 93' lang='lat'>:</span> <span class='ocrx_word' id='word_1_507' title='bbox 1161 495 1276 522; x_wconf 91' lang='lat' dir='ltr'><strong>aliorum</strong></span> <span class='ocrx_word' id='word_1_508' title='bbox 1298 496 1458 530; x_wconf 61' lang='lat' dir='ltr'><strong>aegritudine</strong></span> <span class='ocrx_word' id='word_1_509' title='bbox 1479 495 1659 522; x_wconf 89' lang='lat' dir='ltr'><strong>libentissime</strong></span> 
     </span>
    </p>
   </div>
   <div class='ocr_carea' id='block_1_76' title="bbox 877 541 1660 575">
    <p class='ocr_par' dir='ltr' id='par_1_76' title="bbox 877 541 1660 575">
     <span class='ocr_line' id='line_1_76' title="bbox 877 541 1660 575; baseline -0.003 -7"><span class='ocrx_word' id='word_1_510' title='bbox 877 548 936 568; x_wconf 86' lang='lat' dir='ltr'><strong>sese</strong></span> <span class='ocrx_word' id='word_1_511' title='bbox 953 541 1105 575; x_wconf 89' lang='lat' dir='ltr'><strong>implentes,</strong></span> <span class='ocrx_word' id='word_1_512' title='bbox 1129 546 1156 567; x_wconf 93' lang='lat' dir='ltr'><strong>et</strong></span> <span class='ocrx_word' id='word_1_513' title='bbox 1168 541 1357 575; x_wconf 80' lang='lat' dir='ltr'><strong>proximorum</strong></span> <span class='ocrx_word' id='word_1_514' title='bbox 1374 541 1496 568; x_wconf 85' lang='lat' dir='ltr'><strong>morbum</strong></span> <span class='ocrx_word' id='word_1_515' title='bbox 1517 541 1543 567; x_wconf 91' lang='lat' dir='ltr'><strong>in</strong></span> <span class='ocrx_word' id='word_1_516' title='bbox 1561 545 1660 568; x_wconf 88' lang='lat' dir='ltr'><strong>semet-</strong></span> 
     </span>
    </p>
   </div>
   <div class='ocr_carea' id='block_1_77' title="bbox 878 586 1659 621">
    <p class='ocr_par' dir='ltr' id='par_1_77' title="bbox 878 586 1659 621">
     <span class='ocr_line' id='line_1_77' title="bbox 878 586 1659 621; baseline 0 -9"><span class='ocrx_word' id='word_1_517' title='bbox 878 586 951 620; x_wconf 85' lang='lat' dir='ltr'><strong>ipsos</strong></span> <span class='ocrx_word' id='word_1_518' title='bbox 966 586 1168 620; x_wconf 88' lang='lat' dir='ltr'><strong>quodammodo</strong></span> <span class='ocrx_word' id='word_1_519' title='bbox 1186 586 1364 619; x_wconf 82' lang='lat' dir='ltr'><strong>attrahentes,</strong></span> <span class='ocrx_word' id='word_1_520' title='bbox 1388 586 1550 621; x_wconf 88' lang='lat' dir='ltr'><strong>doloresque</strong></span> <span class='ocrx_word' id='word_1_521' title='bbox 1563 593 1659 613; x_wconf 90' lang='lat' dir='ltr'><strong>eorum</strong></span> 
     </span>
    </p>
   </div>
   <div class='ocr_carea' id='block_1_78' title="bbox 877 632 1662 667">
    <p class='ocr_par' dir='ltr' id='par_1_78' title="bbox 877 632 1662 667">
     <span class='ocr_line' id='line_1_78' title="bbox 877 632 1662 667; baseline 0.001 -9"><span class='ocrx_word' id='word_1_522' title='bbox 877 638 976 666; x_wconf 87' lang='lat' dir='ltr'><strong>sponte</strong></span> <span class='ocrx_word' id='word_1_523' title='bbox 996 640 1044 659; x_wconf 87' lang='lat' dir='ltr'><strong>sua</strong></span> <span class='ocrx_word' id='word_1_524' title='bbox 1061 632 1242 667; x_wconf 71' lang='lat' dir='ltr'><strong>exprimentes</strong></span> <span class='ocrx_word' id='word_1_525' title='bbox 1258 637 1340 667; x_wconf 86' lang='lat' dir='ltr'><strong>atque</strong></span> <span class='ocrx_word' id='word_1_526' title='bbox 1361 637 1540 667; x_wconf 80' lang='lat' dir='ltr'><strong>extergentes.</strong></span> <span class='ocrx_word' id='word_1_527' title='bbox 1570 632 1662 659; x_wconf 85' lang='lat' dir='ltr'><strong>Multi-</strong></span> 
     </span>
    </p>
   </div>
   <div class='ocr_carea' id='block_1_79' title="bbox 878 677 1661 713">
    <p class='ocr_par' dir='ltr' id='par_1_79' title="bbox 878 677 1661 713">
     <span class='ocr_line' id='line_1_79' title="bbox 878 677 1661 713; baseline -0.001 -8"><span class='ocrx_word' id='word_1_528' title='bbox 878 686 932 713; x_wconf 89' lang='lat' dir='ltr'><strong>que</strong></span> <span class='ocrx_word' id='word_1_529' title='bbox 948 678 1017 705; x_wconf 85' lang='lat' dir='ltr'><strong>adeo</strong></span> <span class='ocrx_word' id='word_1_530' title='bbox 1032 678 1077 712; x_wconf 90' lang='lat' dir='ltr'><strong>qui</strong></span> <span class='ocrx_word' id='word_1_531' title='bbox 1091 677 1159 704; x_wconf 84' lang='lat' dir='ltr'><strong>alios</strong></span> <span class='ocrx_word' id='word_1_532' title='bbox 1173 681 1334 712; x_wconf 65' lang='lat' dir='ltr'><strong>tegrotanles</strong></span> <span class='ocrx_word' id='word_1_533' title='bbox 1345 683 1507 704; x_wconf 83' lang='lat' dir='ltr'><strong>curaverant</strong></span> <span class='ocrx_word' id='word_1_534' title='bbox 1522 682 1549 704; x_wconf 89' lang='lat' dir='ltr'><strong>et</strong></span> <span class='ocrx_word' id='word_1_535' title='bbox 1565 677 1592 704; x_wconf 89' lang='lat' dir='ltr'><strong>in</strong></span> <span class='ocrx_word' id='word_1_536' title='bbox 1605 677 1661 712; x_wconf 80' lang='lat' dir='ltr'><strong>pri-</strong></span> 
     </span>
    </p>
   </div>
   <div class='ocr_carea' id='block_1_80' title="bbox 877 724 1658 758">
    <p class='ocr_par' dir='ltr' id='par_1_80' title="bbox 877 724 1658 758">
     <span class='ocr_line' id='line_1_80' title="bbox 877 724 1658 758; baseline 0 -6"><span class='ocrx_word' id='word_1_537' title='bbox 877 725 977 752; x_wconf 87' lang='lat' dir='ltr'><strong>stinam</strong></span> <span class='ocrx_word' id='word_1_538' title='bbox 1000 725 1180 752; x_wconf 73' lang='lat' dir='ltr'><strong>valetudinem</strong></span> <span class='ocrx_word' id='word_1_539' title='bbox 1203 725 1385 757; x_wconf 83' lang='lat' dir='ltr'><strong>restituerant,</strong></span> <span class='ocrx_word' id='word_1_540' title='bbox 1406 724 1457 758; x_wconf 85' lang='lat' dir='ltr'><strong>ipsi</strong></span> <span class='ocrx_word' id='word_1_541' title='bbox 1471 724 1630 751; x_wconf 80' lang='lat' dir='ltr'><strong>interierunt</strong></span> <span class='ocrx_word' id='word_1_542' title='bbox 1650 733 1658 752; x_wconf 91' lang='lat'><strong>:</strong></span> 
     </span>
    </p>
   </div>
   <div class='ocr_carea' id='block_1_81' title="bbox 878 769 1659 804">
    <p class='ocr_par' dir='ltr' id='par_1_81' title="bbox 878 769 1659 804">
     <span class='ocr_line' id='line_1_81' title="bbox 878 769 1659 804; baseline -0.001 -7"><span class='ocrx_word' id='word_1_543' title='bbox 878 775 993 797; x_wconf 89' lang='lat' dir='ltr'><strong>tnortem</strong></span> <span class='ocrx_word' id='word_1_544' title='bbox 1008 770 1115 796; x_wconf 90' lang='lat' dir='ltr'><strong>illorum</strong></span> <span class='ocrx_word' id='word_1_545' title='bbox 1132 770 1159 796; x_wconf 92' lang='lat' dir='ltr'><strong>in</strong></span> <span class='ocrx_word' id='word_1_546' title='bbox 1172 769 1275 803; x_wconf 90' lang='lat' dir='ltr'><strong>seipsos</strong></span> <span class='ocrx_word' id='word_1_547' title='bbox 1289 770 1478 802; x_wconf 80' lang='lat' dir='ltr'><strong>traducentes;</strong></span> <span class='ocrx_word' id='word_1_548' title='bbox 1493 770 1659 804; x_wconf 79' lang='lat' dir='ltr'><strong>verbumque</strong></span> 
     </span>
    </p>
   </div>
   <div class='ocr_carea' id='block_1_82' title="bbox 878 814 1658 851">
    <p class='ocr_par' dir='ltr' id='par_1_82' title="bbox 878 814 1658 851">
     <span class='ocr_line' id='line_1_82' title="bbox 878 814 1658 851; baseline -0.001 -8"><span class='ocrx_word' id='word_1_549' title='bbox 878 817 944 843; x_wconf 90' lang='lat' dir='ltr'><strong>illud</strong></span> <span class='ocrx_word' id='word_1_550' title='bbox 960 816 1069 851; x_wconf 77' lang='lat' dir='ltr'><strong>vulgare</strong></span> <span class='ocrx_word' id='word_1_551' title='bbox 1079 815 1152 850; x_wconf 90' lang='lat' dir='ltr'><strong>quod</strong></span> <span class='ocrx_word' id='word_1_552' title='bbox 1163 814 1290 842; x_wconf 58' lang='lat' dir='ltr'><strong>olliciosa‘,</strong></span> <span class='ocrx_word' id='word_1_553' title='bbox 1301 815 1431 841; x_wconf 79' lang='lat' dir='ltr'><strong>duntaxat</strong></span> <span class='ocrx_word' id='word_1_554' title='bbox 1445 814 1582 841; x_wconf 85' lang='lat' dir='ltr'><strong>comitatis</strong></span> <span class='ocrx_word' id='word_1_555' title='bbox 1592 814 1658 842; x_wconf 82' lang='lat' dir='ltr'><strong>hac-</strong></span> 
     </span>
    </p>
   </div>
   <div class='ocr_carea' id='block_1_83' title="bbox 873 859 1656 895">
    <p class='ocr_par' dir='ltr' id='par_1_83' title="bbox 873 859 1656 895">
     <span class='ocr_line' id='line_1_83' title="bbox 873 859 1656 895; baseline -0.004 -6"><span class='ocrx_word' id='word_1_556' title='bbox 873 866 952 890; x_wconf 78' lang='lat' dir='ltr'><strong>tenus</strong></span> <span class='ocrx_word' id='word_1_557' title='bbox 966 862 1053 889; x_wconf 91' lang='lat' dir='ltr'><strong>visum</strong></span> <span class='ocrx_word' id='word_1_558' title='bbox 1069 861 1170 894; x_wconf 78' lang='lat' dir='ltr'><strong>fuerat,</strong></span> <span class='ocrx_word' id='word_1_559' title='bbox 1189 861 1276 895; x_wconf 89' lang='lat' dir='ltr'><strong>reipsa</strong></span> <span class='ocrx_word' id='word_1_560' title='bbox 1293 860 1481 895; x_wconf 83' lang='lat' dir='ltr'><strong>adituplentes,</strong></span> <span class='ocrx_word' id='word_1_561' title='bbox 1494 867 1563 889; x_wconf 82' lang='lat' dir='ltr'><strong>,cum</strong></span> <span class='ocrx_word' id='word_1_562' title='bbox 1588 859 1656 886; x_wconf 89' lang='lat' dir='ltr'><strong>alio-</strong></span> 
     </span>
    </p>
   </div>
   <div class='ocr_carea' id='block_1_84' title="bbox 874 905 1658 942">
    <p class='ocr_par' dir='ltr' id='par_1_84' title="bbox 874 905 1658 942">
     <span class='ocr_line' id='line_1_84' title="bbox 874 905 1658 942; baseline -0.005 -7"><span class='ocrx_word' id='word_1_563' title='bbox 874 916 936 935; x_wconf 90' lang='lat' dir='ltr'><strong>rum</strong></span> <span class='ocrx_word' id='word_1_564' title='bbox 961 908 1112 942; x_wconf 84' lang='lat' dir='ltr'><strong>peripsema</strong></span> <span class='ocrx_word' id='word_1_565' title='bbox 1130 907 1217 934; x_wconf 69' lang='grc' dir='ltr'>οπεοιὶ</span> <span class='ocrx_word' id='word_1_566' title='bbox 1241 914 1274 932; x_wconf 81' lang='lat' dir='ltr'><strong>ex</strong></span> <span class='ocrx_word' id='word_1_567' title='bbox 1299 905 1350 933; x_wconf 86' lang='lat' dir='ltr'><strong>hac</strong></span> <span class='ocrx_word' id='word_1_568' title='bbox 1375 906 1430 932; x_wconf 87' lang='lat' dir='ltr'><strong>vita</strong></span> <span class='ocrx_word' id='word_1_569' title='bbox 1447 906 1604 940; x_wconf 77' lang='lat' dir='ltr'><strong>migrarent.</strong></span> <span class='ocrx_word' id='word_1_570' title='bbox 1624 906 1658 932; x_wconf 76' lang='lat' dir='ltr'><strong>Et</strong></span> 
     </span>
    </p>
   </div>
   <div class='ocr_carea' id='block_1_85' title="bbox 874 951 1657 987">
    <p class='ocr_par' dir='ltr' id='par_1_85' title="bbox 874 951 1657 987">
     <span class='ocr_line' id='line_1_85' title="bbox 874 951 1657 987; baseline -0.001 -8"><span class='ocrx_word' id='word_1_571' title='bbox 874 953 927 980; x_wconf 92' lang='lat' dir='ltr'><strong>hoc</strong></span> <span class='ocrx_word' id='word_1_572' title='bbox 949 953 1059 987; x_wconf 88' lang='lat' dir='ltr'><strong>quidem</strong></span> <span class='ocrx_word' id='word_1_573' title='bbox 1077 956 1156 986; x_wconf 89' lang='lat' dir='ltr'><strong>pacto</strong></span> <span class='ocrx_word' id='word_1_574' title='bbox 1180 951 1274 986; x_wconf 86' lang='lat' dir='ltr'><strong>optimi</strong></span> <span class='ocrx_word' id='word_1_575' title='bbox 1301 951 1403 986; x_wconf 88' lang='lat' dir='ltr'><strong>quique</strong></span> <span class='ocrx_word' id='word_1_576' title='bbox 1418 959 1451 979; x_wconf 78' lang='lat' dir='ltr'><strong>ex</strong></span> <span class='ocrx_word' id='word_1_577' title='bbox 1464 951 1594 979; x_wconf 80' lang='lat' dir='ltr'><strong>fratribus</strong></span> <span class='ocrx_word' id='word_1_578' title='bbox 1608 960 1657 978; x_wconf 92' lang='lat' dir='ltr'><strong>no-</strong></span> 
     </span>
    </p>
   </div>
   <div class='ocr_carea' id='block_1_86' title="bbox 875 998 1659 1033">
    <p class='ocr_par' dir='ltr' id='par_1_86' title="bbox 875 998 1659 1033">
     <span class='ocr_line' id='line_1_86' title="bbox 875 998 1659 1033; baseline -0.001 -7"><span class='ocrx_word' id='word_1_579' title='bbox 875 999 950 1032; x_wconf 85' lang='lat' dir='ltr'><strong>stris,</strong></span> <span class='ocrx_word' id='word_1_580' title='bbox 970 1005 1087 1033; x_wconf 90' lang='lat' dir='ltr'><strong>quorum</strong></span> <span class='ocrx_word' id='word_1_581' title='bbox 1110 998 1234 1024; x_wconf 91' lang='lat' dir='ltr'><strong>nonnulli</strong></span> <span class='ocrx_word' id='word_1_582' title='bbox 1250 998 1401 1033; x_wconf 82' lang='lat' dir='ltr'><strong>presbyteri</strong></span> <span class='ocrx_word' id='word_1_583' title='bbox 1418 1004 1496 1024; x_wconf 88' lang='lat' dir='ltr'><strong>erant</strong></span> <span class='ocrx_word' id='word_1_584' title='bbox 1517 1006 1549 1025; x_wconf 84' lang='lat' dir='ltr'><strong>ac</strong></span> <span class='ocrx_word' id='word_1_585' title='bbox 1565 998 1659 1025; x_wconf 87' lang='lat' dir='ltr'><strong>diaco-</strong></span> 
     </span>
    </p>
   </div>
   <div class='ocr_carea' id='block_1_87' title="bbox 874 1043 1660 1078">
    <p class='ocr_par' dir='ltr' id='par_1_87' title="bbox 874 1043 1660 1078">
     <span class='ocr_line' id='line_1_87' title="bbox 874 1043 1660 1078; baseline -0.001 -7"><span class='ocrx_word' id='word_1_586' title='bbox 874 1045 920 1077; x_wconf 87' lang='lat' dir='ltr'><strong>ni;</strong></span> <span class='ocrx_word' id='word_1_587' title='bbox 947 1049 974 1071; x_wconf 84' lang='lat' dir='ltr'><strong>et</strong></span> <span class='ocrx_word' id='word_1_588' title='bbox 999 1051 1032 1070; x_wconf 85' lang='lat' dir='ltr'><strong>ex</strong></span> <span class='ocrx_word' id='word_1_589' title='bbox 1054 1044 1155 1078; x_wconf 90' lang='lat' dir='ltr'><strong>populo</strong></span> <span class='ocrx_word' id='word_1_590' title='bbox 1179 1043 1384 1070; x_wconf 89' lang='lat' dir='ltr'><strong>laudatissimus</strong></span> <span class='ocrx_word' id='word_1_591' title='bbox 1407 1043 1522 1077; x_wconf 86' lang='lat' dir='ltr'><strong>quisque</strong></span> <span class='ocrx_word' id='word_1_592' title='bbox 1543 1048 1660 1070; x_wconf 87' lang='lat' dir='ltr'><strong>mortetn</strong></span> 
     </span>
    </p>
   </div>
   <div class='ocr_carea' id='block_1_88' title="bbox 875 1088 1659 1124">
    <p class='ocr_par' dir='ltr' id='par_1_88' title="bbox 875 1088 1659 1124">
     <span class='ocr_line' id='line_1_88' title="bbox 875 1088 1659 1124; baseline -0.001 -7"><span class='ocrx_word' id='word_1_593' title='bbox 875 1090 1047 1124; x_wconf 89' lang='lat' dir='ltr'><strong>oppetierunt</strong></span> <span class='ocrx_word' id='word_1_594' title='bbox 1060 1098 1066 1115; x_wconf 87' lang='lat'>:</span> <span class='ocrx_word' id='word_1_595' title='bbox 1080 1088 1148 1115; x_wconf 85' lang='lat' dir='ltr'><strong>adeo</strong></span> <span class='ocrx_word' id='word_1_596' title='bbox 1160 1093 1191 1115; x_wconf 92' lang='lat' dir='ltr'><strong>ut</strong></span> <span class='ocrx_word' id='word_1_597' title='bbox 1203 1096 1288 1124; x_wconf 80' lang='lat' dir='ltr'><strong>genus</strong></span> <span class='ocrx_word' id='word_1_598' title='bbox 1304 1089 1357 1115; x_wconf 92' lang='lat' dir='ltr'><strong>hoc</strong></span> <span class='ocrx_word' id='word_1_599' title='bbox 1373 1088 1469 1116; x_wconf 89' lang='lat' dir='ltr'><strong>mortis</strong></span> <span class='ocrx_word' id='word_1_600' title='bbox 1482 1089 1517 1115; x_wconf 94' lang='lat' dir='ltr'><strong>ob</strong></span> <span class='ocrx_word' id='word_1_601' title='bbox 1532 1088 1659 1123; x_wconf 81' lang='lat' dir='ltr'><strong>pietatem</strong></span> 
     </span>
    </p>
   </div>
   <div class='ocr_carea' id='block_1_89' title="bbox 875 1133 1660 1170">
    <p class='ocr_par' dir='ltr' id='par_1_89' title="bbox 875 1133 1660 1170">
     <span class='ocr_line' id='line_1_89' title="bbox 875 1133 1660 1170; baseline 0.001 -8"><span class='ocrx_word' id='word_1_602' title='bbox 875 1135 992 1170; x_wconf 79' lang='lat' dir='ltr'><strong>ﬁdeique</strong></span> <span class='ocrx_word' id='word_1_603' title='bbox 1007 1134 1190 1161; x_wconf 83' lang='lat' dir='ltr'><strong>constantiam</strong></span> <span class='ocrx_word' id='word_1_604' title='bbox 1207 1141 1378 1169; x_wconf 85' lang='lat' dir='ltr'><strong>nequaquam</strong></span> <span class='ocrx_word' id='word_1_605' title='bbox 1402 1133 1515 1161; x_wconf 81' lang='lat' dir='ltr'><strong>inferius</strong></span> <span class='ocrx_word' id='word_1_606' title='bbox 1530 1135 1660 1170; x_wconf 85' lang='lat' dir='ltr'><strong>martyrio</strong></span> 
     </span>
    </p>
   </div>
   <div class='ocr_carea' id='block_1_90' title="bbox 872 1184 1025 1207">
    <p class='ocr_par' dir='ltr' id='par_1_90' title="bbox 872 1184 1025 1207">
     <span class='ocr_line' id='line_1_90' title="bbox 872 1184 1025 1207; baseline -0.013 0"><span class='ocrx_word' id='word_1_607' title='bbox 872 1184 1025 1207; x_wconf 81' lang='lat' dir='ltr'><strong>cettseatur.</strong></span> 
     </span>
    </p>
   </div>
   <div class='ocr_carea' id='block_1_91' title="bbox 908 1223 1660 1259">
    <p class='ocr_par' dir='ltr' id='par_1_91' title="bbox 908 1223 1660 1259">
     <span class='ocr_line' id='line_1_91' title="bbox 908 1223 1660 1259; baseline 0.001 -7"><span class='ocrx_word' id='word_1_608' title='bbox 908 1224 952 1252; x_wconf 87' lang='lat' dir='ltr'><strong>IV.</strong></span> <span class='ocrx_word' id='word_1_609' title='bbox 973 1223 1006 1250; x_wconf 83' lang='lat' dir='ltr'><strong>Hi</strong></span> <span class='ocrx_word' id='word_1_610' title='bbox 1018 1231 1082 1259; x_wconf 80' lang='lat' dir='ltr'><strong>ergo</strong></span> <span class='ocrx_word' id='word_1_611' title='bbox 1099 1229 1257 1252; x_wconf 89' lang='lat' dir='ltr'><strong>sanctorum</strong></span> <span class='ocrx_word' id='word_1_612' title='bbox 1282 1231 1397 1258; x_wconf 77' lang='lat' dir='ltr'><strong>corpora</strong></span> <span class='ocrx_word' id='word_1_613' title='bbox 1413 1224 1519 1258; x_wconf 87' lang='lat' dir='ltr'><strong>supinis</strong></span> <span class='ocrx_word' id='word_1_614' title='bbox 1535 1225 1660 1254; x_wconf 83' lang='lat' dir='ltr'><strong>manibus</strong></span> 
     </span>
    </p>
   </div>
   <div class='ocr_carea' id='block_1_92' title="bbox 873 1268 1658 1304">
    <p class='ocr_par' dir='ltr' id='par_1_92' title="bbox 873 1268 1658 1304">
     <span class='ocr_line' id='line_1_92' title="bbox 873 1268 1658 1304; baseline 0.004 -9"><span class='ocrx_word' id='word_1_615' title='bbox 873 1268 1030 1304; x_wconf 76' lang='lat' dir='ltr'><strong>gremioque</strong></span> <span class='ocrx_word' id='word_1_616' title='bbox 1046 1269 1222 1304; x_wconf 81' lang='lat' dir='ltr'><strong>excipientes,</strong></span> <span class='ocrx_word' id='word_1_617' title='bbox 1247 1269 1341 1296; x_wconf 79' lang='lat' dir='ltr'><strong>Oculos</strong></span> <span class='ocrx_word' id='word_1_618' title='bbox 1358 1269 1411 1296; x_wconf 91' lang='lat' dir='ltr'><strong>illis</strong></span> <span class='ocrx_word' id='word_1_619' title='bbox 1424 1275 1450 1295; x_wconf 88' lang='lat' dir='ltr'><strong>et</strong></span> <span class='ocrx_word' id='word_1_620' title='bbox 1462 1277 1510 1296; x_wconf 86' lang='lat' dir='ltr'><strong>ora</strong></span> <span class='ocrx_word' id='word_1_621' title='bbox 1526 1270 1658 1298; x_wconf 89' lang='lat' dir='ltr'><strong>clauden-</strong></span> 
     </span>
    </p>
   </div>
   <div class='ocr_carea' id='block_1_93' title="bbox 872 1314 1658 1351">
    <p class='ocr_par' dir='ltr' id='par_1_93' title="bbox 872 1314 1658 1351">
     <span class='ocr_line' id='line_1_93' title="bbox 872 1314 1658 1351; baseline 0.004 -9"><span class='ocrx_word' id='word_1_622' title='bbox 872 1319 922 1348; x_wconf 85' lang='lat' dir='ltr'><strong>tes,</strong></span> <span class='ocrx_word' id='word_1_623' title='bbox 942 1315 1094 1350; x_wconf 87' lang='lat' dir='ltr'><strong>bajulantes</strong></span> <span class='ocrx_word' id='word_1_624' title='bbox 1109 1315 1202 1341; x_wconf 87' lang='lat' dir='ltr'><strong>eadem</strong></span> <span class='ocrx_word' id='word_1_625' title='bbox 1224 1314 1346 1341; x_wconf 88' lang='lat' dir='ltr'><strong>humeris</strong></span> <span class='ocrx_word' id='word_1_626' title='bbox 1364 1315 1432 1348; x_wconf 87' lang='lat' dir='ltr'><strong>suis,</strong></span> <span class='ocrx_word' id='word_1_627' title='bbox 1453 1321 1658 1351; x_wconf 83' lang='lat' dir='ltr'><strong>componentes,</strong></span> 
     </span>
    </p>
   </div>
   <div class='ocr_carea' id='block_1_94' title="bbox 874 1359 1660 1394">
    <p class='ocr_par' dir='ltr' id='par_1_94' title="bbox 874 1359 1660 1394">
     <span class='ocr_line' id='line_1_94' title="bbox 874 1359 1660 1394; baseline 0.004 -7"><span class='ocrx_word' id='word_1_628' title='bbox 874 1360 1089 1388; x_wconf 72' lang='lat' dir='ltr'><strong>adbazrescentes</strong></span> <span class='ocrx_word' id='word_1_629' title='bbox 1111 1360 1174 1391; x_wconf 88' lang='lat' dir='ltr'><strong>illis,</strong></span> <span class='ocrx_word' id='word_1_630' title='bbox 1203 1359 1422 1394; x_wconf 82' lang='lat' dir='ltr'><strong>complectentes,</strong></span> <span class='ocrx_word' id='word_1_631' title='bbox 1447 1360 1556 1388; x_wconf 88' lang='lat' dir='ltr'><strong>lavacro</strong></span> <span class='ocrx_word' id='word_1_632' title='bbox 1574 1367 1660 1390; x_wconf 84' lang='lat' dir='ltr'><strong>etve-</strong></span> 
     </span>
    </p>
   </div>
   <div class='ocr_carea' id='block_1_95' title="bbox 873 1406 1659 1440">
    <p class='ocr_par' dir='ltr' id='par_1_95' title="bbox 873 1406 1659 1440">
     <span class='ocr_line' id='line_1_95' title="bbox 873 1406 1659 1440; baseline 0.004 -8"><span class='ocrx_word' id='word_1_633' title='bbox 873 1406 1008 1434; x_wconf 87' lang='lat' dir='ltr'><strong>stimentis</strong></span> <span class='ocrx_word' id='word_1_634' title='bbox 1020 1411 1149 1433; x_wconf 86' lang='lat' dir='ltr'><strong>ornantes</strong></span> <span class='ocrx_word' id='word_1_635' title='bbox 1160 1415 1166 1433; x_wconf 93' lang='lat'>:</span> <span class='ocrx_word' id='word_1_636' title='bbox 1179 1406 1260 1440; x_wconf 85' lang='lat' dir='ltr'><strong>paulo</strong></span> <span class='ocrx_word' id='word_1_637' title='bbox 1272 1410 1332 1440; x_wconf 84' lang='lat' dir='ltr'><strong>post</strong></span> <span class='ocrx_word' id='word_1_638' title='bbox 1347 1406 1440 1433; x_wconf 88' lang='lat' dir='ltr'><strong>eadem</strong></span> <span class='ocrx_word' id='word_1_639' title='bbox 1454 1407 1540 1434; x_wconf 85' lang='lat' dir='ltr'><strong>olllcia</strong></span> <span class='ocrx_word' id='word_1_640' title='bbox 1552 1408 1587 1435; x_wconf 86' lang='lat' dir='ltr'><strong>ab</strong></span> <span class='ocrx_word' id='word_1_641' title='bbox 1597 1408 1659 1436; x_wconf 80' lang='lat' dir='ltr'><strong>aliis</strong></span> 
     </span>
    </p>
   </div>
   <div class='ocr_carea' id='block_1_96' title="bbox 874 1452 1658 1488">
    <p class='ocr_par' dir='ltr' id='par_1_96' title="bbox 874 1452 1658 1488">
     <span class='ocr_line' id='line_1_96' title="bbox 874 1452 1658 1488; baseline 0.003 -9"><span class='ocrx_word' id='word_1_642' title='bbox 874 1452 1014 1480; x_wconf 88' lang='lat' dir='ltr'><strong>consecuti</strong></span> <span class='ocrx_word' id='word_1_643' title='bbox 1032 1456 1112 1485; x_wconf 89' lang='lat' dir='ltr'><strong>sunt;</strong></span> <span class='ocrx_word' id='word_1_644' title='bbox 1132 1459 1192 1479; x_wconf 89' lang='lat' dir='ltr'><strong>cunt</strong></span> <span class='ocrx_word' id='word_1_645' title='bbox 1210 1452 1370 1485; x_wconf 82' lang='lat' dir='ltr'><strong>superstites</strong></span> <span class='ocrx_word' id='word_1_646' title='bbox 1384 1459 1491 1487; x_wconf 88' lang='lat' dir='ltr'><strong>semper</strong></span> <span class='ocrx_word' id='word_1_647' title='bbox 1504 1461 1598 1480; x_wconf 87' lang='lat' dir='ltr'><strong>eorum</strong></span> <span class='ocrx_word' id='word_1_648' title='bbox 1610 1454 1658 1488; x_wconf 89' lang='lat' dir='ltr'><strong>qui</strong></span> 
     </span>
    </p>
   </div>
   <div class='ocr_carea' id='block_1_97' title="bbox 873 1497 1659 1534">
    <p class='ocr_par' dir='ltr' id='par_1_97' title="bbox 873 1497 1659 1534">
     <span class='ocr_line' id='line_1_97' title="bbox 873 1497 1659 1534; baseline 0 -8"><span class='ocrx_word' id='word_1_649' title='bbox 873 1502 1089 1534; x_wconf 57' lang='lat' dir='ltr'><strong>praecesserant,</strong></span> <span class='ocrx_word' id='word_1_650' title='bbox 1117 1497 1238 1533; x_wconf 77' lang='lat' dir='ltr'><strong>vestigiis</strong></span> <span class='ocrx_word' id='word_1_651' title='bbox 1262 1497 1429 1525; x_wconf 85' lang='lat' dir='ltr'><strong>insisterent.</strong></span> <span class='ocrx_word' id='word_1_652' title='bbox 1458 1497 1577 1526; x_wconf 85' lang='lat' dir='ltr'><strong>Gentiles</strong></span> <span class='ocrx_word' id='word_1_653' title='bbox 1593 1506 1659 1526; x_wconf 89' lang='lat' dir='ltr'><strong>vero</strong></span> 
     </span>
    </p>
   </div>
   <div class='ocr_carea' id='block_1_98' title="bbox 873 1542 1658 1580">
    <p class='ocr_par' dir='ltr' id='par_1_98' title="bbox 873 1542 1658 1580">
     <span class='ocr_line' id='line_1_98' title="bbox 873 1542 1658 1580; baseline -0.001 -7"><span class='ocrx_word' id='word_1_654' title='bbox 873 1552 988 1580; x_wconf 87' lang='lat' dir='ltr'><strong>prorsus</strong></span> <span class='ocrx_word' id='word_1_655' title='bbox 999 1543 1136 1572; x_wconf 85' lang='lat' dir='ltr'><strong>contraria</strong></span> <span class='ocrx_word' id='word_1_656' title='bbox 1148 1543 1190 1570; x_wconf 87' lang='lat' dir='ltr'><strong>his</strong></span> <span class='ocrx_word' id='word_1_657' title='bbox 1203 1547 1326 1578; x_wconf 80' lang='lat' dir='ltr'><strong>egerunt.</strong></span> <span class='ocrx_word' id='word_1_658' title='bbox 1338 1542 1405 1570; x_wconf 86' lang='lat' dir='ltr'><strong>Nam</strong></span> <span class='ocrx_word' id='word_1_659' title='bbox 1422 1548 1449 1571; x_wconf 89' lang='lat' dir='ltr'><strong>et</strong></span> <span class='ocrx_word' id='word_1_660' title='bbox 1459 1552 1505 1572; x_wconf 84' lang='lat' dir='ltr'><strong>eos</strong></span> <span class='ocrx_word' id='word_1_661' title='bbox 1515 1545 1561 1580; x_wconf 91' lang='lat' dir='ltr'><strong>qui</strong></span> <span class='ocrx_word' id='word_1_662' title='bbox 1571 1552 1658 1579; x_wconf 56' lang='lat' dir='ltr'><strong>aegro-</strong></span> 
     </span>
    </p>
   </div>
   <div class='ocr_carea' id='block_1_99' title="bbox 872 1647 1658 1683">
    <p class='ocr_par' dir='ltr' id='par_1_99' title="bbox 872 1647 1658 1683">
     <span class='ocr_line' id='line_1_99' title="bbox 872 1647 1658 1683; baseline -0.001 -7"><span class='ocrx_word' id='word_1_663' title='bbox 872 1650 926 1676; x_wconf 87' lang='lat' dir='ltr'><strong>tius</strong></span> <span class='ocrx_word' id='word_1_664' title='bbox 955 1649 1154 1683; x_wconf 78' lang='lat' dir='ltr'><strong>intelligamus,</strong></span> <span class='ocrx_word' id='word_1_665' title='bbox 1173 1647 1344 1683; x_wconf 80' lang='lat' dir='ltr'><strong>Christianos</strong></span> <span class='ocrx_word' id='word_1_666' title='bbox 1371 1647 1451 1682; x_wconf 77' lang='lat' dir='ltr'><strong>vulgo</strong></span> <span class='ocrx_word' id='word_1_667' title='bbox 1473 1654 1488 1673; x_wconf 85' lang='lat' dir='ltr'><strong>a</strong></span> <span class='ocrx_word' id='word_1_668' title='bbox 1509 1647 1658 1683; x_wconf 68' lang='lat' dir='ltr'><strong>gentilibus</strong></span> 
     </span>
    </p>
   </div>
   <div class='ocr_carea' id='block_1_100' title="bbox 870 1682 1658 1717">
    <p class='ocr_par' dir='ltr' id='par_1_100' title="bbox 870 1682 1658 1717">
     <span class='ocr_line' id='line_1_100' title="bbox 870 1682 1658 1717; baseline -0.003 -5"><span class='ocrx_word' id='word_1_669' title='bbox 870 1689 983 1712; x_wconf 84' lang='lat' dir='ltr'><strong>vocatos</strong></span> <span class='ocrx_word' id='word_1_670' title='bbox 1006 1683 1091 1710; x_wconf 80' lang='lat' dir='ltr'><strong>fuisse</strong></span> <span class='ocrx_word' id='word_1_671' title='bbox 1107 1683 1165 1710; x_wconf 18' lang='lat' dir='ltr'><strong>(hoc</strong></span> <span class='ocrx_word' id='word_1_672' title='bbox 1187 1682 1307 1714; x_wconf 90' lang='lat' dir='ltr'><strong>nomine,</strong></span> <span class='ocrx_word' id='word_1_673' title='bbox 1327 1682 1435 1709; x_wconf 82' lang='grc' dir='ltr'>πάντων</span> <span class='ocrx_word' id='word_1_674' title='bbox 1451 1682 1605 1717; x_wconf 79' lang='grc' dir='ltr'>περίψημα,</span> <span class='ocrx_word' id='word_1_675' title='bbox 1629 1683 1658 1710; x_wconf 83' lang='lat' dir='ltr'><strong>id</strong></span> 
     </span>
    </p>
   </div>
   <div class='ocr_carea' id='block_1_101' title="bbox 872 1690 1584 1753">
    <p class='ocr_par' dir='ltr' id='par_1_101' title="bbox 872 1690 1584 1753">
     <span class='ocr_line' id='line_1_101' title="bbox 872 1690 1584 1743; baseline -0.007 -31"><span class='ocrx_word' id='word_1_676' title='bbox 872 1690 983 1712; x_wconf 84' lang='lat' dir='ltr'><strong>vocatos</strong></span> <span class='ocrx_word' id='word_1_677' title='bbox 1006 1690 1091 1710; x_wconf 81' lang='lat' dir='ltr'><strong>tuisse</strong></span> <span class='ocrx_word' id='word_1_678' title='bbox 1107 1690 1165 1710; x_wconf 40' lang='lat' dir='ltr'><strong>.noc</strong></span> <span class='ocrx_word' id='word_1_679' title='bbox 1187 1690 1307 1714; x_wconf 90' lang='lat' dir='ltr'><strong>nouune,</strong></span> <span class='ocrx_word' id='word_1_680' title='bbox 1327 1690 1435 1709; x_wconf 85' lang='grc' dir='ltr'>παντων</span> <span class='ocrx_word' id='word_1_681' title='bbox 1451 1690 1584 1743; x_wconf 73' lang='grc' dir='ltr'>περιψημι</span> 
     </span>
     <span class='ocr_line' id='line_1_102' title="bbox 872 1717 1584 1753; baseline -0.004 -6"><span class='ocrx_word' id='word_1_682' title='bbox 872 1724 912 1747; x_wconf 89' lang='lat' dir='ltr'><strong>est</strong></span> <span class='ocrx_word' id='word_1_683' title='bbox 928 1724 1099 1753; x_wconf 83' lang='lat' dir='ltr'><strong>purgamenta</strong></span> <span class='ocrx_word' id='word_1_684' title='bbox 1112 1717 1202 1744; x_wconf 65' lang='lat' dir='ltr'><strong>saeculi</strong></span> <span class='ocrx_word' id='word_1_685' title='bbox 1216 1725 1224 1743; x_wconf 91' lang='lat'><em>:</em></span> <span class='ocrx_word' id='word_1_686' title='bbox 1242 1717 1313 1753; x_wconf 70' lang='lat' dir='ltr'><strong>quod</strong></span> <span class='ocrx_word' id='word_1_687' title='bbox 1332 1717 1417 1753; x_wconf 79' lang='lat' dir='ltr'><strong>magis</strong></span> <span class='ocrx_word' id='word_1_688' title='bbox 1432 1717 1543 1753; x_wconf 62' lang='lat' dir='ltr'><strong>placet._</strong></span> <span class='ocrx_word' id='word_1_689' title='bbox 1557 1725 1584 1744; x_wconf 75' lang='grc' dir='ltr'>ιι.</span> 
     </span>
    </p>
   </div>
   <div class='ocr_carea' id='block_1_102' title="bbox 908 1751 1656 1790">
    <p class='ocr_par' dir='ltr' id='par_1_102' title="bbox 908 1751 1656 1790">
     <span class='ocr_line' id='line_1_103' title="bbox 908 1751 1656 1790; baseline -0.003 -9"><span class='ocrx_word' id='word_1_690' title='bbox 908 1751 963 1790; x_wconf 72' lang='grc'>(84)</span> <span class='ocrx_word' id='word_1_691' title='bbox 978 1751 1087 1780; x_wconf 73' lang='grc' dir='ltr'>Ἇὺτῶν</span> <span class='ocrx_word' id='word_1_692' title='bbox 1103 1752 1266 1790; x_wconf 61' lang='grc' dir='ltr'>περίψημα.</span> <span class='ocrx_word' id='word_1_693' title='bbox 1283 1752 1374 1790; x_wconf 80' lang='lat' dir='ltr'><strong>C_ode_x</strong></span> <span class='ocrx_word' id='word_1_694' title='bbox 1391 1752 1459 1790; x_wconf 75' lang='lat' dir='ltr'><strong>Med.</strong></span> <span class='ocrx_word' id='word_1_695' title='bbox 1477 1756 1508 1790; x_wconf 74' lang='lat' dir='ltr'><strong>et</strong></span> <span class='ocrx_word' id='word_1_696' title='bbox 1520 1751 1589 1790; x_wconf 83' lang='lat' dir='ltr'><strong>M_az.</strong></span> <span class='ocrx_word' id='word_1_697' title='bbox 1602 1760 1656 1790; x_wconf 85' lang='lat' dir='ltr'><strong>una</strong></span> 
     </span>
    </p>
   </div>
   <div class='ocr_carea' id='block_1_103' title="bbox 871 1787 1659 1819">
    <p class='ocr_par' dir='ltr' id='par_1_103' title="bbox 871 1787 1659 1819">
     <span class='ocr_line' id='line_1_104' title="bbox 871 1787 1659 1819; baseline -0.004 -3"><span class='ocrx_word' id='word_1_698' title='bbox 871 1787 937 1816; x_wconf 79' lang='lat' dir='ltr'><strong>voce</strong></span> <span class='ocrx_word' id='word_1_699' title='bbox 950 1787 1087 1816; x_wconf 83' lang='lat' dir='ltr'><strong>auctiores</strong></span> <span class='ocrx_word' id='word_1_700' title='bbox 1107 1791 1181 1814; x_wconf 91' lang='lat' dir='ltr'><strong>sunt.</strong></span> <span class='ocrx_word' id='word_1_701' title='bbox 1198 1787 1243 1814; x_wconf 87' lang='lat' dir='ltr'><strong>Sic</strong></span> <span class='ocrx_word' id='word_1_702' title='bbox 1264 1787 1336 1813; x_wconf 88' lang='lat' dir='ltr'><strong>enim</strong></span> <span class='ocrx_word' id='word_1_703' title='bbox 1355 1787 1463 1819; x_wconf 77' lang='lat' dir='ltr'><strong>habent,</strong></span> <span class='ocrx_word' id='word_1_704' title='bbox 1479 1787 1568 1814; x_wconf 80' lang='grc' dir='ltr'>αὐτῶν</span> <span class='ocrx_word' id='word_1_705' title='bbox 1588 1788 1659 1814; x_wconf 82' lang='grc' dir='ltr'>πάν-</span> 
     </span>
    </p>
   </div>
   <div class='ocr_carea' id='block_1_104' title="bbox 870 1822 1657 1859">
    <p class='ocr_par' dir='ltr' id='par_1_104' title="bbox 870 1822 1657 1859">
     <span class='ocr_line' id='line_1_105' title="bbox 870 1822 1657 1859; baseline -0.001 -8"><span class='ocrx_word' id='word_1_706' title='bbox 870 1833 925 1851; x_wconf 87' lang='grc' dir='ltr'>των</span> <span class='ocrx_word' id='word_1_707' title='bbox 948 1823 1101 1859; x_wconf 76' lang='grc' dir='ltr'>περίψημα.</span> <span class='ocrx_word' id='word_1_708' title='bbox 1124 1822 1265 1855; x_wconf 85' lang='lat' dir='ltr'><strong>Quomodo</strong></span> <span class='ocrx_word' id='word_1_709' title='bbox 1288 1822 1369 1848; x_wconf 89' lang='lat' dir='ltr'><strong>etiam</strong></span> <span class='ocrx_word' id='word_1_710' title='bbox 1393 1822 1420 1849; x_wconf 92' lang='lat' dir='ltr'><strong>iu</strong></span> <span class='ocrx_word' id='word_1_711' title='bbox 1435 1822 1504 1850; x_wconf 85' lang='lat' dir='ltr'><strong>Fuk.</strong></span> <span class='ocrx_word' id='word_1_712' title='bbox 1525 1823 1657 1857; x_wconf 87' lang='lat' dir='ltr'><strong>scriptum</strong></span> 
     </span>
    </p>
   </div>
   <div class='ocr_carea' id='block_1_105' title="bbox 872 1859 1029 1886">
    <p class='ocr_par' dir='ltr' id='par_1_105' title="bbox 872 1859 1029 1886">
     <span class='ocr_line' id='line_1_106' title="bbox 872 1859 1029 1886; baseline -0.019 0"><span class='ocrx_word' id='word_1_713' title='bbox 872 1859 973 1886; x_wconf 83' lang='lat' dir='ltr'><strong>inveni.</strong></span> <span class='ocrx_word' id='word_1_714' title='bbox 994 1860 1029 1884; x_wconf 84' lang='lat' dir='ltr'><strong>In.</strong></span> 
     </span>
    </p>
   </div>
   <div class='ocr_carea' id='block_1_106' title="bbox 909 1891 1655 1927">
    <p class='ocr_par' dir='ltr' id='par_1_106' title="bbox 909 1891 1655 1927">
     <span class='ocr_line' id='line_1_107' title="bbox 909 1891 1655 1927; baseline -0.003 -7"><span class='ocrx_word' id='word_1_715' title='bbox 909 1894 964 1927; x_wconf 78' lang='grc'>(85)</span> <span class='ocrx_word' id='word_1_716' title='bbox 984 1893 1038 1920; x_wconf 81' lang='grc' dir='ltr'><strong>Καὶ</strong></span> <span class='ocrx_word' id='word_1_717' title='bbox 1060 1892 1249 1926; x_wconf 76' lang='grc' dir='ltr'>διατιθέντες.</span> <span class='ocrx_word' id='word_1_718' title='bbox 1274 1891 1540 1926; x_wconf 89' lang='lat' dir='ltr'><strong>Christophorsouns</strong></span> <span class='ocrx_word' id='word_1_719' title='bbox 1554 1893 1655 1920; x_wconf 87' lang='lat' dir='ltr'><strong>vertit:</strong></span> 
     </span>
    </p>
   </div>
   <div class='ocr_carea' id='block_1_107' title="bbox 871 1927 1658 1958">
    <p class='ocr_par' dir='ltr' id='par_1_107' title="bbox 871 1927 1658 1958">
     <span class='ocr_line' id='line_1_108' title="bbox 871 1927 1658 1958; baseline -0.001 -3"><span class='ocrx_word' id='word_1_720' title='bbox 871 1929 991 1955; x_wconf 75' lang='lat' dir='ltr'><strong>decenter</strong></span> <span class='ocrx_word' id='word_1_721' title='bbox 1006 1933 1146 1958; x_wconf 82' lang='lat' dir='ltr'><strong>ortmntes,</strong></span> <span class='ocrx_word' id='word_1_722' title='bbox 1164 1929 1244 1954; x_wconf 87' lang='lat' dir='ltr'><strong>male.</strong></span> <span class='ocrx_word' id='word_1_723' title='bbox 1258 1927 1325 1954; x_wconf 85' lang='lat' dir='ltr'><strong>Nam</strong></span> <span class='ocrx_word' id='word_1_724' title='bbox 1346 1927 1379 1954; x_wconf 87' lang='lat' dir='ltr'><strong>de</strong></span> <span class='ocrx_word' id='word_1_725' title='bbox 1403 1932 1500 1953; x_wconf 87' lang='lat' dir='ltr'><strong>ornatu</strong></span> <span class='ocrx_word' id='word_1_726' title='bbox 1518 1935 1581 1954; x_wconf 83' lang='lat' dir='ltr'><strong>mox</strong></span> <span class='ocrx_word' id='word_1_727' title='bbox 1593 1928 1658 1954; x_wconf 89' lang='lat' dir='ltr'><strong>sub-</strong></span> 
     </span>
    </p>
   </div>
   <div class='ocr_carea' id='block_1_108' title="bbox 870 1961 1656 1998">
    <p class='ocr_par' dir='ltr' id='par_1_108' title="bbox 870 1961 1656 1998">
     <span class='ocr_line' id='line_1_109' title="bbox 870 1961 1656 1998; baseline -0.001 -8"><span class='ocrx_word' id='word_1_728' title='bbox 870 1964 960 1998; x_wconf 75' lang='lat' dir='ltr'><strong>juugit</strong></span> <span class='ocrx_word' id='word_1_729' title='bbox 974 1963 1129 1998; x_wconf 79' lang='lat' dir='ltr'><strong>Dionysius.</strong></span> <span class='ocrx_word' id='word_1_730' title='bbox 1146 1961 1256 1998; x_wconf 76' lang='lat' dir='ltr'><strong>Rectius</strong></span> <span class='ocrx_word' id='word_1_731' title='bbox 1269 1963 1351 1998; x_wconf 80' lang='lat' dir='ltr'><strong>igitur</strong></span> <span class='ocrx_word' id='word_1_732' title='bbox 1366 1962 1449 1998; x_wconf 85' lang='lat' dir='ltr'><strong>_verti,</strong></span> <span class='ocrx_word' id='word_1_733' title='bbox 1465 1967 1656 1996; x_wconf 73' lang='lat' dir='ltr'><strong>componentes,</strong></span> 
     </span>
    </p>
   </div>
   <div class='ocr_carea' id='block_1_109' title="bbox 872 1996 1495 2034">
    <p class='ocr_par' dir='ltr' id='par_1_109' title="bbox 872 1996 1495 2034">
     <span class='ocr_line' id='line_1_110' title="bbox 872 1996 1495 2034; baseline -0.002 -8"><span class='ocrx_word' id='word_1_734' title='bbox 872 1996 1010 2034; x_wconf 76' lang='lat' dir='ltr'><strong>quomodo</strong></span> <span class='ocrx_word' id='word_1_735' title='bbox 1023 1996 1170 2034; x_wconf 82' lang='lat' dir='ltr'><strong>loquuntur</strong></span> <span class='ocrx_word' id='word_1_736' title='bbox 1187 1996 1289 2034; x_wconf 58' lang='lat' dir='ltr'><strong>Latini:</strong></span> <span class='ocrx_word' id='word_1_737' title='bbox 1305 1997 1353 2034; x_wconf 78' lang='lat' dir='ltr'><strong>Sic</strong></span> <span class='ocrx_word' id='word_1_738' title='bbox 1366 1996 1495 2034; x_wconf 81' lang='lat' dir='ltr'><strong>Persius:</strong></span> 
     </span>
    </p>
   </div>
   <div class='ocr_carea' id='block_1_110' title="bbox 1030 2032 1456 2066">
    <p class='ocr_par' dir='ltr' id='par_1_110' title="bbox 1030 2032 1456 2066">
     <span class='ocr_line' id='line_1_111' title="bbox 1030 2032 1456 2066; baseline -0.002 -7"><span class='ocrx_word' id='word_1_739' title='bbox 1099 2033 1253 2066; x_wconf 80' lang='lat' dir='ltr'><strong>laudentque</strong></span> <span class='ocrx_word' id='word_1_740' title='bbox 1265 2032 1385 2058; x_wconf 77' lang='lat' dir='ltr'><strong>beatulus</strong></span> <span class='ocrx_word' id='word_1_741' title='bbox 1402 2032 1456 2059; x_wconf 85' lang='lat' dir='ltr'><strong>alto</strong></span> 
     </span>
    </p>
   </div>
   <div class='ocr_carea' id='block_1_111' title="bbox 1029 2067 1349 2101">
    <p class='ocr_par' dir='ltr' id='par_1_111' title="bbox 1029 2067 1349 2101">
     <span class='ocr_line' id='line_1_112' title="bbox 1029 2067 1349 2101; baseline -0.003 -7"><span class='ocrx_word' id='word_1_742' title='bbox 1029 2067 1194 2101; x_wconf 82' lang='lat' dir='ltr'><strong>Compositus</strong></span> <span class='ocrx_word' id='word_1_743' title='bbox 1208 2068 1283 2098; x_wconf 75' lang='lat' dir='ltr'><strong>lecto,</strong></span> <span class='ocrx_word' id='word_1_744' title='bbox 1297 2072 1349 2094; x_wconf 85' lang='lat' dir='ltr'><strong>etc.</strong></span> 
     </span>
    </p>
   </div>
   <div class='ocr_carea' id='block_1_112' title="bbox 871 2101 1657 2137">
    <p class='ocr_par' dir='ltr' id='par_1_112' title="bbox 871 2101 1657 2137">
     <span class='ocr_line' id='line_1_113' title="bbox 871 2101 1657 2137; baseline 0.001 -8"><span class='ocrx_word' id='word_1_745' title='bbox 871 2101 1054 2137; x_wconf 88' lang='lat' dir='ltr'><strong>Hieronymus</strong></span> <span class='ocrx_word' id='word_1_746' title='bbox 1069 2102 1115 2129; x_wconf 91' lang='lat' dir='ltr'><strong>lih.</strong></span> <span class='ocrx_word' id='word_1_747' title='bbox 1133 2110 1140 2128; x_wconf 94' lang='grc' dir='ltr'>ι</span> <span class='ocrx_word' id='word_1_748' title='bbox 1157 2101 1189 2128; x_wconf 83' lang='lat' dir='ltr'><strong>In</strong></span> <span class='ocrx_word' id='word_1_749' title='bbox 1203 2101 1393 2137; x_wconf 72' lang='lat' dir='ltr'><strong>Javiuianum;</strong></span> <span class='ocrx_word' id='word_1_750' title='bbox 1409 2101 1609 2137; x_wconf 80' lang='lat' dir='ltr'><strong>(.‘ompositoque</strong></span> <span class='ocrx_word' id='word_1_751' title='bbox 1624 2110 1657 2130; x_wconf 66' lang='lat' dir='ltr'><strong>ex</strong></span> 
     </span>
    </p>
   </div>
   <div class='ocr_carea' id='block_1_113' title="bbox 871 2135 1657 2172">
    <p class='ocr_par' dir='ltr' id='par_1_113' title="bbox 871 2135 1657 2172">
     <span class='ocr_line' id='line_1_114' title="bbox 871 2135 1657 2172; baseline 0.001 -9"><span class='ocrx_word' id='word_1_752' title='bbox 871 2145 942 2164; x_wconf 79' lang='lat' dir='ltr'><strong>more</strong></span> <span class='ocrx_word' id='word_1_753' title='bbox 957 2135 1077 2164; x_wconf 75' lang='lat' dir='ltr'><strong>cadaveri</strong></span> <span class='ocrx_word' id='word_1_754' title='bbox 1090 2146 1123 2172; x_wconf 25' lang='lat' dir='ltr'><strong>ise</strong></span> <span class='ocrx_word' id='word_1_755' title='bbox 1138 2138 1195 2171; x_wconf 81' lang='lat' dir='ltr'><strong>ipsa</strong></span> <span class='ocrx_word' id='word_1_756' title='bbox 1207 2137 1355 2172; x_wconf 65' lang='lat' dir='ltr'><strong>superjecil.</strong></span> <span class='ocrx_word' id='word_1_757' title='bbox 1371 2135 1439 2163; x_wconf 87' lang='lat' dir='ltr'><strong>IIine</strong></span> <span class='ocrx_word' id='word_1_758' title='bbox 1450 2135 1596 2171; x_wconf 71' lang='lat' dir='ltr'><strong>compostus</strong></span> <span class='ocrx_word' id='word_1_759' title='bbox 1607 2145 1657 2172; x_wconf 90' lang='lat' dir='ltr'><strong>pro</strong></span> 
     </span>
    </p>
   </div>
   <div class='ocr_carea' id='block_1_114' title="bbox 875 2171 1656 2207">
    <p class='ocr_par' dir='ltr' id='par_1_114' title="bbox 875 2171 1656 2207">
     <span class='ocr_line' id='line_1_115' title="bbox 875 2171 1656 2207; baseline 0 -8"><span class='ocrx_word' id='word_1_760' title='bbox 875 2173 979 2206; x_wconf 74' lang='lat' dir='ltr'><strong>sepulto</strong></span> <span class='ocrx_word' id='word_1_761' title='bbox 995 2173 1065 2207; x_wconf 83' lang='lat' dir='ltr'><strong>apud</strong></span> <span class='ocrx_word' id='word_1_762' title='bbox 1089 2171 1230 2207; x_wconf 77' lang='lat' dir='ltr'><strong>Virgilium</strong></span> <span class='ocrx_word' id='word_1_763' title='bbox 1251 2177 1278 2199; x_wconf 89' lang='lat' dir='ltr'><strong>et</strong></span> <span class='ocrx_word' id='word_1_764' title='bbox 1298 2171 1450 2198; x_wconf 84' lang='lat' dir='ltr'><strong>Horatium.</strong></span> <span class='ocrx_word' id='word_1_765' title='bbox 1467 2171 1614 2199; x_wconf 76' lang='lat' dir='ltr'><strong>Possidius</strong></span> <span class='ocrx_word' id='word_1_766' title='bbox 1628 2173 1656 2199; x_wconf 91' lang='lat' dir='ltr'><strong>in</strong></span> 
     </span>
    </p>
   </div>
   <div class='ocr_carea' id='block_1_115' title="bbox 879 2206 1656 2241">
    <p class='ocr_par' dir='ltr' id='par_1_115' title="bbox 879 2206 1656 2241">
     <span class='ocr_line' id='line_1_116' title="bbox 879 2206 1656 2241; baseline -0.001 -7"><span class='ocrx_word' id='word_1_767' title='bbox 879 2207 939 2234; x_wconf 81' lang='lat' dir='ltr'><strong>Vita</strong></span> <span class='ocrx_word' id='word_1_768' title='bbox 963 2207 996 2234; x_wconf 89' lang='lat' dir='ltr'><strong>B.</strong></span> <span class='ocrx_word' id='word_1_769' title='bbox 1014 2206 1182 2241; x_wconf 30' lang='lat' dir='ltr'><strong>’Augastini:</strong></span> <span class='ocrx_word' id='word_1_770' title='bbox 1206 2206 1349 2240; x_wconf 74' lang='lat' dir='ltr'><strong>Confestim</strong></span> <span class='ocrx_word' id='word_1_771' title='bbox 1362 2214 1421 2232; x_wconf 82' lang='lat' dir='ltr'><strong>vero</strong></span> <span class='ocrx_word' id='word_1_772' title='bbox 1443 2214 1489 2240; x_wconf 84' lang='lat' dir='ltr'><strong>pro</strong></span> <span class='ocrx_word' id='word_1_773' title='bbox 1504 2209 1559 2241; x_wconf 74' lang='lat' dir='ltr'><strong>ejus</strong></span> <span class='ocrx_word' id='word_1_774' title='bbox 1583 2216 1656 2234; x_wconf 76' lang='lat' dir='ltr'><strong>com—</strong></span> 
     </span>
    </p>
   </div>
   <div class='ocr_carea' id='block_1_116' title="bbox 871 2241 1657 2276">
    <p class='ocr_par' dir='ltr' id='par_1_116' title="bbox 871 2241 1657 2276">
     <span class='ocr_line' id='line_1_117' title="bbox 871 2241 1657 2276; baseline 0 -7"><span class='ocrx_word' id='word_1_775' title='bbox 871 2243 1020 2269; x_wconf 76' lang='lat' dir='ltr'><strong>mendanda</strong></span> <span class='ocrx_word' id='word_1_776' title='bbox 1045 2242 1161 2275; x_wconf 78' lang='lat' dir='ltr'><strong>corporis</strong></span> <span class='ocrx_word' id='word_1_777' title='bbox 1189 2241 1349 2275; x_wconf 73' lang='lat' dir='ltr'><strong>depositione</strong></span> <span class='ocrx_word' id='word_1_778' title='bbox 1373 2241 1491 2267; x_wconf 87' lang='lat' dir='ltr'><strong>oblatum</strong></span> <span class='ocrx_word' id='word_1_779' title='bbox 1518 2247 1572 2274; x_wconf 82' lang='lat' dir='ltr'><strong>est,</strong></span> <span class='ocrx_word' id='word_1_780' title='bbox 1596 2251 1657 2276; x_wconf 82' lang='lat' dir='ltr'><strong>per-</strong></span> 
     </span>
    </p>
   </div>
   <div class='ocr_carea' id='block_1_117' title="bbox 870 2276 1657 2312">
    <p class='ocr_par' dir='ltr' id='par_1_117' title="bbox 870 2276 1657 2312">
     <span class='ocr_line' id='line_1_118' title="bbox 870 2276 1657 2312; baseline -0.001 -8"><span class='ocrx_word' id='word_1_781' title='bbox 870 2283 980 2312; x_wconf 83' lang='lat' dir='ltr'><strong>actoque</strong></span> <span class='ocrx_word' id='word_1_782' title='bbox 991 2277 1140 2304; x_wconf 84' lang='lat' dir='ltr'><strong>solemniter</strong></span> <span class='ocrx_word' id='word_1_783' title='bbox 1152 2277 1334 2311; x_wconf 68' lang='lat' dir='ltr'><strong>exsequiarum</strong></span> <span class='ocrx_word' id='word_1_784' title='bbox 1342 2276 1502 2312; x_wconf 67' lang='lat' dir='ltr'><strong>ministerio.</strong></span> <span class='ocrx_word' id='word_1_785' title='bbox 1519 2278 1657 2312; x_wconf 79' lang='lat' dir='ltr'><strong>insigniter</strong></span> 
     </span>
    </p>
   </div>
   <div class='ocr_carea' id='block_1_118' title="bbox 870 2310 1655 2346">
    <p class='ocr_par' dir='ltr' id='par_1_118' title="bbox 870 2310 1655 2346">
     <span class='ocr_line' id='line_1_119' title="bbox 870 2310 1655 2346; baseline -0.001 -7"><span class='ocrx_word' id='word_1_786' title='bbox 870 2310 1039 2346; x_wconf 76' lang='lat' dir='ltr'><strong>compositus,</strong></span> <span class='ocrx_word' id='word_1_787' title='bbox 1057 2311 1210 2345; x_wconf 77' lang='lat' dir='ltr'><strong>deportatus</strong></span> <span class='ocrx_word' id='word_1_788' title='bbox 1225 2319 1256 2337; x_wconf 81' lang='lat' dir='ltr'><strong>ac</strong></span> <span class='ocrx_word' id='word_1_789' title='bbox 1273 2310 1390 2345; x_wconf 69' lang='lat' dir='ltr'><strong>sepultus</strong></span> <span class='ocrx_word' id='word_1_790' title='bbox 1405 2315 1454 2338; x_wconf 72' lang='lat' dir='ltr'><strong>est.</strong></span> <span class='ocrx_word' id='word_1_791' title='bbox 1471 2311 1508 2338; x_wconf 85' lang='lat' dir='ltr'><strong>Ita</strong></span> <span class='ocrx_word' id='word_1_792' title='bbox 1526 2310 1598 2339; x_wconf 82' lang='lat' dir='ltr'><strong>enim</strong></span> <span class='ocrx_word' id='word_1_793' title='bbox 1615 2313 1655 2339; x_wconf 90' lang='lat' dir='ltr'><strong>le-</strong></span> 
     </span>
    </p>
   </div>
   <div class='ocr_carea' id='block_1_119' title="bbox 870 2346 1337 2383">
    <p class='ocr_par' dir='ltr' id='par_1_119' title="bbox 870 2346 1337 2383">
     <span class='ocr_line' id='line_1_120' title="bbox 870 2346 1337 2383; baseline -0.002 -10"><span class='ocrx_word' id='word_1_794' title='bbox 870 2348 945 2383; x_wconf 80' lang='lat' dir='ltr'><strong>gitur</strong></span> <span class='ocrx_word' id='word_1_795' title='bbox 956 2349 982 2374; x_wconf 91' lang='lat' dir='ltr'><strong>in</strong></span> <span class='ocrx_word' id='word_1_796' title='bbox 999 2347 1088 2383; x_wconf 83' lang='lat' dir='ltr'><strong>codice</strong></span> <span class='ocrx_word' id='word_1_797' title='bbox 1099 2346 1285 2383; x_wconf 61' lang='lat' dir='ltr'><strong>Mosciacensi:</strong></span> <span class='ocrx_word' id='word_1_798' title='bbox 1301 2347 1337 2383; x_wconf 74' lang='lat' dir='ltr'><strong>In.</strong></span> 
     </span>
    </p>
   </div>
   <div class='ocr_carea' id='block_1_120' title="bbox 906 2380 1656 2417">
    <p class='ocr_par' dir='ltr' id='par_1_120' title="bbox 906 2380 1656 2417">
     <span class='ocr_line' id='line_1_121' title="bbox 906 2380 1656 2417; baseline -0.001 -8"><span class='ocrx_word' id='word_1_799' title='bbox 906 2382 961 2417; x_wconf 78' lang='lat'><strong>(86)</strong></span> <span class='ocrx_word' id='word_1_800' title='bbox 980 2382 1034 2408; x_wconf 81' lang='lat' dir='ltr'><strong>Kal</strong></span> <span class='ocrx_word' id='word_1_801' title='bbox 1050 2381 1250 2415; x_wconf 75' lang='grc' dir='ltr'><strong>περιστολιιῖς.</strong></span> <span class='ocrx_word' id='word_1_802' title='bbox 1264 2380 1319 2407; x_wconf 80' lang='lat' dir='ltr'><strong>Nec</strong></span> <span class='ocrx_word' id='word_1_803' title='bbox 1334 2381 1404 2417; x_wconf 84' lang='lat' dir='ltr'><strong>banc</strong></span> <span class='ocrx_word' id='word_1_804' title='bbox 1417 2388 1511 2417; x_wconf 83' lang='lat' dir='ltr'><strong>vocem</strong></span> <span class='ocrx_word' id='word_1_805' title='bbox 1521 2381 1656 2417; x_wconf 82' lang='lat' dir='ltr'><strong>inlellexit</strong></span> 
     </span>
    </p>
   </div>
   <div class='ocr_carea' id='block_1_121' title="bbox 871 2415 1656 2452">
    <p class='ocr_par' dir='ltr' id='par_1_121' title="bbox 871 2415 1656 2452">
     <span class='ocr_line' id='line_1_122' title="bbox 871 2415 1656 2452; baseline -0.001 -8"><span class='ocrx_word' id='word_1_806' title='bbox 871 2415 1152 2452; x_wconf 77' lang='lat' dir='ltr'><strong>Christophorsouns,</strong></span> <span class='ocrx_word' id='word_1_807' title='bbox 1169 2416 1214 2452; x_wconf 89' lang='lat' dir='ltr'><strong>qui</strong></span> <span class='ocrx_word' id='word_1_808' title='bbox 1239 2417 1318 2442; x_wconf 75' lang='lat' dir='ltr'><strong>vertit</strong></span> <span class='ocrx_word' id='word_1_809' title='bbox 1330 2436 1338 2448; x_wconf 90' lang='lat'><strong>,</strong></span> <span class='ocrx_word' id='word_1_810' title='bbox 1357 2415 1437 2442; x_wconf 86' lang='lat' dir='ltr'><strong>linteo</strong></span> <span class='ocrx_word' id='word_1_811' title='bbox 1453 2416 1555 2449; x_wconf 82' lang='lat' dir='ltr'><strong>funebri</strong></span> <span class='ocrx_word' id='word_1_812' title='bbox 1564 2417 1656 2452; x_wconf 19' lang='lat' dir='ltr'><strong>riiwol-</strong></span> 
     </span>
    </p>
   </div>
   <div class='ocr_carea' id='block_1_122' title="bbox 871 2451 1654 2485">
    <p class='ocr_par' dir='ltr' id='par_1_122' title="bbox 871 2451 1654 2485">
     <span class='ocr_line' id='line_1_123' title="bbox 871 2451 1654 2485; baseline 0.001 -7"><span class='ocrx_word' id='word_1_813' title='bbox 871 2461 937 2479; x_wconf 77' lang='lat' dir='ltr'><strong>vere.</strong></span> <span class='ocrx_word' id='word_1_814' title='bbox 951 2451 1078 2479; x_wconf 84' lang='lat' dir='ltr'><strong>Solebant</strong></span> <span class='ocrx_word' id='word_1_815' title='bbox 1089 2452 1161 2478; x_wconf 86' lang='lat' dir='ltr'><strong>cuitu</strong></span> <span class='ocrx_word' id='word_1_816' title='bbox 1176 2451 1290 2477; x_wconf 71' lang='lat' dir='ltr'><strong>Romani</strong></span> <span class='ocrx_word' id='word_1_817' title='bbox 1303 2455 1367 2477; x_wconf 91' lang='lat' dir='ltr'><strong>tunc</strong></span> <span class='ocrx_word' id='word_1_818' title='bbox 1379 2451 1508 2485; x_wconf 87' lang='lat' dir='ltr'><strong>temporis</strong></span> <span class='ocrx_word' id='word_1_819' title='bbox 1522 2451 1654 2479; x_wconf 82' lang='lat' dir='ltr'><strong>cadavera</strong></span> 
     </span>
    </p>
   </div>
   <div class='ocr_carea' id='block_1_123' title="bbox 870 2485 1655 2520">
    <p class='ocr_par' dir='ltr' id='par_1_123' title="bbox 870 2485 1655 2520">
     <span class='ocr_line' id='line_1_124' title="bbox 870 2485 1655 2520; baseline -0.001 -6"><span class='ocrx_word' id='word_1_820' title='bbox 870 2487 993 2514; x_wconf 82' lang='lat' dir='ltr'><strong>vestibus</strong></span> <span class='ocrx_word' id='word_1_821' title='bbox 1009 2487 1129 2514; x_wconf 87' lang='lat' dir='ltr'><strong>amicire.</strong></span> <span class='ocrx_word' id='word_1_822' title='bbox 1143 2486 1183 2513; x_wconf 88' lang='lat' dir='ltr'><strong>Ac</strong></span> <span class='ocrx_word' id='word_1_823' title='bbox 1197 2487 1230 2513; x_wconf 91' lang='lat' dir='ltr'><strong>de</strong></span> <span class='ocrx_word' id='word_1_824' title='bbox 1246 2486 1391 2520; x_wconf 79' lang='lat' dir='ltr'><strong>gentilibus</strong></span> <span class='ocrx_word' id='word_1_825' title='bbox 1405 2485 1513 2520; x_wconf 83' lang='lat' dir='ltr'><strong>quidem</strong></span> <span class='ocrx_word' id='word_1_826' title='bbox 1535 2494 1578 2512; x_wconf 87' lang='lat' dir='ltr'><strong>res</strong></span> <span class='ocrx_word' id='word_1_827' title='bbox 1592 2494 1655 2520; x_wconf 92' lang='lat' dir='ltr'><strong>pro-</strong></span> 
     </span>
    </p>
   </div>
   <div class='ocr_carea' id='block_1_124' title="bbox 873 2520 1653 2555">
    <p class='ocr_par' dir='ltr' id='par_1_124' title="bbox 873 2520 1653 2555">
     <span class='ocr_line' id='line_1_125' title="bbox 873 2520 1653 2555; baseline -0.001 -7"><span class='ocrx_word' id='word_1_828' title='bbox 873 2522 933 2548; x_wconf 92' lang='lat' dir='ltr'><strong>trita</strong></span> <span class='ocrx_word' id='word_1_829' title='bbox 957 2526 1015 2554; x_wconf 86' lang='lat' dir='ltr'><strong>est,</strong></span> <span class='ocrx_word' id='word_1_830' title='bbox 1039 2522 1107 2548; x_wconf 88' lang='lat' dir='ltr'><strong>adeo</strong></span> <span class='ocrx_word' id='word_1_831' title='bbox 1123 2526 1153 2547; x_wconf 91' lang='lat' dir='ltr'><strong>ut</strong></span> <span class='ocrx_word' id='word_1_832' title='bbox 1169 2521 1300 2555; x_wconf 81' lang='lat' dir='ltr'><strong>exemplis</strong></span> <span class='ocrx_word' id='word_1_833' title='bbox 1315 2529 1369 2547; x_wconf 93' lang='lat' dir='ltr'><strong>non</strong></span> <span class='ocrx_word' id='word_1_834' title='bbox 1383 2525 1470 2555; x_wconf 78' lang='lat' dir='ltr'><strong>egeat.</strong></span> <span class='ocrx_word' id='word_1_835' title='bbox 1495 2520 1569 2555; x_wconf 87' lang='lat' dir='ltr'><strong>Ipsos</strong></span> <span class='ocrx_word' id='word_1_836' title='bbox 1589 2529 1653 2548; x_wconf 87' lang='lat' dir='ltr'><strong>vero</strong></span> 
     </span>
    </p>
   </div>
   <div class='ocr_carea' id='block_1_125' title="bbox 871 2556 1653 2589">
    <p class='ocr_par' dir='ltr' id='par_1_125' title="bbox 871 2556 1653 2589">
     <span class='ocr_line' id='line_1_126' title="bbox 871 2556 1653 2589; baseline 0.001 -6"><span class='ocrx_word' id='word_1_837' title='bbox 871 2557 1040 2583; x_wconf 81' lang='lat' dir='ltr'><strong>Christianos</strong></span> <span class='ocrx_word' id='word_1_838' title='bbox 1062 2557 1181 2583; x_wconf 80' lang='lat' dir='ltr'><strong>ﬁdelium</strong></span> <span class='ocrx_word' id='word_1_839' title='bbox 1206 2557 1338 2583; x_wconf 88' lang='lat' dir='ltr'><strong>cadavera</strong></span> <span class='ocrx_word' id='word_1_840' title='bbox 1359 2556 1508 2589; x_wconf 87' lang='lat' dir='ltr'><strong>splendidis</strong></span> <span class='ocrx_word' id='word_1_841' title='bbox 1532 2556 1653 2584; x_wconf 81' lang='lat' dir='ltr'><strong>vestibus</strong></span> 
     </span>
    </p>
   </div>
   <div class='ocr_carea' id='block_1_126' title="bbox 872 2590 1652 2625">
    <p class='ocr_par' dir='ltr' id='par_1_126' title="bbox 872 2590 1652 2625">
     <span class='ocr_line' id='line_1_127' title="bbox 872 2590 1652 2625; baseline 0 -7"><span class='ocrx_word' id='word_1_842' title='bbox 872 2592 1020 2622; x_wconf 79' lang='lat' dir='ltr'><strong>obtexisse,</strong></span> <span class='ocrx_word' id='word_1_843' title='bbox 1035 2592 1113 2618; x_wconf 87' lang='lat' dir='ltr'><strong>docet</strong></span> <span class='ocrx_word' id='word_1_844' title='bbox 1129 2591 1283 2625; x_wconf 65' lang='lat' dir='ltr'><strong>exemplum</strong></span> <span class='ocrx_word' id='word_1_845' title='bbox 1297 2591 1399 2618; x_wconf 84' lang='lat' dir='ltr'><strong>Asturii</strong></span> <span class='ocrx_word' id='word_1_846' title='bbox 1414 2591 1484 2625; x_wconf 86' lang='lat' dir='ltr'><strong>apud</strong></span> <span class='ocrx_word' id='word_1_847' title='bbox 1505 2590 1652 2618; x_wconf 86' lang='lat' dir='ltr'><strong>Eusebium</strong></span> 
     </span>
    </p>
   </div>
   <div class='ocr_carea' id='block_1_127' title="bbox 872 2625 1651 2661">
    <p class='ocr_par' dir='ltr' id='par_1_127' title="bbox 872 2625 1651 2661">
     <span class='ocr_line' id='line_1_128' title="bbox 872 2625 1651 2661; baseline 0.001 -8"><span class='ocrx_word' id='word_1_848' title='bbox 872 2627 918 2653; x_wconf 90' lang='lat' dir='ltr'><strong>lib.</strong></span> <span class='ocrx_word' id='word_1_849' title='bbox 935 2634 983 2658; x_wconf 88' lang='lat' dir='ltr'><strong>vn,</strong></span> <span class='ocrx_word' id='word_1_850' title='bbox 1000 2634 1059 2661; x_wconf 87' lang='lat' dir='ltr'><strong>cap.</strong></span> <span class='ocrx_word' id='word_1_851' title='bbox 1082 2627 1122 2653; x_wconf 77' lang='grc'><strong>16.</strong></span> <span class='ocrx_word' id='word_1_852' title='bbox 1141 2626 1320 2661; x_wconf 90' lang='lat' dir='ltr'><strong>Ilierouymus</strong></span> <span class='ocrx_word' id='word_1_853' title='bbox 1338 2626 1366 2652; x_wconf 90' lang='lat' dir='ltr'><strong>in</strong></span> <span class='ocrx_word' id='word_1_854' title='bbox 1381 2625 1524 2660; x_wconf 82' lang='lat' dir='ltr'><strong>Epitapltio</strong></span> <span class='ocrx_word' id='word_1_855' title='bbox 1537 2625 1651 2654; x_wconf 56' lang='lat' dir='ltr'><strong>Paulae:</strong></span> 
     </span>
    </p>
   </div>
   <div class='ocr_carea' id='block_1_128' title="bbox 873 2660 1652 2695">
    <p class='ocr_par' dir='ltr' id='par_1_128' title="bbox 873 2660 1652 2695">
     <span class='ocr_line' id='line_1_129' title="bbox 873 2660 1652 2695; baseline 0.001 -7"><span class='ocrx_word' id='word_1_856' title='bbox 873 2662 936 2694; x_wconf 76' lang='lat' dir='ltr'><strong>Quis</strong></span> <span class='ocrx_word' id='word_1_857' title='bbox 949 2662 1056 2695; x_wconf 86' lang='lat' dir='ltr'><strong>inopum</strong></span> <span class='ocrx_word' id='word_1_858' title='bbox 1070 2662 1182 2688; x_wconf 84' lang='lat' dir='ltr'><strong>moriens</strong></span> <span class='ocrx_word' id='word_1_859' title='bbox 1195 2660 1248 2687; x_wconf 75' lang='lat' dir='ltr'><strong>noti</strong></span> <span class='ocrx_word' id='word_1_860' title='bbox 1262 2660 1333 2687; x_wconf 79' lang='lat' dir='ltr'><strong>illius</strong></span> <span class='ocrx_word' id='word_1_861' title='bbox 1348 2662 1505 2687; x_wconf 72' lang='lat' dir='ltr'><strong>vestimentis</strong></span> <span class='ocrx_word' id='word_1_862' title='bbox 1517 2660 1652 2689; x_wconf 69' lang='lat' dir='ltr'><strong>obvolutus</strong></span> 
     </span>
    </p>
   </div>
   <div class='ocr_carea' id='block_1_129' title="bbox 871 2695 1651 2731">
    <p class='ocr_par' dir='ltr' id='par_1_129' title="bbox 871 2695 1651 2731">
     <span class='ocr_line' id='line_1_130' title="bbox 871 2695 1651 2731; baseline -0.003 -7"><span class='ocrx_word' id='word_1_863' title='bbox 871 2699 931 2724; x_wconf 78' lang='lat' dir='ltr'><strong>est?</strong></span> <span class='ocrx_word' id='word_1_864' title='bbox 955 2696 1010 2724; x_wconf 73' lang='lat' dir='ltr'><strong>Nec</strong></span> <span class='ocrx_word' id='word_1_865' title='bbox 1032 2697 1110 2722; x_wconf 88' lang='lat' dir='ltr'><strong>aliter</strong></span> <span class='ocrx_word' id='word_1_866' title='bbox 1131 2697 1320 2731; x_wconf 77' lang='lat' dir='ltr'><strong>intelligendus</strong></span> <span class='ocrx_word' id='word_1_867' title='bbox 1347 2701 1389 2723; x_wconf 83' lang='lat' dir='ltr'><strong>est</strong></span> <span class='ocrx_word' id='word_1_868' title='bbox 1422 2696 1499 2723; x_wconf 90' lang='lat' dir='ltr'><strong>locus</strong></span> <span class='ocrx_word' id='word_1_869' title='bbox 1517 2695 1651 2729; x_wconf 84' lang='lat' dir='ltr'><strong>Possidii,</strong></span> 
     </span>
    </p>
   </div>
   <div class='ocr_carea' id='block_1_130' title="bbox 893 2731 1650 2759">
    <p class='ocr_par' dir='ltr' id='par_1_130' title="bbox 893 2731 1650 2759">
     <span class='ocr_line' id='line_1_131' title="bbox 893 2731 1650 2759; baseline 0.001 -1"><span class='ocrx_word' id='word_1_870' title='bbox 893 2740 953 2758; x_wconf 86' lang='lat' dir='ltr'><strong>nem</strong></span> <span class='ocrx_word' id='word_1_871' title='bbox 973 2736 1052 2758; x_wconf 87' lang='lat' dir='ltr'><strong>antea</strong></span> <span class='ocrx_word' id='word_1_872' title='bbox 1074 2732 1164 2758; x_wconf 77' lang='lat' dir='ltr'><strong>citavi.</strong></span> <span class='ocrx_word' id='word_1_873' title='bbox 1183 2731 1268 2758; x_wconf 79' lang='lat' dir='ltr'><strong>Graeci</strong></span> <span class='ocrx_word' id='word_1_874' title='bbox 1290 2731 1316 2758; x_wconf 87' lang='lat' dir='ltr'><strong>id</strong></span> <span class='ocrx_word' id='word_1_875' title='bbox 1333 2736 1431 2758; x_wconf 89' lang='lat' dir='ltr'><strong>vocant</strong></span> <span class='ocrx_word' id='word_1_876' title='bbox 1456 2731 1650 2759; x_wconf 77' lang='grc' dir='ltr'>περιστέλλειν.</span> 
     </span>
    </p>
   </div>
   <div class='ocr_carea' id='block_1_131' title="bbox 872 2765 1652 2808">
    <p class='ocr_par' dir='ltr' id='par_1_131' title="bbox 872 2765 1652 2808">
     <span class='ocr_line' id='line_1_132' title="bbox 872 2765 1652 2808; baseline -0.001 -15"><span class='ocrx_word' id='word_1_877' title='bbox 872 2765 1016 2808; x_wconf 56' lang='lat' dir='ltr'><strong>Athenians</strong></span> <span class='ocrx_word' id='word_1_878' title='bbox 1034 2767 1060 2792; x_wconf 93' lang='lat' dir='ltr'><strong>in</strong></span> <span class='ocrx_word' id='word_1_879' title='bbox 1076 2767 1123 2808; x_wconf 72' lang='lat' dir='ltr'><strong>lib.</strong></span> <span class='ocrx_word' id='word_1_880' title='bbox 1147 2773 1182 2808; x_wconf 72' lang='grc' dir='ltr'><strong>ιι,</strong></span> <span class='ocrx_word' id='word_1_881' title='bbox 1201 2766 1353 2808; x_wconf 41' lang='lat' dir='ltr'><strong>cap._7‘,‘6v</strong></span> <span class='ocrx_word' id='word_1_882' title='bbox 1368 2765 1468 2808; x_wconf 71' lang='grc' dir='ltr'>τρόπον</span> <span class='ocrx_word' id='word_1_883' title='bbox 1492 2765 1652 2808; x_wconf 72' lang='grc' dir='ltr'>Πυθιονίκηι</span> 
     </span>
    </p>
   </div>
   <div class='ocr_carea' id='block_1_132' title="bbox 873 2800 1495 2839">
    <p class='ocr_par' dir='ltr' id='par_1_132' title="bbox 873 2800 1495 2839">
     <span class='ocr_line' id='line_1_133' title="bbox 873 2800 1495 2839; baseline 0.002 -12"><span class='ocrx_word' id='word_1_884' title='bbox 873 2801 1036 2837; x_wconf 73' lang='grc' dir='ltr'>περιέστειλε</span> <span class='ocrx_word' id='word_1_885' title='bbox 1052 2801 1249 2836; x_wconf 74' lang='grc' dir='ltr'>τελευτήσασαν</span> <span class='ocrx_word' id='word_1_886' title='bbox 1263 2802 1277 2827; x_wconf 87' lang='grc' dir='ltr'><strong>ὀ</strong></span> <span class='ocrx_word' id='word_1_887' title='bbox 1295 2800 1438 2837; x_wconf 66' lang='grc' dir='ltr'>Ἅρπαλος.</span> <span class='ocrx_word' id='word_1_888' title='bbox 1457 2800 1495 2839; x_wconf 70' lang='lat' dir='ltr'><strong>It).</strong></span> 
     </span>
    </p>
   </div>
  </div>
