1848 3043
16 106 80 134 1345

598 106 738 134 ΝΟΤΙΤΙΑ
756 105 801 134 ET
821 105 1045 135 FRAGMENTA.

1567 111 1577 138 l
1583 111 1636 140 546

16 167 74 195 mihi
89 174 145 201 pra:
156 168 260 195 caneris
270 168 704 202 suppeditaruntlocupletissima:
717 168 792 195 orbis
807 170 829 198 Α
847 166 978 193 Turriano
994 166 1192 201 vapulantibus,
1212 171 1240 194 et
1255 167 1365 202 quidem
1387 168 1414 194 in
1433 166 1636 204 Prolegomenis

16 212 105 239 eruditi
117 212 286 240 bibliotheca
299 213 380 248 Regia
394 213 567 246 Parisiensis,
579 213 747 246 Colbertina,
763 217 791 240 et

16 261 174 288 Eoisliniana
197 261 452 296 Sangermanensis)
467 281 474 294 ,
496 269 604 288 summo
631 262 720 289 studio
744 263 791 289 de-

16 311 142 340 Jrnmpla,
159 311 184 334 et
197 306 223 333 in
239 315 324 334 unum
343 307 455 334 collecta
480 315 671 341 proponerem.
687 307 789 334 Claris-

16 353 67 380 simi
80 361 144 379 vero
157 357 236 386 atque
254 353 288 380 de
304 353 465 387 antiquitate
476 353 608 380 litteraria
621 358 648 379 et
664 354 791 380 ecclesia-

16 399 73 425 :tica
86 397 254 425 meritissimi
268 396 381 425 Joannis
396 397 521 430 Boii-inii,
533 399 579 433 qui
596 398 686 433 Regina
699 407 791 425 mann-

16 446 167 479 .criptorum
180 445 302 472 codicum
314 445 483 472 bibliothecae
498 453 558 480 qua:
570 444 683 473 Lutetia:
699 453 790 472 asser—

16 494 94 521 vatur,
111 497 205 516 curam
220 497 316 524 magna
332 497 394 516 cum
408 490 487 517 laude
501 490 565 516 olim
580 490 673 524 gessit,
688 490 791 524 dignis-

16 537 87 563 :imas
110 536 155 563 hic
184 544 237 563 non
260 544 371 571 possum
401 544 455 563 non
482 536 664 571 depraedicarc
677 537 788 570 laudes;

16 589 65 608 :um
85 581 146 616 ejus
159 582 288 616 singulari
310 582 441 610 beneficio
468 583 580 616 adjutus
601 591 655 610 non
684 583 789 610 facilem

16 633 107 655 autum
123 629 156 655 ad
170 629 389 664 incomparabilis
402 638 516 664 vereque
529 631 609 666 regite
631 631 705 659 illius
718 639 790 666 gazae

16 674 81 709 dyta
98 678 196 702 nactus
213 675 263 702 sim
285 674 399 707 aditum,
425 683 521 702 verum
544 681 571 703 et
598 677 656 711 ipse
680 685 728 712 pro
746 686 788 709 ea,

16 727 54 751 ;na
78 720 234 753 praestabat,
251 721 418 747 humanitate
436 721 576 748 rarissima
588 743 596 754 ,
611 730 672 757 quae
690 723 788 750 ibidem

18 766 208 798 elitescebant,
225 766 380 801 frequenter
393 767 461 794 mihi
479 769 709 797 commendaverit
722 771 790 797 scri-

17 815 54 842 ta,
64 819 185 847 suasque
193 813 331 847 speciatim
340 814 554 847 observationes,
565 815 592 842 in
607 815 716 842 Macarii
733 815 790 843 Ma-

16 858 87 886 netis
99 858 249 894 fragmenta
256 858 316 885 data
324 867 406 893 opera
415 860 538 892 collatas,
545 861 674 888 benevole
683 869 788 888 mecum

16 905 203 932 otnmunicare
214 905 285 932 haud
299 906 488 934 detrectaverit
498 915 504 933 :
516 915 549 934 ex
563 908 662 941 quibus
676 908 789 942 proinde

16 960 39 978 te
53 952 127 978 haud
150 959 244 986 parum
260 952 408 986 profecisse
421 973 428 985 ,
445 952 620 988 fontibusque
634 955 669 981 ab
693 955 787 982 eodem

16 997 126 1024 ndicatis
140 997 252 1025 ulterius
275 998 437 1031 inhaesisse,
463 999 579 1034 ingenue
596 1000 733 1034 profiteor.
759 1001 787 1029 ln

16 1043 76 1071 inas
97 1048 188 1071 autem
202 1049 293 1079 partes
314 1049 398 1072 totam
424 1046 612 1074 tractationem
634 1047 788 1082 dispescere

16 1091 71 1117 lbet
87 1095 146 1117 tum
162 1091 225 1118 novi
243 1093 392 1126 argumenti
410 1092 527 1127 dignitas
539 1113 546 1124 ,
568 1099 624 1120 tum
647 1095 788 1128 praesentis

16 1137 131 1171 :mporis
146 1141 227 1172 atque
244 1138 359 1165 instituti
375 1139 462 1166 ratio:
487 1147 602 1174 quarum
622 1141 697 1174 prior
716 1141 788 1168 noti-

16 1191 60 1209 am
80 1183 351 1211 historico-criticum
376 1183 408 1211 de
430 1184 547 1212 Macario
563 1185 694 1221 Magnete,
712 1187 787 1221 ejus-

16 1236 49 1255 ue
62 1233 147 1256 astate
157 1234 184 1256 et
194 1229 316 1264 scriptis,
329 1237 361 1256 ex
372 1229 456 1256 variis
465 1229 585 1258 historiae
597 1231 788 1258 ecclesiasticae

16 1275 186 1302 ιοηυηιθιιιὶε
210 1275 290 1303 editis
309 1280 390 1310 atque
408 1276 517 1304 ineditis
538 1281 631 1309 eruet;
653 1278 787 1312 posterior

16 1328 59 1347 :ro
76 1320 280 1356 Θεολογούμενα
294 1322 412 1350 auctoris
427 1322 528 1357 pariter
539 1327 620 1358 atque
635 1330 741 1350 errores
753 1331 786 1350 ex

16 1367 84 1394 tsius
99 1367 210 1402 scriptis
226 1369 464 1396 commonstrabit.

16 1433 24 1468 ᾗ
40 1433 76 1460 Il.
94 1432 478 1470 Expendunturrrecentiorum
498 1434 592 1470 iniqua,
600 1436 630 1462 de
648 1435 767 1462 Illacario

272 1469 392 1503 Magnete
401 1469 515 1503 judicia.

799 1511 821 1540 C

25 1525 100 1559 Quis
115 1534 180 1553 vero
199 1534 231 1554 ac
253 1526 342 1561 qualis
364 1525 446 1553 fuerit
467 1531 560 1554 noster
581 1526 714 1555 Macarius
727 1528 785 1555 Ma-

16 1580 72 1604 res,
86 1576 114 1599 et
128 1580 184 1607 quo
210 1576 330 1606 tempore
353 1572 494 1605 floruerit,
511 1580 615 1607 suaque
638 1573 739 1610 ingenii
759 1580 786 1602 et

16 1619 130 1645 tctrina:
141 1619 365 1652 praestantissima
383 1619 577 1653 conscripserit
597 1625 783 1652 monumenta,

16 1686 18 1690 .
31 1664 161 1698 probatae
173 1663 340 1698 antiquitatis
352 1664 460 1691 indiciis
471 1673 544 1692 nunc
554 1665 670 1699 primttm
682 1666 785 1699 disqui-

17 1710 111 1737 ndum
120 1710 188 1742 erit;
201 1714 229 1737 ut
237 1711 355 1746 genuino
365 1711 468 1738 auctori
480 1719 530 1738 sua
539 1712 697 1739 restituatur
707 1713 782 1744 fides,

16 1764 78 1783 tam
94 1756 217 1783 nonnulli
230 1764 263 1784 cx
276 1757 474 1784 recentioribus
490 1757 604 1790 criticis,
614 1765 676 1784 cum
690 1758 723 1785 de
734 1759 785 1785 isto

16 1802 214 1833 pocriticarum
228 1807 339 1829 auctore
356 1802 422 1829 nihil
432 1802 466 1828 ab
477 1802 596 1837 antiquis
607 1803 785 1838 scriptoribus

16 1849 138 1877 emoria:
153 1848 290 1883 proditum
303 1849 431 1884 legerent,
444 1849 531 1877 eidem
543 1855 643 1877 temere
655 1851 785 1885 derogare

20 1896 48 1923 si
68 1899 147 1923 sunt.
164 1895 273 1922 Scilicet
289 1903 350 1923 cum
364 1895 527 1923 Franciscus
542 1895 693 1923 Turrianus
703 1916 710 1928 ,
724 1905 780 1924 ma-

21 1950 61 1968 us
88 1941 134 1968 ille
162 1942 286 1968 codicum
307 1950 373 1968 mss.
392 1942 482 1969 helluo
502 1941 539 1977 (lt)
565 1947 592 1969 et
615 1943 784 1977 antiquitatis

16 1987 189 2014 elesiastica:
213 1995 267 2014 non
295 1987 440 2021 indiligens
469 1988 610 2023 indagator
635 1988 693 2024 (5),
721 1989 784 2017 hinc

16 2033 49 2059 le
72 2032 103 2058 in
117 2031 200 2058 variis
213 2032 271 2059 suis
297 2032 404 2066 scriptis
426 2032 507 2066 hujus
523 2033 642 2060 auctoris
656 2033 784 2060 vetustis-

16 2078 48 2104 ni
67 2077 237 2104 mentionem
254 2077 372 2108 fecisset,
388 2082 469 2112 atque
487 2078 555 2105 inter
568 2079 621 2105 alia
637 2079 719 2105 etiam
738 2079 782 2105 lu-

16 2125 136 2150 lentum
159 2123 316 2151 adduxisset
335 2124 458 2158 ejusdem
478 2125 663 2151 testimonium
681 2125 715 2152 dc
738 2133 782 2153 sa-

841 220 869 247 p.
887 212 911 244 7,
928 212 961 239 de
974 212 1026 239 hoc
1039 212 1174 240 Turriano
1185 214 1345 248 pronuntiat
1358 222 1364 240 :

870 280 941 312 Quid
952 280 1060 313 (lignum
1073 284 1146 306 tanta
1162 279 1222 306 tulit
1239 280 1281 306 ltic
1300 279 1444 314 promissor
1456 280 1530 306 ltiatu
1547 280 1607 315 (6)?

846 337 972 363 Ventosas
991 336 1102 371 projecit
1121 336 1264 371 ampullas,
1287 337 1368 363 libros
1390 341 1557 372 auctoresque
1578 338 1635 365 ine-

841 382 922 414 ditos,
936 383 980 417 qui
995 391 1039 409 nec
1051 384 1084 409 ad
1098 391 1192 409 manus
1207 388 1279 415 sunt,
1293 391 1339 409 nec
1350 391 1405 409 esse
1419 389 1538 417 possunt,
1552 383 1634 411 Euse-

841 428 876 454 bii
896 429 937 462 (si
957 428 1008 455 ἰ)ίο
1021 429 1122 464 placet)
1133 429 1451 456 Alexandrinisermoncs
1463 450 1470 462 ,
1486 429 1632 456 Eusebium

842 473 1031 500 Cwsnrienscm
1044 474 1169 501 adversus
1184 473 1342 500 Marcellum
1352 494 1359 506 ,
1384 473 1542 509 Hippolytus
1559 483 1634 500 mur—

841 525 924 553 tyrem
942 524 967 546 et
989 519 1150 554 Thebanum,
1169 520 1317 555 Magnetem
1341 521 1467 547 adversus
1491 520 1633 547 Tlteostlte-

841 576 909 599 nem,
928 565 1279 603 TheodotumAncyranum,
1295 574 1348 595 etc.
1361 588 1369 600 ,
1386 569 1488 602 citavit,
1511 569 1635 603 plurima.-

841 622 903 641 sane
920 614 1049 647 lectionis,
1067 615 1112 641 sed
1129 614 1226 648 frontis
1247 615 1471 649 perfrictissimre,
1484 615 1634 650 judiciique

842 660 999 687 tenuissimi.
1023 659 1110 693 Quam
1138 668 1257 696 praeceps
1283 665 1373 687 autem
1400 661 1451 688 hoc
1482 661 1564 689 fuerit
1579 662 1632 689 viri

841 706 908 733 alias
924 706 1076 733 doctissimi
1088 706 1235 740 judicium,
1253 706 1294 733 vel
1310 706 1409 733 exinde
1419 711 1541 740 apparet,
1558 709 1632 742 quod

840 751 961 786 plerique
979 751 1035 778 fere
1045 756 1171 779 auctores
1186 752 1240 784 isti,
1258 759 1327 786 quos
1350 752 1483 779 confictos
1508 753 1631 780 credide~

841 802 883 823 rat
902 796 1069 830 Blondellus,
1087 805 1161 824 nunc
1187 798 1214 824 in
1239 797 1361 824 omnium
1382 803 1527 825 versentur
1545 799 1633 826 mani-

805 842 825 869 B
840 842 901 875 bus,
917 847 999 876 atque
1012 842 1240 877 pcritissimorum
1254 848 1355 870 nostra:
1371 843 1459 870 aetatis
1473 843 1631 870 criticorum

840 889 1052 923 comprobentur
1063 889 1179 916 calculo.
1190 889 1328 916 Blondello
1339 889 1502 923 astipulatur
1511 888 1632 916 Edmun-

839 935 892 961 dus
902 934 1060 960 Albcrtinus
1073 933 1144 960 libro
1158 940 1177 959 ll
1201 932 1238 959 De
1255 938 1421 960 sacramento
1439 932 1629 964 Eucharistiw,

839 987 866 1014 p.
884 987 921 1006 m.
941 979 994 1006 420
1014 978 1064 1013 (7),
1089 978 1135 1013 qui
1150 985 1266 1005 censura
1280 978 1368 1012 magis
1384 985 1466 1012 quam
1484 978 1630 1005 dictator-ia

838 1025 1024 1051 testimonium
1048 1023 1179 1058 Magnetis
1203 1031 1217 1050 a
1238 1023 1374 1050 Turriano
1391 1024 1507 1058 aliisque
1529 1023 1631 1058 produ—

838 1075 923 1102 etum,
945 1070 1051 1097 veritati
1064 1078 1154 1097 causa:
1165 1069 1298 1103 diffidens,
1311 1077 1373 1097 cum
1390 1078 1443 1096 non
1461 1074 1553 1104 posset
1567 1078 1631 1104 pro-

838 1117 920 1144 babili
943 1117 1034 1152 aliqua
1060 1118 1165 1143 ratione
1187 1115 1318 1148 refutare,
1343 1115 1456 1142 irridere
1479 1115 1585 1147 maluit,
1599 1122 1631 1142 ac

837 1163 991 1197 petulanter
1005 1163 1078 1189 hunc
1092 1163 1119 1189 in
1135 1162 1246 1189 modum
1259 1161 1404 1196 explodere
1415 1161 1546 1188 tentavit:
1561 1161 1630 1188 Tllt'<

838 1209 928 1235 rianus
945 1209 1046 1243 primus
1055 1209 1173 1235 ontnium
1186 1208 1271 1244 (quod
1284 1207 1404 1242 equidem
1420 1206 1522 1242 sciant)
1537 1211 1631 1241 protu-
1660 1226 1667 1233 κ

838 1254 869 1280 lit
882 1254 910 1280 in
924 1254 1030 1288 scriptis
1046 1254 1102 1281 suis
1116 1253 1193 1280 verba
1210 1253 1264 1280 lucc
1279 1252 1367 1279 nescia
1389 1252 1457 1279 unde
1468 1258 1575 1287 sumpta
1596 1260 1629 1279 ea;

838 1299 960 1334 Magnete
977 1300 1103 1326 adversus
1124 1299 1311 1325 T/teostltenent
1329 1318 1338 1326 .
1356 1318 1363 1325 .
1379 1318 1387 1325 .
1418 1297 1512 1324 Verum
1529 1298 1563 1324 ad
1580 1306 1629 1332 po-

837 1345 929 1378 pulum
947 1344 1081 1379 phaleras.
1093 1344 1157 1376 Quis
1170 1345 1237 1370 enim
1251 1349 1373 1376 veterum,
1386 1344 1438 1369 imo
1448 1344 1526 1369 etiam
1543 1351 1630 1370 recen-

837 1390 933 1416 tiorum
947 1398 993 1424 per
1010 1398 1099 1416 norem
1119 1396 1164 1417 aut
1179 1390 1266 1416 decem
1289 1390 1386 1417 swcula
1401 1389 1530 1425 Magnetis
1550 1389 1629 1425 hujus

836 1435 876 1461 vel
887 1436 974 1470 quoad
991 1444 1084 1462 nomen
1101 1441 1203 1462 tantum
1216 1436 1384 1462 meminerit?
1400 1434 1528 1462 Firtitius
1550 1443 1628 1469 pror-

836 1489 881 1508 sus
894 1487 988 1508 auctor
1010 1486 1060 1514 est,
1083 1485 1128 1507 aut
1142 1481 1235 1508 saltent
1252 1489 1331 1507 novus
1349 1480 1447 1513 aliquis
1472 1489 1502 1507 ac
1515 1488 1628 1515 nuperua

837 1527 977 1562 graeculus,
1003 1527 1078 1561 cujus
1094 1528 1254 1560 scriptorum
1269 1527 1400 1553 certitudo
1416 1531 1473 1554 tota
1487 1530 1525 1554 est
1547 1535 1625 1562 penes

839 1573 1000 1599 Turrianunt
1020 1573 1109 1608 exigui
1131 1573 1231 1607 judicii
1246 1574 1342 1605 virum,
1364 1573 1476 1608 ﬁdeique
1490 1573 1564 1600 val-ie
1580 1582 1627 1600 stt-

836 1624 941 1654 spectaz.
958 1619 993 1646 Et
1006 1619 1103 1646 audent
1120 1619 1265 1646 adversarii
1280 1619 1376 1654 absque
1396 1619 1451 1646 ulla
1470 1621 1626 1647 verecundia

835 1665 964 1699 ejusmodi
980 1665 1135 1700 quisquilias
1147 1673 1194 1699 pro
1211 1670 1326 1692 veterum
1341 1665 1514 1692 monumentis
1530 1666 1557 1691 in
1570 1674 1628 1692 ηιρ-

836 1711 909 1737 (lium
924 1711 1075 1738 adducere?
1092 1711 1162 1737 Prol;
1179 1711 1228 1737 Dei
1245 1717 1269 1738 ct
1284 1711 1418 1738 hominum
1438 1711 1537 1745 ﬁderit!
1562 1711 1628 1744 Quae

836 1765 994 1792 quanquam
1012 1762 1113 1784 temere
1122 1758 1235 1784 omnino
1251 1762 1277 1784 et
1288 1761 1447 1791 arroganter
1460 1757 1494 1784 ab
1508 1765 1541 1784 eo
1553 1758 1626 1784 dicta

835 1803 900 1834 sint,
920 1811 935 1830 a
954 1803 1062 1829 nemine
1079 1807 1168 1829 tamen
1183 1802 1315 1829 hactenus
1328 1802 1444 1829 refutatu
1457 1801 1543 1833 video,
1555 1811 1626 1837 qm-

841 1849 913 1875 niam
928 1849 960 1875 de
971 1848 1093 1883 Magnete
1105 1849 1317 1883 Apocriticvrmn
1332 1853 1443 1875 auctore
1453 1848 1518 1874 nihil
1532 1848 1566 1875 ab
1577 1857 1626 1874 an-

840 1895 1006 1929 tiquioribus
1023 1894 1162 1921 memoria:
1176 1895 1311 1928 proditum
1329 1894 1469 1928 hucusque
1482 1895 1603 1921 constitit
1617 1903 1624 1921 :

835 1945 999 1974 quapropter
1015 1940 1109 1967 inanes
1124 1939 1260 1966 Alberttni
1276 1939 1463 1966 cavillationes
1485 1944 1566 1974 atque
1581 1949 1626 1966 ar-

835 1991 1027 2020 gumentorum
1045 1986 1130 2020 ipsius
1145 1985 1300 2013 futilitatem
1317 1985 1461 2020 deinceps,
1481 1993 1542 2012 cum
1567 1986 1625 2021 ipsa

835 2032 966 2068 Magnetis
981 2032 1134 2067 fragmenta
1152 2033 1396 2066 percensebuntur,
1407 2032 1568 2067 explodcndi
1585 2033 1625 2059 lo—

835 2085 885 2105 cus
911 2078 972 2104 erit.
1002 2077 1110 2104 Interim
1141 2078 1291 2105 rectissime
1310 2078 1422 2105 omnino
1457 2078 1499 2104 hic
1518 2078 1624 2112 jndicat

835 2122 866 2150 Β.
882 2122 924 2150 Jo.
938 2123 999 2149 Alb.
1016 2122 1159 2150 Fabricius
1175 2123 1229 2158 (8):
1246 2122 1380 2157 Injuriant
1402 2123 1443 2150 Itis
1456 2123 1539 2149 verbis
1553 2123 1624 2150 Tur-

16 2173 137 2196 tmento
149 2167 325 2196 Eucharistim
336 2169 456 2204 rcalique
467 2170 589 2204 corporis
602 2174 628 2197 et
642 2170 782 2205 sanguinis
797 2178 821 2207 ο
835 2169 910 2196 riano
925 2169 982 2202 ﬁeri
995 2177 1046 2196 non
1056 2174 1093 2195 est
1105 2169 1224 2201 dubiant,
1236 2166 1362 2204 longeque
1374 2169 1455 2203 magis
1467 2171 1623 2203 optaverim,

19 2215 97 2242 risti
126 2214 269 2249 praesentia
294 2215 384 2249 (quod
413 2215 439 2242 in
469 2216 552 2242 altera
578 2215 781 2243 Dissertationis

16 2266 65 2288 rte
82 2260 297 2287 examinandum
322 2260 570 2295 vindicandumque
593 2261 681 2296 erit);
699 2261 783 2288 David

16 2306 152 2333 mdellus
173 2306 290 2341 primum
313 2305 348 2332 ob
367 2310 521 2340 suspectam
547 2306 674 2333 Turriani
703 2306 782 2334 fidem

19 2351 73 2378 iul
88 2358 198 2385 quoque
212 2350 361 2386 Magnetem
376 2351 500 2378 adversus
517 2351 576 2386 (vel
593 2352 694 2378 rectius
704 2372 712 2384 ,
728 2352 781 2384 ad)

16 2398 194 2429 eosthenem,
203 2401 331 2432 tanquam
340 2398 500 2433 scriptorem
508 2398 638 2426 hactenus
647 2399 781 2432 ignotum,

16 2453 54 2472 er
74 2444 162 2471 libros
173 2448 352 2478 auctoresque
367 2444 493 2477 ineditos,
512 2445 558 2479 qui
570 2452 621 2472 nec
636 2445 669 2472 ad
684 2453 782 2472 manus

16 2496 58 2522 et,
81 2497 136 2517 nec
159 2496 219 2516 esse
234 2495 364 2524 possunt,
381 2490 510 2518 audacter
527 2489 626 2518 referre
640 2490 782 2525 haudqua-

16 2544 72 2564 ιω
91 2539 136 2562 est
159 2535 270 2563 veritus.
308 2535 346 2562 lta
366 2536 439 2563 enim
466 2535 493 2562 in
508 2534 732 2570 pseudo-Isidoro
756 2541 782 2563 et

16 2660 58 2694 ιι)
82 2656 131 2694 Uti
144 2665 207 2694 olim
218 2663 317 2694 vocant
331 2657 493 2694 Espencaeus
507 2657 543 2684 De
556 2657 718 2684 continentia
731 2657 779 2684 lib.

16 2692 93 2729 :a'p.
105 2693 138 2726 2,
154 2692 337 2729 Ribadeneim
351 2693 519 2729 inCutalogo
529 2694 688 2729 scriptorum
697 2694 780 2719 socie-

19 2740 38 2757 ε
51 2727 154 2761 Ἰεεα,
171 2733 199 2756 et
220 2727 322 2756 Paulus
343 2728 512 2755 Colomesius
529 2729 555 2754 in
569 2727 778 2762 Paralipomenis

16 2763 212 2797 scriptoribus
224 2764 287 2790 eral.

16 2802 55 2833 ῗὶ)
76 2798 159 2832 Quod
172 2799 290 2835 elogium
305 2798 357 2832 ipsi
375 2798 470 2826 tribuit
484 2797 578 2835 Steph.
597 2797 621 2825 le
638 2798 735 2835 Moync
751 2799 778 2826 in

16 2839 142 2870 itegom.
159 2835 192 2861 ad
216 2833 295 2860 Varia
311 2841 397 2866 sacra,
415 2838 480 2861 tom.
496 2834 515 2867 l,
533 2833 580 2861 fol.
599 2835 641 2861 l5.

835 2219 864 2241 ut
884 2213 1014 2249 Magnetis
1036 2214 1116 2241 libros
1138 2214 1235 2248 aliquis
1260 2214 1326 2240 bono
1340 2213 1465 2241 Ecclesia;
1485 2215 1512 2240 in
1540 2218 1624 2242 lucem

835 2261 970 2295 proferat;
997 2261 1049 2287 sive
1077 2259 1225 2295 Magnetem
1251 2259 1328 2285 illum
1353 2259 1622 2295 llicrosolymitanun.

835 2307 1034 2340 presbyterum,
1054 2306 1106 2332 sive
1133 2305 1281 2331 Macarium
1313 2305 1462 2339 Magnetem
1489 2314 1621 2332 auctorem

835 2352 957 2378 habeant.
976 2350 1031 2378 Nec
1048 2351 1138 2377 minus
1157 2350 1314 2385 Christoph.
1341 2349 1458 2378 Sandius
1480 2351 1507 2378 in
1530 2352 1620 2380 'l‘ract.

833 2399 873 2426 De
896 2398 1024 2426 veteribus
1049 2397 1220 2432 scriptoribus
1235 2397 1436 2430 ecclesiasticis,
1453 2405 1479 2430 p.
1505 2398 1547 2430 19,
1562 2398 1622 2425 sine

833 2445 889 2472 ullo
904 2444 945 2472 vel
960 2443 1091 2471 levissimi
1107 2442 1258 2477 argumenti
1273 2441 1374 2469 indicio
1397 2441 1548 2477 Magnetem
1564 2443 1621 2469 ha:-

833 2491 948 2518 reticum
972 2489 1146 2524 pronuntiat:
1169 2488 1327 2520 Turrinnus,
1343 2488 1441 2523 inquit,
1460 2489 1486 2515 in
1503 2489 1617 2517 Constit.

833 2537 915 2564 Clem.
944 2537 1021 2563 Rom.
1042 2536 1141 2571 allegat
1162 2535 1292 2571 Magnetis
1309 2535 1356 2563 lib.
1374 2543 1406 2563 tu
1430 2537 1620 2572 Apologinrum

869 2659 908 2694 (6)
926 2659 1032 2690 Horat.,
1054 2658 1091 2685 De
1107 2664 1164 2685 arte
1176 2664 1257 2692 poet.’,
1274 2668 1300 2686 v.
1321 2659 1382 2687 158.

871 2712 908 2747 (7)
928 2710 998 2738 Edit.
1017 2710 1145 2737 Daventr.
1161 2710 1240 2743 1654,
1261 2710 1310 2738 fol.

869 2764 907 2798 (8)
925 2763 993 2790 Tum
1011 2763 1037 2789 in
1057 2763 1162 2789 Delectu
1174 2768 1388 2797 argumentorum
1401 2769 1424 2790 et
1442 2764 1543 2798 syllaba
1551 2766 1614 2792 scri-

832 2805 935 2834 ptorum
953 2803 985 2825 de
1001 2799 1109 2834 veritate
1121 2798 1252 2832 religionis
1264 2798 1433 2828 Christianw.
1452 2808 1480 2833 ν.
1502 2800 1546 2832 (ili,
1561 2805 1618 2828 tum

834 2831 861 2862 in
874 2831 1035 2861 Bibliotheca
1054 2833 1155 2866 Graeca,
1169 2834 1214 2861 lib.
1229 2841 1256 2867 v,
1269 2841 1327 2868 cap.
1345 2834 1370 2865 l,
1383 2842 1410 2868 p.
1427 2831 1488 2861 276.
