1848 3043
199 89 265 116 tant

833 89 1012 118 MACARIUS
1041 89 1190 118 MAGNES.

1769 91 1816 118 53"!

197 147 335 181 Ephesia.)
360 147 393 174 A.
421 147 452 174 C.
477 147 547 181 ﬁl;
566 147 674 175 Eusebii
699 147 817 183 epist-0p:
842 148 986 184 Magnesize
1002 153 1022 179 Α
1039 149 1122 177 fuisse
1142 150 1267 185 legimus,
1286 154 1426 185 propterea
1445 149 1519 184 quod
1542 148 1725 176 Heraclidem
1747 147 1816 174 diam-

200 194 317 222 civitatis
341 193 424 228 Sipyli
450 193 476 220 in
501 194 615 220 concilio
639 193 775 228 Ephesino
800 195 832 221 A.
853 195 886 222 C.
915 195 982 227 ιδῃ

197 240 303 268 Leontii
331 240 452 274 episcopi
485 239 629 275 Magnesia:
660 239 789 267 Maeandri
822 239 848 267 in
881 241 984 276 synodo

198 284 333 321 Ephesina
354 293 384 317 ιι,
407 284 440 311 Α.
465 285 495 312 C.
518 283 581 317 MS),
605 288 631 312 et
649 285 675 311 iu
696 285 812 312 concilio
832 285 984 312 Chalcedo—

197 332 274 360 nensi
290 332 322 358 Λ.
338 331 401 363 45³1,
416 336 443 358 et
455 332 482 358 ln
504 331 608 367 synodo
628 331 750 358 Romana
769 333 800 358 A.
814 330 883 364 503;
901 331 985 358 Patri-

196 378 230 405 cii
255 378 375 412 episcopi
398 376 545 412 Magnesia
573 377 646 404 circa
671 376 838 404 Mzeandrum
866 377 983 404 civitatis

194 422 303 449 Asiana:
322 422 452 457 regionis,
475 422 503 448 in
527 421 643 448 concilio
663 422 833 448 mcumenico
856 422 900 455 Vl,
926 423 983 450 sive

197 467 499 502 Constantinopolitano
521 475 564 498 ιιι,
586 467 618 493 Α.
634 467 664 494 C.
685 468 757 500 681-;
773 467 901 503 Stephani
925 469 983 504 epi-

195 516 270 550 scopi
290 515 434 549 Magnesiae
455 514 627 542 IEmiliorum
652 515 794 550 (Αἰμιλίων
818 515 916 550 legitur
933 523 983 550 pro

195 560 329 596 Σιπύλων)
341 560 498 595 provincia,
514 561 540 587 in
553 566 630 587 sexta
644 561 748 596 synodo
763 560 891 588 Trullana
905 561 938 587 A.
950 561 980 588 C.

195 603 273 642 706);
289 606 381 633 Basilii
397 605 516 640 episcopi
536 605 680 640 Magnesia:
696 606 722 632 in
737 606 853 633 concilio
867 614 983 634 (acume-

194 651 257 678 nieo
274 650 330 684 Vll,
351 651 409 678 sive
429 650 538 678 Nicaeno
559 658 589 682 tt,
610 651 644 677 A.
667 651 698 678 (Ι.
720 651 787 685 787;
811 652 983 686 aliorumque

193 697 310 732 plurium
336 697 471 731 sequioris
489 696 576 723 aetatis
594 696 704 723 nomina
725 697 752 723 in
773 697 983 731 subscriptioni»

192 742 244 770 bus
263 741 442 769 conciliorum
462 745 622 768 conservata
648 741 886 776 deprehendimus.
910 742 981 770 Insi-

193 788 254 823 gnis
275 787 321 814 hic
341 787 460 814 occurrit
485 787 562 814 locus
587 786 689 820 Photii,
710 791 737 814 et
762 788 983 816 consideratione

1038 202 1102 221 num
1120 202 1200 222 suum
1219 194 1360 229 Ephesinae
1375 193 1505 221 Ecclesiae
1518 193 1721 221 constituisset
1732 192 1814 226 episco-

1038 247 1112 274 pmn.
1138 239 1242 266 Exinde
1260 240 1343 274 igitur
1358 247 1411 267 non
1429 240 1488 266 sine
1511 246 1618 274 magna
1632 238 1813 273 probabilitati;

1037 285 1127 320 specie
1151 286 1278 321 colligere
1299 286 1372 317 licet,
1394 286 1463 313 dnos
1481 286 1524 313 vel
1548 286 1647 320 plures
1668 285 1746 311 istius
1761 286 1816 310 urbs

1037 331 1182 366 Magnesia:
1197 332 1340 366 episcopos
1357 332 1428 358 idem
1443 339 1544 358 nomen
1560 331 1678 358 Macarii
1698 331 1815 360 habuisse.

1037 377 1064 404 in
1086 378 1186 412 quibus
1204 386 1268 405 vero
1286 378 1379 412 dispar
1398 378 1496 409 artatis,
1511 385 1568 412 qua
1582 377 1720 407 ﬂoruere,
1736 381 1758 403 et
1773 377 1816 410 opi-

1035 423 1160 456 nionum,
1173 431 1241 458 quas
1255 423 1371 458 amplexi
1386 428 1459 455 sunt,
1472 422 1653 450 observanda
1663 426 1707 449 est
1720 422 1790 448 ratio.

1160 468 1246 504 §Vll.
1272 469 1423 496 Maearium
1439 469 1521 503 fuisse
1543 469 1714 503 episcopum.

1071 514 1199 543 Nostrum
1215 523 1295 550 porro
1306 514 1625 549 MacariunrMaguetem
1638 513 1734 541 itidem
1749 513 1816 540 fuisse

1035 561 1210 596 episcopum,
1229 561 1300 588 inter
1324 561 1377 587 alia
1397 561 1438 587 vel
1458 561 1554 588 titulus
1576 560 1712 595 ἱεράρχου
1736 559 1816 590 innuit,

1035 606 1081 641 qui
1100 607 1186 633 eidem
1209 606 1347 639 tribuitur,
1361 610 1387 633 et
1398 606 1600 640 antiquissimis
1613 606 1684 632 olitn
1705 606 1817 632 antistiti-

1036 652 1086 679 bus
1099 651 1150 679 fuit
1163 653 1318 680 communis
1331 660 1337 678 :
1356 660 1418 680 cum
1429 652 1611 679 ecclesiastici
1627 652 1778 686 scriptores
1788 653 1815 677 ἱε-

1037 698 1102 734 ρέας
1121 703 1149 726 et
1165 699 1319 726 sacerdotes
1332 698 1467 733 appellare
1482 698 1590 725 soleant
1600 697 1692 724 duces
1706 702 1733 723 et
1747 702 1817 723 recto-

1037 752 1080 772 res
1101 745 1190 780 gregis
1213 744 1371 776 Christiani,
1395 744 1525 780 ἱεράρχας
1546 751 1614 770 vero
1636 747 1667 769 et
1689 744 1817 778 ἀρχιεςιὲις

1035 790 1184 826 pontiﬁces.
1195 794 1276 825 atque
1289 790 1432 825 episcopos
1444 790 1562 823 (9.2),vel
1576 789 1645 824 quia
1665 794 1730 816 ante
1741 798 1817 816 sese»

193 837 286 861 nOSlI‘a
300 833 418 860 minime
431 833 540 867 dignus,
561 832 608 867 (ιιιί
620 832 680 860 εοιίι
699 841 755 865 ΗΧ.
776 840 803 867 P-
821 841 858 860 ῐησ
870 833 917 864 53.
933 834 979 861 ubi
999 833 1018 860 Β
1037 842 1110 872 ptant
1130 836 1314 864 Christianam
1334 836 1492 871 religionem
1509 836 1552 863 itis
1570 835 1722 863 vocabulis
1736 843 1817 862 assue-

193 879 248 915 agit
266 879 300 906 de
319 878 424 914 synodo
444 878 477 905 ad
494 877 642 911 Quercum,
658 885 719 912 quae
733 884 827 906 contra
848 879 878 905 Β.
896 879 980 906 Joan-

193 933 254 952 nem
271 924 494 959 Chrysostomum
513 923 652 958 illegitime
670 928 763 950 coacta
783 928 835 957 est,
857 932 979 952 comme-

193 973 291 1001 morat,
309 969 335 996 in
349 969 442 996 eadem
459 968 563 1004 synodo
576 973 734 995 accusatum
755 968 839 996 fuisse
858 969 979 997 lieracli-

191 1015 253 1042 dem
272 1013 372 1048 Ephesi
395 1013 551 1048 episcopum
569 1022 584 1040 a
605 1013 724 1042 Macario
746 1015 899 1049 Magnetum
920 1017 978 1050 epi-

191 1067 284 1095 scopo.
302 1059 391 1086 Verba
405 1059 494 1086 Photii
513 1059 571 1087 haec
589 1065 670 1087 sunt:
695 1061 738 1087 Ἐν
758 1061 935 1096 ὑπομνήματι
949 1061 977 1087 δὲ

189 1106 259 1134 αὐτὰ
274 1105 397 1141 ἐπράχθη
414 1106 478 1132 δέκα
494 1107 562 1142 πρὸς
580 1108 636 1138 τοῖς
659 1106 767 1142 τρισίν·
787 1106 855 1133 ἀλλὰ
874 1107 908 1134 τὰ
929 1108 978 1143 μὲν

189 1150 235 1177 δύο
248 1151 294 1177 καὶ
306 1151 380 1181 δέκα.
395 1151 464 1178 κατὰ
477 1151 523 1177 τοῦ
538 1152 614 1185 ἁγίου
625 1160 632 1166 ”
650 1151 680 1178 τὸ
694 1152 722 1178 δὲ
735 1152 794 1186 τρὶς
806 1152 852 1178 καὶ
864 1152 976 1179 δέκατον

190 1196 312 1232 περιέχει
325 1197 359 1222 τὰ
374 1196 445 1223 κατὰ
462 1197 648 1232 Ἡρακλείδου,
671 1197 717 1223 τοῦ
740 1199 780 1229 εἰς
798 1198 912 1232 Ἔφεσον
931 1199 977 1224 ὑπ’

189 1242 272 1269 αὑτοῦ
295 1242 535 1278 χειροτονηθέντος,
556 1240 640 1278 οὗπερ
663 1243 724 1269 οὐδὲ
749 1243 797 1278 τὴν
820 1244 978 1279 καθαίρετιν

191 1288 301 1323 ἴσχυσαν
318 1288 471 1319 τελειῶσαι,
489 1286 590 1324 ἑτέρων
602 1287 682 1315 τινῶν
701 1288 889 1315 κωλυσάντων.
909 1289 936 1316 ’0
949 1289 978 1315 δὲ

189 1335 342 1370 κατήγορος
361 1334 546 1370 Ἡρακλείδου,
559 1334 609 1369 τῆς
625 1334 779 1369 Μαγνήτων
799 1334 901 1366 πόλεως
916 1334 977 1360 ἐπί-

190 1387 290 1411 σκοπος
307 1377 341 1414 ἦν
359 1379 472 1415 ὀνόματι
489 1379 641 1415 Μακάριος.
661 1380 681 1406 Ι.
698 1388 741 1407 e.:
769 1380 903 1407 Tredecim
922 1380 978 1408 lucc

190 1425 338 1460 (Synodtts)
355 1426 503 1452 actionibus
519 1430 636 1461 peracta,
649 1426 787 1453 duodecim
798 1426 903 1461 quidem
915 1435 978 1454 can-

189 1477 231 1498 tra
244 1470 272 1498 S.
296 1471 522 1506 C/trysostumum,
539 1472 617 1498 tertia
631 1471 731 1498 decima
745 1477 838 1498 contra
856 1470 978 1498 Heracli-

188 1517 258 1548 dem.
273 1526 350 1552 quem
365 1517 483 1552 Ephesiis
503 1517 547 1544 ille
562 1517 700 1544 ordinarat
713 1518 882 1552 episcopum;
898 1518 976 1552 hujus

189 1567 277 1590 tamen
290 1564 480 1598 depositione":
494 1563 612 1590 validam
626 1563 743 1594 reddere,
763 1563 824 1590 aliis
841 1563 975 1590 nonnullis

188 1609 396 1644 prohibentibus,
411 1609 518 1635 minime
530 1614 681 1643 potuerunt.
698 1608 850 1635 Heraclida:
867 1617 976 1635 accusa-

190 1660 233 1681 tor
247 1655 381 1681 Macarius
397 1654 505 1689 quidam
516 1655 619 1681 nomine
631 1655 693 1688 fuit,
710 1654 862 1689 Magnetum
877 1656 976 1689 episco-

188 1709 247 1736 pus.
263 1699 340 1727 Hunc
361 1704 450 1726 tamen
470 1700 618 1727 Maearium
644 1707 658 1726 a
682 1699 780 1728 Photio
794 1706 975 1728 memoratum

188 1757 326 1784 diversum
347 1755 432 1783 fuisse
445 1755 542 1790 opinor
559 1763 574 1783 a
589 1760 684 1783 nostro
700 1755 819 1783 Macario
843 1756 974 1792 Magnete,

188 1803 222 1830 de
233 1811 287 1838 quo
299 1810 371 1830 nunc
384 1807 439 1829 tota
455 1802 606 1829 instituitur
615 1802 771 1836 disputatio.
782 1801 880 1830 Noster
890 1803 974 1836 enim,

188 1854 258 1876 teste
266 1848 417 1884 Nicephoro
427 1857 489 1875 cum
502 1849 613 1884 reliquis
623 1849 792 1876 antistitibus
803 1849 973 1882 orthodoxis,

188 1896 236 1931 qui
251 1896 278 1922 in
294 1895 508 1930 pervestigandis
528 1895 771 1930 cxaminandisque
788 1894 897 1922 Macarii
918 1894 975 1922 Ma-

188 1941 277 1976 gnetis
299 1941 408 1975 scriptis
426 1941 571 1968 admodum
588 1941 697 1968 solliciti
715 1940 800 1972 fuere,
820 1940 847 1966 in
860 1940 975 1974 quibus-

188 1988 250 2015 dam
274 1988 406 2015 doctrinis
418 1986 563 2021 Origenem
578 1991 696 2019 secutus,
710 1994 741 2014 ac
755 1987 824 2014 inter
837 1987 888 2013 alia
902 1987 975 2014 istud

187 2035 284 2070 dogma
300 2035 441 2068 amplexus
455 2038 506 2065 est,
518 2034 556 2065 ὡς
568 2033 642 2064 τέλος
655 2033 709 2064 ἔξει
733 2033 749 2068 ἡ
763 2033 833 2059 κατᾶ
850 2033 895 2060 τὸν
912 2032 975 2068 μέλ-

187 2079 266 2106 λοντα
289 2079 384 2115 χρόνον
403 2080 458 2110 τοῖς
481 2078 607 2104 ἀςεϐέσιν
627 2076 780 2112 ἀνθρώποις
802 2077 972 2112 ὴπειλημένη

187 2126 235 2152 καὶ
249 2125 436 2161 ἡτοιμασμένη
453 2124 529 2160 παρὰ
543 2123 610 2150 Θεοῦ
628 2124 748 2155 κόλασις,
762 2123 898 2149 habituras
911 2123 974 2149 olim

187 2174 265 2207 ﬂuent
281 2181 324 2199 eas
340 2180 437 2206 pwnas,
454 2179 519 2206 quas
532 2170 622 2204 impiis
639 2169 787 2196 hominibus
802 2169 869 2196 Deus
887 2170 974 2196 mina—

188 2223 230 2245 tus
244 2223 282 2245 est
296 2227 326 2244 ac
343 2217 512 2252 pra'parzwit.
530 2215 582 2243 Sed
598 2215 748 2243 Photianus
771 2215 816 2242 ille
829 2215 974 2247 Macarius,

187 2263 340 2299 Magnetum
364 2263 518 2297 episcopus,
538 2265 643 2289 tantum
667 2261 745 2288 abest
766 2265 796 2287 ut
822 2260 975 2295 Origcnista

187 2308 280 2340 fuerit,
296 2313 326 2335 ut
338 2307 508 2335 Heraclidem
521 2307 621 2342 Ephesi
637 2307 794 2340 episcopum
811 2306 901 2340 potius
916 2306 976 2332 Ori-

188 2354 349 2390 genianismi
365 2353 534 2380 accusaverit
550 2352 624 2388 (ﬁl):
642 2360 674 2378 ex
690 2360 745 2386 quo
759 2351 847 2386 capite
861 2359 976 2379 accusa-

188 2401 270 2428 tionis
290 2400 342 2435 ipsi
363 2400 445 2426 etiam
463 2399 660 2433 Chrysostomo
683 2398 787 2424 crimen
813 2398 976 2424 intentatum

224 2469 280 2530 (9.12
301 2467 361 2494 Vid.
383 2467 472 2507 Photii
488 2466 661 2509 Bibliotpecu,
676 2467 694 2493 l.
710 2475 734 2507 e.
757 2476 782 2501 p.
801 2475 837 2494 m.
855 2468 901 2499 5’5,
916 2475 974 2502 seq.

226 2512 266 2530 cei
280 2524 286 2530 .
302 2511 374 2530 XCVI.
394 2511 420 2530 ι).
439 2502 491 2529 257
507 2507 533 2529 et
548 2502 610 2529 2(a).
627 2501 679 2528 Sed
694 2503 753 2529 Vide
769 2508 898 2530 praeterea
911 2503 974 2530 Pal-

188 2509 215 2530 et
226 2501 286 2532 cod.
302 2511 374 2536 XCVI,
394 2511 420 2537 p.
439 2502 491 2529 257
507 2507 533 2529 ct
548 2502 610 2529 265.
627 2501 679 2537 sed
694 2503 753 2529 vide
769 2508 898 2536 praeterea
911 2501 975 2530 Pai-

188 2539 298 2569 ladium,
313 2536 408 2565 testem
422 2537 566 2572 αὺτόπτην,
579 2537 605 2564 in
627 2536 687 2564 Vita
709 2537 905 2572 Clu'ysostomi;
925 2538 975 2565 So-

188 2573 375 2605 cratem,llist.
390 2573 452 2599 eccl.
469 2573 515 2599 lib.
531 2580 567 2605 VI,
583 2581 607 2599 c.
624 2572 667 2603 17,
687 2577 713 2599 et
726 2572 973 2604 δοιοιιιυιιιιιυΛὶι).

188 2616 248 2642 vni,
261 2617 286 2635 e.
309 2609 353 2641 i9,
378 2615 483 2635 necnon
499 2608 641 2642 epistolam
661 2607 851 2634 Chrvsostomi
867 2608 900 2635 ad
922 2609 976 2644 Cy-

189 2651 303 2675 rtacum,
316 2649 368 2670 CIC.

226 2678 280 2713 (Ξὲ)
300 2678 338 2705 Ex
356 2679 408 2713 isto
422 2684 497 2703 more
520 2678 632 2711 antiquo
648 2677 782 2704 Eusebius
797 2677 975 2705 Cmsariensis

189 2707 332 2748 episcopus
346 2707 742 2748 Nic-ephoroiniAntirrheticis
763 2718 877 2739 vocatur
894 2714 908 2738 ὁ
924 2713 975 2748 τῆς

190 2746 348 2782 Καισαρέων
370 2747 418 2782 τῆς
444 2746 512 2773 κατὰ
528 2747 708 2781 Παλαιστίνην
735 2747 888 2782 ἀρχιερεὺς,
919 2746 972 2774 etc.

190 2781 249 2808 Non
265 2779 310 2808 diu
327 2786 387 2815 post
397 2779 515 2807 'Adriani
533 2787 652 2816 tempora
675 2779 794 2816 episcopi
813 2779 917 2809 Similes
931 2783 972 2808 vi-

190 2817 249 2843 deti
270 2816 394 2843 volebant
418 2816 553 2850 pontiﬁcis
575 2817 687 2843 maximi
711 2817 885 2852 Judworum;
911 2825 973 2852 pre-

1037 888 1142 915 verant,
1155 883 1197 910 vel
1209 883 1282 918 quod
1297 881 1402 910 Veteris
1413 881 1581 909 Testamenti
1597 881 1704 916 stylum
1724 883 1750 908 in
1759 889 1786 908 ea
1796 890 1817 907 re

1035 929 1087 956 sibi
1105 929 1265 956 imitandum
1285 932 1426 962 putarent;
1447 927 1488 954 \‘el
1509 926 1583 961 quod
1608 927 1741 961 generale
1750 935 1817 952 von.

1032 975 1125 1002 bulum
1143 975 1178 1002 ad
1194 974 1328 1002 sermonis
1343 973 1532 1008 compendium
1553 973 1608 999 sibi
1626 973 1739 999 nullum
1755 980 1816 1006 repe-

1032 1022 1118 1048 rirent
1134 1021 1236 1055 aptius.
1251 1019 1290 1047 Ex
1311 1020 1403 1046 multis
1418 1019 1528 1046 unicum
1549 1019 1595 1045 hic
1621 1017 1745 1045 sumciat
1758 1018 1816 1044 teste

1031 1067 1153 1094 monium
1174 1066 1323 1101 Polycratis
1342 1065 1471 1100 Ephesini
1493 1064 1617 1099 episcopi
1647 1064 1723 1098 apud
1747 1064 1816 1090 EIL‘IE-

1031 1111 1193 1146 biunt,IIist.
1204 1112 1268 1138 uel.
1286 1112 1332 1139 lib.
1348 1119 1374 1143 ν,
1387 1119 1412 1138 e.
1424 1111 1469 1142 ‘24,
1486 1111 1512 1137 in
1527 1119 1584 1145 quo
1595 1110 1737 1137 Joannem
1749 1118 1816 1136 eratt-

1030 1158 1155 1193 gelistatn
1172 1158 1340 1185 hicrarcham
1357 1161 1383 1184 et
1400 1164 1539 1184 summum
1558 1156 1724 1190 pontiﬁcem
1740 1162 1816 1183 votat.

1031 1206 1077 1240 qui
1100 1205 1253 1240 pontilicale
1270 1204 1386 1231 πέταλον
1407 1203 1534 1239 gestavit.
1561 1203 1644 1230 Licet
1667 1203 1742 1231 enim
1759 1204 1817 1230 haud

1031 1252 1164 1286 ignorem,
1181 1251 1350 1286 Stephanum
1366 1251 1391 1278 le
1405 1250 1503 1286 Moyne
1521 1249 1579 1284 (‘23)
1597 1250 1684 1277 tidem
1703 1249 1819 1284 Polym-

1031 1298 1066 1324 tis
1084 1297 1133 1324 hac
1149 1297 1175 1324 in
1195 1301 1270 1332 parte.
1292 1301 1390 1331 pneter
1405 1303 1462 1323 rctn
1479 1296 1618 1328 vellicare,
1636 1300 1670 1322 ut
1687 1295 1819 1330 hypotbesi

1030 1351 1086 1369 sme
1101 1343 1239 1373 inserviat,
1255 1342 1342 1376 primo
1356 1346 1383 1369 et
1395 1341 1517 1369 secundo
1530 1341 1636 1368 szeculo
1653 1348 1751 1368 vocem
1763 1350 1817 1374 pea-

1031 1388 1111 1422 tiﬁcis
1132 1392 1159 1415 et
1185 1387 1329 1414 sacerdotis
1350 1387 1421 1422 apud
1437 1387 1540 1421 probos
1558 1391 1694 1414 auctores
1716 1386 1818 1414 istorum

1030 1434 1195 1462 surculorum
1212 1441 1351 1468 nunquam
1372 1440 1518 1460 occurrere
1532 1440 1538 1458 :
1557 1433 1632 1459 idem
1657 1438 1752 1459 tamen
1768 1432 1819 1459 fatr-

1030 1483 1086 1512 tur,
1104 1486 1130 1514 p.
1148 1479 1183 1506 30
1208 1479 1257 1506 itas
1278 1487 1359 1506 voces
1386 1479 1420 1506 ab
1438 1478 1556 1506 ethnicis
1583 1478 1753 1513 desumptas
1774 1479 1817 1512 in

1031 1525 1142 1552 ineunte
1156 1525 1256 1552 szcculo
1271 1532 1312 1558 ιιι,
1328 1525 1354 1551 in
1372 1523 1522 1552 Ecclesiam
1539 1523 1736 1551 Christianam
1752 1525 1819 1550 intro-

1029 1574 1126 1601 ductus
1138 1573 1233 1600 fuisse.
1250 1572 1321 1606 Quin
1340 1577 1367 1599 et
1381 1572 1477 1607 primis
1491 1571 1709 1599 Christianismi
1723 1572 1817 1599 sarculis

1030 1618 1175 1653 episcopos
1199 1618 1250 1645 hoc
1275 1617 1384 1644 nomine
1411 1617 1561 1645 honoratos
1585 1617 1688 1650 fuisse,
1719 1625 1753 1644 es
1775 1618 1818 1644 solo

1029 1663 1199 1691 Ter-tulliano
1211 1668 1338 1690 constare
1349 1667 1446 1698 potest,
1463 1663 1510 1697 qui
1522 1663 1549 1689 in
1562 1663 1614 1689 lib.
1634 1662 1676 1690 De
1690 1663 1818 1697 baptista-2.

1029 1717 1090 1744 cap.
1105 1709 1150 1742 17,
1167 1710 1260 1737 scribit
1275 1718 1281 1735 :
1300 1709 1388 1736 Βαιιαί
1401 1709 1506 1740 quidem
1519 1708 1682 1744 (baptismi)
1701 1709 1818 1742 Imbele

1028 1763 1146 1782 summus
1161 1755 1294 1786 sacerdos,
1316 1755 1361 1790 qui
1376 1760 1414 1781 est
1432 1754 1582 1788 episcopus.
1607 1754 1710 1781 deliine
1728 1755 1819 1788 pressi:-

1029 1803 1089 1834 leri,
1103 1805 1155 1828 etc.
1182 1799 1238 1828 Nec
1261 1801 1341 1835 longo
1364 1805 1484 1834 tempore
1511 1804 1575 1833 post
1599 1800 1629 1826 ιιι
1656 1801 1776 1827 concilio
1797 1807 1818 1824 ιιι

1028 1847 1246 1881 Carthaginiensi
1263 1847 1308 1873 hic
1321 1855 1408 1873 canon
1424 1853 1487 1872 sxvt
1501 1845 1594 1872 factus
1609 1851 1673 1872 est:
1691 1846 1727 1873 Ut
1740 1847 1819 1881 prima:

1028 1893 1101 1920 sedis
1117 1894 1263 1929 episcopus
1279 1901 1333 1919 tton
1347 1891 1496 1926 appelletur
1507 1892 1636 1925 princeps
1651 1893 1818 1918 succidam-.4.

1028 1944 1075 1967 aut
1094 1947 1211 1966 summus
1233 1939 1367 1970 sacerdos,
1391 1942 1438 1965 aut
1459 1937 1565 1971 aliquid
1591 1937 1766 1972 lmjusntodi,
1782 1937 1818 1963 sed

1029 1990 1133 2013 tantum
1154 1986 1247 2020 prima
1266 1985 1334 2011 sedis
1353 1985 1498 2019 episcopus.
1516 1983 1695 2011 Ilierarchas
1709 1992 1771 2011 vero
1786 1991 1818 2008 sc-

1027 2032 1116 2066 quiori
1131 2033 1239 2059 demum
1255 2035 1332 2058 relate
1348 2038 1443 2058 omnes
1457 2030 1612 2064 appellatos
1627 2030 1719 2057 fuisse
1732 2030 1818 2064 (ιρι-ευ

1028 2086 1087 2112 pos,
1105 2084 1320 2112 communesque
1336 2084 1398 2104 cum
1424 2076 1542 2104 summis
1565 2077 1751 2110 pontiﬁcibus
1768 2075 1817 2102 fun-

1028 2127 1133 2154 ctiones
1146 2125 1285 2158 habuisse,
1300 2132 1332 2152 ex
1344 2124 1429 2151 veteri
1442 2123 1497 2151 titu
1507 2124 1726 2151 ordinationum
1740 2130 1817 2149 sacra-

1029 2179 1089 2198 rum
1104 2170 1205 2205 passim
1222 2171 1293 2197 inter
1311 2170 1377 2196 alios
1395 2169 1588 2204 comprobavit
1599 2168 1814 2196 lsaacusllabrr-

1028 2223 1072 2244 tus
1089 2217 1115 2243 in
1133 2216 1288 2250 Ponti/icali
1300 2215 1426 2242 Eccletiw
1439 2215 1550 2246 σταται,
1574 2223 1603 2249 p.
1622 2215 1676 2242 3H
1696 2223 1763 2249 δρψ,
1779 2212 1814 2247 ιιιιὶ

1026 2268 1053 2289 et
1069 2263 1195 2297 peculiari
1213 2262 1404 2289 observatione
1420 2269 1458 2292 tv,
1477 2260 1510 2287 de
1533 2261 1697 2288 ltierarcha:
1711 2269 1754 2288 seu
1770 2259 1814 2292 rpi-

1027 2308 1101 2342 scopi
1115 2308 1264 2340 iunctione,
1276 2316 1336 2342 quae
1357 2316 1371 2334 a
1392 2307 1420 2334 S.
1443 2306 1575 2342 Dionysio
1592 2308 1748 2343 αὐτουργία
1760 2306 1814 2333 diri-

1027 2358 1081 2385 tur.
1104 2354 1158 2389 egit
1174 2354 1242 2389 (24).
1269 2353 1306 2380 lle
1328 2358 1422 2380 nostro
1446 2353 1530 2388 igitur
1553 2352 1683 2381 Macario
1707 2353 1813 2388 Magnete

1027 2400 1170 2426 hierarcha
1186 2408 1209 2426 s.
1225 2399 1354 2434 episcopo
1372 2399 1408 2425 ita
1424 2403 1561 2425 testantur
1577 2399 1722 2426 antistites
1734 2399 1789 2425 ortL-
1800 2410 1812 2415 —

1026 2466 1126 2502 sbyteri
1145 2467 1250 2498 eodem,
1273 2474 1328 2502 quo
1349 2467 1517 2498 sacerdotes,
1534 2467 1599 2494 loco
1623 2468 1732 2495 versari
1754 2467 1813 2493 dirr-

1026 2502 1140 2535 bantut;
1166 2502 1273 2529 diaconi
1297 2510 1359 2529 cum
1387 2502 1475 2529 levitis
1501 2503 1752 2536 comparabantur.
1775 2510 1812 2527 un—

1026 2541 1101 2564 tante
1114 2545 1177 2564 ven.
1193 2537 1244 2564 Dn.
1262 2537 1412 2565 Moshetnio
1434 2537 1460 2564 in
1486 2536 1611 2563 Historia
1633 2538 1712 2569 eri-1.,
1732 2536 1810 2563 smul.

1027 2579 1056 2608 tt.
1082 2578 1150 2606 part.
1180 2580 1208 2605 ιι,
1232 2580 1291 2607 cap.
1314 2572 1341 2603 2,
1368 2571 1382 2608 ς
1405 2571 1661 2608 ϐμιῇθρειιιίεδὶιιιςε
1687 2573 1811 2608 ediuouti.

1026 2605 1091 2639 Quae
1102 2605 1270 2642 comparatio
1278 2608 1334 2642 jam
1346 2605 1408 2642 ttint
1423 2607 1520 2634 nititur
1533 2607 1588 2634 t‘ule
1603 2607 1755 2634 Clementis
1766 2605 1813 2632 Ro-

1026 2642 1098 2668 mani
1113 2643 1139 2669 in
1154 2641 1233 2677 epist.
1254 2643 1264 2669 Ι
1280 2641 1510 2677 ⁷ιιάῗςὶοιίιιι1ιίοε,
1528 2650 1592 2676 cap.
1606 2642 1654 2669 40.

1063 2677 1120 2711 (25)
1140 2674 1257 2704 Ιιιίιοιίε
1274 2677 1309 2704 ad
1327 2675 1509 2712 Variaisacra,
1523 2674 1594 2704 tom.
1612 2678 1648 2709 ll,
1667 2686 1694 2712 p.
1714 2677 1761 2706 ‘25.
1774 2674 1811 2700 31

1061 2712 1118 2747 (2b)
1139 2712 1206 2740 Nota
1222 2713 1303 2739 etiam
1321 2717 1384 2739 sunt
1403 2711 1522 2739 Joannis
1536 2711 1739 2739 Euchaitorum
1764 2719 1811 2736 mr-

1025 2748 1169 2781 tropolitre.
1195 2747 1329 2774 Philothei
1350 2748 1513 2781 patriarcha:
1537 2746 1621 2774 CPol.
1650 2749 1811 2778 aliorumque

1025 2784 1126 2816 scripta
1155 2783 1350 2809 encomiastica
1375 2783 1401 2808 in
1423 2788 1479 2809 tres
1498 2782 1673 2813 hierarchas,
1692 2782 1809 2808 Basilum

1025 2817 1071 2852 Μ.³
1088 2817 1247 2854 Gregorium
1264 2816 1472 2850 Nazianzenum,
1498 2821 1525 2844 et
1547 2817 1682 2844 Joannem
1704 2817 1810 2848 Chrﬁv—
