1848 3043
10 79 77 106 ιῖῶ

41 89 78 107 ω

606 84 744 113 ΝΟΤΠΙΔ
763 87 807 118 ΕζΓ
828 87 1053 118 FRAGMENTA.

1583 96 1652 125 εδει

10 140 69 167 loxi
90 141 169 176 apud
188 141 370 178 Nicephorum
388 144 439 172 CP.
460 145 486 172 in
503 145 603 180 saepius
621 147 738 175 laudatis
752 148 807 175 An-
821 152 844 179 Α
858 154 963 176 aetatem
988 151 1096 179 stetisse
1121 155 1248 185 testatur.
1266 153 1405 181 Christum
1436 155 1582 184 Dominum
1609 158 1635 185 δι

14 187 183 215 irrheticis:
206 188 238 215 Ἡ
255 189 304 224 μὲν
320 187 366 216 οὖν
380 190 469 225 βίϐλος
483 191 625 228 Μακαρίου
642 192 691 227 μὲν
712 193 807 227 ἐπιγέ-

10 240 148 267 (parum,
167 235 293 271 ξεράρχου
313 236 341 262 δὲ
357 237 406 271 τὴν
428 237 506 269 ἀξίαν
519 245 526 253 ·
548 238 617 274 ὅπερ
636 238 686 273 οὐχ
710 240 726 274 ἡ
749 240 808 266 ἐπι-

10 278 103 314 (ραφὴ
121 280 190 316 μόνη
202 281 347 314 δείκνυσιν,
366 282 423 309 ἀλλ’
435 284 484 320 ἤδη
502 284 548 311 καὶ
562 285 578 320 ὴ
592 285 692 317 ἔξωθεν
706 287 735 313 ὲν
749 288 807 318 ταῖς

10 327 128 359 πτυχαῖς
154 326 204 361 τῆς
229 327 320 362 βίῢλου
345 329 526 365 ἀρχαιοτάτης
552 330 637 367 οΰσης
659 331 807 368 φιλοτίμως

10 372 171 407 ῖυπουμένη
186 372 233 399 τοῦ
248 374 394 410 Μακαρίου
409 375 503 402 τούτου
520 376 602 404 εἰκὼν
617 377 806 415 ὲκτυπώτερον

10 417 171 453 παρίστησι.
194 419 293 455 Στολὴν
307 420 362 456 γὰρ
384 422 479 457 ἱερέως
500 423 594 450 τοῦτον
616 425 806 460 ἀμπεχόμενον

10 463 167 497 ιποφαὶνει,
182 463 254 490 καθὰ
267 464 299 500 δὴ
313 465 446 502 πολλαχοῦ
463 467 510 494 καὶ
528 469 556 494 ὲν
572 468 679 505 ἑτέραις
703 470 807 503 δέλτοις

10 509 238 545 ινιστορούμενον
252 511 396 548 εὐπρεπῶς
405 513 449 540 τὸν
461 515 560 542 οἰκεῖον
576 517 736 552 συγγραφέα
750 517 808 553 eis

10 563 103 590 τομεν.
120 556 203 584 Liber
212 558 300 593 itaque
314 560 473 595 inscriptum
483 561 559 589 habet
574 561 690 590 Macarii
701 572 806 597 nomen,

11 606 64 627 tem
75 602 251 637 dignitatem,
259 612 349 639 nempe
356 607 500 641 pontiﬁcis.
510 607 594 643 quue
605 617 654 635 non
664 611 757 638 titulus
767 621 807 638 so-

10 655 55 673 um
72 647 193 681 indicat,
209 649 254 676 sed
266 650 325 684 ipsa
340 652 422 679 etiam
433 654 597 682 extrinsecus
610 654 672 682 libri
683 657 806 683 vetustis-

12 693 60 719 imi
76 695 240 728 tegumentis
250 695 382 731 eleganter
398 698 525 733 impressa
540 699 655 728 Macarii
665 701 743 734 huius
754 703 806 736 effi-

10 739 51 765 ries
63 740 216 767 euidentius
229 742 334 776 probat.
349 743 420 770 Nam
432 744 501 772 hum:
512 747 673 774 sacerdotali
684 754 752 776 veste
763 749 806 776 in-

10 785 95 811 lutum
107 787 226 820 exhibet,
240 789 459 823 quemadmodum
472 797 496 818 et
508 793 535 819 in
549 793 610 820 aliis
623 793 698 822 libris
710 800 802 822 aucto-

11 837 51 856 em
59 832 203 866 eleganter
212 833 345 868 depictum
352 837 449 870 swpius
461 837 588 866 videmus.
599 839 639 866 Ad
651 848 712 875 qua:
721 841 800 869 verba
818 825 837 852 Β

10 877 115 910 luidem
135 877 338 914 Tillcmontius,
354 889 416 909 cum
431 891 486 918 quo
501 883 641 914 Boivinius
661 887 725 915 olim
748 888 804 915 fra-

10 928 110 950 menta
119 923 254 960 Magnetis
263 929 523 963 communicaverat,
532 931 558 958 in
568 930 688 960 Historia
695 934 806 968 impera-
827 952 831 956 ›

10 976 102 1001 orum,
112 975 143 996 et
160 971 268 1003 quidem
278 971 306 999 in
316 971 376 1000 Vita
384 973 555 1003 Constantini
568 976 656 1012 Magni
665 978 721 1013 (25)
730 980 802 1008 hunc

10 1023 24 1040 u
39 1016 160 1043 modum
177 1024 380 1047 commentatur
400 1030 406 1047 :
425 1020 489 1053 Car,
505 1030 573 1056 pour
586 1031 614 1050 ce
630 1024 710 1058 qu'ils
724 1033 802 1053 assu-

10 1066 63 1093 ent,
74 1070 128 1097 que
138 1063 163 1090 Ie
174 1066 320 1092 manuscrit
328 1067 407 1102 qu‘ils
415 1076 445 1095 en
455 1069 656 1105 avaienttrouvé
661 1072 725 1098 était
736 1073 800 1100 tres-

10 1110 105 1142 ‘ncien,
121 1111 181 1138 cela
191 1114 272 1139 serait
283 1113 342 1147 plus
356 1114 547 1150 considérable,
562 1117 585 1143 si
598 1125 645 1144 son
659 1118 745 1153 image
755 1119 798 1154 n’y

10 1157 71 1182 ‘vait
85 1165 139 1190 pas
152 1158 194 1184 été
208 1158 321 1187 liabillée
338 1168 368 1187 en
382 1161 484 1196 ἐνείμω.
502 1161 556 1189 Car
570 1164 732 1191 assurément
742 1165 798 1192 cela

10 1202 66 1228 t‘est
83 1211 138 1236 pas
153 1203 190 1230 du
209 1209 249 1231 IV'
263 1205 350 1238 siécle,
373 1207 402 1233 ni
425 1214 621 1242 apparemmenl
635 1209 671 1236 du
690 1215 727 1236 ν’.
745 1210 796 1238 Sed

10 1251 189 1282 praeterquam
214 1251 287 1284 quod
311 1258 345 1278 ex
361 1251 511 1280 involucris
533 1253 594 1280 libri
615 1255 796 1284 exterioribus

12 1298 20 1319 t
35 1294 192 1323 artiﬁciose
212 1296 320 1331 depicta
345 1298 464 1334 imagine
479 1303 561 1333 atque
577 1300 672 1328 habitu
687 1302 795 1336 episco-

10 1339 50 1366 »ali
70 1340 211 1376 Magnetis
229 1343 300 1371 haud
314 1343 431 1379 iudicari
454 1350 544 1380 potest
559 1347 592 1374 de
610 1349 727 1382 genuina
745 1357 795 1376 an-

10 1387 128 1421 iquitate
144 1389 246 1423 operis,
258 1390 300 1417 vel
319 1395 399 1418 aetate
413 1393 551 1427 auctoris;
570 1402 631 1422 cum
650 1396 691 1422 vel
705 1395 793 1430 ipsum

10 1432 156 1466 Ihristum,
178 1434 319 1468 apostolos
333 1440 360 1463 et
375 1437 503 1472 antiquos
517 1438 661 1474 plerosque
676 1441 791 1469 clericos

861 195 956 223 πλοῖδα
981 197 1102 232 κοσμίως
1128 198 1368 235 περιϐεϐλημένον,
1385 201 1435 229 hoc
1448 207 1490 230 est
1509 203 1650 239 duplicata

860 246 943 275 vestr,
961 242 1051 270 tunica
1073 243 1133 270 scil.
1151 248 1179 270 et
1200 245 1292 279 pallio,
1309 246 1437 274 decenter
1452 248 1589 283 indutum,
1617 257 1651 276 ex

859 289 998 316 Communi
1023 290 1101 317 istius
1118 290 1206 318 artatis
1230 291 1360 325 opinione
1374 297 1401 320 et
1419 294 1552 321 vestiendi
1571 302 1651 323 more

860 335 1094 368 repracsentaverit
1120 335 1175 370 (28)
1199 346 1205 363 :
1225 341 1255 363 ut
1278 337 1346 365 adeo
1362 338 1414 365 hoc
1429 339 1584 368 vestimenti
1603 349 1649 375 ge-

859 387 911 407 nus
926 388 941 407 a
956 381 1051 415 primis
1065 381 1194 410 Ecclesia:
1204 383 1368 412 Christianae
1382 386 1490 414 smculis
1504 387 1650 423 haudqua-

858 434 939 461 quam
958 427 1040 454 fuerit
1056 429 1186 456 alienum.
1206 429 1283 458 Nulla
1298 432 1413 470 proipde
1430 440 1452 459 sv
1465 434 1549 467 ppetit
1563 435 1643 469 ratio,

858 480 907 499 cur
922 472 1016 507 longas
1032 478 1120 501 vestes
1134 475 1313 510 episcopales,
1330 477 1352 504 si
1371 485 1386 504 a
1403 478 1516 513 reliquis
1528 481 1643 507 vestium

858 519 1025 546 ornamentis
1041 520 1170 554 paulatim
1189 522 1350 549 introductis
1374 523 1592 559 discesserimus,
1610 527 1644 554 ad

859 569 981 599 tempora
1000 566 1098 593 saeculo
1115 575 1140 593 iv
1158 568 1199 594 vel
1214 576 1230 594 v
1244 568 1372 596 inferiora
1397 570 1506 598 demum
1523 572 1643 600 referen-

857 607 906 634 das
916 615 976 635 esse
986 615 1096 637 censeat
1107 609 1306 640 Tillcmontius.
1320 613 1492 642 Contrarium
1507 615 1642 652 forteiam

859 656 915 680 tum
938 654 1028 690 colligi
1044 661 1136 690 posset
1157 665 1188 684 ex
1206 657 1355 693 Polycratis
1381 659 1560 695 Ephesiorum
1583 664 1641 698 cpi-

857 699 932 733 scopi
955 701 1036 728 modo
1050 702 1165 737 allcgata
1181 703 1296 738 epistola
1314 706 1384 739 apud
1401 706 1548 735 Eusebium
1565 709 1640 736 llist.

856 744 931 777 eoab,
948 746 994 772 lib.
1016 754 1042 779 ν,
1060 754 1084 774 c.
1099 747 1144 780 2t,
1160 748 1187 775 in
1203 757 1257 784 qua
1281 749 1310 777 S.
1331 750 1464 780 Joannem
1486 756 1640 789 apostolum

859 796 993 820 memorat
1013 792 1043 819 τὸ
1059 794 1185 826 πέταλον,
1211 795 1268 823 sive
1283 797 1413 826 laminam
1431 808 1560 835 auream,
1583 808 1642 830 tan-

855 845 937 872 quam
962 839 1140 867 sacerdotalis
1161 840 1270 869 habitus
1288 842 1404 877 insigne,
1422 850 1543 879 gestasse
1565 848 1639 883 (29),

854 884 954 919 quippe
968 886 1040 919 quod
1057 886 1170 915 honoris
1185 887 1292 924 insigne
1306 890 1410 924 primos
1430 892 1492 920 illos
1507 894 1641 923 Christia-

854 938 951 958 norum
970 932 1111 966 pontiﬁces
1133 935 1257 968 exemplo
1283 934 1459 965 Judaicorum
1478 941 1639 974 pontiﬁcum

853 976 975 1004 imitatos
995 985 1056 1005 esse
1070 978 1220 1006 arbitratur
1234 979 1317 1008 llcnr.
1337 981 1462 1011 Valesius
1477 985 1503 1011 in
1520 987 1594 1015 notis
1605 988 1639 1015 ad

853 1021 926 1048 hunc
940 1022 1039 1050 locum.
1058 1022 1158 1050 Verum
1176 1032 1238 1051 cum
1257 1027 1381 1054 nonnulli
1396 1028 1451 1063 (50)
1472 1030 1528 1057 haec
1547 1033 1639 1066 potius

852 1068 1038 1104 metaphorice
1053 1069 1167 1104 intelligi
1183 1071 1290 1104 malint,
1304 1080 1357 1100 non
1370 1075 1444 1108 quod
1460 1075 1580 1107 Joannes
1596 1087 1639 1106 re-

852 1121 915 1140 vera
930 1115 1058 1142 sacerdos
1077 1115 1169 1148 fuerit,
1186 1118 1228 1145 vel
1242 1126 1304 1146 cum
1321 1121 1539 1150 sacerdotalibus
1552 1131 1638 1152 orna-

850 1158 949 1186 mentis
964 1159 1089 1188 incedere
1101 1161 1198 1190 solitus
1209 1168 1290 1197 esset,
1306 1165 1352 1192 sed
1370 1166 1434 1200 quia
1445 1167 1566 1202 dotibus,
1580 1177 1637 1197 nie-

850 1204 920 1237 ritis,
937 1205 1047 1238 virtute,
1061 1208 1216 1240 sanctitate,
1237 1211 1393 1239 sacerdotcs
1406 1211 1542 1242 chiticos
1555 1223 1636 1251 supe-

848 1255 932 1283 raret,
950 1255 977 1278 et
992 1252 1155 1288 cognitionis
1173 1262 1229 1282 sua:
1244 1256 1410 1285 sublimitate
1426 1259 1461 1286 ita
1480 1268 1510 1287 se
1527 1262 1634 1289 attolle-

849 1301 889 1324 ret
903 1302 930 1324 et
943 1303 1109 1333 assurgeret,
1125 1304 1156 1326 ut
1170 1301 1254 1329 cmlos
1269 1302 1343 1337 ipsos
1356 1309 1382 1330 ct
1400 1304 1498 1333 Sancta
1523 1312 1633 1336 sancto-

847 1350 906 1370 rum
915 1350 1073 1378 penetrasse
1084 1345 1236 1373 videretur:
1251 1349 1333 1375 misso
1343 1350 1480 1385 paulisper
1491 1352 1543 1379 isto
1557 1355 1634 1381 testi-

847 1390 949 1423 monio,
967 1390 1064 1419 fortius
1078 1399 1228 1427 provocare
1239 1394 1331 1422 licebit
1346 1396 1379 1423 ad
1395 1397 1505 1426 Eusebii
1521 1399 1635 1428 Caesari-

845 1436 919 1464 ensis
943 1437 1092 1465 oratiouem
1118 1441 1306 1475 panegyricum
1327 1442 1360 1469 de
1379 1443 1560 1473 aedificatione
1582 1447 1634 1475 Ec-

10 1479 89 1507 unica
94 1484 140 1507 tos
146 1484 173 1507 et
180 1481 306 1515 palliatos
314 1488 419 1511 veteres
428 1485 541 1519 pietura‘.
551 1490 579 1514 et
589 1486 686 1514 littera:
693 1487 772 1516 reteri

868 1483 991 1510 ,θεῖαι-ωτι
1014 1483 1128 1513 Paulino
1151 1484 1294 1521 Tyriorum
1321 1489 1449 1524 episcopo
1471 1491 1504 1518 Α.
1530 1491 1561 1519 C.
1579 1493 1632 1521 515

10 1525 104 1552 oleam.
121 1535 129 1553 :
152 1526 220 1554 nihil
239 1532 327 1555 tamen
347 1529 447 1563 obstat,
470 1532 619 1566 quominus
633 1541 682 1568 per
697 1534 792 1570 στολὴν

10 1570 94 1605 ερέως
113 1571 225 1606 longam
239 1576 321 1607 atque
335 1574 368 1600 ad
384 1575 453 1602 talos
468 1576 615 1605 demissam
631 1583 733 1606 vestem
751 1579 793 1606 in-

10 1616 173 1651 clligamus,
197 1626 259 1652 quze
288 1626 350 1646 cum
374 1611 446 1652 θ’θ’ὶέ
465 1621 523 1649 sive
547 1623 630 1658 pallio
656 1625 792 1658 pontiﬁcis

10 1663 110 1689 maximi
133 1663 308 1691 Hebraeorum
327 1665 383 1692 fere
402 1668 566 1700 conveniat,
582 1669 620 1696 ita
638 1674 668 1696 ut
681 1670 714 1697 ad
732 1670 792 1705 ejus

10 1708 209 1736 imilitudinem
225 1710 315 1737 tunica
330 1711 427 1739 deinde
445 1713 608 1748 episcopalis
625 1715 652 1742 in
667 1715 790 1744 Ecclesia

10 1754 159 1781 ihristiana
181 1756 283 1783 sensim
303 1756 457 1785 introducta
477 1759 513 1786 sit
534 1759 602 1791 (26).
619 1760 704 1793 Quale
725 1763 790 1798 ἱμά-

10 1808 48 1827 ιον
80 1801 174 1836 (quod
201 1802 348 1836 scriptores
369 1804 547 1834 ecclesiastici
572 1806 640 1834 alias
665 1806 789 1835 διπλοΐδα

10 1847 147 1882 ppellant,
172 1848 224 1875 hoc
238 1853 280 1876 est
301 1854 403 1877 vestem
428 1850 604 1885 duplicatam,
625 1860 686 1887 quae
703 1858 788 1881 totum

10 1893 77 1920 eluti
90 1901 196 1927 corpus
206 1893 373 1928 duplicando
388 1895 594 1932 circuinvolvit)
608 1897 694 1932 ipsum
706 1899 787 1926 etiam

10 1943 175 1966 ‘crvatorem
191 1944 317 1967 nostrum
332 1945 455 1975 gestasse
469 1942 525 1979 (27)
535 1943 606 1970 haud
622 1944 747 1972 dubitant
758 1946 787 1979 ii,

11 1985 37 2010 ui
55 1985 91 2011 de
106 1992 139 2012 re
155 1985 285 2013 vestiaria
298 1990 418 2014 veterum
433 1988 601 2022 scripserunt
616 1999 621 2016 :
637 1990 707 2017 inter
718 1999 788 2026 quos

10 2030 135 2064 nprimis
151 2030 281 2065 legendus
295 2036 336 2059 est
347 2032 426 2060 Joan.
437 2033 572 2062 Braunius
589 2035 627 2062 De
643 2038 735 2064 vestitu
745 2045 788 2064 sa-

10 2076 134 2103 !rdotum
161 2076 349 2111 Hebrworum,
378 2080 425 2107 lib.
444 2089 475 2114 ιι,
491 2089 551 2116 cap.
570 2082 603 2115 2,
620 2091 646 2118 p.
674 2083 741 2116 579,
761 2088 787 2111 et

10 2130 49 2157 ip.
66 2123 94 2155 5,
117 2130 146 2157 p.
164 2123 217 2151 M5
233 2131 310 2159 seqq.
324 2124 394 2158 Quid
408 2127 480 2161 quod
497 2132 524 2154 et
542 2135 610 2155 terea
638 2129 682 2156 illa
696 2134 785 2158 statua

845 1528 961 1562 dictam;
989 1529 1017 1556 in
1042 1538 1095 1565 qua
1122 1530 1266 1559 Paulinum
1295 1538 1462 1570 cazterosque
1487 1537 1632 1573 episcopos

845 1579 991 1608 praesentes
1007 1577 1098 1604 statim
1115 1577 1149 1604 ab
1166 1576 1244 1605 initio
1261 1578 1335 1606 hunc
1348 1580 1375 1606 in
1393 1581 1502 1609 modum
1515 1582 1631 1618 alloqui<

844 1625 887 1647 tur
902 1631 908 1647 ε
924 1617 959 1647 ’Ὦ
978 1621 1048 1655 φίλοι
1063 1622 1130 1649 Θεοῦ
1145 1623 1192 1650 καὶ
1209 1624 1300 1659 ἱερεῖς,
1315 1626 1338 1651 οὶ
1352 1626 1396 1653 τὸν
1414 1627 1489 1661 ἅγιον
1505 1617 1609 1666 ποδήρη
1623 1651 1630 1662 ,

843 1666 889 1692 καὶ
904 1665 948 1692 τὸν
964 1667 1088 1703 οὐράνιον
1102 1669 1149 1704 τῆς
1166 1669 1244 1704 δόξης
1259 1671 1400 1705 στέφανον,
1418 1674 1448 1699 τό
1474 1683 1502 1700 τε
1527 1665 1630 1711 χρίσμα

841 1712 872 1738 τὸ
887 1711 986 1745 ἔνθεον,
1013 1714 1059 1740 καὶ
1077 1713 1126 1749 τὴν
1148 1716 1289 1752 ἱερατικὴν
1305 1717 1351 1744 τοῦ
1374 1718 1451 1752 ἁγίου
1471 1720 1629 1756 Πνεύματος

842 1758 937 1794 στολὴν
951 1759 1187 1795 περιὸεϐλημένοι,
1206 1769 1232 1787 κ.
1249 1771 1275 1788 τ.
1291 1762 1315 1789 λ.
1335 1763 1421 1790 Amici
1436 1769 1460 1791 et
1479 1768 1628 1795 sacerdotes

841 1803 900 1836 Dei,
911 1804 957 1839 qui
972 1812 1049 1831 sacra
1064 1806 1154 1832 tunica
1176 1806 1258 1833 talari
1270 1807 1367 1841 induti,
1387 1814 1410 1835 et
1426 1810 1523 1837 caelesti
1536 1813 1629 1846 gloria:

840 1857 935 1876 corona
943 1851 1071 1884 decorati,
1081 1852 1222 1887 divinaque
1233 1854 1354 1881 unctione
1368 1855 1488 1890 delibuti,
1502 1863 1526 1884 et
1540 1867 1628 1886 sacer-

840 1896 925 1923 dotali
947 1899 1032 1924 sancti
1059 1899 1177 1933 Spiritus
1204 1906 1271 1927 vcste
1296 1902 1388 1929 amicti
1413 1904 1485 1936 estis,
1501 1909 1553 1933 etc.
1570 1907 1626 1942 (5i)

840 1941 906 1975 Quae
923 1944 1004 1971 verba
1021 1945 1044 1971 si
1060 1944 1158 1972 iterum
1182 1953 1215 1973 ex
1236 1948 1370 1975 sententia
1390 1948 1490 1985 Moynii
1508 1953 1628 1987 tropolm

839 1988 899 2024 gice
916 1992 1022 2016 tantum
1037 1994 1064 2017 et
1079 1998 1126 2025 per
1148 1991 1309 2020 allusionem
1327 1993 1360 2020 ad
1376 1994 1498 2023 habitum
1517 1998 1628 2031 pontiti-

838 2035 925 2062 calem
941 2033 973 2062 V.
991 2035 1022 2063 T.
1038 2037 1170 2071 accipere,
1185 2045 1236 2065 nec
1251 2038 1334 2066 simul
1347 2040 1380 2066 ad
1397 2047 1557 2074 praesentem
1578 2051 1626 2072 ve-

839 2082 933 2108 stitum
957 2082 1139 2117 episcopalem
1156 2084 1236 2112 istius
1251 2085 1381 2120 temporis
1407 2088 1544 2121 respicere
1560 2097 1590 2117 vc
1624 2105 1628 2112 -

839 2134 911 2158 mus,
927 2129 1072 2155 verendum
1098 2129 1159 2161 erit,
1183 2137 1217 2156 ne
1239 2130 1374 2165 integrum
1394 2131 1495 2160 factum
1514 2135 1625 2163 histor.-

10 2169 192 2199 aneadensis.
203 2177 285 2204 quam
295 2170 429 2199 Eusebius
441 2172 673 2201 luculentissimus
682 2180 709 2202 et
720 2183 785 2202 ocu-
802 2165 823 2191 D
838 2180 899 2200 cum
915 2173 948 2200 de
965 2174 1064 2208 templo
1079 2174 1105 2201 in
1120 2175 1186 2202 urbe
1201 2175 1271 2212 Tyro
1288 2181 1427 2205 exstructo
1442 2179 1500 2213 pari
1517 2181 1624 2209 ratione

10 2220 60 2243 itus
75 2215 158 2242 testis
174 2216 244 2250 apud
257 2216 408 2244 Caesaream
425 2217 541 2254 l’liilippi
556 2227 642 2255 usque
657 2221 689 2247 ad
704 2229 782 2249 suam

10 2323 140 2345 omum:
165 2316 199 2344 de
218 2316 317 2352 quibus
341 2317 392 2352 legi
415 2319 514 2352 poterit
535 2319 560 2346 J.
583 2321 614 2347 Α.
641 2320 783 2350 Fabricius

10 2362 14 2379 ι
30 2352 204 2391 Ιξξὺιὶοιὴεοα
223 2351 326 2386 Graeca,
341 2351 394 2380 vol.
413 2351 466 2387 Vll,
480 2362 506 2389 p.
521 2355 585 2387 558,
599 2360 626 2382 ct
639 2357 693 2384 vol.
715 2357 781 2391 Vlll,

23 2425 82 2459 (25)
102 2422 184 2459 Tom.
204 2423 250 2455 lV,
265 2431 291 2458 p.
304 2423 356 2451 487
371 2431 424 2458 sq.,
437 2424 515 2458 Cujus
530 2426 612 2452 verba
628 2427 720 2453 citavit
734 2427 783 2455 Fa-

10 2460 92 2487 ricius
111 2459 140 2485 in
157 2458 261 2486 Delectu
276 2464 489 2496 argumentorum
503 2465 527 2487 et
545 2461 647 2495 syllaba
670 2462 781 2496 scripto-

10 2503 45 2531 mt
60 2495 226 2531 de_yci'itate
242 2494 376 2531 religionis
390 2495 502 2531 Christ,
517 2503 543 2530 p.
560 2494 607 2531 66,
622 2504 696 2531 seqq.

22 2530 82 2565 (26)
102 2528 174 2566 Hinc
190 2530 216 2556 in
240 2530 324 2557 missa
345 2529 451 2566 liatoldi
468 2528 539 2566 apud
562 2528 702 2566 Hugonein
725 2533 780 2560 Me-

10 2566 108 2592 ardum
124 2565 151 2591 in
160 2566 307 2599 appendice
320 2565 352 2591 ad
364 2565 462 2592 librum
474 2565 705 2593 Sacramentorum
714 2568 780 2595 Gre-

10 2601 57 2627 πῆ
75 2600 181 2634 Magni,
195 2607 220 2634 p.
240 2607 276 2626 ni.
292 2599 355 2633 261,
373 2606 434 2634 post
454 2605 593 2635 acceptam
613 2602 710 2629 stolam
730 2604 780 2630 mi-

10 2636 125 2662 istratur
137 2635 257 2669 episcopo
269 2636 358 2662 tunica
369 2637 440 2670 gyris
458 2637 487 2662 in
500 2637 683 2664 tintinnabulis
704 2639 779 2665 miri-

10 2679 34 2698 ce
48 2670 432 2705 refecta,adsimilitudinem
449 2672 599 2699 sacerdotis
611 2673 751 2700 Aaronici.

22 2704 84 2741 (εη
103 2704 187 2741 (Ioni.
200 2704 295 2732 Matth.
310 2713 347 2738 ix,
362 2706 408 2738 20,
420 2706 450 2732 21
465 2715 472 2738 ;
487 2706 570 2734 Marc.
589 2715 615 2738 ν,
630 2707 665 2733 27
681 2713 708 2735 et
722 2710 775 2741 50;

10 2749 66 2768 ian.
88 2749 148 2772 xix,
163 2740 209 2771 25.
225 2748 259 2767 ex
280 2748 335 2775 quo
348 2741 445 2768 uitimo
464 2743 559 2776 liquet,
577 2742 714 2770 Christum
727 2744 778 2770 du-

10 2777 50 2803 (ἰοὶ
69 2784 153 2804 usum
177 2783 239 2802 csse
263 2777 343 2803 vestis
364 2784 473 2812 genere,
491 2777 594 2805 scilicet
613 2777 730 2813 ἱματίοις
750 2783 776 2806 et

10 2821 92 2839 .TwVL.

149 2860 284 2890 l‘araon.
308 2860 365 2889 Gn.
383 2859 423 2890 Χ.

838 2220 863 2246 in
877 2219 976 2247 factum
989 2220 1126 2255 quoddam
1141 2222 1356 2256 metaphoricum
1368 2230 1544 2252 convertatur
1554 2227 1621 2262 (52),

871 2321 926 2359 (28)
946 2321 1005 2349 Vid.
1026 2322 1133 2359 Eusebii
1153 2323 1224 2349 Hist.
1237 2323 1350 2350 eccl.lib.
1370 2332 1416 2355 vn,
1430 2332 1489 2359 cap.
1507 2325 1548 2352 l8.

870 2357 926 2395 (29)
950 2358 1009 2395 Ἔτι
1036 2358 1063 2384 δὲ
1079 2359 1134 2395 Δκαὶ
1153 2359 1296 2395 νξΙωᾲννης,
1312 2360 1326 2385 ὁ
1342 2360 1389 2395 ent
1413 2360 1444 2385 τὸ
1464 2357 1560 2395 ἰττῆθος
1574 2362 1620 2388 τοῦ

835 2392 937 2428 Κυρίου
963 2391 1122 2437 ἀναπεσὼνς
1151 2393 1180 2425 ὃς
1205 2391 1319 2437 ἐγενέῑρῃ
1343 2394 1432 2430 ἱερεὺς
1450 2395 1480 2421 τὸ
1504 2391 1619 2423 ἆῑέταλον

834 2428 1004 2463 πεφορεκὼς,
1021 2429 1066 2455 καὶ
1084 2428 1186 2465 μάρτυς
1204 2430 1250 2455 καὶ
1262 2428 1429 2462 διδάσκαλος.

834 2497 853 2500 _
869 2463 1003 2500 (§U)_Vid.r
1017 2463 1111 2498 Stepn.
1131 2465 1156 2491 le
1174 2464 1313 2500 Moynetl.
1329 2473 1353 2492 c.
1376 2473 1402 2500 p.
1418 2465 1464 2497 28,
1478 2471 1504 2493 et
1523 2475 1616 2495 vcner.

869 2465 925 2498 (30)
942 2465 999 2490 Vid.
1017 2465 1111 2498 Stepn.
1131 2465 1156 2491 le
1174 2465 1281 2499 Moyne,
1296 2465 1313 2491 l.
1329 2473 1353 2492 c.
1376 2473 1402 2500 p.
1418 2465 1464 2497 28,
1478 2471 1504 2493 et
1523 2475 1616 2495 vcner.

833 2497 863 2524 E.
882 2497 910 2525 S.
925 2498 1078 2542 Cyprianus
1091 2499 1260 2542 in__liotis_a‘-!
1283 2499 1476 2542 Hieronymum
1499 2501 1617 2542 pecori-

831 2538 900 2569 ptor.
920 2534 996 2565 eccl.,
1020 2542 1079 2568 cap.
1097 2534 1142 2564 45,
1161 2543 1187 2569 p.
1214 2535 1275 2565 121,
1297 2543 1328 2561 ev
1346 2534 1411 2562 cdit.
1428 2535 1545 2563 Fabricii
1568 2537 1616 2564 Bi-

832 2568 969 2595 bliotheca:
986 2569 1181 2596 ecclesiasticw.
1198 2569 1277 2597 Conf.
1294 2571 1375 2597 etiam
1389 2570 1432 2598 Jo.
1449 2571 1533 2599 Gottl.
1558 2571 1616 2598 "t‘l-

831 2604 917 2630 neccii
932 2604 999 2641 diss.
1015 2604 1054 2631 De
1067 2605 1157 2632 habitu
1171 2609 1195 2632 et
1215 2605 1361 2640 insignibus
1377 2607 1556 2641 apostolorum
1568 2617 1614 2634 sa-

830 2638 1016 2666 cerdotnlibus.

945 2673 1005 2701 νῆα.
1029 2673 1139 2702 Eusebii
1165 2675 1235 2703 Hist.
1256 2676 1332 2707 εει-ι..
1348 2676 1395 2704 lib.
1414 2685 1441 2711 Χ,
1458 2685 1517 2712 cap.
1536 2675 1564 2709 ᾖ,
1585 2685 1613 2712 p.

830 2709 1025 2782 Tigii'ctmr.
1045 2743 1093 2782 ές».
1112 2722 1201 2782 iuet].
1231 2745 1367 2774 Heiueccii
1394 2747 1544 2782 Abbilduug
1566 2748 1614 2774 der

829 2778 1011 2808 Griechische-ii
1040 2779 1148 2814 Ii'irrhe,
1164 2785 1233 2815 part.
1251 2789 1292 2815 in,
1309 2789 1368 2816 cap.
1389 2782 1414 2813 l,
1435 2782 1448 2817 §
1463 2783 1509 2815 25,
1566 2783 1612 2812 ΞΤ.

1415 2862 1455 2893 k3
