1848 3043
206 83 276 112 1555

847 81 1026 110 MACARIUS
1045 81 1197 110 MAGNES.

205 144 243 171 De
257 143 370 170 llcracla
389 143 579 170 Alexandrinm
603 142 731 170 Ecclesiae
753 142 924 178 presbytero,
947 149 994 176 qut
1012 145 1031 172 Α
1048 142 1119 168 haud
1136 146 1230 169 curate
1245 142 1378 177 expressit
1394 141 1467 169 Guil.
1486 140 1602 167 Caveus
1622 138 1653 166 in
1672 138 1778 165 Historia
1791 141 1818 166 tit-

205 193 299 225 postea
313 189 434 224 ejusdem
450 188 502 215 loci
519 188 665 222 episcopus
679 187 740 220 luit,
754 187 810 222 jam
829 192 885 214 tum
900 186 995 221 Orige-

205 243 255 262 nes
279 236 349 268 apud
365 233 524 266 Eusebium,
544 232 616 259 Hist.
634 233 698 259 εδει.
717 232 764 259 lib.
781 240 819 265 γι,
845 239 871 259 c.
892 232 943 264 19,
967 239 993 266 p.

204 281 268 313 2'21,
285 284 412 312 testatur,
431 279 519 311 illum,
537 286 599 305 cum
617 277 724 312 vulgari
740 282 813 305 veste
830 282 911 305 antea
928 286 996 305 usus

205 327 313 357 fuisset,
340 333 371 352 ea
392 325 516 360 deposita
534 325 752 360 philosophicum
772 325 895 352 induisse
918 325 997 352 habi-

205 377 263 399 tum
279 371 348 407 (hoc
359 376 400 398 est
412 371 523 406 pallium
536 379 598 398 cum
614 371 733 404 tunica),
745 370 867 405 illudque
882 371 995 405 pallium

206 424 299 453 postea
314 418 395 445 etiam
412 417 561 444 retinuisse
576 417 644 452 (55).
660 417 768 444 Pacatis
781 424 845 444 vero
863 416 998 444 Christia—

206 473 304 492 norutn
324 465 416 497 rebus,
437 465 525 499 magis
541 464 655 491 invaluit
670 464 786 491 vestitus
808 463 998 490 sacerdotibus

206 511 344 545 proprius.
363 510 467 537 Stolam
484 511 681 537 sacerdotalem
697 518 765 537 auro
780 514 936 537 c0ntcxtam
952 518 999 537 rc-

209 559 261 586 fert
280 558 470 586 Theodoretus
485 559 541 594 (54)
563 567 577 585 a
592 558 774 586 Constantino
795 559 893 594 Magno
911 559 1000 588 .dona-

208 610 261 631 tam
278 604 398 632 Macario
412 613 540 640 episcopo
556 605 815 641 llicrosolymitano,
832 611 861 633 ut
876 613 906 633 ea
920 605 999 632 indu-

208 657 251 678 tus
264 651 349 678 divini
366 652 495 686 baptismi
514 651 697 679 ministerium
716 656 867 687 perageret.
884 651 923 678 Ex
944 658 999 686 quo

212 697 274 724 loco
285 702 396 732 apparet
409 705 491 732 quam
508 702 613 725 vetusta
628 699 664 725 sit
679 699 848 726 consuetudo
859 706 999 726 sacrarum

210 743 326 770 vestium
352 743 379 770 in
406 743 539 776 Ecclesia,
562 743 702 778 judicante
729 743 812 772 llenr.
841 743 950 771 Valesio
972 744 1000 770 in

207 789 430 817 adnotationibus
466 790 497 816 ad
522 791 550 817 h.
573 791 592 817 ι.
618 791 803 824 Eustathium,
822 791 952 818 Sehastiw
974 792 999 818 in

1047 235 1160 269 scriptor
1170 236 1246 262 valde
1252 235 1388 267 obscurus,
1401 235 1466 262 vixit
1481 233 1516 270 (si
1526 238 1642 261 wtalem
1653 233 1711 267 ejus
1722 239 1778 261 recte
1785 235 1818 260 rel-

1047 282 1131 308 locent
1151 281 1298 309 Turrianus
1332 287 1356 310 et
1376 282 1541 315 Scribonius)
1566 281 1644 308 circa
1666 289 1758 306 annum
1777 281 1817 308 .13).

1048 328 1199 356 Turrianus
1222 329 1294 356 enim
1321 329 1385 356 totis
1408 327 1537 355 ducentis
1563 327 1649 354 annis
1665 326 1818 361 antiquiorem

1049 382 1113 401 eum
1129 373 1242 406 fecerat,
1258 378 1365 401 tetatem
1379 373 1439 408 ejus
1454 380 1509 399 non
1526 371 1562 398 ad
1579 371 1615 398 Α.
1631 371 1665 398 C.
1683 371 1741 404 550,
1753 372 1819 399 sedati

1048 428 1151 447 annum
1168 420 1218 447 150
1231 420 1362 446 referens.
1376 418 1512 446 Antonius
1523 417 1700 444 Possevinus
1714 418 1738 444 in
1753 418 1816 452 Αρρε-

1050 471 1110 492 ratu
1123 474 1200 493 sacro
1216 466 1285 501 (58),
1300 470 1366 493 tom.
1382 465 1413 498 ΙΙ,
1431 473 1458 500 p.
1478 473 1516 492 m.
1536 465 1583 497 50,
1596 464 1752 499 tMagnetem
1768 465 1820 492 circa

1050 519 1152 540 annum
1164 512 1195 540 C.
1204 512 1256 539 508
1263 512 1388 539 ﬂoruisse
1395 512 1546 545 existimat,
1561 512 1632 538 dum
1645 511 1764 538 eumdem
1777 521 1819 546 per-

1050 562 1180 584 vetustum
1203 563 1336 584 auctorem
1365 557 1505 589 nominat,
1529 558 1577 592 qui
1591 562 1656 583 ante
1676 557 1744 584 mille
1753 562 1773 584 et
1787 563 1823 585 trr-

1049 609 1137 631 centos
1149 612 1232 631 annos
1247 603 1410 639 evangelica;
1424 604 1558 638 apologize
1575 604 1667 630 libros
1681 603 1823 632 Graecari-

1050 650 1134 685 pserit
1147 651 1180 677 ad
1197 650 1398 677 Thcosthenem
1415 650 1549 677 adversus
1566 650 1691 685 gentiles
1715 650 1823 686 Evangelii

1050 696 1274 723 calumniatores.
1299 696 1420 723 Thomas
1446 695 1548 723 Bozius
1575 696 1751 731 Eugubinus,
1770 697 1823 723 Con-

1051 742 1215 777 gregationis
1229 742 1347 770 Oratorii
1368 742 1521 777 presbyter,
1541 743 1638 770 srcculi
1657 751 1673 769 v
1691 744 1823 778 scriptore

1051 788 1193 815 constituit
1216 795 1278 815 cum
1302 788 1329 815 in
1351 795 1432 822 opere
1459 787 1495 815 De
1519 789 1607 822 signis
1635 787 1761 815 Ecclesia
1784 789 1824 819 Dn',

207 836 336 863 Armenia
359 836 528 870 episcopum,
548 844 561 863 a
581 842 657 871 patre
680 846 730 865 suo
745 820 853 864 Eulalio
870 837 1001 864 Ctesareaa
1016 820 1038 847 Β
1054 834 1100 862 lib.
1119 842 1176 865 xtv,
1192 842 1218 869 p.
1239 834 1270 862 5i
1287 834 1356 870 (59),
1371 820 1489 862 scribit:
1505 820 1578 860 Ληιιί
1596 843 1671 860 nunc
1694 834 1824 870 Magnetes,

208 882 400 916 Cappadocum
430 882 558 917 episcopo
585 883 737 918 depositum
771 884 874 916 fuisse,
904 883 1000 919 ἐπειδὴ

207 927 377 963 ἀνάρμοστον
401 929 433 963 τῇ
454 929 587 966 ἱερωσύνῃ
606 930 702 966 στολὴν
722 930 866 966 ἠμφίεστο,
884 938 913 956 eo
930 930 1000 965 quod

208 977 302 999 restem
317 973 448 999 sacerdoti
470 974 577 1001 minime
594 976 785 1002 convenientem
797 980 937 1011 gestasset,
951 983 1000 1002 au-

207 1024 263 1046 ctor
278 1023 320 1046 est
335 1018 462 1047 Socrates
476 1020 502 1046 in
520 1020 592 1048 Hist.
607 1021 671 1048 eccl.
687 1022 733 1049 lib.
750 1030 780 1053 ιι,
797 1030 857 1057 cap.
883 1022 929 1049 45.
949 1021 1000 1048 So-

211 1073 342 1092 zomenus
365 1065 422 1100 (55)
441 1073 497 1093 rem
516 1067 603 1100 magis
619 1067 748 1101 illustrat,
767 1074 998 1099 commemorans,

208 1111 401 1145 Eustathium,
429 1111 523 1139 habito
548 1113 666 1140 concilio
697 1113 859 1149 Gangrensi,
890 1113 917 1140 in
945 1120 999 1148 quo

207 1157 402 1190 damnabatur,
419 1163 540 1186 mutasse
557 1164 671 1192 vestem,
693 1165 720 1187 et
739 1159 918 1188 conformiter
936 1160 999 1187 reli-

207 1205 269 1240 quis
285 1205 472 1233 sacerdotibus
494 1207 671 1240 processisse.
692 1207 767 1235 Unde
790 1207 896 1242 liquido
917 1214 999 1242 appa-

207 1256 259 1283 ret,
278 1252 420 1287 episcopos
436 1252 496 1287 ejus
519 1254 659 1288 temporis,
680 1255 786 1289 ahjecto
806 1255 888 1289 pallio
910 1254 999 1288 philo-

209 1297 330 1331 sophico,
343 1297 400 1332 jam
423 1302 480 1324 tum
504 1299 668 1333 peculiarem
692 1300 842 1335 sumpsisse
859 1300 995 1327 habitum.

209 1342 266 1369 lluc
281 1342 361 1370 etiam
383 1345 500 1378 pertinet
514 1345 616 1378 tunica,
631 1353 684 1380 qua
707 1347 848 1382 presbyter
863 1345 996 1382 Nepotia-

208 1395 260 1415 nus
274 1388 300 1415 in
315 1389 467 1417 ministerio
482 1389 583 1418 Christi
601 1391 744 1425 utebatur,
761 1401 844 1426 quam
859 1394 911 1422 sibi
934 1398 997 1424 reli-

208 1439 278 1462 ctam
297 1434 478 1472 Hieronymus
500 1438 596 1464 scribit
611 1438 638 1464 in
653 1438 768 1473 epistola
785 1440 819 1467 de
837 1441 896 1476 ejus
910 1449 998 1472 morte

1769 78 1816 106 {356

1050 189 1150 214 teraria
1165 189 1256 222 script.
1273 188 1349 221 eccl.,
1369 196 1396 222 ι).
1415 195 1451 214 ιιι.
1470 187 1533 220 HA,
1558 185 1693 213 scribens
1712 184 1817 219 :Magnes,

1051 882 1095 917 qui
1108 881 1208 908 vivebat
1221 886 1283 908 ante
1297 889 1380 908 annos
1398 881 1471 908 mille
1485 881 1617 907 ducentos
1639 886 1667 907 et
1683 881 1742 915 ejus
1754 882 1824 915 “ripis

1051 931 1112 953 sunt
1125 927 1152 952 in
1165 925 1332 953 Bibliotheca
1350 926 1457 953 Veneta.
1474 926 1602 953 Certiora
1617 927 1750 958 omnino,
1767 934 1823 961 qua

1054 973 1164 1008 quidem
1188 972 1321 999 hactenus
1338 972 1497 1005 habuimus,
1514 972 1598 999 nobis
1615 973 1743 1007 praebent
1754 973 1824 1000 indich

1053 1019 1128 1046 Libri
1139 1019 1306 1046 antirrhetici
1318 1019 1463 1055 Nicephori
1479 1019 1651 1055 patriarchae
1663 1019 1825 1047 Constantino

1051 1065 1174 1100 politani,
1191 1066 1219 1092 in
1233 1066 1334 1100 quibus
1351 1066 1502 1100 disputatio
1526 1065 1706 1098 continetur,
1720 1074 1774 1101 quae
1787 1071 1824 1093 tota

1050 1117 1175 1139 versatur
1188 1112 1260 1139 circa
1276 1112 1462 1139 testimonium
1476 1111 1590 1139 Macarii
1608 1111 1760 1146 Magnetis,
1774 1112 1826 1147 quod

1051 1163 1145 1185 contra
1161 1158 1310 1193 imaginum
1325 1158 1428 1186 cultum
1447 1158 1481 1185 ab
1497 1158 1700 1186 lconomachis
1715 1164 1770 1185 erat
1782 1166 1828 1193 pro-
1847 1178 1848 1184 η

1050 1205 1161 1231 ductum
1185 1204 1260 1231 Illam
1272 1212 1337 1232 vero
1349 1204 1566 1239 disputationem
1581 1205 1690 1232 saeculo
1703 1212 1731 1231 ιι
1743 1204 1827 1231 incum
1847 1210 1848 1213 ‘

1051 1254 1158 1277 constat
1168 1258 1231 1278 csse
1245 1251 1344 1278 editam
1360 1250 1393 1278 ab
1409 1250 1583 1277 antistitibus
1601 1251 1774 1283 orthodoxis,
1787 1250 1821 1285 qai

1050 1296 1101 1323 bus
1115 1301 1230 1330 praeerat
1242 1295 1412 1331 Nieephorus
1424 1296 1596 1330 patriarcha.
1607 1297 1641 1323 In
1654 1297 1735 1331 cujus
1745 1296 1830 1332 quitum

1049 1341 1129 1368 initio
1139 1346 1213 1368 certa
1227 1343 1351 1377 quredam
1365 1343 1471 1369 auctori
1487 1347 1588 1369 nostro
1600 1343 1760 1377 assignatur
1771 1348 1829 1371 nam.

1049 1386 1114 1414 dum
1134 1386 1262 1414 ﬂoruisse
1284 1387 1384 1415 ibidem
1401 1388 1504 1415 dicitur
1516 1388 1660 1416 Macarius
1679 1388 1786 1423 Magnes
1799 1395 1831 1414 ar.-

1050 1440 1101 1460 nos
1114 1433 1175 1468 plus
1188 1441 1269 1468 quam
1284 1437 1419 1461 trecentos
1431 1441 1446 1460 a
1458 1434 1549 1468 prima
1563 1433 1712 1468 Evangcl.i
1726 1433 1822 1468 praedira

207 1482 241 1508 ad
254 1481 440 1510 Heliodorum.
454 1483 529 1511 Mitto
539 1484 655 1519 reliqua,
672 1493 733 1520 qua:
747 1486 780 1513 de
795 1488 916 1516 vestibus
931 1498 990 1524 pon.

1077 1487 1133 1512 me,
1150 1479 1201 1506 hoc
1217 1484 1268 1511 est.
1283 1484 1344 1514 post
1362 1487 1464 1507 annum
1483 1488 1499 1506 a
1515 1484 1607 1507 morte
1622 1479 1731 1507 Christi
1747 1486 1830 1506 treteo-
1847 1479 1848 1496 l

209 1525 353 1554 tiﬁcalibus
369 1527 540 1563 singulisque
561 1530 647 1557 sacris
668 1531 834 1561 indumentis
854 1535 997 1571 episcopo-

206 1580 267 1600 rum
284 1577 338 1600 tam
355 1575 548 1603 communibus
571 1584 653 1611 quam
679 1578 872 1613 peculiaribus,
893 1589 926 1609 ex
949 1590 997 1610 an-

206 1619 333 1654 tiquitate
357 1620 543 1648 ecclesiastica
567 1623 690 1650 studiose
715 1625 826 1659 collegit
849 1627 997 1657 cardinalis

207 1664 281 1692 Bona
295 1665 393 1692 Rerum
415 1667 601 1701 liturgicarum
617 1668 663 1695 lib.
688 1676 708 1700 ι,
731 1677 791 1704 cap.
812 1670 858 1704 24,
873 1675 899 1698 et
923 1672 997 1709 Ilugo

206 1712 353 1740 Menardus
371 1714 397 1740 in
417 1715 489 1742 notis
502 1715 535 1742 ad
549 1715 673 1751 Gregorii
689 1725 765 1751 papa:
777 1717 886 1745 Librum
904 1728 997 1748 sacra-

206 1764 365 1793 mentorum,
384 1768 410 1795 p.
435 1761 483 1788 561
501 1769 589 1796 seqq.,
605 1762 651 1789 ubi
666 1763 749 1790 simul
771 1764 877 1792 iconem
892 1766 921 1794 S.
943 1767 995 1795 Re-

206 1806 282 1842 migii
299 1807 428 1842 episcopi,
445 1808 531 1834 sacris
547 1809 669 1836 vestibus
689 1809 786 1843 induti,
803 1812 913 1839 exhibet
927 1813 994 1850 (56).

205 1863 219 1898 §
243 1862 308 1890 Vlll.
326 1862 364 1890 De
386 1868 464 1890 letale
489 1863 604 1890 Macarii
631 1864 770 1899 Magnetis.
791 1865 925 1894 Probatur
937 1877 995 1896 eum

469 1900 565 1926 swculo
582 1908 610 1927 ιιι
624 1901 729 1928 vixisse.

241 1944 279 1972 De
293 1949 372 1971 actate
387 1945 507 1972 auctoris
523 1946 620 1978 nostri,
637 1954 689 1980 qua
705 1946 807 1980 ﬂoruit,
823 1952 849 1974 et
864 1957 917 1983 quo
927 1954 996 1976 tem-

203 1998 271 2026 pore
283 1991 376 2025 scripti
398 1991 453 2018 sint
471 1991 555 2025 ipsius
571 1992 632 2018 libri
648 1992 870 2027 Ἀποκριτικῶν,
887 1995 994 2023 diversa

204 2036 331 2064 feruntur
355 2037 525 2064 eruditorum
540 2037 653 2072 judicia.
676 2038 774 2066 Franc.
792 2038 943 2068 Turrianus
966 2041 994 2068 in

204 2083 361 2118 Dogmatico
378 2083 409 2110 de
419 2083 614 2118 justiﬁcationc
630 2085 722 2119 (quem
741 2084 834 2112 Roma:
847 2087 918 2120 apud
937 2087 994 2113 An-

202 2129 309 2156 tonium
324 2129 438 2156 Bladum
455 2137 528 2156 anno
544 2129 611 2156 1551
630 2128 900 2165 typis(57)subiecit)
920 2131 994 2159 hunc

1049 1525 1187 1552 tesimum.
1211 1525 1249 1551 En
1267 1525 1325 1560 ipsa
1348 1525 1452 1552 codicis
1476 1533 1529 1552 ms.
1549 1525 1636 1552 verba
1661 1535 1668 1552 :
1689 1525 1796 1561 Xpévoig
1813 1525 1830 1549 ἂ

1049 1571 1161 1607 ὕστερον
1175 1571 1245 1606 ὑπὲρ
1260 1572 1322 1602 τοὺς
1337 1571 1511 1606 τριαχοςιθυς
1525 1571 1698 1606 ἀκμάσαντα
1712 1571 1757 1597 τὸν
1769 1571 1831 1604 ἂνίξς

1048 1617 1323 1653 καταλαμῧανόμεϐα,
1347 1617 1378 1649 ἐξ
1399 1614 1429 1644 οὗ
1453 1618 1483 1643 τὸ
1502 1617 1689 1644 incomitbe
1716 1618 1762 1644 καὶ
1780 1617 1848 1648 θεέςνξ

1048 1663 1183 1699 ἐξέλαμψε
1208 1664 1349 1700 κήρυγμα.
1367 1660 1421 1694 Ἷις
1435 1663 1464 1689 δὲ
1488 1663 1595 1695 πόλεως
1619 1664 1728 1699 ἱερεὺς,
1755 1663 1796 1689 ui.
1808 1658 1848 1700 Ξῖξ

1048 1709 1259 1744 ἐπετρόπευσεν,
1274 1709 1350 1736 οὓπω
1366 1709 1493 1744 λέγομεν,
1506 1710 1560 1741 ἕως
1579 1710 1613 1736 ἂν
1632 1710 1666 1736 τὸ
1691 1709 1832 1743 Μάγνητος

1047 1755 1241 1791 ἀκριϐέστερον
1259 1757 1324 1791 ἡμῖν
1338 1756 1529 1791 καταληφθείη
1547 1755 1767 1791 ἐξεταζόμενον,
1781 1764 1803 1780 ι..
1815 1762 1832 1779 2.
1847 1759 1848 1770 ³

1046 1801 1070 1828 λ.
1093 1801 1186 1828 Virum
1202 1807 1290 1828 autem
1315 1802 1391 1828 illum
1415 1802 1594 1836 comperimus
1613 1803 1748 1836 ﬂoruisse
1770 1810 1832 1834 supr:

1047 1855 1130 1874 annos
1152 1852 1289 1880 trecentos,
1311 1856 1344 1874 ex
1365 1856 1415 1882 quo
1441 1849 1558 1882 primum
1583 1849 1734 1881 apostolici
1757 1849 1834 1874 dit-iei—

1046 1901 1095 1927 que
1106 1893 1231 1926 prwcom‘i
1245 1893 1292 1919 lus:
1304 1893 1414 1927 eﬂ'ulsit.
1429 1892 1578 1927 Cujusnam
1590 1898 1686 1920 autem
1698 1894 1774 1920 urbis
1785 1902 1834 1927 pss-

1047 1939 1112 1973 tifea:
1127 1939 1219 1973 fuerit,
1236 1943 1259 1965 et
1272 1947 1336 1974 quos
1349 1940 1417 1966 cives
1432 1940 1541 1972 rexerit,
1559 1939 1587 1965 id
1604 1940 1718 1974 quidem
1736 1941 1835 1966 nonam

1046 1985 1196 2018 deﬁnimus,
1224 1986 1312 2020 quoad
1339 1986 1370 2012 de
1396 1994 1456 2012 voce
1479 1985 1625 2014 MAGNE'I‘IS
1653 1988 1757 2014 certius
1778 1988 1834 2013 satis

1045 2035 1155 2064 constet,
1175 2035 1227 2058 etc.
1248 2031 1409 2067 Magnopere
1422 2033 1522 2060 exinde
1534 2032 1593 2059 falli
1614 2033 1708 2068 liquet
1720 2042 1779 2063 eos.
1796 2041 1830 2067 qui

1045 2076 1196 2112 Magnetem
1217 2081 1344 2104 nostrum
1365 2082 1395 2104 ut
1409 2086 1504 2105 novum
1525 2078 1648 2113 aliquem
1673 2088 1707 2106 ac
1724 2087 1833 2113 περιγι-

1045 2122 1195 2149 Cra-culum
1204 2122 1418 2156 calumniantur,
1430 2131 1491 2150 cum
1504 2123 1697 2158 scriptoribus
1710 2126 1797 2153 sat-culi
1806 2132 1832 2153 ιι.

203 2174 354 2210 Magnetem
367 2179 505 2202 auctorem
519 2175 710 2215 gravissimum
723 2180 750 2202 et
763 2176 991 2210 vetustissimum,
1009 2169 1030 2196 D
1046 2168 1114 2196 bene
1130 2169 1279 2203 exploratis
1294 2169 1424 2197 omnibus
1447 2170 1687 2205 είτθυῐηεωηιίίει
1707 2173 1776 2199 satis
1791 2172 1831 2206 iam

203 2229 283 2256 quem
299 2226 359 2248 ante
373 2221 444 2248 mille
460 2225 485 2247 et
501 2221 706 2256 quadringentos
721 2229 802 2248 annos
819 2222 889 2256 (hoc
903 2228 944 2250 est
957 2223 990 2251 A.

201 2266 233 2294 C.
252 2267 314 2301 150)
332 2267 433 2294 vixisse
446 2271 533 2301 putat,
546 2267 683 2301 appellare
698 2267 770 2294 haud
784 2273 904 2296 veretur.
917 2269 992 2302 Qua-

203 2318 315 2348 propter
331 2318 358 2340 et
380 2313 499 2341 Sandius
514 2313 542 2340 in
559 2317 638 2340 tract.
660 2313 696 2340 De
711 2314 839 2341 veteribus
854 2316 993 2350 scriptori-

203 2361 249 2385 bus
272 2358 376 2390 eccles.,
401 2367 427 2393 p.
451 2367 489 2386 ιιι.
513 2358 557 2392 19,
580 2360 630 2386 hac
650 2367 766 2386 censura
791 2368 854 2387 eum
869 2362 989 2396 excipit:

201 2415 209 2427 I
223 2402 537 2438 Quiauctorquanquam
559 2406 695 2433 Turriano
716 2411 758 2434 est
774 2408 891 2442 scriptor
904 2409 992 2435 eccle—

200 2443 328 2476 srasticus
344 2450 503 2484 temporibus
524 2452 705 2486 apostolorum
728 2453 841 2485 vicinus,
862 2453 929 2480 mihi
947 2459 990 2481 ta-

199 2503 261 2522 men
277 2500 319 2522 est
332 2501 424 2523 certus
444 2497 747 2526 luereticus.)Turriani
770 2499 853 2535 igitur
869 2505 988 2528 mentem

235 2563 290 2625 (33g
304 2562 404 2590 Notum
419 2569 461 2591 est
476 2564 541 2592 illud
554 2564 715 2593 Tertulliani
731 2568 758 2594 in
774 2568 821 2594 lib.
841 2567 877 2595 De
889 2568 985 2603 pallio,

235 2606 259 2625 D.
284 2599 300 2625 '.
323 2600 368 2625 ubi
381 2607 411 2625 sc
426 2601 553 2625 omnibus
576 2603 744 2625 cumulatum
770 2603 851 2625 hnni:
874 2604 985 2625 nrhitm.

199 2605 259 2632 cap.
274 2599 300 2632 6,
323 2600 368 2626 ubi
381 2607 411 2626 se
426 2601 553 2627 omnibus
576 2603 745 2629 cumulatum
770 2603 851 2630 bonis
874 2599 989 2630 arbitra-

200 2636 255 2673 tur,
270 2634 348 2673 quod
358 2635 471 2673 pallium
485 2636 583 2673 divinae
598 2636 777 2673 philosophize
794 2643 985 2673 argumentum

199 2669 397 2702 induerit,dnm
410 2670 518 2697 scribit:
529 2671 562 2697 At
571 2669 616 2705 ego
627 2671 685 2705 jam
697 2669 736 2698 nte
745 2673 787 2699 illi
796 2669 877 2700 etiam
890 2674 987 2701 divinae

199 2707 277 2744 secta:
294 2712 324 2730 ac
335 2704 483 2744 disciplina:
506 2704 660 2744 cortinicrcio
682 2708 797 2744 confero.
815 2708 907 2736 Gaude
928 2709 987 2744 pul-

198 2736 275 2779 lium,
290 2744 314 2764 et
330 2736 459 2779 (multa:
471 2740 568 2779 _melior
579 2741 638 2779 jam
656 2747 679 2768 te
694 2736 858 2776 philosophia
874 2736 985 2779 dignata

157 2797 162 2803 ,
199 2777 296 2812 ιδῃ-ξφ
310 2782 360 2812 quo
377 2774 559 2812 Christianum
575 2774 667 2803 restire
680 2774 790 2812 rozpistt'.

163 2852 194 2878 ε

235 2807 291 2843 (51)
311 2807 381 2836 [Ιίδι.
397 2811 474 2843 corl.,
493 2811 509 2837 l.
530 2819 560 2844 tt,
574 2819 598 2839 c.
613 2812 655 2839 ‘27.

1046 2220 1104 2243 tum
1118 2221 1290 2251 perspectum
1305 2216 1396 2250 fuerit,
1413 2221 1555 2244 auctorem
1573 2218 1663 2245 istum
1677 2224 1784 2246 aetatem
1794 2225 1830 2244 ςι-

1045 2261 1098 2289 culi
1116 2269 1155 2295 ιιι,
1176 2262 1219 2289 vel
1233 2262 1386 2296 incipientis
1401 2263 1492 2290 saeculi
1508 2270 1546 2296 tv,
1563 2271 1626 2298 pra:
1641 2273 1674 2292 se
1691 2265 1772 2292 ferre.
1788 2264 1827 2290 Nu'

1044 2311 1086 2334 est
1099 2308 1171 2342 quod
1198 2308 1362 2335 adversariis
1376 2313 1504 2343 suspecta
1521 2317 1588 2337 esse
1603 2317 1715 2345 queant
1730 2319 1771 2343 ea,
1784 2318 1830 2345 qu:

1044 2353 1077 2380 de
1091 2353 1171 2380 istius
1185 2354 1305 2381 auctoris
1322 2355 1484 2389 antiquitate
1505 2355 1534 2382 in
1552 2356 1642 2384 allata
1660 2358 1830 2393 disputatione

1044 2403 1211 2427 statuuntur.
1230 2399 1396 2434 Expediebat
1417 2401 1490 2427 enim
1512 2401 1676 2437 imaginum
1697 2402 1830 2430 deletis-ri-

1043 2443 1106 2477 bus,
1123 2445 1203 2471 tidem
1217 2445 1342 2472 vellicare
1358 2450 1384 2473 et
1398 2446 1561 2482 infringere,
1579 2449 1777 2483 antiquitatem
1791 2456 1825 2482 ra-

1043 2491 1109 2517 riter
1124 2496 1205 2525 atque
1219 2492 1408 2520 auctoritatem
1428 2493 1602 2523 imminuere
1626 2496 1705 2524 illius
1731 2497 1827 2529 scripu—

1078 2569 1134 2603 (55)
1150 2567 1178 2594 In
1196 2568 1267 2595 Hist.
1282 2569 1344 2595 earl.
1360 2570 1378 2596 1.
1394 2578 1436 2600 ιιι,
1451 2578 1476 2597 c.
1498 2571 1543 2597 14.

1077 2603 1240 2644 ςδϐλςοιιΐ.
1263 2609 1289 2644 et
1311 2604 1448 2644 Heineccil
1466 2607 1629 2644 Abbiidung
1647 2609 1697 2636 der
1727 2607 1830 2636 Grini-

1040 2639 1118 2665 sclien
1138 2639 1251 2674 Kirche.
1265 2640 1282 2666 l.
1299 2647 1335 2670 0..
1353 2647 1379 2674 p.
1395 2641 1439 2668 ’58.

1077 2673 1205 2736 (ggé‘lid.
1221 2675 1284 2701 Ant.
1297 2673 1439 2703 Possevini
1450 2677 1612 2711 Apparatus
1629 2688 1719 2713 sacer,
1730 2684 1795 2708 ιοω.
1816 2676 1829 2702 λ

1061 2729 1068 2735 .
1087 2719 1149 2736 υθέ).

1041 2717 1267 2781 ν’(ἕξῖξιοιοηίεε
1282 2746 1394 2781 Agripp.
1413 2745 1485 2774 mos
1500 2748 1589 2778 edito.

1075 2781 1131 2815 (39)
1147 2780 1218 2809 Edit.
1236 2781 1334 2810 Colon.
1349 2780 1465 2817 Agripp.
1481 2783 1566 2812 1626.
