1848 3043
111 131 182 166 1561

697 130 836 159 ΝοΤιΤΙΑ
855 129 898 157 ΕΤ
919 127 1142 157 FRAGMENTA.

1685 122 1742 149 369'

112 194 262 229 ampliores
286 194 396 226 domus,
418 193 445 220 in
469 193 571 228 quibus
589 192 806 222 Christianorum
830 199 896 220 con-
913 193 935 221 Α
950 189 987 217 De
1011 189 1110 224 pallio,
1129 194 1191 221 cap.
1214 186 1251 213 5:
1275 183 1373 211 Tamen
1394 182 1497 229 (inquis,
1520 181 1559 208 ita
1582 189 1597 207 a
1622 185 1682 214 toga
1702 182 1735 229 ait

111 244 212 268 ventus
232 239 360 275 precandi
383 246 466 266 causa
489 239 718 269 instituebantur,
736 237 847 272 intelligi
871 236 897 263 in

112 285 259 321 propatulo
278 290 329 313 est.
349 284 449 318 Quales
462 285 519 320 jam
537 285 637 313 saeculo
651 291 681 311 ιιι
697 291 713 310 a
733 282 898 311 Christianis

109 339 218 360 erectas
237 331 334 364 fuisse,
357 332 459 367 passim
479 336 614 359 memorat
636 331 781 363 Eusebius,
797 336 898 364 easque

110 383 191 406 vocat
207 377 430 414 προσευκτηρίων
448 378 510 410 τοὺς
533 377 642 413 οἴκους,
665 385 756 404 sacras
773 376 856 408 mdes,
872 379 898 402 et

109 423 272 459 ἐκκλησίας,
296 423 432 455 ecclesias,
454 423 517 450 alibi
533 431 596 450 vero
617 423 680 454 τοὺς
700 422 791 454 οἴκους
811 423 839 448 ἐν
857 419 898 453 οἷς

109 469 268 504 συνήγοντο¹
286 469 354 496 wdes
376 476 449 501 suas,
470 469 496 494 in
517 468 610 503 quibus
631 472 769 495 conventus
790 475 898 502 perage-

109 514 185 548 bant,
201 522 234 542 ac
253 515 362 542 tandem
379 515 470 546 οἴκους
492 514 660 549 ὲκκλησίων,
682 514 750 541 cedes
773 513 896 541 ecclesia-

109 568 171 586 rum
189 560 256 597 (51).
270 560 341 594 Quid
357 561 429 596 quod
452 561 523 588 idem
538 561 672 588 Eusebius
689 560 792 590 Hister.
805 559 896 587 eccles.

107 605 159 633 lib.
176 614 225 640 vn,
250 614 310 641 cap.
327 606 362 634 '50
381 606 437 642 (52)
465 606 565 633 diserte
586 610 695 639 narrat,
720 605 896 633 Aurelianum

108 652 303 686 Imperatorem
326 659 342 679 a
359 652 523 680 Christianis
545 651 746 686 interpellatum
768 651 895 686 jussisse,

107 702 140 724 ut
154 697 256 726 Paulus
275 697 471 726 Samosatenus
486 697 632 725 hmreticus
652 697 795 732 pelleretur
816 697 897 724 domo

106 743 232 772 ecclesiae
244 764 252 776 ,
273 743 324 778 τῆς
335 743 485 779 ἐκκλησίας
509 744 583 770 οἴκου
596 764 604 776 ,
624 747 651 771 et
671 743 729 771 haec
749 743 846 771 domus
863 743 897 771 iis

107 789 275 822 traderetur,
293 790 392 824 quibus
413 789 498 817 ltalici
513 789 675 818 Christianae
694 789 832 825 religionis
848 798 897 817 an»

107 834 210 861 tistites
226 839 253 862 et
266 834 405 862 Romanus
420 835 564 870 episcopus
579 835 739 863 scriberent.
761 834 788 862 ld
805 840 895 863 autem

105 881 203 915 negari
224 881 325 916 nequit,
347 882 395 917 τῆς
414 881 559 917 ἐκκλησίας
586 879 672 912 οἷκον,
702 885 730 908 et
746 880 850 914 locum,
869 881 896 908 in

105 935 166 962 quo
183 927 333 956 Christiani
357 933 461 956 veteres
482 929 572 956 cultus
590 929 675 956 divini
695 929 782 964 gratia
795 937 895 957 conve-

106 973 239 1006 niebant,
262 978 324 1002 ante
346 974 517 1001 Constantini
531 973 620 1008 Magni
644 980 766 1009 tempora
782 975 826 1001 vix
844 982 895 1002 un-

104 1026 192 1054 quam
221 1020 310 1054 templi
335 1020 445 1047 nomine
467 1020 627 1055 insignitum
645 1019 744 1053 fuisse;
761 1020 800 1047 uti
824 1024 896 1048 recte

104 1065 238 1093 observat
249 1065 314 1092 Dav.
328 1065 484 1093 Blondellus
496 1065 533 1093 De
543 1065 670 1100 episcopis
690 1071 713 1093 et
726 1066 894 1101 presbyteris,

102 1116 176 1138 sect.
193 1119 232 1144 Ill,
252 1119 311 1147 pag.
328 1112 381 1139 254
396 1119 455 1147 seq.

162 1175 175 1210 §
192 1175 249 1203 ΧΠ.
270 1175 298 1202 2ο
315 1176 336 1203 Α
352 1176 529 1211 descriptione
543 1177 672 1212 regiorum
688 1178 841 1213 insignium.

143 1241 230 1269 Aliam
246 1242 429 1270 dillicultatem
443 1247 536 1270 movet
548 1242 738 1271 Tillemontius
750 1251 783 1271 ex
797 1252 896 1270 sermo-

102 1288 185 1315 nibus
204 1287 316 1315 Macarii
332 1288 464 1324 Magnetis
482 1290 509 1315 in
532 1289 653 1322 Genesin,
670 1289 697 1316 in
719 1289 818 1324 quibus
840 1291 896 1325 pri-

103 1342 183 1361 mum
206 1335 343 1362 hominem
371 1335 404 1362 ad
425 1335 572 1370 imaginem
599 1335 646 1363 Dei
672 1341 794 1363 creatum
820 1337 893 1372 regia

103 1379 191 1406 veluti
213 1379 343 1414 dignitate
363 1380 541 1415 conspicuum
561 1380 718 1414 introducit,
740 1381 894 1416 ibidemque

103 1431 244 1459 purpurae,
265 1424 439 1457 diadematis,
461 1429 543 1459 atque
565 1425 664 1460 sceptri
682 1431 808 1453 ornatum
825 1426 895 1460 regi-

102 1469 160 1496 bus
182 1470 309 1497 altribuit
325 1474 440 1497 auctor:
465 1477 525 1505 qua:
548 1475 637 1497 tamen
660 1469 792 1502 Romanis
810 1471 896 1505 impe-

102 1515 247 1543 ratoribus
264 1516 308 1543 vix
325 1521 388 1543 ante
403 1516 494 1543 saeculi
516 1523 540 1542 ιν
557 1520 663 1543 aetatem
682 1516 708 1542 in
726 1525 776 1544 usu
795 1515 893 1548 fuisse,

101 1566 229 1599 veterum
251 1562 416 1597 scriptorum
432 1559 608 1589 monumenta
626 1566 767 1589 testantur.
791 1562 892 1589 Audia-

99 1614 169 1634 mus
184 1607 243 1641 ipsa
261 1606 427 1634 Tillemontii
444 1608 542 1635 verba:
562 1606 588 1634 Il
602 1615 618 1642 υ
633 1609 778 1641 représentc
791 1607 814 1634 le
830 1615 891 1642 pre-

100 1652 174 1678 mier
187 1651 288 1678 homme
309 1659 407 1678 comme
424 1660 459 1678 un
483 1652 540 1685 rei,
562 1652 674 1687 quoique
694 1660 723 1678 sa
740 1653 849 1687 rogante
861 1661 892 1679 ne

100 1697 149 1731 fuit
159 1697 232 1731 point
252 1699 374 1732 marquée
390 1706 439 1732 par
451 1697 478 1724 la
491 1705 612 1732 pourpre,
626 1705 676 1732 par
688 1697 711 1723 le
722 1697 850 1730 diadéme,
864 1699 892 1724 ni

98 1750 156 1777 pur
173 1742 196 1768 le
216 1747 324 1776 sceptre.
349 1742 476 1770 C‘étaient
501 1743 566 1769 dum:
591 1743 617 1770 ιὰ
637 1743 668 1770 de
686 1751 732 1770 son
755 1748 835 1778 temps
856 1743 892 1770 les

99 1796 227 1823 marques
246 1789 277 1815 de
299 1789 325 1816 la
343 1790 462 1824 royauté.
475 1788 509 1815 Et
528 1790 636 1824 puisque
654 1798 718 1816 nous
741 1798 771 1816 ne
796 1798 892 1825 voyons

98 1831 179 1866 point
193 1839 241 1866 que
252 1831 288 1858 les
301 1840 448 1866 empereurs
462 1834 578 1860 romains
591 1841 616 1860 se
627 1835 763 1861 servissent
776 1842 891 1862 commu-

100 1877 211 1904 nément
229 1877 264 1904 du
281 1877 400 1905 diadema
420 1886 469 1913 que
490 1879 581 1913 depuis
609 1878 769 1913 Diocletian,
790 1889 824 1907 ou
843 1889 892 1915 peu

100 1928 187 1950 arant
203 1923 242 1950 lui
254 1931 263 1950 :
277 1932 304 1950 ce
321 1929 381 1959 peut
392 1925 446 1951 ειν-ε
459 1930 508 1951 une
522 1933 614 1959 preuve
627 1933 676 1960 que
686 1931 725 1952 cet
738 1930 832 1952 auteur
850 1927 892 1953 n‘a

99 1969 180 2004 point
196 1969 259 1996 ecrit
272 1974 351 1996 avant
373 1978 401 1996 ce
416 1971 551 2005 temps-lt‘t.
570 1971 640 1998 Mais
658 1971 686 2006 je
698 1980 730 1998 ne
744 1972 798 1998 vois
819 1972 892 2006 point

98 2023 156 2050 que
169 2015 196 2041 ni
209 2015 280 2042 alors
295 2016 321 2042 ni
332 2015 477 2050 longtemps
489 2016 592 2050 depuis,
604 2025 636 2044 οη
647 2016 720 2052 parte
731 2017 762 2044 de
772 2023 871 2051 sceptra
882 2025 891 2043 :

98 2067 127 2087 et
143 2060 260 2087 Macaire
271 2066 332 2095 peut
344 2062 417 2089 avoir
430 2061 507 2088 voulu
521 2070 644 2098 murquar
651 2071 681 2089 re
691 2063 775 2097 quise
787 2063 891 2097 faisait,

97 2107 156 2134 soit
168 2107 255 2140 ρατηιί
268 2107 304 2134 les
316 2107 454 2139 Romains,
466 2108 518 2134 soit
531 2109 618 2142 ραι·ιηὶ
628 2108 666 2136 [es
676 2115 764 2135 autres
776 2109 890 2144 peuples.

97 2152 203 2184 Liquet
216 2161 248 2180 ex
261 2153 303 2180 bis
317 2153 417 2183 verbis,
434 2154 583 2181 rectissime
591 2154 647 2189 jam
660 2159 716 2180 tum
731 2154 795 2182 huic
807 2154 891 2182 dubio

97 2198 275 2227 satisfecisse
298 2199 388 2234 ipsum
412 2199 633 2233 Tillemontium,
654 2207 716 2227 cum
741 2199 888 2228 Macarium

96 2252 159 2272 non
175 2244 208 2271 ad
228 2244 413 2272 Romanorum
431 2249 546 2277 tantum,
562 2246 609 2273 sed
625 2250 652 2274 et
668 2247 783 2273 aliorum
803 2254 890 2281 popu~

95 2290 194 2316 lorum
207 2289 359 2324 respexisse
370 2296 473 2316 morem
487 2289 635 2324 existimat,
645 2290 745 2326 quibus
756 2298 887 2326 purpura,

95 2335 229 2364 diadema
263 2340 344 2370 atque
371 2339 508 2369 sceptrum
540 2336 611 2363 inter
641 2336 777 2371 prrecipua
808 2337 887 2372 regite

94 2380 244 2416 dignitatis
256 2381 471 2409 numerabantur
488 2382 615 2416 insignia.
631 2381 694 2410 Pari
711 2383 792 2410 modo
805 2383 886 2410 etiam

95 2426 315 2458 Tertullianum,
331 2427 490 2461 scriptorem
505 2427 596 2454 saeculi
607 2435 635 2461 ιι,
650 2427 707 2463 jam
723 2432 779 2455 tum
795 2428 887 2456 diade-

96 2472 186 2500 matis
203 2477 285 2507 atque
301 2473 400 2508 sceptri
414 2472 481 2508 regii
495 2473 652 2500 meminisse
666 2473 780 2509 legimus
793 2474 821 2501 in
838 2474 885 2502 lib.

138 2552 284 2590 (Eil)_Vi_d._
298 2537 499 2590 Euseb.,llist.
508 2554 577 2590 εδει.
593 2553 646 2590 lib.
662 2562 722 2590 vni,
737 2562 798 2590 cap.
813 2555 840 2588 2,
857 2564 883 2590 p.

93 2596 137 2616 ιιι.
156 2587 219 2630 Ξξλὸ,
235 2587 313 2630 ἓξῆἔή
325 2587 391 2615 Ibid.
408 2596 466 2623 cap.
481 2588 538 2623 .17,
554 2597 581 2624 p.
597 2589 659 2616 516.
682 2588 749 2616 lhid.
771 2587 819 2618 lib.
847 2587 885 2624 li,

92 2622 204 2692 “is?
213 2630 246 2684 i3:
260 2622 377 2685 316.382.

95 2693 244 2756 ,ϐῇωὸιῆ
260 2700 297 2720 m.
322 2693 372 2720 501
398 2701 456 2729 seq.
479 2694 544 2722 edit.
565 2693 745 2723 Bmclerianaa
771 2695 882 2730 Argent.

137 2763 194 2799 (Ini)
214 2762 296 2799 i’lnra
328 2763 452 2798 exempla
488 2763 542 2791 huc
572 2764 697 2792 facientia
729 2765 883 2799 suppeditat

96 2797 205 2833 \Volfg.
216 2797 356 2834 Laziusrin
371 2797 549 2834 Cojttmentar.
563 2801 593 2826 de
607 2799 740 2834 republica
753 2797 882 2831 Romana,

94 2834 148 2870 lib.
174 2841 296 2870 utcap.
317 2833 454 2870 ~2.p.‘755
473 2841 552 2870 seqq.
575 2834 647 2861 idem
667 2842 776 2870 quoque
798 2834 883 2861 llero-

98 2868 203 2896 dianus
221 2868 268 2895 lit).
286 2875 322 2903 vt,
339 2875 364 2896 e.
382 2867 409 2903 8,
424 2870 457 2896 de
473 2867 612 2898 Maximini
628 2867 759 2899 electione
779 2870 861 2897 refert
875 2879 881 2897 :

950 235 1060 270 pallium
1073 234 1085 260 ?
1103 231 1174 266 Quid
1191 231 1260 259 enim
1275 230 1298 256 si
1312 234 1336 256 et
1350 237 1366 256 a
1380 228 1530 255 diademate
1543 230 1567 253 et
1585 234 1601 252 α
1616 227 1736 260 sceptro?

951 281 993 308 An
1014 281 1092 308 aliter
1111 278 1222 306 mutavit
1243 275 1420 307 Anacharsis,
1439 281 1499 301 cum
1521 281 1600 307 regno
1622 271 1736 306 Scythiae

950 327 1142 364 philosophiam
1157 322 1288 360 praevertit
1303 322 1314 349 ?
1327 321 1398 354 Quid
1417 320 1491 355 quod
1507 323 1533 347 et
1550 319 1663 354 imperio
1682 317 1738 364 ῐὶοέ

951 381 1034 401 mano
1050 373 1083 400 ad
1097 369 1287 399 monarchiam
1312 367 1439 399 deducto,
1454 365 1592 400 principes
1608 364 1671 399 ipsi,
1688 363 1735 398 qui

951 420 1034 449 etiam
1061 418 1241 453 imperatores
1268 412 1448 443 dicebantur,
1474 411 1602 446 quoniam
1630 410 1735 446 regium

950 473 1049 493 nomen
1060 464 1154 491 Romae
1165 461 1314 489 infaustum
1326 458 1498 493 invisumque
1508 461 1576 489 erat,
1587 463 1737 491 purpuram

951 518 1040 540 tamen
1056 518 1105 547 pro
1120 508 1219 544 insigni
1239 506 1414 542 imperatorio
1430 503 1628 532 servaverunt?
1642 508 1671 531 ut
1688 511 1737 530 au-

950 563 1010 585 ctor
1036 560 1078 584 est
1099 554 1268 589 Capitolinus
1291 552 1319 579 in
1343 549 1469 578 Maximis
1485 555 1511 578 et
1536 550 1562 577 in
1585 548 1736 581 Gordiano,

950 611 1055 631 necnon
1070 600 1242 636 Lampridius
1264 598 1292 625 in
1316 596 1437 624 Historia
1461 596 1607 623 Alexandri
1629 595 1736 628 Severi,

950 656 1011 684 cap.
1023 649 1066 675 5i.
1085 647 1130 674 Sic
1147 645 1248 681 pariter
1264 642 1435 670 Herodianus
1452 642 1485 670 de
1507 642 1636 670 Gordiani
1654 641 1736 668 inau~

950 694 1093 730 guratione
1105 693 1137 719 ad
1149 691 1293 726 imperium
1306 689 1414 717 loeutus
1430 689 1479 716 lib.
1493 695 1541 720 vn,
1558 695 1618 722 cap.
1630 687 1647 715 5
1666 687 1735 723 (55),

951 739 1056 771 scribit,
1083 737 1269 765 adolescentes
1282 756 1289 768 ,
1306 735 1406 768 impetu
1425 733 1453 760 in
1475 733 1547 760 aedes
1564 731 1645 765 facto,
1666 731 1736 758 Gor-

950 785 1061 812 dianum
1075 790 1156 818 supra
1175 781 1335 817 grabbatum
1350 778 1564 814 requiescentem
1579 777 1734 808 offendisse,

950 830 1187 863 circumfusosque
1204 835 1295 856 senem
1308 833 1428 861 purpura
1450 824 1570 852 induisse
1585 828 1667 858 atque
1680 823 1735 850 Au-

913 872 935 901 Β
950 876 1101 913 gnstalibus
1114 874 1263 902 honoribus
1284 872 1472 900 consalutasse
1494 870 1561 906 (54).
1584 869 1685 896 Verum
1708 873 1736 896 et

948 923 1084 953 diadema,
1101 919 1174 955 quod
1191 919 1290 946 Suidas
1302 918 1333 944 τὸ
1351 917 1488 953 placamina
1502 916 1620 951 ἔνδυμα,
1638 919 1664 942 et
1680 914 1735 942 He-

949 967 1060 1003 sychius
1077 966 1185 1000 στέμμα
1202 963 1333 999 βασιλέως
1355 963 1577 997 interpretantur,
1602 961 1672 992 inter
1692 968 1723 988 or

947 1018 1075 1041 namenta
1094 1011 1245 1047 imperialia
1265 1016 1344 1046 atque
1368 1011 1441 1046 regia
1465 1009 1644 1044 plurimarum
1669 1015 1734 1042 gen-

947 1060 1014 1086 tium
1038 1058 1099 1085 inde
1122 1057 1156 1084 ab
1173 1047 1373 1091 antiqdissimis
1394 1055 1561 1090 temporibus
1583 1054 1735 1081 adhibitum

947 1106 1043 1137 fuisse,
1063 1103 1137 1131 omni
1161 1103 1245 1130 dubio
1267 1107 1356 1129 vacat.
1376 1101 1479 1136 Duplici
1496 1101 1567 1128 enim
1581 1099 1736 1127 diademate

946 1151 1112 1178 Artabanum
1127 1148 1291 1175 Parthorum
1309 1155 1396 1182 regem
1412 1154 1490 1173 usum
1508 1145 1592 1173 fuisse
1602 1150 1736 1173 memorat

946 1195 1116 1223 Herodianus
1143 1193 1246 1220 Ilistor.
1268 1193 1315 1220 lib.
1338 1199 1454 1227 vt,cap.
1484 1191 1518 1222 2,
1544 1199 1569 1227 p.
1596 1199 1634 1218 m.
1659 1191 1733 1223 25-7;

946 1238 1176 1274 quemadmodum
1190 1237 1257 1264 etin
1285 1237 1370 1264 sacris
1387 1236 1492 1271 paginis
1514 1236 1584 1264 inter
1607 1241 1733 1264 ornatum

947 1284 1102 1312 Mardoehai
1118 1283 1221 1317 regium
1240 1281 1357 1316 διάδημα
1373 1281 1496 1316 βύσσινον
1517 1281 1672 1318 πορφυροῦν
1690 1289 1735 1309 re-

947 1332 1032 1358 latum
1048 1330 1164 1365 legimus
1181 1327 1289 1355 Esther.
1308 1336 1367 1359 νιιι,
1386 1327 1428 1354 15.
1444 1327 1574 1362 Equidem
1590 1328 1616 1354 in
1633 1327 1735 1355 Roma-

947 1384 1044 1404 norum
1062 1376 1260 1409 monumentis,
1283 1376 1479 1410 speeiatimque
1503 1374 1646 1401 Ammiano
1663 1373 1732 1400 Mar-

946 1423 1060 1456 cellino,
1079 1430 1132 1449 non
1158 1423 1217 1450 sine
1253 1422 1370 1457 graviori
1388 1420 1655 1448 causa‘adnotatum
1679 1424 1732 1452 est,

947 1469 1054 1496 invidize
1077 1467 1206 1503 Pompeio
1224 1467 1316 1495 datum
1339 1467 1424 1495 fuisse
1445 1467 1480 1494 ab
1495 1465 1731 1495 obtrectatoribus.

947 1515 1019 1550 quod
1045 1515 1129 1542 fascia
1155 1515 1301 1549 obligatum
1328 1522 1392 1541 crus
1420 1512 1608 1540 circumferret
1633 1511 1733 1539 ulceris

947 1569 1040 1594 causa,
1060 1561 1142 1587 veluti
1160 1556 1249 1587 rerum
1266 1555 1396 1587 novarum
1420 1558 1600 1586 alfectationis
1615 1558 1640 1585 id
1663 1557 1734 1584 foret

948 1605 1081 1640 praesagio
1101 1605 1169 1640 (55).
1192 1604 1292 1631 Jnlium
1319 1604 1453 1631 Cursarem
1476 1604 1558 1630 etiam
1583 1603 1634 1629 hoc
1656 1602 1733 1637 regni

948 1651 1053 1684 insigne
1072 1651 1243 1685 arrogantius
1265 1650 1424 1681 ail‘ectasse,
1450 1655 1477 1676 et
1503 1657 1564 1677 cum
1590 1649 1700 1684 quidam
1717 1656 1733 1676 e

948 1690 1027 1724 turba
1056 1700 1154 1723 statuae
1178 1696 1264 1730 ipsius
1300 1703 1430 1723 coronam
1461 1695 1581 1722 lauream
1617 1695 1731 1722 candida

948 1742 1030 1769 fascia
1070 1742 1236 1776 prmligatam
1267 1741 1465 1776 imposuisset,
1488 1741 1621 1768 tribunos
1647 1741 1734 1775 plebis

947 1788 1052 1816 detrahi
1069 1795 1178 1815 corona:
1196 1787 1321 1820 fasciam,
1341 1793 1367 1815 et
1381 1787 1443 1815 duci
1465 1787 1492 1814 in
1515 1787 1622 1814 vincula
1645 1787 1733 1826 hemi-

948 1842 1009 1861 nem
1031 1834 1167 1869 jussisse,
1189 1833 1263 1861 testis
1280 1838 1322 1861 est
1348 1833 1496 1861 Suetonius
1521 1833 1548 1860 in
1575 1834 1634 1868 ejus
1658 1833 1731 1866 Vita,

947 1887 1006 1914 cap.
1025 1878 1068 1906 79.
1088 1878 1142 1906 Nec
1160 1879 1275 1906 multum
1292 1878 1393 1911 abfuit,
1411 1879 1476 1914 quin
1490 1878 1642 1905 diademate
1667 1886 1734 1906 usus

946 1928 1018 1951 esset
1049 1923 1190 1959 Caligula,
1216 1924 1389 1959 speciemque
1413 1924 1580 1959 principatus
1602 1924 1630 1951 in
1655 1925 1733 1958 regni

947 1970 1063 1997 formam
1083 1963 1273 2004 convertisset,
1297 1970 1350 1998 nisi
1372 1970 1534 2005 prudentum
1553 1969 1580 1996 in
1603 1969 1664 1996 aula
1680 1968 1733 1996 Ro-

947 2024 1027 2043 mana
1043 2017 1112 2043 ratio
1128 2016 1285 2050 imperatori
1299 2016 1356 2043 haec
1372 2016 1488 2050 insignia
1505 2015 1578 2048 regia
1596 2015 1732 2043 affectanti

947 2062 1139 2096 sugge'ssisset,
1156 2069 1217 2089 eum
1233 2066 1256 2088 et
1272 2061 1425 2096 principum
1438 2066 1464 2088 et
1476 2069 1569 2096 regum
1583 2062 1733 2089 excessisse

947 2107 1086 2144 fastigium
1108 2108 1175 2144 (56).
1200 2107 1328 2142 Quamvis
1358 2108 1459 2144 igitur,
1486 2112 1627 2143 propterea
1659 2109 1731 2144 quod

947 2154 1051 2189 regium
1070 2161 1184 2187 nomen,
1203 2161 1234 2180 ac
1254 2152 1368 2188 proinde
1384 2154 1525 2188 proprium
1552 2161 1646 2188 regum
1670 2154 1732 2182 insi-

946 2208 1016 2236 gne,
1035 2205 1226 2228 aversarentur
1251 2199 1386 2232 Romani,
1403 2199 1556 2226 diademate
1585 2204 1733 2227 caruerunt

946 2254 994 2281 per
1009 2245 1112 2281 aliquot
1128 2245 1226 2273 saecula
1249 2251 1344 2271 eorum
1366 2244 1559 2278 imperatores,
1580 2249 1626 2271 aut
1649 2245 1731 2271 raris-

944 2292 1012 2319 sime
1035 2299 1067 2319 eo
1091 2291 1133 2318 usi
1153 2290 1264 2321 fuerunt
1283 2299 1290 2316 :
1317 2289 1403 2316 nihilo
1428 2294 1519 2317 tamen
1540 2291 1632 2318 minus
1658 2291 1731 2318 istud

943 2337 1105 2364 diadematis
1123 2344 1208 2372 genus
1220 2341 1238 2369 ,'
1252 2335 1324 2370 quod
1352 2335 1473 2362 lauream
1495 2336 1576 2363 modo
1598 2343 1730 2363 coronam

943 2383 1028 2411 fascia
1045 2382 1160 2410 candida
1180 2382 1345 2421 praeligatum
1361 2381 1462 2414 refert,
1484 2382 1566 2408 etiam
1588 2382 1614 2408 in
1635 2382 1725 2408 numi-

944 2428 1078 2455 smatibus
1091 2427 1228 2455 veteribus
1238 2427 1423 2462 Augustorum
1445 2427 1600 2462 incipientis
1623 2428 1729 2462 imperii

943 2474 1107 2509 quandoque
1129 2472 1281 2500 adhibitum
1305 2472 1490 2507 conspicimus
1515 2472 1582 2507 (57).
1604 2471 1681 2500 Unde
1702 2477 1728 2499 et

940 2554 1088 2596 Πορφύραν
1102 2555 1275 2587 ἐπιϐαλόντες
1294 2554 1447 2592 βαᾳιλικὴν,
1459 2555 1647 2590 αὐτοκράτορα
1661 2555 1729 2584 ava-

940 2598 1109 2626 γορευουσιν.

974 2625 1032 2659 (55)
1052 2624 1130 2652 Conf.
1149 2624 1313 2652 Plutarchus
1328 2626 1354 2652 in
1366 2625 1425 2652 Vita
1442 2625 1490 2652 Cn.
1507 2624 1640 2659 Pompeii.

987 2659 1031 2694 56)
1052 2659 1120 2695 Vid.
1131 2659 1277 2687 Suetonius
1295 2661 1322 2689 in
1337 2660 1396 2687 Vita
1407 2661 1546 2695 Caligulae,
1556 2668 1616 2694 cap.
1628 2660 1673 2686 22.

986 2694 1031 2729 57)
1051 2694 1130 2722 Conf.
1159 2695 1271 2722 Antonii
1294 2695 1448 2730 Augustini.
1472 2694 1648 2730 L-iutiquitates
1673 2694 1728 2722 Ro~

938 2727 1034 2761 manui,
1049 2737 1081 2756 ex
1096 2730 1216 2757 nummis
1244 2727 1376 2761 veterum,
1399 2727 1505 2764 dialogo
1520 2727 1546 2762 6,
1571 2738 1597 2764 p.
1616 2739 1652 2760 ιιι.
1671 2731 1700 2757 81
1719 2739 1725 2756 ε

938 2764 1151 2800 Christianorum
1177 2773 1236 2791 vero
1261 2765 1451 2799 imperatorum
1475 2774 1539 2798 (tvo,
1560 2766 1628 2800 quod
1651 2766 1727 2792 lauro

937 2799 1060 2835 coronari
1075 2799 1188 2831 nollent,
1208 2805 1237 2825 ut
1254 2800 1372 2835 solebant
1390 2801 1505 2834 Augusti
1521 2805 1583 2826 ante
1597 2801 1726 2827 Constan—

938 2834 1115 2871 tinijsaris
1143 2839 1278 2871 tempora,
1291 2835 1366 2871 (seria
1392 2835 1443 2861 tuli
1460 2836 1525 2862 vitta
1545 2837 1724 2871 eingcbuntur,

938 2870 1016 2896 rariis
1031 2870 1138 2905 gemmis
1155 2878 1185 2896 ac
1201 2870 1333 2904 lapidibus
1348 2870 1491 2903 distinctu;
1506 2875 1558 2898 etc.
