1848 3043
145 129 215 158 i365

793 131 969 161 MACARIUS
987 133 1137 162 MAGNES.

1711 130 1770 160 l36l

145 189 274 218 Horatius
299 190 358 225 ipso
378 198 435 218 aevo
450 190 565 226 Augusti
590 190 654 218 illud
678 191 802 219 diadema
828 193 932 227 regium
947 196 970 223 Α
1021 192 1035 229 ς
1054 192 1123 220 XIII.
1145 193 1172 219 3°
1191 192 1212 218 Α
1227 192 1332 220 silentio
1349 193 1456 221 Eusebii
1477 197 1556 228 atque
1569 193 1736 228 Hieronymi.

145 235 197 264 hoc
211 237 292 264 modo
305 236 434 264 describit
451 237 542 264 Carm.
558 237 604 265 lib.
623 245 652 269 ιι,
668 238 713 265 od.
728 238 744 265 ‘2
758 249 764 265 :

266 313 384 348 Regnum
398 318 422 340 et
440 314 563 341 diadema
581 320 666 341 tutum

264 348 390 382 Deferens
404 350 460 382 uni,
475 351 661 385 propriamque
673 350 789 378 laurum.

141 413 290 443 lnclinante
303 419 393 443 autem
407 415 515 452 imperii
530 421 609 444 aetate
619 417 797 446 Aurelianum
811 417 930 453 primum

140 461 249 495 publico
269 469 301 489 ac
321 462 437 489 solemni
451 470 527 491 more
542 463 594 491 hoc
611 463 765 492 diademate
780 463 867 492 fuisse
883 471 929 490 or-

140 513 253 540 natum,
282 508 408 535 meminit
439 509 566 537 Aurelius
591 509 684 538 Victor
707 511 735 538 in
755 511 841 546 ipsius
856 511 929 545 Vita,

140 560 201 587 cap.
213 553 257 580 3.5.
273 553 405 586 Quamvis
429 554 584 583 Jotnandes
595 556 663 592 (58),
687 556 827 592 publicum
846 558 928 585 istum

140 606 220 629 usum
236 599 405 628 Diocletiano
422 601 541 636 primum
564 602 706 629 attribuat.
723 602 844 638 Denique
863 604 929 632 dum

140 645 240 679 sceptri
271 653 351 673 usum
383 647 488 681 regium
514 648 601 675 multo
629 649 719 676 adhuc
749 650 928 677 recentiorem

139 689 300 718 Diocletiani
324 699 382 719 aevo
409 693 479 720 inter
517 692 656 722 Romanos
690 694 776 723 fuisse
805 700 930 724 autumat

140 736 344 771 Tillemontius,
363 738 389 766 in
413 747 446 766 eo
460 740 532 767 haud
554 748 650 775 parum
672 740 731 769 falli
752 741 860 769 videtur
887 742 929 770 vir

139 783 315 812 doctissimus
333 789 360 812 et
384 785 412 812 in
436 785 615 814 historiarum
636 787 736 815 veteris
755 788 806 815 aevi
828 796 928 816 monu-

140 830 240 858 mentis
255 830 322 858 alias
335 831 548 859 versatissimus.
568 832 605 859 De
616 832 804 860 Romanorum
820 835 929 869 regibus

1024 272 1146 307 Magnam
1173 271 1288 299 fortasse
1312 272 1428 306 speciem
1456 272 1557 303 habet,
1585 272 1661 306 quod
1688 272 1769 300 adhuc

986 319 1133 354 objicitur,
1159 326 1249 353 neque
1263 317 1420 349 Eusebium,
1441 317 1684 353 diligentissimum
1708 319 1770 345 srri-

957 371 960 374 ‘
985 370 1094 400 plorum
1117 373 1174 392 suae
1197 364 1284 392 attatis
1306 365 1548 400 investigatorem,
1571 371 1663 399 neque
1680 363 1770 391 Hiero-

985 419 1097 447 nymum
1122 411 1149 438 in
1171 410 1298 446 Cataiogo
1325 411 1484 445 scriptorum
1515 410 1767 442 ecclesiasticarum,

985 457 1139 492 reliquosve
1154 457 1236 492 hujus
1253 457 1360 492 generis
1380 457 1539 491 scriptores,
1556 457 1642 484 ullam
1656 464 1770 491 unquam

986 503 1098 531 Macarii
1126 503 1257 538 Magnetis
1286 503 1383 531 fecisse
1408 503 1588 536 mentionem,
1612 503 1663 530 sed
1692 502 1770 529 altum

986 549 1089 584 ubique
1103 549 1177 577 illius
1192 549 1305 584 reperiri
1320 549 1469 576 silentium.
1482 548 1672 584 Praeterquam
1685 553 1770 575 autem

984 595 1056 630 quod
1081 603 1135 623 non
1161 596 1253 622 omnia
1266 595 1364 623 veteris
1382 595 1511 622 Ecclesie
1536 599 1717 622 monumenta
1738 593 1771 621 ad

985 641 1094 669 Eusebii
1128 645 1155 669 et
1184 640 1342 677 Hieronymi
1365 649 1463 669 manus
1485 645 1691 676 pervenerunt,
1718 644 1770 666 tum

984 688 1088 715 multos
1103 688 1172 715 alios
1186 695 1296 722 quoque
1313 687 1459 722 scriptores
1475 687 1577 722 prisca:
1594 687 1684 714 aetatis
1702 686 1773 713 ﬁdei-

984 741 1037 769 que
1059 734 1171 761 minime
1191 733 1290 766 dubiae,
1307 741 1332 761 e.
1360 740 1385 760 c.
1410 732 1591 768 Hymenaeum
1606 737 1634 759 et
1657 731 1773 758 Athena-

983 787 1089 815 goram,
1097 779 1205 807 silentio
1216 779 1250 807 ab
1265 779 1360 807 iisdem
1370 779 1570 814 praetermissos
1582 785 1655 810 esse,
1667 778 1775 805 cuilibet

984 827 1139 854 accuratius
1150 826 1246 861 legenti
1255 825 1542 861 patebit.Quapropter
1550 829 1576 851 et
1583 824 1774 856 Bellarminus,

139 883 170 903 es
196 875 314 912 Dionysii
334 876 584 905 Halicarnassensis
609 879 664 914 (59)
687 879 845 908 testimonio
864 889 920 908 con-

1005 876 1023 899 te
1038 872 1210 907 scriptoribus
1229 872 1430 904 ecclesiasticis,
1448 871 1482 898 ad
1501 871 1708 906 Athenagoram
1731 870 1775 896 ob-

140 926 205 955 stat,
227 922 299 956 quod
318 921 483 959 Tarquinius
498 924 661 952 transmissa
679 925 731 953 sibi
752 926 787 953 ab
807 926 930 954 Etruscis

140 966 257 1002 insignia
275 967 360 1003 regia,
378 975 510 996 coronam
531 969 591 997 scil.
609 977 733 1002 auream,
749 975 776 997 et
790 975 929 1005 sceptrum

139 1012 289 1040 eburneum
315 1013 343 1041 in
366 1015 522 1043 summitate
537 1016 657 1050 aquilam
684 1016 806 1049 habens,
827 1018 930 1053 pariter

139 1061 221 1093 atque
236 1058 323 1093 ipsius
336 1067 521 1094 successores,
536 1065 642 1096 gestare
659 1062 864 1091 consueverint.
883 1063 930 1090 Sic

139 1104 221 1135 etiam
243 1106 276 1133 de
305 1107 407 1142 populo
435 1107 559 1136 Romano
582 1108 655 1136 idem
679 1109 795 1144 scriptor
817 1110 931 1138 insimul

138 1151 280 1179 memoriae
304 1152 436 1186 prodidit,
460 1153 533 1188 quod
559 1158 716 1182 exterarum
735 1163 831 1192 regum
852 1161 929 1191 pote-

139 1200 236 1224 statem
254 1197 461 1232 confirmaturi,
485 1204 593 1234 sceptra
616 1204 642 1228 et
659 1201 813 1229 diademata
833 1202 930 1230 iisdem

138 1243 266 1276 mittere,
282 1244 310 1271 in
331 1253 408 1272 more
431 1246 587 1274 habuerint.
604 1246 714 1275 Scilicet
730 1253 861 1283 potestas,
875 1248 931 1276 for-

138 1294 217 1322 tuna,
235 1295 263 1318 et
277 1290 397 1319 efﬁcacia
423 1292 541 1327 auspicii
564 1293 730 1329 consiliique
745 1294 825 1329 regii,
843 1302 858 1322 a
876 1295 931 1322 Deo

139 1336 281 1371 profecta,
305 1338 405 1373 sceptri
437 1339 562 1374 symbolo
588 1340 683 1367 debuit
710 1341 798 1368 notari
823 1350 830 1369 :
853 1341 932 1376 cujus

140 1388 272 1419 tanquam
303 1384 370 1420 regii
393 1386 546 1412 ornamenti
574 1393 629 1413 non
659 1386 752 1414 minus
784 1387 932 1415 meminere

141 1430 290 1465 scriptores
316 1438 401 1458 aureo
428 1431 542 1466 Augusti
565 1439 623 1459 aevo
639 1432 771 1460 celebres.
798 1433 836 1460 lta
858 1434 931 1461 enim

141 1473 212 1502 inter
232 1474 344 1508 Priami,
363 1476 545 1511 Trojanorum
567 1477 651 1512 regis,
673 1477 807 1512 insignia,
832 1478 932 1512 quibus

141 1521 293 1549 instructus
315 1522 377 1557 jura
403 1523 508 1550 vocatis
533 1523 616 1550 dabat
643 1524 769 1558 populis,
794 1529 931 1559 sceptrum

141 1568 244 1603 pariter
256 1568 387 1604 Virgilius
402 1569 459 1604 (60)
473 1575 635 1598 enumerat:

160 1635 219 1671 Hoc
231 1636 336 1664 Priami
349 1641 482 1671 gestamen
497 1642 564 1670 erat,
582 1645 641 1664 cum
649 1637 713 1671 jura
728 1639 826 1665 voratis

161 1670 236 1708 More
246 1675 321 1698 duret
337 1670 452 1708 populis,
468 1670 657 1707 sceptrumque,
668 1681 791 1708 sacerque
800 1675 894 1706 tiaras,

161 1705 430 1743 Iliadumquelabor,
448 1705 587 1735 vestes...”

143 1785 177 1818 Et
192 1786 258 1821 quid
285 1787 372 1823 magis
394 1787 559 1816 confirmant
582 1788 688 1815 nummi
713 1788 847 1821 Adriani,
867 1778 931 1816 item

143 1833 275 1860 Antonini
289 1833 344 1866 Pii,
358 1839 385 1861 et
404 1833 552 1862 Alexandri
574 1834 666 1862 Severi
684 1835 882 1870 Augustorum,
903 1835 931 1862 in

144 1879 246 1914 quibus
261 1879 372 1910 .lnstitia
387 1880 508 1908 sedentis
527 1886 570 1908 est
585 1881 690 1913 habitu,
704 1882 816 1908 sinistra
828 1881 931 1916 virgam

143 1929 258 1958 tenens.
276 1926 370 1955 dextra
397 1935 462 1955 vero
488 1932 611 1962 pateram
635 1928 766 1962 gestans?
789 1927 932 1962 Sceptrum

144 1971 249 2000 scilicet
259 1972 384 2008 designat
404 1973 549 2009 imperium
576 1974 669 2003 mundi
691 1982 723 2002 ac
737 1974 805 2010 reip.
818 1974 933 2002 admini-

145 2018 322 2053 strationem;
345 2021 523 2054 quamobrem
545 2025 571 2048 et
590 2021 693 2056 virgam
710 2024 797 2057 gestat
813 2031 819 2048 :
839 2026 932 2056 patera

144 2073 210 2094 vero
224 2065 399 2095 Divinitatem
422 2067 568 2102 signiﬁcat,
585 2067 733 2102 interprete
748 2067 867 2095 Antonio
878 2067 933 2094 Au—

145 2111 255 2146 gustino
273 2111 302 2139 in
316 2112 423 2148 dialogo
442 2113 460 2139 2
473 2113 670 2148 Antiquitatum
691 2113 887 2146 Romanarum,
905 2113 933 2140 in

146 2157 266 2186 nummis
281 2161 449 2193 veterum,p.
464 2166 502 2185 m.
521 2159 564 2186 19.
585 2157 700 2186 Unicum
721 2159 811 2186 adhuc
834 2159 932 2186 addam

145 2203 299 2238 exemplum
315 2203 456 2236 Gordiani,
475 2212 573 2232 nomen
587 2205 760 2240 imperatoris
776 2205 933 2240 cultumque

146 2250 284 2287 gerentis,
306 2250 334 2276 in
361 2250 440 2285 cujus
467 2258 567 2285 pompa
594 2256 675 2286 atque
702 2250 832 2277 comitatu
859 2251 934 2285 regio
952 2243 973 2270 θ

146 2295 237 2330 virgas
254 2296 400 2327 identidem
428 2297 566 2324 laureatas
583 2301 782 2323 commemorat
802 2296 933 2324 Herodia-

146 2349 199 2374 tius
212 2341 285 2376 (6|);
311 2343 411 2378 quippe
427 2351 482 2378 quo
505 2343 605 2377 insigni
629 2343 766 2379 principes
782 2350 797 2370 a
821 2343 934 2377 privatis

146 2388 353 2422 dignoscuntur.
383 2388 423 2416 Ex
449 2389 549 2424 quibus
570 2390 699 2417 omnibus
723 2389 842 2416 dilucide
867 2389 935 2416 satis

146 2435 305 2468 coniicitur,
339 2435 549 2470 descriptionem
568 2437 670 2471 regiam
693 2444 708 2463 a
731 2435 851 2463 Macario
875 2435 933 2462 Ma-

147 2485 227 2514 gnete
253 2488 336 2516 supra
357 2473 466 2508 allatam
493 2490 509 2509 a
536 2482 785 2510 consuetudineac
811 2482 935 2509 moribus

147 2525 191 2552 sui
215 2526 307 2554 saeculi
334 2527 545 2562 haudquaquam
577 2535 638 2555 esse
665 2528 802 2561 alienam;
828 2535 891 2554 cum
908 2527 935 2554 id

148 2571 228 2598 nobis
243 2572 373 2605 sufﬁciat,
390 2572 474 2600 fuisse
488 2581 520 2600 ea
536 2578 614 2600 aetate
633 2581 711 2609 reges
729 2581 861 2608 purpura,
877 2573 936 2600 dia-

149 2617 255 2644 demate
273 2623 355 2653 atque
375 2624 482 2656 sceptro
507 2623 637 2654 tanquam
657 2619 740 2655 regiis
766 2620 934 2648 ornamentis

151 2663 322 2698 conspicuos.

186 2766 242 2801 (58)
262 2766 290 2794 In
313 2768 362 2805 lib:
385 2768 421 2796 De
440 2777 579 2804 regnorum
610 2779 640 2797 ac
665 2775 809 2805 temporum
833 2779 934 2798 succes-

152 2802 234 2830 sione.
252 2809 312 2837 cap.
328 2803 372 2829 87.

186 2837 242 2873 (5Tb
263 2839 392 2873 AAI‘III'qut-l.
413 2838 535 2870 Romam,
551 2840 598 2866 Ii'n.
614 2848 654 2873 ιιι,
670 2848 730 2873 cap.
750 2840 792 2867 Η.

187 2871 243 2909 (60)
263 2871 374 2900 Αῗηεὶά.
387 2873 433 2900 lib.
450 2881 498 2908 vn,
518 2882 542 2901 ι’.
557 2875 620 2902 247.
639 2871 719 2905 Conf.
739 2875 805 2903 ibid.
822 2876 867 2904 lib.
886 2884 932 2910 xu,

983 923 1092 947 servat:
1116 918 1216 945 Mirum
1238 922 1325 945 autem
1339 922 1387 951 est,
1411 925 1460 944 cur
1479 916 1611 944 Eusebius
1628 915 1777 950 diligentis~

982 967 1065 997 simus
1089 970 1247 1004 scriptorum
1268 969 1458 1004 investigator,
1483 968 1561 1002 huius
1587 967 1708 994 auctoris
1730 974 1777 992 non

983 1015 1140 1042 meminerit.
1154 1015 1231 1047 Quod
1253 1019 1342 1042 autem
1365 1014 1395 1042 S.
1421 1013 1600 1050 Hieronymus
1625 1013 1699 1040 hunc
1715 1013 1776 1039 scri-

983 1066 1083 1096 ptorem
1112 1061 1241 1094 omiserit,
1265 1069 1317 1087 non
1343 1062 1464 1087 estadeo
1488 1060 1596 1094 mirum,
1623 1067 1689 1086 cum
1715 1059 1777 1085 satis

983 1111 1094 1139 constet,
1109 1106 1260 1142 cotalogum
1277 1106 1306 1134 S.
1325 1106 1482 1141 Hieronymi
1495 1113 1527 1134 ea:
1543 1105 1660 1132 historia
1675 1104 1778 1131 Eusebii

983 1161 1038 1180 esse
1048 1153 1224 1187 desumptum,
1238 1152 1325 1188 quoad
1336 1152 1396 1180 illos
1409 1152 1559 1187 scriptores,
1572 1152 1619 1186 qui
1633 1151 1779 1178 Eusebiqu

984 1203 1184 1234 processerunt.
1205 1199 1306 1226 Eadem
1333 1199 1415 1234 igitur
1439 1198 1510 1226 ratio
1537 1199 1620 1225 etiam
1646 1198 1701 1225 hoc
1722 1198 1780 1225 loco

984 1245 1094 1278 valebit,
1112 1250 1140 1272 et
1163 1245 1237 1273 haud
1255 1245 1354 1272 mirum
1366 1266 1374 1276 .
1399 1245 1422 1272 si
1438 1252 1488 1272 nec
1509 1243 1624 1271 Macarii
1646 1243 1780 1279 Magnetis

985 1291 1039 1318 ulla
1053 1291 1086 1318 ab
1099 1291 1217 1319 Eusebio
1230 1296 1311 1326 atque
1327 1290 1495 1327 Hieronymo
1516 1290 1588 1318 facta
1603 1291 1642 1318 sit
1657 1292 1779 1323 mentio;

985 1345 1048 1364 cum
1064 1337 1105 1364 vel
1118 1332 1180 1371 ipse
1198 1335 1333 1365 Eusebius
1351 1337 1406 1373 (ϐξ)
1423 1337 1550 1369 fateatur,
1567 1345 1598 1364 se
1615 1344 1674 1364 non
1690 1337 1780 1364 omni:

985 1391 1083 1416 nosse,
1108 1391 1169 1418 qua:
1196 1391 1229 1411 ex
1246 1388 1368 1411 veterum
1392 1383 1646 1411 ecclesiasticarum
1673 1383 1781 1417 scriptis

986 1437 1037 1458 suo
1053 1430 1143 1457 adhuc
1165 1435 1286 1465 tempore
1299 1430 1371 1465 apud
1392 1430 1492 1457 multos
1509 1430 1698 1458 servabantur
1723 1430 1782 1456 lau-

986 1477 1085 1504 dabilis
1106 1476 1254 1512 diligentiae
1275 1482 1472 1510 monumenta;
1493 1476 1648 1504 multorum
1675 1484 1783 1511 quoque

986 1522 1189 1550 lucubrationes
1202 1522 1235 1550 ad
1247 1530 1276 1550 se
1287 1523 1398 1558 quidem
1411 1523 1530 1556 vertisse,
1544 1531 1669 1557 quorum
1692 1529 1783 1551 tamen

985 1576 1020 1596 ne
1048 1569 1107 1604 ipsa
1135 1569 1246 1604 quidem
1273 1569 1385 1596 nomina
1411 1576 1554 1596 recensere
1578 1570 1708 1604 potuerit
1724 1590 1732 1601 ,
1760 1575 1784 1596 et

985 1623 1103 1650 quorum
1116 1619 1254 1648 auctores,
1265 1615 1391 1649 quamvis
1402 1614 1547 1642 orthodoxi
1559 1620 1588 1642 et
1598 1615 1784 1642 ecclesiastici

985 1661 1080 1694 fuere,
1098 1661 1208 1689 obscuri
1233 1665 1323 1688 tamen
1353 1660 1493 1695 ignotique
1522 1660 1629 1688 fuerint
1650 1661 1784 1693 Eusebio,

985 1712 1128 1743 propterea
1144 1707 1216 1742 quod
1233 1706 1283 1741 ipsi
1309 1707 1371 1733 libri
1391 1711 1536 1734 auctorum
1554 1714 1613 1733 non
1633 1706 1786 1742 praeferant

985 1755 1107 1785 nomina.
1124 1754 1195 1788 Quin
1208 1758 1235 1781 et
1252 1753 1397 1789 Nicephori
1419 1754 1472 1781 ΟΡ.
1487 1758 1568 1782 aatate
1587 1755 1666 1783 hunc
1691 1761 1787 1782 aucto-

986 1808 1043 1828 rem
1066 1801 1181 1836 ejusque
1205 1800 1356 1829 doctrinam
1383 1804 1411 1828 et
1437 1801 1540 1835 scripta
1570 1801 1701 1829 nondum
1722 1802 1788 1829 satis

986 1846 1072 1874 fuisse
1097 1846 1224 1881 cognita,
1249 1845 1414 1881 perspicitur
1431 1853 1465 1873 ex
1493 1846 1691 1881 indignatione
1715 1847 1787 1875 anti-

987 1893 1080 1921 stitum
1098 1892 1313 1920 ortltodoxorum
1333 1892 1359 1919 in
1384 1899 1458 1924 eum,
1476 1891 1523 1926 qui
1543 1892 1708 1919 testimonia
1732 1892 1788 1919 Ma-

986 1940 1075 1976 gnetis
1096 1939 1220 1967 mutilata
1240 1943 1433 1974 excerpserat:
1458 1939 1515 1964 υὺκ
1540 1938 1658 1973 εἴχομεν
1680 1939 1722 1969 δὲ,
1744 1939 1785 1966 in-

986 1987 1094 2022 quiunt,
1105 1987 1119 2013 ὂ
1144 1995 1169 2013 τι
1180 1985 1330 2021 δράσαιμεν
1343 1985 1396 2011 τῶν
1409 1985 1456 2012 νῦν
1472 1984 1670 2020 προελοουσῶν
1685 1985 1788 2010 εἵνεκεν

986 2033 1110 2068 χρήσεων
1121 2040 1127 2045 ·
1145 2032 1204 2058 λίαν
1219 2031 1272 2066 γὰρ
1290 2030 1466 2066 Θαυμάζομεν
1487 2031 1536 2057 καὶ
1553 2030 1786 2065 ἐκπεπλήγμεθα,

986 2079 1060 2110 ὅστις
1077 2078 1143 2104 ποτὲ
1159 2079 1202 2113 εἰη
1222 2078 1236 2103 ὁ
1256 2077 1358 2108 ταύτας
1377 2076 1598 2111 ἀναλεξάμενος,
1619 2077 1662 2109 ὡς
1679 2077 1730 2109 τὰς
1748 2077 1786 2111 βί-

987 2125 1066 2156 ϐλους
1084 2123 1169 2155 αὑτὰς
1184 2125 1235 2150 οὐκ
1258 2123 1407 2158 ἐξέπεμψε.
1429 2123 1548 2158 Πότερῡν
1562 2123 1613 2158 τῆς
1629 2124 1787 2158 ἐπιστήμης

987 2172 1033 2198 καὶ
1044 2171 1093 2206 τῆς
1105 2170 1278 2202 διδασκαλίας
1289 2170 1337 2196 τοῦ
1351 2169 1532 2205 συγγραφέως
1549 2169 1695 2205 φθονήσας
1711 2171 1785 2205 ἡμῖν.

986 2219 1043 2249 τὺίς
1069 2217 1171 2252 ταύτης
1195 2216 1348 2251 ἐφιεμένοις
1372 2216 1420 2242 καὶ
1447 2215 1645 2251 γλιχομένοιςς
1679 2216 1715 2242 Ἦ

988 2263 1089 2290 σκοπὸν
1110 2264 1156 2290 καὶ
1173 2263 1221 2297 τὴν
1235 2262 1364 2289 ὑπόθεσιν
1379 2260 1594 2296 ἀποκρύψασθαι
1613 2260 1786 2297 tto-415399;,

987 2309 1024 2342 ὡς
1036 2309 1068 2344 δὴ
1085 2308 1165 2341 εὐθύς
1184 2317 1214 2335 τε
1237 2309 1282 2338 καὶ
1299 2309 1331 2335 ἐκ
1352 2308 1464 2343 πρώτης
1489 2307 1624 2343 ἐπιϐολῆς
1649 2307 1785 2343 ἐμφανῶς

989 2356 1035 2382 καὶ
1050 2354 1132 2390 δήλης
1148 2356 1203 2386 τοῖς
1215 2354 1420 2389 ἐπευξαμένοις
1439 2353 1704 2388 καταστησομένης,
1723 2353 1785 2379 κᾶν·

988 2401 1082 2427 τεῦθεν
1096 2401 1238 2437 διαδρᾶσαι
1257 2401 1310 2427 τῶν
1330 2399 1635 2435 δραματουργηθέντων
1654 2400 1701 2426 τὸν
1716 2399 1787 2433 ἑλεῖ-

989 2456 1044 2482 χον.
1063 2446 1090 2474 ld
1101 2451 1161 2479 est:
1177 2446 1218 2473 Ad
1236 2446 1341 2481 prolata
1358 2445 1509 2473 testimonia
1523 2446 1597 2480 quod
1614 2446 1726 2477 attinet,
1739 2454 1786 2471 non

989 2494 1056 2520 satis
1072 2493 1190 2521 constitit
1208 2492 1294 2525 nobis,
1309 2491 1370 2528 quid
1386 2492 1545 2526 faceremus.
1561 2492 1703 2519 Miramur
1721 2492 1785 2519 alii:

990 2538 1064 2565 ualde
1077 2542 1101 2564 et
1121 2537 1326 2572 obstupescimus
1337 2557 1345 2570 ,
1367 2537 1488 2571 quisquis
1509 2536 1556 2563 ille
1574 2543 1615 2563 est
1632 2538 1681 2572 qui
1696 2546 1727 2563 ea
1741 2544 1784 2562 tx-

989 2585 1096 2619 cerpsit,
1112 2593 1159 2611 cur
1174 2584 1244 2619 ipsos
1260 2584 1339 2610 libros
1356 2591 1408 2609 non
1421 2583 1535 2609 miserit.
1552 2583 1597 2610 An
1614 2584 1683 2618 quia
1702 2583 1783 2609 scien-

990 2631 1054 2656 tiam
1064 2630 1264 2663 doctrinamque
1275 2629 1346 2655 iilius
1357 2627 1463 2654 laudati
1477 2628 1624 2662 scriptoris
1632 2627 1783 2663 optantibus

989 2676 1344 2710 nobisdesiderantibusque
1367 2674 1486 2700 invidit?
1510 2676 1553 2701 An
1581 2675 1649 2710 quia
1676 2679 1784 2702 mente-tt

1745 2215 1786 2241 τὸν

989 2777 1015 2798 ν’
1025 2769 1205 2838 (ﬁguratur.
1222 2803 1271 2830 lib.
1287 2811 1336 2833 vn.
1349 2810 1374 2830 c.
1389 2802 1416 2832 o,
1430 2809 1510 2838 parin.
1527 2801 1606 2831 505:

1027 2836 1083 2875 (6‘2)
1104 2839 1175 2866 Hist.
1193 2838 1256 2865 sccl.
1275 2838 1322 2866 lib.
1335 2846 1361 2870 v,
1378 2845 1438 2872 cap.
1455 2836 1503 2864 ‘27.
