1848 3043
18 142 77 169 565

592 143 733 172 ΝΟΤΙΤΙΑ
753 143 797 171 ET
817 142 1043 172 FRAGMENTA.

1570 147 1640 173 i366

20 202 132 230 actoris
148 209 380 240 argumentumque
393 206 488 239 operis,
501 206 570 241 quod
588 208 619 233 ab
637 206 693 241 ipso
707 206 798 232 statim.

891 213 962 241 ιμμα
992 207 1145 242 εὑρίσκεται
1172 208 1200 234 ὲν
1231 207 1310 234 πέντε
1337 207 1448 242 βιϐλίοις
1478 207 1640 243 διηρημένον

18 250 122 276 cordia
139 250 242 278 evidens
257 251 475 286 ntunifestumque
492 252 631 279 lectoribus
646 253 799 284 exstitisset,

18 295 159 330 ccultare,
183 302 260 333 atque
276 299 314 324 ita
340 298 488 333 facinorum
509 307 615 325 suorum
636 299 762 325 indicium
776 303 801 325 et

18 342 204 370 onvictionem
223 344 308 371 vitare
321 345 405 371 voluit
418 345 429 372 ?
442 349 494 371 etc.
510 344 588 378 Quod
607 345 629 372 si
643 345 759 379 denique
773 344 800 370 in

21 389 150 423 riginem
168 389 282 417 istorum
299 398 423 417 errorum
435 382 516 425 patilo
528 391 648 418 curatius
664 391 801 426 inquirere

19 434 141 468 elimus,
163 436 209 470 qui
228 435 346 463 Macario
367 436 482 472 Magueti
501 442 595 464 nostro
616 437 797 472 imputantur,

20 486 29 506 t
41 480 78 507 de
91 481 200 515 quibus
210 482 338 517 deinecps
352 483 501 510 disserendi
516 483 593 510 locus
606 483 673 516 erit;
692 483 801 518 majoris

18 531 76 553 )rte
94 527 192 555 adhuc
221 528 404 563 antiquitatis,
427 537 508 563 quam
533 529 641 564 quidem
657 529 749 556 saeculi
771 537 800 555 ιιι

18 572 35 598 d
51 571 144 599 ﬁnem
161 574 296 608 vergentis
318 575 386 601 ratio
401 575 513 609 patitur,
535 575 610 601 varia
631 574 719 610 colligi
740 582 802 609 pos-

18 624 66 645 ent
93 619 219 652 indicia,
245 628 305 654 qua:
333 621 520 654 superioribus
541 621 707 655 argumentis
728 620 802 647 haud

19 672 106 692 arum
134 665 264 693 adderent
291 667 409 694 roboris.
425 666 507 694 Jubet
523 672 612 694 autem
637 666 800 699 necessitas,

21 715 32 737 t
58 710 141 738 hanc
166 711 384 746 disquisitionem
409 712 441 739 de
472 716 550 739 actate
574 712 694 739 auctoris
716 711 801 738 nostri

22 758 144 786 niamus
170 758 329 793 atquissimo
356 759 476 794 satisque
494 759 608 794 probato
631 758 671 785 Cl.
689 757 801 785 Joannis

18 806 130 832 :oivinii
146 806 260 840 judicio,
276 806 348 840 quod
366 813 398 833 ex
411 806 580 840 autographo
593 805 645 832 viri
665 809 727 840 post
747 804 800 831 lata

18 853 172 888 uperstitis
186 853 238 881 hoc
255 853 314 881 loco
336 853 501 889 subjungere
524 853 597 880 haud
620 853 797 888 injucundum

18 907 62 927 )re
78 900 295 927 existimamus:
317 907 382 926 sane
403 900 425 926 si
443 904 558 931 constet,
571 899 719 934 Magnetem
737 904 799 927 ante

18 946 140 981 trigenis
170 951 290 980 tempora
315 946 457 979 ﬂoruisse,
475 950 505 972 ut
526 946 635 981 quidam
660 946 799 973 existima-

18 997 68 1019 unt
87 992 162 1027 (65),
179 992 304 1019 ﬂoruisse
324 1000 385 1018 eum
402 999 514 1019 necesse
530 997 572 1019 est
593 1000 625 1019 ea
638 992 695 1026 ipsa
709 997 797 1024 aelate,

20 1045 57 1064 ua
82 1037 232 1065 erroribus
260 1037 313 1065 illis
340 1045 394 1064 non
421 1038 530 1065 deluere
552 1038 641 1072 magni
661 1042 796 1065 auctores.

18 1084 58 1109 .cd
74 1083 191 1110 interim
208 1084 271 1110 dum
288 1089 369 1111 tanta:
383 1084 524 1111 vetustatis
548 1089 706 1119 argumenta
721 1085 799 1112 nobis

18 1133 81 1156 crta
96 1134 256 1164 suppetant,
271 1130 356 1157 tutius
375 1130 455 1157 luerit
466 1139 527 1157 cum
548 1129 701 1165 Nicephoro
715 1131 799 1165 patri-

19 1176 94 1203 rcha
117 1181 147 1202 et
174 1176 234 1203 aliis
259 1175 500 1203 lconouiachorum
523 1176 686 1203 adversariis
709 1176 798 1204 Maca-

18 1221 78 1247 ium
106 1219 261 1256 Magnetem
276 1221 376 1248 saeculo
391 1221 496 1256 integro
513 1225 631 1248 statuere
649 1221 797 1256 juniorem,

18 1271 35 1293 ll.
50 1266 178 1302 Origene
192 1267 302 1302 quidem
323 1271 349 1294 et
369 1266 536 1294 Tertulliano
553 1267 696 1301 recentior,
713 1267 798 1294 Atha-

18 1312 90 1339 nasio
117 1315 208 1339 autem
227 1316 253 1339 et
277 1311 384 1339 concilii
406 1311 507 1339 Nicazni
534 1311 661 1340 Patribus
685 1312 798 1347 aequalis

18 1359 159 1386 iabcatur.

162 1403 175 1439 §
194 1402 264 1430 XIV.
283 1403 396 1430 Macarii
411 1403 539 1438 Magnetis
554 1403 662 1438 scripta.

40 1451 216 1478 Accedimus
229 1458 300 1478 nunc
312 1450 344 1477 ad
361 1450 547 1477 recensionem
565 1450 728 1484 scriptorum
744 1449 799 1476 Ma-

21 1497 76 1524 arii
96 1495 245 1530 Magnetis,
261 1504 378 1531 quorum
391 1495 522 1523 hactenus
534 1496 604 1523 inter
620 1497 740 1524 eruditos
754 1497 799 1523 vix

19 1544 62 1570 illa
79 1543 188 1570 exstitit
201 1542 343 1572 memoria,
357 1541 455 1568 nedum
468 1545 539 1568 certa
551 1541 673 1576 quaadarh
689 1542 798 1575 notitia;

19 1590 116 1624 μήρρο
131 1589 201 1615 inter
214 1588 460 1615 vetustissimorum
473 1591 613 1614 auctorum
625 1592 798 1615 monumenta

19 1634 158 1670 .eperdila
180 1633 235 1668 (64)
262 1634 402 1668 hucusque
430 1633 528 1668 injuria
555 1638 708 1669 temporum
734 1634 801 1661 deli-

20 1682 99 1708 uisse
123 1679 179 1714 jam
206 1687 288 1714 supra
312 1679 501 1706 indicavimus.
521 1678 553 1706 Et
566 1679 690 1714 quamvis
705 1679 799 1706 hodie-

20 1734 77 1753 ium
94 1725 187 1752 adhuc
204 1725 307 1760 integra
325 1725 411 1759 ipsius
434 1732 514 1759 opera
531 1725 564 1752 ad
579 1733 677 1753 manus
693 1727 800 1752 nostras

20 1771 85 1799 laud
114 1771 308 1806 pervenerint,
330 1771 448 1806 pretiosa
473 1775 563 1798 tamen
588 1771 800 1806 ἀποσπασμάτια

20 1817 232 1854 ἶιιειιιιριιιιιίιιιίι,
245 1818 351 1853 aliaque
361 1818 482 1853 ejusdem
495 1818 635 1852 scriptoris
650 1818 800 1853 liragmenta

23 1865 40 1892 d
59 1863 220 1892 doctrinam
232 1863 442 1891 ecclesiasticam
458 1871 587 1899 perquam
608 1864 693 1894 utilia.
707 1868 799 1891 nostro

21 1910 126 1937 andem
145 1909 245 1937 saeculo
265 1909 292 1936 in
311 1909 541 1944 pra‘stantissimis
553 1909 726 1937 bibliothecis
741 1909 800 1937 feli-

22 1956 80 1983 iter
103 1955 232 1988 inventa,
256 1963 272 1982 e
294 1960 335 1983 tot
359 1956 519 1983 szcculorum
545 1955 662 1983 tenebris
690 1956 798 1983 demum

22 1998 161 2026 mersisse
177 1999 360 2034 maximopere
378 2001 535 2036 gaudemus.
551 2000 625 2035 Opus
641 2000 727 2035 ipsum
747 2001 798 2028 hu-

22 2054 50 2072 lS
64 2045 219 2080 pervetusti
234 2046 352 2073 auctoris
364 2047 442 2073 titulo
452 2046 587 2082 Apologia:
599 2047 751 2082 evangelica:
765 2048 799 2074 ad

22 2091 206 2119 'lwosthencm
225 2091 348 2118 adversus
372 2093 480 2126 gentiles
503 2092 638 2128 Evangelii
652 2093 799 2120 calumnia-

22 2146 80 2164 πρε
106 2136 267 2172 insignitum
282 2137 391 2172 quidem
410 2138 523 2172 legimus
548 2147 562 2165 a
584 2138 715 2166 Zacharia
734 2138 800 2166 Cre-

23 2183 97 2215 znsi,
115 2181 260 2216 Turriano,
275 2182 433 2217 Posscvino,
452 2183 565 2218 aliisque
578 2184 774 2212 recentioribus
791 2195 797 2211 :

854 251 922 287 πρὸς
939 253 1068 288 Ἕλληνας
1086 254 1119 280 πὲ
1137 272 1166 281 ...
1179 254 1208 280 ἐν
1224 256 1282 286 ταῖς
1301 254 1372 289 ρήσι.
1383 273 1390 281 .
1404 274 1410 280 .
1433 261 1465 289 με
1484 274 1490 280 .
1502 273 1508 280 .
1521 273 1527 279 .
1547 253 1561 280 λ
1576 274 1582 280 .
1593 273 1601 281 .
1613 274 1619 280 .
1631 274 1638 281 .

853 295 883 323 In
900 295 1044 331 Nicephori
1068 298 1121 325 (ΣΡ.
1147 299 1344 332 Antirrheticis,
1361 307 1393 325 ex
1408 299 1508 334 quibus
1529 299 1640 333 potissi-

854 351 929 370 mum
943 345 1063 372 auctoris
1075 345 1162 372 nostri
1180 345 1328 380 fragmenta
1342 345 1569 379 deprompsimus,
1584 345 1641 372 haec

855 389 967 418 habetur
982 391 1124 426 inscriptio
1141 401 1147 418 :
1164 391 1216 418 Τοῦ
1232 392 1309 426 ἁγίου
1323 392 1465 428 Μακαρίου
1485 393 1516 418 ὲκ
1531 392 1580 427 τῆς
1595 401 1640 419 τε-

853 436 955 472 τάρτης
972 437 1062 472 βίϐλου
1076 438 1130 465 τῶν
1150 439 1356 474 Ἀποκριτικῶν,
1372 440 1458 466 sancti
1479 439 1593 466 Macarii
1608 447 1640 466 rs

854 489 947 519 quarto
962 484 1028 511 libro
1042 485 1262 519 Apocriticorum.
1285 487 1312 512 lu
1329 486 1389 513 aliis
1412 485 1552 513 codicibus
1571 493 1638 513 mss.
1653 490 1663 499 ’

854 531 972 557 citantur
989 531 1097 558 Macarii
1121 532 1309 568 Ἀποκρίσεις;
1332 532 1561 566 quemadmodum
1587 532 1639 558 hoc

854 584 924 611 opus
937 577 1135 612 apologcticum
1152 585 1175 604 e.
1190 586 1215 605 c.
1229 578 1255 604 in
1267 578 1327 605 cod.
1345 577 1409 612 Reg.
1423 577 1500 610 1986,
1514 577 1561 605 fol.
1574 578 1637 610 257,

855 630 959 649 necnon
977 623 1003 649 in
1017 623 1077 651 cod.
1090 623 1172 655 9.935,
1185 625 1306 659 sequenti
1319 625 1417 659 gaudet
1429 625 1507 651 titulo
1522 633 1528 650 :
1543 625 1639 651 Μακα-

856 669 912 704 ρίου
933 668 1075 704 Μάγνητος
1099 670 1130 696 ὲκ
1151 670 1205 697 τῶν
1223 671 1290 705 πρὸς
1305 671 1437 706 ’Έλληνας
1454 671 1534 696 αὑτοῦ
1557 671 1638 697 Ἀπο-

855 714 981 750 κριτεων,
998 715 1022 742 id
1037 720 1077 742 est
1092 715 1205 742 Macarii
1222 715 1351 750 Magnetis
1368 724 1399 743 ex
1411 717 1466 751 ejus
1482 717 1516 743 ad
1531 715 1636 745 (ἐι-αλιος

855 760 1005 796 Rcsponsis.
1022 760 1058 788 De
1077 769 1131 796 quo
1151 762 1230 789 titulo
1247 763 1341 790 audire
1364 763 1437 790 Iubet
1453 763 1540 798 ipsum
1558 763 1636 791 Nice-

854 806 972 841 phorum
991 807 1027 834 ita
1041 807 1193 842 loquentem
1214 816 1220 833 :
1234 808 1270 834 Τὸ
1283 808 1310 834 δὲ
1326 808 1379 834 τῶν
1399 808 1594 844 Ἀποκριτικῶν
1605 809 1637 836 ὲν

854 853 886 888 τῇ
908 853 1046 889 ἐπιγραφῇ
1070 854 1256 889 προκείμενον,
1271 854 1361 890 ἐπειδὴ
1383 854 1453 881 κατὰ
1471 855 1635 891 διαφόρωνή

813 885 835 914 Β
851 898 923 931 λέξις
946 899 1151 934 σημαινομένων
1177 899 1306 935 φέρεται,
1334 899 1433 932 ἱκανῶς
1455 901 1637 936 ἐπετάραττεν

852 945 905 971 τῶν
927 944 1078 971 ἀκουόντων
1104 945 1152 980 τὴν
1178 945 1319 980 αἴσθησιν,
1342 946 1444 972 ἔννοιαν
1465 946 1488 972 δ’
1503 944 1548 973 οὖν
1564 947 1637 982 ὅμως

852 990 966 1017 ἐνταῦθα
988 992 1116 1026 παρεῖχεν
1129 991 1168 1026 τῷ
1184 992 1382 1027 ἐντυγχάνοντι,
1402 992 1439 1024 ὡς
1455 993 1501 1018 ἐπὶ
1517 1001 1638 1028 προηπο-

853 1036 977 1072 ρημένων
990 1037 1006 1072 ἢ
1019 1037 1202 1072 προτεθέντων
1222 1039 1261 1069 εἰς
1282 1038 1392 1073 ζήτησιν
1414 1038 1545 1074 πρότερον
1557 1039 1637 1065 τινῶν

851 1083 937 1116 λόγων
953 1083 1094 1117 ἐπάγεται,
1112 1082 1160 1118 τὴν
1179 1083 1254 1109 λύσιν
1277 1082 1293 1118 ἢ
1315 1083 1364 1119 τὴν
1385 1083 1522 1118 ἐπίκρισιν
1536 1084 1637 1111 τούτων

851 1129 1068 1166 ὺπαγορεύουσα,
1085 1138 1111 1156 κ.
1133 1138 1157 1156 τ.
1178 1129 1202 1156 λ.
1221 1129 1440 1157 ΑΡοειιιτιαοιιυιι
1455 1136 1541 1157 autem
1558 1138 1636 1158 voca--

853 1175 952 1207 bulum,
968 1175 1037 1210 quod
1049 1176 1076 1202 iu
1091 1176 1168 1202 titulo
1188 1176 1314 1207 occurrit,
1328 1176 1390 1210 quia
1404 1176 1439 1203 at!
1453 1177 1539 1203 varias
1554 1177 1637 1211 signi-

852 1221 987 1254 ﬁcationes
1009 1221 1174 1255 producitur,
1197 1226 1308 1248 mentem
1331 1221 1494 1248 audientium
1516 1230 1566 1248 non
1585 1230 1636 1256 pa-

852 1274 910 1292 rum
929 1266 1064 1301 torquebat
1080 1274 1089 1292 :
1102 1266 1183 1294 dabat
1198 1272 1284 1294 tamen
1308 1267 1399 1294 lectori
1419 1267 1486 1294 lianc
1508 1268 1638 1302 suspicio-

852 1319 922 1344 nem,
939 1312 1069 1346 quasdam
1090 1312 1171 1346 fuisse
1192 1313 1348 1347 quwstiones
1368 1319 1428 1340 ante
1446 1317 1635 1346 controversas.

851 1356 890 1383 vel
905 1356 939 1384 ad
954 1357 1153 1391 disceptandum
1172 1359 1332 1393 propositas,
1351 1358 1384 1384 ad
1402 1366 1466 1392 quas
1484 1359 1636 1385 vocabulum

852 1402 920 1429 illud
935 1403 1084 1436 pertineret,
1102 1408 1126 1429 ct
1139 1411 1250 1438 quarum
1272 1404 1323 1430 sive
1338 1403 1494 1430 solutioiiem
1507 1404 1559 1431 sive
1573 1411 1636 1431 csa-

854 1455 910 1474 men
926 1448 1065 1481 indicaret,
1077 1453 1129 1476 etc.
1145 1448 1211 1483 (65).

899 1494 912 1530 §
928 1494 986 1522 XV.
1003 1494 1108 1522 Notitia
1122 1495 1242 1522 codicum
1257 1504 1319 1522 mss.
1333 1496 1418 1530 operis
1432 1495 1592 1522 Macariani.

889 1541 998 1569 Exstitit
1014 1541 1078 1568 olim
1094 1542 1228 1577 integrum
1242 1549 1310 1577 opus
1321 1543 1517 1578 apologoticum
1532 1542 1637 1577 Magne-

854 1587 899 1620 tis,
913 1588 1033 1622 quinque
1053 1587 1131 1614 libris
1154 1593 1292 1620 constans,
1307 1588 1378 1616 inter
1391 1595 1458 1615 mss.
1474 1588 1581 1615 codices
1595 1588 1636 1614 bi-

854 1633 996 1660 bliothecze
1010 1632 1129 1666 Venetae,
1147 1641 1202 1668 quo
1218 1634 1310 1661 codice
1327 1641 1355 1661 se
1369 1642 1449 1661 usum
1463 1641 1522 1662 esse
1534 1634 1636 1668 passim

853 1679 996 1713 proﬁtetur
1009 1678 1170 1710 Turrianus,
1194 1679 1258 1706 dum
1275 1679 1350 1706 varia
1374 1679 1472 1707 exinde
1490 1679 1638 1714 publicavit

854 1729 979 1759 excerpta
992 1725 1090 1760 partim
1107 1725 1209 1757 Graece,
1231 1727 1329 1760 partim
1348 1725 1442 1753 Latine
1459 1729 1563 1752 tantum
1577 1726 1636 1752 edi-

854 1775 892 1798 ta.
906 1769 1022 1798 Unicum
1044 1774 1148 1797 tantum
1165 1769 1251 1804 ipsius
1268 1770 1356 1797 locum
1370 1770 1460 1797 citabo
1471 1777 1504 1796 ex
1520 1774 1636 1797 tractatu

853 1823 903 1851 pro
917 1815 1068 1844 canonibus
1089 1815 1204 1850 apostol.
1228 1819 1322 1843 contra
1338 1815 1540 1842 Centuriatores
1561 1815 1637 1850 Mag-

853 1861 926 1893 deb.,
943 1860 990 1887 lib.
1008 1868 1044 1892 tv,
1063 1867 1090 1895 p.
1104 1868 1140 1887 In.
1157 1860 1209 1887 5l7
1228 1860 1283 1895 (66)
1299 1870 1305 1887 :
1324 1859 1384 1887 Non
1399 1861 1493 1896 pigebit
1508 1861 1550 1887 hic
1567 1869 1639 1894 repe-

853 1912 915 1939 tere,
930 1906 1028 1941 inquit,
1043 1914 1101 1940 qua:
1123 1915 1154 1933 ea:
1173 1906 1240 1933 libro
1255 1915 1271 1932 ν
1293 1906 1423 1941 Magnetis
1447 1912 1538 1933 contra
1555 1906 1637 1933 Theo-

853 1952 968 1979 stlzenem
983 1953 1011 1978 in
1024 1951 1177 1987 Dogmatiro
1190 1957 1279 1979 nostro
1292 1952 1322 1978 de
1337 1953 1529 1986 justi/icatione
1542 1951 1639 1978 Latine

853 2000 1039 2032 interpretatus
1061 2007 1129 2030 sum,
1146 2007 1204 2024 cum
1218 1999 1250 2025 de
1270 1999 1322 2033 [ide
1342 1999 1455 2026 Altl'ttltw
1472 1999 1634 2025 dissererem.

854 2045 883 2072 Si
900 2046 958 2080 quis
971 2044 1063 2072 (ἔνατα
1078 2045 1196 2079 conferre
1216 2045 1336 2078 voluerit,
1352 2045 1411 2071 inde
1428 2050 1507 2079 petat.
1523 2044 1636 2079 Scripsit

853 2094 894 2120 hic
911 2096 1004 2119 auctor
1015 2096 1075 2118 ante
1094 2091 1165 2118 mille
1185 2095 1209 2118 et
1229 2091 1431 2125 quadringentos
1457 2100 1538 2118 attuos
1554 2091 1635 2118 libros

852 2141 965 2175 quinque
977 2138 1150 2174 apologeIicos
1165 2147 1211 2173 pro
1225 2137 1377 2172 Evangelia,
1389 2139 1435 2172 qui
1457 2147 1536 2172 usque
1553 2139 1579 2165 in
1590 2139 1638 2165 Iw-

852 2186 972 2212 diernum
986 2186 1055 2212 diem
1072 2185 1099 2211 in
1111 2185 1263 2211 bibliotheca
1281 2184 1375 2210 Veneta
1394 2189 1538 2210 servantur.
1552 2185 1637 2219 Cujus

23 2235 33 2257 ι
59 2237 98 2257 ex
127 2229 262 2256 Turriano
289 2229 428 2264 speciatim
446 2234 562 2262 constat,
585 2231 697 2265 quinque
716 2230 800 2258 fuisse
817 2239 838 2266 ι)
853 2231 1038 2258 testimonium
1057 2232 1079 2258 si
1093 2232 1138 2266 qui
1157 2236 1186 2258 ut
1200 2231 1258 2258 leve
1278 2238 1309 2257 ac
1325 2234 1481 2264 suspectum
1497 2230 1634 2264 rejiciunt,

23 2275 96 2302 bras
122 2274 327 2309 Ἀποκριτικῶν
347 2275 404 2303 sive
426 2274 632 2310 Responsionum
650 2276 767 2310 scriptos
783 2283 798 2303 a

23 2321 141 2356 lagnete
157 2320 308 2348 hierarcha.
324 2320 402 2354 Quod
416 2325 442 2348 et
457 2321 558 2348 diserto
572 2322 649 2357 longe
664 2322 800 2357 antiquio-

24 2370 45 2394 is
66 2366 214 2401 scriptoris
231 2367 408 2394 conﬁrmatur
425 2367 578 2394 testimonio
593 2367 619 2394 in
636 2368 729 2395 codice
746 2377 798 2395 ms.

24 2411 187 2440 ibliothecze
201 2411 291 2447 Regia:
305 2412 467 2440 Parisiensis
483 2413 591 2448 optima:
603 2418 674 2441 notae
687 2419 714 2441 et
730 2414 799 2441 anti-

24 2458 130 2486 uitatis
144 2466 258 2486 numero
273 2458 352 2491 5502,
366 2458 412 2485 fol.
435 2458 499 2490 205,
523 2459 549 2485 in
570 2467 625 2493 quo
645 2459 678 2486 de
692 2459 769 2487 libris
784 2467 799 2487 a

25 2504 136 2532 Iacario
162 2503 286 2539 Magnete
310 2505 417 2538 scriptis
443 2505 500 2532 haec
527 2505 641 2539 paucula
667 2505 700 2532 ad
723 2514 799 2533 oram

25 2550 121 2578 adicis
135 2550 219 2577 minio
243 2555 337 2577 notata
353 2551 487 2585 leguntur,
509 2558 569 2585 qua:
589 2552 679 2586 quoad
705 2552 799 2579 ultima

25 2595 97 2623 erba
114 2596 257 2622 vetustatis
272 2595 337 2622 vitio
351 2596 458 2630 penitus
472 2595 527 2623 fere
540 2596 681 2623 obliterata
697 2597 796 2623 inveni-

26 2649 76 2669 ius
100 2649 107 2666 :
127 2641 180 2668 Τοῦ
207 2641 348 2677 Μακαρίου
373 2641 518 2678 Μάγνητος
544 2642 590 2668 καὶ
615 2641 707 2677 ἕτερον
734 2642 799 2676 σύγ-

46 2718 109 2754 (65)
124 2717 229 2754 Confer
247 2718 379 2754 judicium
403 2718 565 2754 Tillemontii
583 2726 615 2745 ex
637 2719 655 2744 l.
674 2725 698 2745 c.
722 2727 798 2753 repe-

30 2752 104 2782 titur
122 2753 149 2789 in
167 2752 192 2780 «Ι.
210 2752 378 2781 Ᾱζῐτειὺιίρίἰ
405 2753 509 2781 Delectu
535 2752 758 2789 argumentorum
770 2755 800 2780 de

27 2790 90 2817 erit.
109 2788 184 2823 relig.
201 2788 310 2822 Christ.,
326 2796 387 2823 pag.
405 2789 448 2816 70.

401 2810 592 2864 K'Eahricius
611 2825 687 2864 hunc
704 2828 798 2864 aucto-

27 2868 69 2888 :m
98 2859 168 2886 inter
191 2859 338 2893 scriptores
364 2859 517 2894 deperditus
536 2860 628 2888 δίπρυιί
653 2867 681 2886 ιιι
703 2860 798 2888 merito

852 2276 963 2304 credant
983 2277 1078 2303 saltem
1101 2276 1219 2310 antiquis
1243 2275 1412 2302 bibliotheca:
1433 2273 1541 2302 Venetas
1560 2281 1636 2302 cata-

851 2321 930 2356 logis,
947 2329 978 2348 ex
995 2322 1094 2355 quibus
1111 2320 1282 2355 perspicitur,
1300 2320 1384 2346 libros
1406 2319 1466 2346 illos
1489 2319 1514 2346 in
1538 2320 1635 2347 biblio-

850 2367 927 2394 theca
945 2366 974 2393 D.
991 2366 1071 2394 Marci
1094 2365 1187 2400 utique
1207 2369 1362 2392 asservatos
1385 2364 1485 2397 fuisse,
1511 2369 1635 2391 notatos-

850 2421 902 2448 quc
917 2420 1031 2440 numero
1047 2413 1080 2439 A.
1097 2412 1140 2444 M,
1157 2412 1238 2446 idque
1254 2412 1280 2438 in
1302 2419 1401 2446 papyro
1414 2417 1438 2438 et
1456 2412 1512 2437 sine
1525 2410 1633 2443 tabulis,

851 2459 876 2486 id
895 2463 946 2491 est,
968 2459 1027 2486 sine
1049 2459 1177 2493 tegmine.
1195 2457 1302 2484 Similes
1327 2457 1463 2492 catalogos
1481 2457 1533 2483 hoc
1545 2457 1633 2490 ipsum

850 2506 1053 2536 conlirmantes,
1068 2512 1152 2531 unum
1170 2503 1197 2530 in
1223 2503 1289 2530 bibl.
1307 2502 1389 2538 Regia
1404 2502 1503 2534 Paris.,
1519 2502 1632 2528 alterum

850 2551 878 2578 in
899 2550 1066 2582 Colbertina,
1092 2558 1122 2577 se
1146 2549 1247 2577 vidisse
1270 2553 1386 2576 testatur
1414 2548 1448 2575 cl.
1476 2547 1632 2579 Boivinius;

850 2596 1017 2632 proindeque
1037 2596 1110 2622 haud
1125 2594 1240 2626 dubitat,
1253 2594 1318 2629 quin
1333 2594 1350 2620 ii
1365 2593 1438 2625 libri,
1454 2593 1476 2620 si
1489 2592 1568 2620 hodie
1578 2599 1632 2619 n0u

850 2643 1032 2677 reperiuntur,
1048 2641 1089 2668 vel
1111 2640 1182 2668 lurto
1196 2640 1327 2675 perierint
1338 2661 1346 2673 ,
1359 2645 1388 2666 ut
1403 2640 1449 2666 alii
1468 2639 1632 2674 complures,

849 2721 940 2748 retulit
960 2721 987 2747 in
1011 2720 1174 2747 Bibliotheca
1187 2719 1291 2751 Cra-ca,
1307 2719 1359 2745 vol.
1380 2717 1412 2748 V,
1432 2726 1457 2745 c.
1480 2702 1550 2751 μβ.
1567 2717 1631 2745 276.

886 2757 941 2791 (ϋό)
954 2755 1054 2783 Confer
1065 2755 1147 2782 etiam
1160 2762 1221 2789 quae
1237 2762 1316 2789 supra
1335 2754 1391 2789 jam
1409 2758 1465 2781 tum
1481 2753 1507 2780 in
1524 2752 1537 2788 §
1554 2753 1570 2781 8
1585 2754 1633 2782 ad-

849 2792 929 2818 ducta
943 2795 1017 2818 sunt.

886 2826 940 2861 res)
958 2826 1027 2854 Ει1ἰι.
1045 2825 1156 2854 Lutetiae
1175 2825 1253 2858 1573,
1267 2825 1347 2852 ine.
