1848 3043
70 116 147 145 ῐ369

672 115 814 144 NOTITIA
831 116 875 144 ET
894 116 1115 145 FRAGMENTA.

1639 117 1708 144 1510

67 171 243 201 Possevinus
261 172 413 208 Apparatus
427 175 496 202 sacri
512 179 577 203 tom.
594 175 627 208 ll,
643 183 671 211 p.
685 183 722 202 m.
742 175 786 208 50,
799 176 867 203 scri-
880 177 902 206 Α
919 176 963 203 isti
976 175 1083 203 Platoni
1099 184 1152 211 pra:
1173 175 1278 203 cazteris
1303 175 1440 207 faverent,
1456 180 1483 202 et
1498 175 1539 202 vel
1553 173 1708 202 Platonico-

66 219 143 247 beas
160 219 194 246 de
207 218 346 254 Magnete:
357 219 519 256 Evangelicw
533 221 668 257 Apologia:
682 222 763 249 libros
777 222 866 250 Grece

66 265 182 298 scripsit
203 265 237 292 ad
255 264 439 293 Tlteosthenem
460 266 582 294 adversus
601 268 708 303 gentiles
730 268 865 304 Evangelii

64 310 298 338 calumniatores.
314 311 400 339 Porro
415 320 514 348 scopus
530 314 621 348 operis
636 313 752 341 refertur
769 315 802 342 ad
816 323 864 350 op-

66 357 237 392 pugnandos
253 357 373 391 Graecos,
397 359 592 394 speciatimque
614 359 647 386 ad
670 361 865 388 eoufutandum

65 403 209 430 celebrem
226 404 370 438 quemdam
387 404 446 439 ejus
467 405 553 433 aetatis
571 405 772 440 philosophum,
785 414 864 441 quem

65 447 246 484 Nicephorus
263 455 406 485 propterea
427 449 598 478 Aristotelica
613 452 756 486 disciplina
777 452 865 479 imbu-

64 498 132 522 tum
145 495 280 527 nominat,
298 497 370 531 quod
387 497 513 523 insanum
533 497 682 525 dialecticae
696 499 816 525 studium
832 506 864 525 ex

66 540 222 568 Aristotele
244 542 380 574 hauserit,
397 543 544 578 multisque
559 543 757 572 subtilitatibus
770 544 865 579 logicis

66 586 277 621 simplicitatem
294 587 457 615 Christianae
478 588 539 616 fidei
556 589 591 616 sit
612 590 771 617 insectatus.
787 589 866 618 llunc

64 641 139 660 vero
155 633 346 668 philosophum
360 633 448 669 ipsum
461 634 546 662 fuisse
557 634 740 670 Porphyrium
754 635 864 671 Syrum,

64 687 122 706 seu
142 679 266 715 Tyrium,
290 680 456 707 acerrimum
473 680 691 708 Christianorum
712 681 863 716 inimicum,

62 729 174 760 praeter
191 731 314 753 exactam
331 727 419 754 zetatis
434 727 511 762 juxta
527 731 607 762 atque
622 726 753 755 doctrinze
765 735 865 755 conve-

65 771 216 805 nientiam,
234 772 348 799 suadent
360 773 488 808 plurima,
505 781 565 807 quae
581 773 608 800 in
624 773 782 809 fragmentis
796 774 864 801 scri-

62 821 182 852 ptorum
208 817 319 845 Macarii
347 818 481 853 Magnetis
509 824 674 853 occurrunt,
698 820 770 847 haud
797 827 864 848 sane

64 864 224 898 spernenda
253 864 360 892 indicia.
393 864 471 897 Quod
485 864 507 892 si
526 865 598 892 enim
619 865 707 892 :etatis
731 866 863 893 rationem

64 910 259 942 attendamus,
273 919 354 945 supra
368 911 424 946 jam
447 915 504 938 tum
519 911 737 938 demonstratum
753 916 805 944 est,
824 912 864 939 vi.

64 958 148 985 xisse
163 957 316 993 Magnetem
335 963 459 985 nostrum
482 957 555 985 circa
578 959 696 985 medium
710 958 751 985 vel
768 959 863 986 saltem

64 1003 155 1029 finem
178 1003 269 1030 saeculi
285 1011 345 1030 aera:
362 1003 523 1030 Christianae
547 1003 628 1030 tertii.
646 1004 734 1038 Atque
749 1004 781 1031 de
801 1003 865 1031 Per-

64 1049 171 1084 phyrio
196 1049 297 1083 pariter
321 1053 439 1082 constat,
463 1056 524 1076 eum
541 1048 575 1075 50
597 1056 684 1076 annos
708 1054 802 1076 natum
831 1049 865 1076 ab

64 1100 146 1122 almo
170 1094 272 1122 Christi
288 1095 340 1121 263
362 1094 457 1122 Romae
486 1094 571 1122 fuisse
592 1094 691 1122 Plotini
709 1095 864 1130 philosophi

63 1139 206 1167 Platonici
227 1140 378 1167 auditorem
389 1159 397 1171 ,
414 1139 568 1174 ibidemque
583 1139 792 1174 septuagenario
805 1148 863 1166 ma-

60 1186 157 1220 jorem
173 1193 246 1213 anno
260 1185 362 1213 Christi
382 1185 434 1213 503
451 1185 521 1213 diem
536 1185 635 1213 obiisse
649 1185 716 1220 (69).
734 1185 864 1218 Quamvis

65 1232 156 1266 igitur
172 1231 342 1267 Porphyrius
366 1239 439 1259 anno
465 1236 526 1266 post
548 1231 660 1258 Adriani
684 1231 789 1258 obitum
813 1231 864 1258 1‘20

67 1277 176 1310 ﬂoruit,
202 1278 285 1304 istum
312 1282 403 1305 tamen
431 1278 622 1312 imperatorem
646 1278 819 1312 potissimum
837 1277 864 1304 in

66 1323 258 1358 disputatione
274 1331 325 1351 sua
340 1323 377 1350 De
390 1324 545 1350 monarchia
559 1324 648 1351 divina
665 1323 692 1350 in
709 1324 863 1358 exemplum

67 1370 234 1404 imperantis
258 1369 413 1397 monarclue
441 1370 552 1398 adducit
585 1377 647 1397 cum
680 1377 712 1397 eo
744 1374 864 1404 tempore

64 1415 186 1442 Adriani
200 1416 331 1442 memoria
349 1415 439 1443 adhuc
454 1415 564 1451 vigeret,
584 1416 703 1442 maxime
717 1415 787 1450 apud
805 1415 864 1450 phi-

66 1460 212 1495 losophos,
238 1468 307 1495 quos
329 1461 373 1488 ille
395 1460 422 1488 in
450 1461 540 1488 aulam
571 1461 675 1496 primus
704 1461 863 1494 introduxit,

65 1512 96 1534 et
115 1505 349 1534 familiarissimos
375 1507 479 1534 habuit.
504 1507 577 1534 lnler
601 1507 772 1534 characteres
786 1507 864 1534 istius
878 1526 899 1554 Ο

66 1553 247 1587 philosophi,
283 1561 345 1580 cum
387 1561 440 1588 quo
461 1553 577 1589 Magncti
612 1558 704 1580 nostro
735 1561 779 1581 res
801 1558 861 1586 est,

64 1596 242 1632 Nicephorus
258 1598 367 1633 quidem
388 1599 525 1632 observat,
538 1606 600 1626 eum
616 1599 788 1626 Aristotelica
803 1599 863 1633 phi-

66 1643 197 1678 losqphia
222 1643 357 1670 imbutum
382 1643 485 1677 fuisse;
502 1645 575 1679 quod
598 1649 687 1671 tamen
713 1644 864 1680 Porphyrio

67 1690 235 1725 philosopho
258 1689 398 1718 Platonico
425 1691 636 1726 haudquaquam
658 1691 806 1718 convenire
821 1692 863 1718 vi-

67 1736 180 1764 deatur.
205 1735 305 1763 Verum
331 1741 406 1764 tanto
429 1738 551 1765 veritatis
575 1737 667 1765 studio
695 1737 865 1774 Porphyrius

69 1782 214 1815 excelluit,
230 1786 260 1810 ut
282 1790 336 1810 non
352 1788 454 1810 temere
470 1783 503 1810 ad
526 1791 608 1810 unam
626 1783 745 1817 aliquam
763 1789 864 1810 sectam

70 1829 151 1869 velut
163 1829 195 1856 ad
209 1829 352 1864 scopulum
376 1829 530 1862 adhaeserit,
548 1837 598 1856 nec
613 1829 746 1864 juraverit
766 1829 792 1856 in
816 1837 864 1856 cu-

65 1876 202 1910 jusquam
219 1875 341 1910 magistri
357 1875 450 1902 verba.
472 1875 582 1902 Interim
600 1875 668 1902 duos
683 1874 735 1901 sibi
758 1875 866 1910 potissi-

71 1929 152 1948 mum
174 1921 292 1955 elegerat
317 1920 416 1952 duces,
442 1927 559 1955 quorum
584 1919 697 1955 vestigia
721 1923 864 1954 premeret,

70 1966 215 1993 Platonem
230 1970 312 2001 atque
326 1965 511 1998 Aristotelem,
527 1972 596 2000 quos
610 1965 637 1991 in
660 1965 804 2000 prwcipuis
819 1964 867 1991 do-

70 2013 172 2042 ctrina:
191 2013 327 2048 capitibus
343 2013 414 2039 inter
436 2019 466 2039 se
486 2011 644 2039 consentire
661 2011 768 2046 prolixo
786 2017 867 2045 opere

71 2060 248 2096 probandum
256 2063 412 2094 susceperat
424 2058 540 2092 (70-71).
549 2058 586 2085 lta
595 2065 711 2092 namque
720 2057 802 2084 refert
809 2055 869 2083 Sui-

70 2107 142 2139 das,
167 2105 347 2140 Porphyrium
373 2103 537 2137 defendisse,
563 2111 646 2130 unam
664 2110 724 2130 esse
746 2102 868 2130 Platonis

69 2158 102 2182 et
120 2153 273 2180 Aristotelis
287 2157 389 2180 sectam
409 2160 415 2179 :
430 2151 502 2178 unde
517 2159 578 2178 cum
591 2150 734 2184 utriusque
749 2149 869 2184 philoso-

918 230 977 249 rum
1002 222 1044 249 vel
1067 221 1300 258 Pythagoreorum
1325 221 1533 256 appellationem
1551 220 1708 259 ali‘ectarqnt

918 267 984 304 (72).
1000 267 1068 295 Cum
1093 275 1175 302 porro
1200 266 1371 302 Nicephorus
1395 266 1476 293 istum
1497 266 1706 301 philosophum,

917 318 1010 341 contra
1029 322 1108 349 quem
1126 313 1261 341 Macarius
1276 313 1396 348 scripsit,
1417 313 1469 340 hoc
1485 313 1642 340 charactere
1657 313 1705 339 de-

917 359 1015 394 signat,
1031 359 1103 394 quod
1127 359 1208 386 fuerit
1229 359 1352 385 doctrina
1370 359 1484 393 profana
1506 358 1622 385 tumidus
1637 363 1660 385 et
1677 358 1706 384 in

916 414 993 432 sacra
1007 405 1131 440 dogmata
1146 404 1263 430 terribile
1279 404 1451 438 supercilium
1473 403 1596 430 attollens
1613 410 1622 429 :
1636 403 1705 430 Per--

916 453 1013 488 phyrio
1028 453 1122 487 utique
1142 459 1196 478 non
1220 451 1337 478 sublime
1350 451 1438 478 solum
1455 458 1486 477 ac
1500 449 1618 476 validum
1632 449 1707 484 inge-

916 498 992 524 nium
1010 497 1106 530 fuisse,
1122 496 1169 524 sed
1185 500 1212 523 et
1233 496 1380 523 vehemens
1404 500 1486 530 atque
1500 495 1598 530 ‘aliqno
1613 494 1707 521 furore

917 543 1076 576 admistum,
1089 551 1122 570 ex
1140 544 1250 578 scriptis
1267 543 1354 577 ipsius
1369 541 1561 576 superstitibus
1578 541 1644 568 satis
1658 548 1707 575 ap-

918 595 1004 624 paret.
1019 590 1191 625 Quapropter
1204 594 1231 616 et
1244 589 1362 617 Eusebio
1375 588 1430 624 (75)
1446 588 1558 614 τοιαῦτα
1571 595 1707 622 κατακομ-

916 637 1008 672 πήσας
1018 636 1129 668 dicitur,
1144 636 1168 663 id
1186 641 1237 668 est,
1251 635 1324 670 quod
1338 635 1371 662 ad
1388 635 1490 662 fastum
1504 639 1531 662 et
1546 635 1707 661 ostentatio-

916 691 977 711 nem
998 683 1079 710 vcrba
1097 690 1146 710 sua
1157 683 1343 718 composuerit
1358 691 1365 710 :
1380 686 1407 709 et
1425 681 1454 708 S.
1467 681 1567 717 Cyrillo
1583 680 1639 715 (74)
1654 688 1705 707 au-

915 729 955 756 dit
980 731 994 756 ὁ
1015 729 1118 765 θρασὺς
1142 728 1203 755 καθ’
1218 728 1296 763 ἡμῶν
1321 727 1486 764 Πορῳύριος.
1511 726 1602 761 Neque
1625 727 1705 753 aliam

915 783 966 811 ego
981 783 1092 802 causam
1111 774 1196 802 fuisse
1213 774 1328 801 dixerint
1346 775 1468 808 (peraptc
1491 772 1583 800 scribit
1600 771 1706 799 llolste-

917 822 978 849 nius
995 822 1013 848 l.
1029 829 1053 849 c.
1069 829 1095 856 p.
1111 820 1186 855 254),
1208 820 1295 847 rabidi
1321 819 1393 847 illius
1408 819 1479 850 odii,
1499 826 1554 853 quo
1574 819 1706 846 adversus

881 850 901 877 Β
916 850 1098 896 Christianam
1113 866 1271 900 religionem
1295 873 1351 900 prae
1370 865 1474 892 creteris
1494 864 1609 897 furebat,
1624 872 1705 899 quam

916 913 987 949 quod
1002 913 1112 939 animus
1132 916 1198 938 atra),
1215 911 1277 938 bilis
1293 910 1427 937 fermento
1447 913 1570 944 turgens,
1582 913 1608 936 et
1622 909 1706 936 nimia

915 958 1076 986 eruditionis
1103 956 1179 991 copia
1206 955 1317 982 inﬂatus
1350 954 1527 988 semetipsum
1567 961 1621 980 non
1657 961 1703 981 ca-

915 1009 1000 1040 peret.
1026 1003 1188 1038 Opinionem
1232 1006 1352 1028 nostram
1390 1000 1531 1027 confirmat
1556 999 1704 1032 doctrinae,

915 1058 997 1084 quam
1014 1050 1126 1077 tradidit
1146 1048 1331 1085 Porphyrius,
1351 1055 1413 1074 cum
1429 1046 1537 1082 placitis
1552 1045 1707 1080 philosophi

915 1095 1062 1123 Macariani
1087 1095 1266 1130 comparatio.
1299 1094 1385 1128 llujus
1418 1093 1492 1120 enim
1523 1092 1647 1119 doctrina
1676 1091 1707 1118 de

916 1142 1070 1170 monarchia
1093 1142 1201 1175 diuina,
1223 1148 1305 1176 quam
1330 1139 1465 1167 Macarius
1486 1138 1596 1174 Magnes
1620 1138 1708 1172 impu-

915 1193 989 1224 gnat,
1007 1188 1034 1215 in
1058 1195 1091 1215 eo
1115 1187 1265 1215 consistit:
1287 1187 1372 1214 Deum
1398 1187 1508 1222 proprie
1528 1184 1706 1212 monareham

916 1233 987 1260 haud
1010 1232 1063 1260 dici
1087 1239 1184 1268 posse,
1205 1232 1258 1260 nisi
1276 1231 1422 1267 imperaret
1444 1231 1510 1264 diis;
1535 1229 1607 1257 istud
1633 1229 1706 1256 enim

915 1278 1084 1313 majestatem
1103 1277 1223 1304 divinam
1247 1276 1441 1310 cozlestemque
1463 1283 1494 1302 ac
1515 1281 1650 1301 summam
1665 1272 1707 1300 di-

915 1324 1045 1358 gnitatem
1062 1323 1159 1350 decere
1174 1329 1181 1348 :
1197 1329 1267 1357 quos
1282 1329 1346 1349 vero
1361 1320 1510 1348 Christiani
1532 1319 1643 1354 angelos
1656 1326 1706 1345 vo-

915 1374 987 1403 cant,
1002 1370 1049 1404 qui
1065 1377 1115 1397 nec
1130 1369 1198 1404 pati,
1217 1377 1267 1396 nec
1281 1369 1361 1401 mori,
1385 1376 1434 1396 nec
1454 1368 1592 1402 corrumpi
1611 1372 1706 1394 natura

916 1424 964 1444 sua
978 1420 1103 1451 possunt,
1116 1423 1174 1449 eos,
1188 1415 1252 1450 quia
1276 1415 1414 1442 Diviuitati
1435 1413 1577 1450 propiores
1599 1417 1673 1446 sunt,
1690 1420 1706 1440 a

915 1463 1061 1498 gentilibus
1074 1462 1140 1489 deos
1155 1462 1296 1496 appellari.
1312 1461 1401 1496 Atque
1423 1461 1480 1488 haec
1495 1464 1590 1488 exacte
1606 1467 1706 1486 conve-

916 1509 994 1535 niunt
1005 1516 1067 1535 cum
1082 1507 1226 1543 Porphyrii
1241 1507 1387 1540 sententia,
1406 1507 1452 1542 qui
1470 1507 1547 1541 juxta
1563 1514 1625 1533 cum
1645 1505 1707 1533 aliis

916 1553 1086 1589 philosophis
1106 1553 1242 1587 ejusmodi
1266 1552 1410 1579 πολυθεῖαν
1431 1553 1620 1584 venerabatur,
1635 1552 1705 1587 qua,

915 1605 944 1627 nt
957 1599 1066 1627 Maximi
1081 1599 1155 1636 Tyrii
1170 1599 1260 1626 verbis
1280 1604 1342 1626 utar
1364 1599 1437 1634 (75),
1453 1599 1534 1626 Deum
1549 1607 1603 1626 esse
1625 1606 1706 1625 unum

915 1647 1061 1678 statuebat,
1077 1654 1160 1681 regem
1172 1647 1288 1673 omnium
1303 1652 1326 1673 et
1340 1646 1460 1676 Patrem,
1476 1645 1572 1683 multos
1586 1653 1644 1671 vero
1661 1644 1710 1671 ad-

915 1692 984 1719 ditos
1001 1699 1056 1718 esse
1070 1692 1132 1719 deos
1148 1692 1225 1725 alios,
1243 1692 1288 1727 qui
1304 1692 1419 1727 supremi
1441 1691 1514 1718 illius
1538 1690 1589 1725 ﬁlii
1603 1691 1666 1722 sint,
1680 1691 1706 1717 el

915 1738 991 1771 quasi
1007 1738 1034 1763 in
1047 1738 1156 1772 imperio
1176 1737 1293 1773 collegae.
1310 1738 1449 1772 Legantur
1464 1736 1606 1772 Porphyrii
1625 1736 1706 1763 verba

915 1790 948 1809 ex
967 1782 1014 1810 lib.
1041 1791 1060 1810 ιι
1083 1782 1122 1810 De
1139 1783 1309 1814 abstinentia,
1333 1791 1360 1818 p.
1386 1790 1422 1810 m.
1449 1782 1500 1815 50,
1528 1782 1590 1809 edit.
1607 1782 1707 1809 Graeca:

915 1828 1081 1855 Florentium
1105 1833 1131 1856 et
1161 1828 1296 1856 Eusebius
1321 1828 1359 1855 De
1382 1829 1577 1863 prteparatione
1602 1836 1705 1867 euang,

916 1875 964 1902 lib.
981 1883 1018 1907 Iv,
1033 1883 1092 1910 cap.
1108 1875 1152 1908 l9,
1174 1883 1201 1910 p.
1217 1883 1255 1902 m.
1279 1874 1348 1907 166;
1373 1883 1434 1902 eum
1458 1875 1559 1910 quibus
1582 1875 1707 1902 conferre

915 1921 1002 1956 juvat,
1019 1929 1080 1956 quae
1095 1929 1128 1948 ex
1153 1921 1266 1956 reliquis
1292 1920 1434 1957 Porphyrii
1460 1921 1568 1956 scriptis
1586 1921 1658 1948 hanc
1680 1921 1706 1948 in

916 1974 974 1993 rem
995 1966 1108 1994 adduxit
1136 1966 1251 1994 liuetius
1272 1967 1299 1994 in
1328 1966 1524 1999 Quwstionibus
1548 1966 1706 2000 Alnetauis,

916 2021 943 2048 p.
958 2021 995 2040 m.
1014 2012 1065 2040 l08
1077 2021 1153 2048 seqq.
1167 2013 1234 2046 Quae
1248 2013 1378 2048 peculiari
1397 2021 1479 2048 opera
1499 2013 1587 2041 fusius
1602 2017 1707 2048 pertra-

916 2058 1014 2086 ctanda
1035 2063 1132 2092 erunt,
1156 2067 1218 2086 cum
1243 2059 1301 2094 ipsa
1327 2059 1550 2094 Θεολσγυύμενιι
1575 2059 1706 2094 Magnetis

917 2103 1152 2138 perlustrabimus.
1168 2104 1289 2131 Similem
1304 2111 1469 2131 consensum
1482 2104 1627 2131 verborum
1640 2104 1707 2131 Por-

918 2149 1006 2184 phyrii
1022 2149 1058 2176 De
1073 2150 1233 2185 imaginibus
1251 2151 1360 2176 deorum
1376 2149 1444 2185 (76),
1459 2150 1550 2185 qualia
1564 2158 1598 2178 ex
1610 2158 1644 2177 eo
1659 2150 1706 2177 ad-

70 2200 149 2236 phirc
163 2206 240 2234 aeque
256 2199 360 2233 peritus
374 2202 456 2231 esset,
470 2197 642 2224 Aristotelica
657 2196 758 2231 ubique
772 2195 864 2222 Plato-
881 2197 902 2224 D
917 2195 996 2222 duxit
1008 2195 1142 2223 Eusebius
1158 2196 1226 2231 (77),
1237 2196 1382 2223 observare
1397 2196 1489 2223 licebit
1503 2204 1564 2223 cum
1586 2196 1629 2229 iis,
1646 2205 1706 2232 qua:

71 2245 148 2274 nicis
164 2244 320 2272 admiscuit.
335 2243 413 2277 Quod
428 2247 454 2270 et
473 2243 584 2270 Prorlns
597 2242 644 2269 lib.
661 2242 708 2268 lll'l
725 2241 864 2273 Timwum,

70 2301 102 2328 p.
124 2291 168 2323 18,
184 2295 309 2324 testatur,
330 2290 375 2317 ubi
393 2290 431 2317 ait
448 2289 626 2324 Porphyrium
645 2286 866 2324 Περιπατητικὰς

71 2337 219 2369 ἀποδόσεις
231 2336 437 2373 παρεσφὲροντα
450 2335 523 2362 λύειν
545 2334 593 2366 τὰς
608 2334 783 2366 Πλατωνικὰς
800 2335 864 2361 ἀπο-

73 2384 150 2422 ρίας.
168 2384 256 2417 Atque
281 2382 333 2410 hoc
355 2381 523 2409 liberrimum
540 2380 748 2415 philosophandi
768 2387 865 2414 genus,

72 2429 150 2467 quod
168 2428 250 2464 paulo
266 2433 329 2455 ante
355 2427 390 2454 ab
408 2425 553 2453 Ammonio
577 2425 763 2452 Alexandrino
779 2425 866 2452 fuerat

74 2475 276 2505 introductum.
289 2474 408 2501 maxime
423 2473 583 2507 probaverat
595 2470 773 2506 Porphyrius,
789 2471 867 2497 adeo-

75 2530 133 2558 que
150 2521 183 2550 ad
208 2521 324 2549 classem
341 2518 537 2547 EclectieOrum
555 2517 650 2545 referri
677 2517 786 2549 maluit,
804 2517 867 2544 licet

116 2636 171 2671 (69)
190 2636 249 2663 Vid.
268 2634 504 2671 Lucaellolstenii
516 2633 583 2671 diss.
600 2633 642 2671 l_)_e_
654 2634 710 2671 uita
721 2637 745 2660 et
758 2633 865 2671 scriptis

77 2667 234 2732 Porphyrii,
256 2679 317 2704 cap.
343 2670 377 2704 Ξ,
399 2670 427 2697 in
453 2669 573 2696 Fabricii
599 2668 726 2695 Bibliotlt.
753 2667 864 2701 erca,

78 2707 135 2733 vol.
151 2707 160 2733 ι
188 2728 194 2733 .
208 2714 234 2733 ι).
246 2706 298 2733 217
313 2713 371 2733 seu.

78 2707 135 2736 vol.
151 2707 194 2738 IV,
208 2714 234 2738 p.
246 2707 298 2733 217
313 2713 371 2738 seq.

118 2714 194 2738 LIV,
208 2714 234 2741 p.
246 2714 296 2733 zu
313 2714 371 2740 seq.

118 2741 224 2776 (70-7l)
239 2740 353 2768 Notante
367 2739 432 2776 Luc.
445 2739 584 2776 ﬂolstenio
601 2739 656 2776 Lyc.
670 2747 697 2774 p.
711 2739 777 2776 255.

117 2774 172 2812 (7'2)
188 2774 267 2804 conf.
283 2775 373 2812 Ce_|eb.
445 2775 586 2812 Moshemii
611 2775 679 2812 diss.
704 2774 866 2812 l_)e_turbata

99 2809 128 2840 ei‘
142 2812 298 2838 recentiores
308 2810 458 2846 Platonico;
473 2809 602 2841 Ecclesia,
615 2809 629 2845 §
674 2813 700 2836 et
710 2809 736 2846 5,
749 2809 866 2846 itemque

99 2821 128 2840 δι’
142 2821 298 2838 τεεεηιιονεδ
308 2821 458 2837 ινιαιυηιεοι
473 2821 602 2841 1266181111,
615 2821 629 2845 8
645 2821 661 2836 z
674 2821 700 2836 ει
710 2821 736 2840 0,
749 2821 866 2846 ιιυιιιιμιυ

78 2821 110 2877 lli
127 2847 200 2875 notis
218 2847 251 2874 ad
263 2845 420 2874 Cudworthi
436 2844 557 2880 Systema
573 2845 760 2879 intellectuale,
775 2853 801 2880 p.
814 2844 867 2872 (M2

917 2243 943 2270 in
957 2243 1043 2270 Graeci
1057 2242 1210 2277 philosophi
1225 2242 1462 2277 argumentatione
1484 2250 1533 2277 pro
1552 2243 1705 2270 idololatria

918 2290 944 2316 in
964 2289 1148 2324 disputatione
1176 2288 1287 2315 Macarii
1316 2289 1401 2315 nostri
1434 2289 1618 2322 reperiuntur.
1650 2288 1705 2316 Nec

917 2334 1008 2361 minus
1024 2341 1067 2363 ea,
1083 2341 1144 2369 quae
1157 2333 1293 2361 Macarius
1314 2333 1424 2368 Magnes
1440 2333 1509 2360 libro
1526 2341 1555 2360 ιιι
1577 2334 1706 2367 Ἀποκρι-

922 2377 1012 2405 τικῶν
1027 2379 1060 2406 de
1069 2379 1210 2406 sacrificiis
1222 2382 1247 2406 et
1264 2378 1297 2405 de
1314 2378 1484 2405 daemonibus
1498 2378 1627 2413 disputat,
1642 2387 1703 2406 cum

916 2425 1028 2452 oraculo
1041 2425 1183 2460 Apollinis,
1196 2425 1268 2460 quod
1285 2425 1419 2453 Eusebius
1430 2433 1462 2452 ex
1476 2424 1618 2461 Porphyrii
1636 2425 1704 2453 libro

916 2470 1014 2505 λογίων
1031 2471 1190 2506 φιλοσοφίας
1204 2471 1296 2498 retulit
1317 2470 1383 2506 (78),
1401 2470 1518 2505 perfecte
1534 2470 1701 2505 conspirant.

916 2516 989 2544 Nihil
1015 2519 1154 2553 apertius,
1180 2524 1262 2553 quam
1285 2517 1357 2552 quod
1382 2516 1416 2543 ad
1439 2516 1582 2552 Porphyrii
1605 2515 1703 2551 placita

916 2638 943 2662 et
954 2633 1015 2661 682.

965 2669 1008 2702 75)
1025 2668 1147 2703 Ρνιεραν.
1162 2677 1252 2703 evang.
1267 2668 1313 2695 lib.
1333 2676 1375 2699 Ill,
1387 2675 1448 2702 cap.
1458 2667 1490 2703 77.

966 2704 1008 2738 74)
1024 2702 1105 2731 ιίὺίι
1123 2709 1214 2730 contra
1228 2702 1377 2735 lulianum,
1392 2711 1417 2738 p.
1435 2702 1480 2738 ’38.

952 2737 1009 2773 (75)
1024 2739 1063 2766 Ex
1082 2739 1191 2766 dissert.
1205 2739 1231 2769 l,
1247 2746 1272 2772 p.
1288 2747 1324 2765 m.
1341 2738 1357 2764 6
1368 2737 1432 2764 edit.
1449 2737 1560 2764 Davisii.

953 2774 1009 2809 (76)
1022 2773 1101 2801 Conf.
1118 2773 1185 2801 Luc.
1200 2773 1358 2800 llolslenius
1373 2773 1392 2799 l.
1407 2781 1432 2800 c.
1447 2780 1479 2809 p7,?
1490 2773 1550 2809 208.
1573 2807 1579 2809 _
1594 2799 1607 2809 ,ί

953 2806 1009 2842 (77)
1030 2809 1149 2843 I’rwpar.
1166 2817 1255 2843 evang.
1269 2809 1316 2835 lib.
1333 2817 1372 2840 ιιι,
1385 2816 1446 2842 cap.
1465 2808 1480 2834 7
1495 2808 1528 2836 ab
1544 2806 1632 2835 initio.

954 2844 1009 2880 (78)
1025 2844 1145 2873 Prteuar.
1163 2852 1254 2878 evang.
1272 2844 1319 2871 lib.
1336 2851 1372 2876 ιν,
1390 2850 1450 2878 cap.
1466 2843 1490 2870 7.
1654 2847 1657 2851 ’
