1848 3043
205 145 270 172 1571

842 146 1022 175 MACARIUS
1042 147 1192 175 MAGNES.

1742 151 1790 176 1512

203 205 360 239 respiciant,
378 205 424 240 qui
445 205 520 233 solus
536 205 592 233 fere
607 214 640 233 ex
659 207 800 241 gentilium
819 207 988 242 philosophis
1003 210 1026 237 Α
1040 207 1094 235 tius
1106 207 1289 243 polyarchiam
1305 207 1416 234 deorum
1434 207 1650 242 gentilium,cum
1663 209 1789 235 monarchia

200 250 397 278 sacrificiorum
420 252 568 286 primordia
593 252 756 287 investigare
773 261 918 288 aggressus
934 258 986 286 est,

197 300 228 324 et
242 296 300 330 ipse
316 295 425 323 denmm
440 297 630 332 pervulgatum
647 298 788 333 gentilium
805 306 926 326 errorem
943 299 988 333 ju-

200 342 314 377 gulavit,
332 342 397 369 dum
420 343 554 370 sacrificia
574 348 600 370 et
622 344 800 371 mactationes
821 352 835 371 a
850 352 913 372 vera
931 345 988 380 pie-

200 391 255 414 tate
267 387 353 414 aliena
369 395 440 420 esse,
456 396 619 424 crassosque
635 397 667 416 ac
683 390 839 418 materiales
850 391 986 419 tlzemones

198 441 260 461 esse
271 435 466 469 pronuntiavit,
482 435 528 470 qui
543 435 695 463 hostiarum
708 444 834 471 vaporem
853 437 987 465 ftetidum-

197 487 252 514 que
277 480 399 507 nidorem
427 485 571 515 expetant;
596 482 635 508 uti
661 487 775 509 testatur
800 482 986 511 Theodoretus

199 523 356 560 Therapeul.
377 533 460 554 serm.
487 527 510 552 7.
539 527 648 554 Accedit
666 536 758 562 porro,
795 530 868 564 quod
896 530 986 564 philo-

197 571 300 606 sophus
326 571 381 603 ille,
399 580 462 599 cum
488 580 541 608 quo
565 574 735 601 conflictatur
751 574 899 608 Macarius,
921 577 985 604 reli-

197 616 287 650 gionis
302 617 465 645 Christianae
485 623 513 645 et
536 618 684 654 Scriptura:
699 628 784 648 sacra:
806 626 862 648 tum
879 622 984 650 Veteris

196 667 254 689 tum
281 661 347 690 Novi
377 663 542 692 Testamenti
566 666 649 700 probe
675 674 777 701 gnarus
800 667 891 696 fuerit.
916 669 977 696 Fre-

196 713 311 743 quenter
325 718 388 737 eum
404 711 437 738 ad
452 710 600 746 Scripturre
616 720 701 740 sacra:
716 714 870 742 testimonia
886 723 983 750 provo-

197 763 260 783 care
275 757 415 790 vidcmns,
431 758 556 792 interque
579 759 632 786 alia
658 761 799 794 speciatim
826 762 860 788 ad
887 761 981 789 Matth.

197 806 266 832 xxn,
280 801 325 833 29,
341 801 391 834 50;
410 801 495 829 Exod.
511 810 585 835 xxxt,
603 803 652 836 18;
669 803 736 831 Gen.
753 813 829 840 xvnr,
848 807 881 833 16
893 815 981 841 seqq.;

197 843 284 873 Exod.
311 855 382 879 xxn,
404 847 456 881 98;
480 849 579 883 quibus
605 851 744 884 gentilium
764 852 924 880 idololatriae
940 853 982 880 fu-

197 898 260 918 cum
284 892 366 919 veluti
384 893 519 922 obducere
544 897 665 924 tentavit.
686 897 784 932 Ecquis
801 907 865 926 vero
884 899 980 932 nescit,

197 935 375 973 Porphyrium
395 940 465 967 inter
488 949 545 969 sua:
566 944 652 971 artatis
667 943 841 979 philosophos
855 945 882 972 in
897 947 981 974 sacris

196 981 293 1010 litteris
307 985 522 1013 versatissimum
538 987 641 1015 fuisse?
657 997 737 1023 quem
753 997 806 1016 non
822 989 922 1017 Mosem
936 999 981 1018 so-

195 1029 263 1060 lum,
281 1030 328 1057 sed
345 1031 498 1059 universam
516 1032 544 1060 S.
560 1033 727 1068 Scripturam
742 1036 850 1063 assidua
868 1037 982 1064 lectione

195 1075 313 1107 trivisse,
338 1081 364 1104 et
389 1077 415 1104 in
441 1078 630 1107 subvertendis
646 1081 745 1108 divinis
765 1082 883 1109 oraculis
899 1083 980 1110 vehe-

194 1125 298 1148 menter
311 1124 466 1151 exercuisse
481 1125 630 1160 ingeniurn,
640 1134 694 1154 non
709 1135 764 1154 uno
774 1128 833 1155 loco
847 1134 980 1156 testantur

168 1198 172 1203 '
193 1165 326 1195 Eusebius
350 1168 417 1204 (79),
436 1169 623 1199 Theodoretus
646 1171 714 1208 (80),
737 1177 820 1208 atque
845 1173 978 1211 Hierony-

193 1219 255 1240 mus
271 1213 337 1248 (8l).
356 1213 410 1242 Nec
425 1215 493 1243 adeo
512 1217 621 1250 mirum,
639 1219 711 1252 quod
728 1222 754 1245 et.
769 1226 875 1246 sacram
893 1220 980 1247 Evan-

193 1257 323 1291 geliorum
340 1259 481 1288 historiam
498 1261 636 1295 falsitatis,
652 1263 840 1291 inconstantiae
851 1284 857 1295 ,
873 1269 899 1291 et
913 1273 979 1292 con-

193 1303 361 1332 tradictionis
378 1307 556 1338 accusaverit,
572 1315 688 1342 eamque
703 1316 756 1335 non
768 1317 784 1336 a
801 1309 864 1341 Deo,
880 1310 926 1337 sed
944 1309 979 1337 ab

193 1349 349 1377 hominibus
361 1351 508 1385 profectam
522 1360 582 1380 esse
594 1353 776 1382 calumniatus
792 1355 826 1382 sit
843 1363 849 1380 :
866 1355 891 1382 id
905 1355 977 1390 quod

192 1401 278 1427 pauca
301 1394 345 1421 illa
373 1395 522 1431 fragmenta
540 1405 572 1424 ex
596 1397 673 1426 libris
688 1399 774 1433 ipsius
788 1405 881 1426 contra
897 1395 978 1426 Chri-

192 1439 296 1467 stianos
309 1440 417 1476 scriptis
433 1442 604 1474 confirmant,
620 1451 681 1478 quae
694 1444 801 1480 collegit
813 1437 901 1472 Lucas
915 1444 978 1472 Hol-

192 1485 294 1513 stenius
311 1486 329 1513 Ι.
346 1495 370 1514 c.
389 1495 448 1523 cap.
472 1488 515 1521 11,
540 1497 600 1524 pag.
617 1489 670 1516 274
690 1497 766 1525 seqq.
785 1489 862 1518 Unde
884 1491 976 1519 nullus

191 1531 355 1581 dubito,_illa
376 1534 469 1567 etiam,
490 1542 551 1569 qua:
570 1535 679 1570 Magnes
693 1535 763 1562 libro
779 1544 797 1563 ιι
817 1541 844 1564 et
860 1545 873 1563 v
896 1537 976 1564 Ἀπο-
989 1553 1009 1581 C

190 1577 327 1611 κριτικῶν
343 1584 439 1606 contra
462 1580 599 1614 gentilem,
614 1581 823 1615 discrepantiam
839 1582 975 1617 evangeli-

190 1627 293 1650 SIarum
307 1628 334 1650 et
346 1624 400 1651 alia
416 1625 495 1652 nobis
509 1625 578 1653 falso
591 1626 617 1652 in
630 1625 775 1661 Evangelio
789 1627 973 1662 objicicntem,

189 1669 309 1703 scripsit,
324 1670 386 1697 huic
399 1671 450 1705 ipsi
467 1671 616 1707 Porpbyrio
633 1672 717 1699 fuisse
734 1673 867 1707 opposita.

244 1714 354 1749 §XV|L
377 1716 501 1751 Analysis
523 1718 730 1752 [ragntentorum
748 1719 918 1746 ineditorum.

224 1759 291 1787 Cum
310 1761 341 1787 R.
358 1761 387 1789 P.
405 1762 550 1791 Anselmus
563 1763 716 1792 Bandurius
730 1765 780 1792 levi
793 1765 920 1800 penicillo
931 1773 975 1800 ge-

189 1805 290 1833 neralia
304 1811 407 1834 tantum
422 1809 509 1844 capita
523 1809 604 1845 hujus
619 1815 749 1838 tractatus
768 1811 861 1838 inediti
877 1811 974 1846 attige-

190 1852 224 1879 rit
241 1852 307 1888 (82),
321 1854 391 1882 haud
403 1855 451 1882 abs
463 1863 492 1883 re
503 1856 564 1888 erit,
579 1857 601 1883 si
614 1857 778 1884 succinctam
791 1857 869 1884 istius
882 1857 975 1892 dispu-

189 1899 308 1933 tationis,
317 1909 378 1935 qua:
386 1901 535 1935 fragmenta
542 1902 672 1937 Magnetis
683 1904 767 1930 nostri
775 1904 973 1938 complectitur,

189 1945 384 1980 subjungamus
399 1947 531 1983 analysin,
550 1953 579 1976 ut
594 1954 649 1975 tum
665 1950 721 1983 ipsa
734 1950 852 1977 auctoris
870 1952 974 1976 θεολο-

187 1991 327 2026 γούμενα,
339 1996 396 2019 tum
411 2000 444 2020 ex
459 1994 557 2026 quibus
571 1994 647 2022 libris
664 1995 870 2028 ’Arzuxprrma'w
883 2004 914 2023 ea
929 1997 974 2023 de-

187 2041 296 2072 sumpta
311 2038 376 2071 sint,
395 2039 535 2074 aliquanto
549 2041 661 2075 propius
674 2041 806 2075 dispicere
821 2041 971 2076 possimus.

187 2081 214 2109 In
230 2084 363 2118 procemio
384 2089 520 2119 monetur,
538 2094 590 2113 non
608 2094 668 2114 esse
686 2091 786 2113 temere
798 2087 907 2114 cuilibet
924 2088 972 2114 do-

185 2128 279 2155 ctrinae
296 2129 469 2162 credendum,
493 2130 540 2157 sed
556 2131 580 2157 ei
599 2134 702 2157 tantum
722 2139 781 2165 quae
796 2131 881 2158 sacris
897 2132 971 2159 Scri-

186 2173 272 2207 ptucis
289 2181 408 2208 congrua
427 2175 471 2202 sit.
490 2173 541 2202 libi
565 2176 646 2202 simul
660 2176 693 2202 de
708 2176 778 2203 mala
805 2176 856 2203 fide
879 2176 971 2204 lcono-

1039 253 1160 288 supremi
1175 252 1300 280 Numinis
1311 253 1362 280 hac
1377 253 1481 279 ratione
1493 252 1639 279 conciliare
1647 252 1789 282 annisnscst.

1038 299 1111 334 quod
1132 299 1280 326 monarcha
1294 307 1348 325 non
1362 299 1406 330 sit,
1425 299 1471 334 qui
1485 298 1560 325 solus
1581 302 1632 330 est,
1647 298 1690 324 sed
1703 300 1742 332 qui
1756 300 1791 324 im-

1037 349 1112 379 perat
1139 345 1230 377 solus;
1249 352 1297 372 nec
1314 345 1385 372 Dens
1400 345 1507 380 proprie
1524 344 1672 371 monarcha
1689 344 1789 371 ύὶςριιιιιις

1037 391 1082 422 sit,
1107 391 1159 418 nisi
1179 391 1322 426 imperaret
1338 391 1401 423 diis,
1416 391 1461 425 qui
1479 391 1602 417 eamdem
1618 398 1677 417 cum
1693 398 1720 417 eo
1732 391 1790 417 hui»

1037 441 1097 464 rent
1114 441 1248 464 naturam.
1264 437 1330 472 Cap.
1347 437 1364 464 '5
1376 437 1564 471 complectitur
1586 436 1751 470 fragmentum
1769 446 1788 467 ιι,

1036 481 1093 508 sive
1108 482 1311 516 responsionem
1329 481 1438 509 Macarii
1455 482 1487 508 ad
1509 489 1540 508 ca
1559 489 1620 516 qua:
1634 481 1735 508 Graecus
1748 483 1788 516 plri-

1035 525 1167 561 losophus
1189 527 1222 554 de
1249 526 1406 553 monarcbia
1430 526 1520 553 divina
1541 527 1787 560 disputaveratzsril.

1035 580 1090 599 non
1113 573 1152 600 rei
1175 580 1208 600 ex
1230 572 1350 605 nomine,
1368 573 1414 599 sed
1439 573 1557 600 nominis
1576 581 1609 600 ex
1630 581 1659 599 re
1681 573 1787 600 veritatem

1034 619 1163 652 pendere,
1182 623 1264 654 atque
1285 619 1436 654 apostolum
1459 618 1574 646 Paulum
1599 618 1685 646 ICor.
1700 627 1739 646 \‘lll
1759 628 1788 646 ve-

1034 671 1092 689 ram
1121 663 1289 690 divinitatetn
1317 663 1351 690 ab
1377 664 1551 699 homonymia
1578 671 1724 694 secernere.
1743 665 1787 691 dum

1033 717 1127 736 verum
1144 709 1227 736 Deum
1238 711 1355 737 essentia
1372 710 1454 737 Deum
1469 718 1530 738 esse
1541 711 1649 745 proprie
1662 709 1787 740 Dominum,

1033 755 1101 782 alios
1117 760 1206 782 autem
1223 756 1369 790 improprie
1383 761 1410 783 et
1424 756 1533 783 nomine
1552 760 1658 782 tantum
1679 756 1736 783 deos
1753 757 1787 783 dici

1033 801 1138 828 asserit.
1149 801 1213 836 Cap.
1228 802 1244 828 4
1257 802 1364 828 exhibet
1380 801 1560 837 fragmentum
1577 810 1620 835 ιιι,
1635 802 1662 828 in
1675 810 1724 835 quo
1736 803 1788 829 sisti-

1034 853 1077 874 tur
1091 847 1176 874 Graeci
1194 847 1346 882 philosophi
1360 847 1559 882 argumentatio
1582 855 1633 881 pro
1656 847 1787 877 idololatria,

1033 893 1114 927 petita
1128 900 1161 919 ex
1175 892 1338 919 testimoniis
1354 891 1500 926 Scriptor-ae
1512 899 1608 922 sacrae.
1625 891 1787 926 speciatimque

1033 939 1093 966 loco
1111 938 1227 966 Matthaei
1243 946 1302 972 cap.
1318 946 1385 970 χιιι,
1400 938 1445 969 29,
1467 937 1513 970 50,
1537 943 1562 964 et
1583 937 1670 964 Exod.
1684 946 1747 968 xm,
1758 938 1786 968 18,

1031 992 1063 1011 ex
1080 983 1180 1018 quibus
1201 983 1311 1019 angelos
1327 983 1383 1010 sive
1398 982 1464 1009 deos
1487 986 1612 1009 naturam
1634 983 1727 1010 habere
1739 983 1787 1009 diri-

1031 1037 1106 1063 nam,
1121 1029 1205 1057 Deum
1230 1038 1292 1056 vero
1314 1029 1413 1056 [rabere
1427 1028 1528 1063 digitos
1549 1028 1699 1063 colligebat.
1714 1027 1786 1062 Cap;

1030 1075 1205 1110 snbjungitur
1222 1075 1401 1110 fragmentum
1418 1082 1454 1107 IV,
1479 1073 1507 1102 in
1523 1082 1577 1108 quo
1593 1073 1721 1100 Macarius
1733 1074 1786 1107 obje-

1030 1126 1072 1148 cta
1087 1121 1147 1148 loca
1166 1121 1314 1156 Scriptum
1328 1120 1456 1151 vindicat,
1474 1124 1500 1147 et
1515 1124 1641 1146 naturam
1655 1119 1787 1153 incorrupti-

1030 1167 1142 1194 bilitatis
1166 1170 1247 1201 atque
1268 1165 1481 1192 immortalitatis
1507 1165 1677 1199 angelorum.
1703 1165 1785 1199 quinet

1029 1212 1234 1239 similitudinem
1246 1219 1307 1238 cum
1323 1218 1450 1245 supremo
1465 1209 1582 1238 Numine
1597 1211 1714 1245 exponit.
1724 1211 1785 1244 Atque

1029 1257 1056 1284 in
1086 1258 1138 1285 hoc
1163 1257 1318 1285 testimonio
1345 1256 1455 1284 Macarii
1480 1256 1614 1291 Magnetis
1640 1256 1785 1291 pervertendo

1029 1304 1150 1332 fraudem
1167 1304 1404 1332 lconomachornm
1416 1305 1588 1339 potissimum
1599 1310 1726 1332 versatam
1736 1313 1784 1334 esse.

1028 1351 1133 1386 prolixe
1144 1355 1342 1377 commemorat
1356 1349 1535 1384 Nicephorus.
1554 1349 1623 1385 Cap.
1639 1351 1656 1378 6
1673 1350 1785 1377 adducitur

1028 1396 1208 1431 fragmentum
1226 1404 1253 1428 v,
1269 1396 1296 1423 in
1312 1404 1366 1431 quo
1383 1396 1588 1423 laudatissimus
1606 1402 1698 1424 auctor
1720 1401 1786 1422 uoster

1027 1441 1164 1469 irridendo
1176 1441 1399 1477 explodendoque
1411 1441 1618 1469 idololatrarum
1634 1442 1784 1473 stoliditatem,

1027 1493 1101 1515 muto
1119 1488 1246 1523 figmento
1273 1495 1366 1523 preces
1391 1487 1608 1520 admoventium,
1624 1489 1688 1523 quin
1707 1495 1758 1514 saxo
1768 1492 1785 1513 ct

1027 1534 1100 1569 ligno
1122 1533 1228 1561 Numen
1246 1534 1375 1561 incubare
1390 1535 1579 1565 statuentium,
1594 1534 1783 1562 Christianorum

1026 1580 1106 1606 tidem
1131 1587 1226 1614 puram
1250 1579 1370 1607 declarat
1395 1587 1422 1607 ct
1445 1580 1480 1606 ab
1501 1581 1576 1607 omni
1593 1579 1720 1608 creaturae
1733 1580 1784 1606 cultu

1026 1625 1193 1657 immunem;
1209 1629 1236 1652 et
1252 1625 1422 1652 Christianos
1439 1626 1529 1659 potius
1554 1626 1581 1652 in
1607 1626 1634 1652 id
1660 1625 1784 1652 incumbere

1024 1671 1133 1704 assrrit,
1150 1675 1179 1698 ut
1203 1671 1352 1706 angelicam
1376 1671 1458 1698 vitam
1479 1671 1632 1703 imitentur,
1648 1679 1698 1698 non
1720 1677 1784 1698 autem

1030 1717 1110 1752 lignis
1127 1722 1154 1744 et
1169 1717 1243 1744 saxis
1259 1717 1367 1752 aliaque
1391 1717 1504 1744 materia
1528 1717 1626 1744 edictis
1651 1717 1784 1752 imaginibus

1024 1767 1142 1790 mentem
1159 1763 1276 1790 habeant
1295 1763 1416 1790 infixam.
1434 1762 1472 1789 Ex
1488 1763 1591 1798 quibus
1607 1764 1693 1791 verbis
1705 1762 1784 1789 antisti-

1025 1815 1064 1836 tes
1092 1809 1236 1836 orthodoxi
1265 1817 1317 1836 una
1345 1817 1406 1836 cum
1437 1808 1591 1843 Nicephoro
1623 1807 1783 1836 lconomaches

1024 1860 1186 1890 coarguunt,
1202 1863 1355 1882 sermonem
1380 1854 1484 1881 auctori
1512 1858 1610 1881 11051.Γο
1628 1861 1678 1880 11011
1693 1861 1742 1880 esse
1759 1853 1782 1877 th

1025 1901 1189 1935 imaginibus
1203 1901 1298 1933 sacris,
1312 1908 1405 1927 vertlm
1421 1901 1454 1927 de
1468 1900 1610 1934 gentilium
1626 1900 1708 1927 idolis.
1719 1899 1782 1932 Quam

1024 1948 1050 1974 in
1065 1956 1121 1974 rem
1138 1955 1196 1982 cap.
1211 1947 1228 1975 8
1243 1948 1332 1975 adhuc
1344 1948 1424 1974 aliam
1440 1948 1565 1976 fraudem
1582 1949 1646 1975 huic
1660 1946 1782 1975 testimonio

1022 1993 1153 2028 Magnetis
1165 1994 1198 2020 ab
1210 1994 1365 2021 adversario
1380 1994 1482 2021 illatam
1498 1995 1657 2026 observant,
1672 1994 1733 2030 quod
1745 1992 1782 2020 sci-

1022 2039 1085 2066 licet
1101 2045 1162 2074 post
1178 2040 1223 2066 illa
1238 2040 1378 2075 scriptoris
1388 2040 1469 2067 verba
1485 2050 1491 2067 :
1510 2040 1572 2066 Non
1585 2046 1672 2067 autem
1685 2040 1780 2074 imagini:

1022 2085 1127 2112 illorum
1143 2086 1272 2120 e/ﬁngrns,
1286 2093 1382 2113 rursus
1404 2094 1437 2112 ex
1458 2086 1584 2113 oratione
1607 2085 1751 2113 subtraxerit
1760 2084 1780 2110 il-

1022 2131 1073 2158 lam
1092 2131 1246 2165 formulam,
1265 2132 1303 2164 ὡς
1319 2132 1372 2168 φὴς
1386 2133 1477 2165 αὑτός,
1494 2139 1520 2160 ut
1536 2133 1593 2167 ipse
1609 2134 1665 2164 ais;
1679 2139 1725 2167 qua
1737 2130 1779 2164 qui-

1022 2177 1082 2204 dem
1100 2185 1153 2204 non
1181 2179 1356 2213 semetipsum
1384 2178 1533 2206 introducit
1564 2179 1728 2214 loquentem,
1748 2175 1777 2202 sul

186 2219 344 2246 machorum
358 2220 512 2253 disseritur,
526 2221 572 2256 qui
586 2221 739 2248 testimonia
756 2227 850 2249 trunca
865 2230 896 2249 ac.
911 2231 970 2249 mu-
985 2227 1008 2254 ι)
1023 2223 1107 2250 ϐιτεεί
1124 2224 1277 2258 philosophi
1294 2224 1433 2260 impugnat
1452 2225 1623 2259 opinionem.
1641 2222 1777 2252 leonomarhi

185 2264 241 2297 tila,
265 2265 307 2291 vix
334 2265 460 2293 indicatis
487 2267 655 2298 auctoribus,
684 2268 864 2295 examinanda
891 2267 968 2296 Nice-

184 2308 269 2343 phoro
288 2310 426 2337 miserant.
445 2311 511 2345 Cap.
529 2312 541 2338 1
560 2313 615 2346 agit
639 2313 780 2347 speciatim
801 2313 835 2340 de
859 2312 968 2340 Macarii

185 2354 350 2389 Apocriticis,
368 2356 584 2392 testimoniisque
609 2358 671 2384 inde
696 2359 821 2393 sumptis.
839 2358 890 2386 Ubi
912 2359 970 2393 pri-

183 2408 257 2427 mum
279 2401 441 2435 disquiritur
455 2402 488 2429 de
503 2403 688 2438 manuscripto
710 2404 802 2431 codice
818 2405 969 2432 vetustissi-

183 2453 238 2478 mo,
256 2445 284 2472 in
298 2454 352 2480 quo
369 2447 576 2474 continebantur
591 2449 742 2482 Apocrilica
756 2449 876 2482 Macarii,
895 2450 969 2477 dein-

182 2491 215 2519 de
241 2491 276 2519 de
298 2491 359 2527 ipso
383 2497 504 2526 auctore,
521 2494 597 2528 cnjas
616 2494 706 2526 fuerit,
721 2499 746 2522 et
771 2503 826 2530 quo
847 2501 968 2530 tempore

182 2535 290 2568 vixerit,
301 2544 406 2563 necnon
420 2537 453 2564 de
469 2545 551 2572 scopo
567 2538 652 2573 ipsius
661 2540 750 2573 cpt-ris
763 2541 795 2566 ad
809 2548 967 2575 oppugnan-

181 2577 230 2605 dos
243 2578 352 2606 Graecos
368 2580 475 2607 directi.
493 2581 561 2616 Cap.
577 2582 594 2608 2
613 2584 772 2617 proponitur
787 2584 966 2619 fragmentum

180 2623 297 2658 primum
312 2633 344 2653 ex
358 2626 515 2660 Apocrilicis
530 2628 652 2662 Macarii,
668 2631 740 2665 quod
757 2631 877 2659 continet
894 2632 968 2660 Cra:-

179 2669 204 2696 ci
220 2670 373 2706 philosophi
397 2677 425 2699 et
447 2673 597 2702 idololatrze
613 2676 692 2702 verba
718 2677 752 2703 ad
771 2677 919 2704 Macarium
936 2678 968 2705 de

180 2719 338 2746 monarchia
351 2719 453 2754 divina,
469 2721 567 2756 quippe
584 2723 631 2756 qui
646 2723 846 2756 monarchiam,
864 2724 904 2751 vel
920 2733 967 2760 po-

287 2791 407 2833 gt‘mpar.
421 2804 510 2830 evang.
529 2797 617 2833 lib.’x,
630 2807 688 2833 cap.
702 2799 727 2826 9.

215 2826 273 2861 (80)
290 2826 458 2861 Therupeut.,
475 2826 558 2858 scrin.
576 2832 601 2858 7.

215 2860 271 2898 (8f)
290 2860 318 2889 In
330 2862 442 2895 cpistola
453 2860 507 2892 rlOl
527 2866 559 2893 ad
576 2867 790 2896 l'annnachium.
804 2869 882 2897 Conf.
897 2870 966 2898 Ten-

1019 2270 1092 2296 enim
1118 2270 1244 2298 mutilum
1269 2278 1301 2298 ac
1327 2275 1482 2299 truncatum
1508 2272 1677 2306 protulerant
1697 2268 1776 2297 Macarii

1019 2316 1217 2349 testimonium,
1234 2317 1434 2352 supprimentes
1449 2318 1584 2353 quidquid
1602 2326 1692 2345 eorum
1707 2323 1776 2351 propo-

1019 2362 1071 2389 sito
1095 2370 1178 2397 scopo
1201 2363 1272 2390 haud
1299 2364 1449 2391 conducere
1464 2364 1551 2391 visum
1572 2364 1625 2391 fuit
1642 2373 1647 2391 :
1662 2364 1716 2391 hinc
1726 2368 1776 2396 que-

1019 2407 1081 2433 dam
1102 2407 1129 2433 in
1146 2407 1377 2443 medio,quaedam
1392 2409 1419 2435 in
1440 2409 1492 2435 fine
1504 2409 1638 2436 orationis
1653 2408 1774 2435 omiserant.

1018 2459 1079 2485 quae
1095 2451 1243 2487 imaginum
1266 2461 1405 2480 sacrarum
1421 2454 1580 2481 defensores
1605 2454 1711 2482 sollicita
1730 2458 1774 2479 cura

1019 2497 1166 2531 supplenda
1184 2498 1330 2526 duxerunt.
1343 2499 1409 2534 Cap.
1421 2499 1438 2526 8
1450 2499 1591 2534 profertur
1603 2496 1774 2535 fragmentum6

1018 2546 1045 2568 ct
1059 2543 1085 2573 7,
1101 2542 1127 2568 in
1142 2551 1197 2577 quo
1210 2544 1243 2571 de
1257 2543 1413 2571 Abrahamo
1425 2549 1451 2572 et
1464 2546 1570 2580 angelis
1584 2546 1658 2573 abeo
1671 2545 1726 2572 visis
1733 2543 1773 2577 agi-

1018 2590 1091 2614 tatur
1115 2589 1241 2622 qurestio.
1258 2588 1314 2616 Etsi
1330 2590 1356 2615 in
1372 2590 1491 2616 humana
1510 2595 1540 2617 ut
1556 2591 1696 2625 plurimum
1709 2587 1772 2623 spefic

1018 2632 1081 2659 olitn
1110 2633 1198 2668 angeli
1224 2639 1417 2668 apparuerunt,
1443 2640 1564 2663 attamen
1593 2645 1646 2663 non
1671 2636 1693 2662 id
1710 2635 1771 2668 ipsum

1017 2685 1103 2712 erant,
1121 2679 1194 2714 quod
1211 2681 1373 2714 apparebat;
1399 2681 1445 2708 sed
1464 2682 1540 2716 quod
1554 2688 1642 2713 erant,
1657 2682 1681 2709 id
1695 2679 1769 2707 visibilt

1018 2732 1071 2752 non
1106 2730 1173 2753 erat.
1200 2726 1366 2761 Quapropter
1399 2727 1573 2755 Abrahamus
1613 2736 1713 2759 eorum,
1738 2723 1769 2759 qui

1018 2802 1236 2841 zeliiglfixercilat.
1257 2804 1368 2837 Select.,
1387 2810 1456 2840 par-1.
1480 2813 1596 2840 poster.,
1620 2815 1644 2841 p.
1659 2805 1703 2833 255
1715 2809 1768 2839 seqq-

1054 2838 1110 2871 (82)
1133 2839 1319 2877 In_rmisprcttt
1336 2849 1376 2876 op-
1388 2838 1447 2868 i‘um
1466 2838 1494 2868 ς.
1513 2838 1655 2877 Nicephori
1667 2838 1769 2875 supt'Nl'

1017 2877 1083 2906 talo,
1100 2881 1126 2908 ρ.
1144 2874 1196 2900 670
1213 2882 1269 2910 St‘q.
