1848 3043
13 134 68 163 5ῖῖ

589 138 739 172 [ΝΟΤΙΤΙΑ
758 139 802 166 ΕΤ
822 139 1043 168 FRAGMENTA.

1555 140 1622 166 ιδῖι

13 193 46 221 isi
65 199 164 228 erant,
181 202 230 222 nec
258 196 373 230 speciem
401 197 537 231 exprimit,
552 206 602 226 nec
616 199 793 227 simulacrum
808 204 830 230 Α
847 200 925 235 plane
941 199 1070 235 Magnetis
1085 200 1170 226 nostri
1187 199 1372 226 testimonium
1392 206 1436 226 me
1454 197 1550 233 legisse
1567 207 1622 225 nie-

13 239 111 274 .~ulpit,
134 248 186 268 nec
203 241 346 276 imaginem
363 243 390 269 in
406 243 504 270 tabella
525 244 626 278 pingit;
649 252 710 272 cum
736 254 790 273 non

13 290 110 313 eceret
127 287 323 321 patriarcham,
342 288 395 316 Deo
408 289 537 322 amicum,
554 289 694 317 hominum
712 291 790 319 istius

13 332 86 359 :tatis
109 333 367 367 superstitiosorum
390 335 475 362 errori
492 335 629 362 addictum
654 343 724 370 esse,
749 336 790 363 in-

13 382 80 404 unte
105 377 168 406 fere
184 379 348 406 idololatria.
378 379 504 407 Succedit
528 380 561 407 de
585 381 679 408 eodem
707 389 789 416 argu-

13 428 92 450 iento
119 423 303 460 fragmentum
325 433 384 459 vui,
407 426 434 453 in
458 434 512 461 quo
535 426 668 454 Macarius
691 427 790 455 Graecis

13 469 153 503 xprobrat
166 470 400 505 impudentissima
413 472 525 499 deorum
539 480 650 500 suorum
665 472 735 500 facta
748 478 789 501 at-

15 522 48 542 ue
76 515 229 543 simulacra
247 526 253 544 :
271 517 496 551 quemadmodum
518 526 577 553 cap.
593 518 610 545 9
632 519 791 553 producitur

13 566 187 595 ragmentum
206 570 243 595 Ix,
262 563 290 589 in
315 570 370 597 quo
393 568 488 591 auctor
510 566 615 599 probat,
634 573 683 592 nec
697 565 790 592 mundi

13 606 148 639 lementa,
163 612 274 641 terram,
292 616 402 642 aquam.
419 617 519 643 aerem,
537 610 603 638 deos
617 610 708 638 vocari
724 617 788 645 pos-

13 659 44 684 e;
67 659 123 679 nec
146 654 239 686 astris,
255 653 301 681 sed
317 654 382 687 Deo,
399 654 446 689 qui
463 655 509 682 illa
520 663 534 682 e
546 656 615 683 coelo
637 655 788 690 suspendit,

13 704 78 724 uum
99 697 207 725 cultum
222 698 356 733 integrum
374 707 433 727 esse
446 701 624 733 servandum;
640 701 725 727 multo
739 701 789 727 mi-

15 750 48 770 us
62 747 160 770 autem
185 744 339 773 simulacris
355 746 395 773 vel
411 747 508 774 statuis
519 746 641 773 divinum
658 746 789 773 honorem

13 796 56 815 sse
72 790 274 823 prmstandum,
292 798 353 817 cum
368 799 412 819 res
431 792 586 819 inanimatte
602 800 652 819 nec
666 791 788 823 honoris,

15 841 46 861 ec
61 836 243 862 contumelia:
257 843 367 863 sensum
385 837 468 863 ullum
486 837 608 871 accipere
617 836 788 872 possint.Ubi

13 879 79 906 imul
107 880 195 907 verba
217 880 299 909 Mosis
318 891 325 908 :
343 881 402 909 Diis
425 890 475 909 non
493 882 643 914 maledices,
660 882 788 914 vindicat,

15 923 69 950 uod
84 923 122 951 de
141 924 194 952 diis
214 933 294 953 sensu
315 926 470 953 carentibus
493 933 546 953 non
571 926 674 961 possint
694 926 788 961 accipi.

13 969 35 995 lx
61 970 170 1004 quibus
197 972 325 999 omnibus
352 971 522 1007 Nicephorus
551 972 679 1005 ostendit,
705 977 789 1000 totam

13 1015 112 1043 lacarii
127 1017 214 1044 nostri
229 1017 438 1052 disputationem
452 1025 507 1045 non
522 1018 657 1052 pertinere
672 1019 705 1046 ad
722 1019 790 1046 ima-

16 1061 75 1089 ines
89 1061 197 1090 Christi
210 1063 253 1090 vel
266 1068 433 1096 sanctorum,
451 1065 497 1091 sed
516 1064 548 1091 ad
561 1063 690 1098 profanas
704 1064 791 1099 genti-

13 1108 64 1134 ium
80 1107 200 1135 deorum
216 1108 358 1143 imagines.
375 1109 440 1143 Cap.
456 1108 488 1136 10
512 1110 601 1136 adhuc
616 1109 789 1145 subjungitur

13 1152 129 1180 iltimum
144 1152 253 1180 Macarii
265 1153 456 1188 fragmentum,
469 1161 502 1181 ex
516 1154 604 1189 primo
618 1154 739 1189 ejusdem
755 1154 789 1181 li-

13 1197 40 1225 n'i
56 1198 271 1232 Apocriticornm
287 1206 411 1226 sermone
425 1200 512 1234 capite
531 1204 608 1227 sexto
622 1200 745 1235 petitum,
761 1201 790 1227 in

13 1251 54 1278 [uo
76 1251 145 1272 eum
158 1244 191 1271 de
208 1245 355 1278 miraculis,
378 1253 438 1280 quae
462 1254 477 1272 a
499 1246 610 1273 Christo
625 1246 695 1273 facta
714 1250 788 1280 sunt,

13 1297 79 1323 igere
96 1289 183 1317 refert
197 1289 381 1325 Nicephorus;
398 1292 592 1327 speeiatimque
608 1293 693 1327 ipsius
712 1293 789 1320 testi-

13 1334 127 1361 nonium
153 1334 186 1362 de
205 1334 333 1363 Berenice
349 1336 489 1363 immundo
502 1337 643 1371 sanguinis
657 1337 789 1372 proﬂuvio

13 1379 164 1411 aborante,
182 1383 210 1406 ct
229 1387 246 1406 a
270 1379 412 1408 Servatore
438 1389 485 1416 per
505 1381 651 1409 salutarem
677 1382 789 1410 ﬁmbrias

13 1424 89 1458 psius
103 1428 208 1452 tactum
221 1426 384 1454 miraculose
398 1431 491 1454 sanata
504 1427 623 1461 adducit,
637 1428 714 1463 cujus
725 1428 788 1456 facti

15 1470 153 1504 maginem
171 1471 268 1498 mulier
292 1479 345 1499 aere
369 1480 525 1507 expressam
541 1474 657 1509 posteris
673 1475 789 1502 tradide«

13 1515 36 1542 'it
49 1515 116 1553 (85).
134 1516 200 1552 Cap.
216 1518 244 1545 11
264 1518 415 1545 antistitum
441 1518 568 1547 Ecclesiae
583 1520 682 1554 quibus
705 1528 787 1555 ιιι-ωε-

13 1566 44 1588 ‘at
61 1561 245 1597 Nicephorus,
261 1564 387 1598 panditur
397 1563 529 1598 judicium
545 1566 578 1593 de
591 1566 716 1593 doctrina
733 1566 788 1594 Ma-

13 1606 78 1639 :arii,
93 1615 159 1635 eum
175 1608 280 1635 Scilicet
300 1616 354 1635 non
378 1609 404 1635 in
419 1610 546 1638 omnibus
563 1611 649 1639 sacris
662 1610 790 1639 Ecclesia:

13 1650 178 1685 logmatibus
194 1652 278 1680 fuisse
303 1653 494 1687 orthodoxum,
521 1656 568 1682 sed
592 1663 698 1685 errores
721 1665 790 1684 non-

14 1695 93 1723 iullos
107 1703 173 1724 cum
187 1696 353 1729 Manichzeis,
371 1698 478 1726 Arianis
491 1704 517 1726 et
531 1699 646 1735 Origene
661 1701 791 1729 habuisse

13 1748 178 1774 :ommunes,
196 1742 391 1777 speciatimque
413 1744 506 1778 istum,
520 1745 592 1780 quod
609 1754 706 1781 poenae,
722 1755 790 1781 quas

17 1787 94 1822 mpiis
114 1788 273 1816 hominibus
286 1789 357 1818 Deus
381 1791 501 1818 minatus
515 1797 556 1818 est
571 1799 603 1819 ac
617 1793 789 1826 praeparavit,

13 1831 82 1859 inem
98 1833 165 1860 olim
181 1833 314 1862 habitura:
327 1837 390 1862 sint.
405 1836 471 1870 Cap.
502 1837 535 1864 l2
548 1837 701 1865 contiuctur
730 1837 788 1872 epi-

15 1886 80 1913 ogus
114 1878 327 1914 disputationis,
356 1881 383 1907 in
413 1889 468 1916 quo
492 1881 625 1909 antistites
647 1882 789 1910 orthodoxi

13 1923 224 1953 Ihristianorum
254 1927 376 1960 cultum,
409 1936 490 1963 quem
515 1929 678 1963 imaginibus
704 1930 790 1958 sacris

13 1976 146 2005 artestant,
163 1980 177 1999 a
194 1972 310 2007 profano
325 1974 464 2008 gentilium
477 1975 550 2002 cultu
564 1975 744 2010 distinguunt,
757 1984 789 2004 ea

13 2018 115 2052 pridem
142 2019 259 2052 ratione,
278 2024 307 2046 ut
331 2019 366 2046 ab
389 2019 552 2055 imaginibus
575 2020 608 2047 ad
630 2020 789 2056 archetypos

13 2072 51 2091 Jer
73 2065 209 2093 inﬁnitam
233 2066 310 2101 quasi
334 2066 470 2093 notionem
496 2075 579 2093 manu
606 2067 750 2100 ducantur,
763 2072 790 2095 et

13 2111 138 2139 memoria
160 2112 283 2147 ipsorum
305 2119 337 2139 co
361 2113 528 2147 splendidius
552 2113 694 2146 excitetur,
710 2117 790 2148 atque

13 2163 110 2191 torum,
126 2158 173 2193 qui
189 2159 315 2186 ardenter
328 2163 420 2186 amant
436 2163 463 2186 et
478 2160 583 2187 sincera
598 2160 650 2187 lide
665 2160 788 2194 credunt,

13 2202 106 2231 animis
122 2208 199 2231 tanto
215 2204 296 2231 altius
312 2204 449 2239 inligatur.

806 869 826 895 Β

802 2211 824 2238 Ι.)

22 2258 36 2295 ς
49 2259 144 2288 XVIII.
164 2260 274 2288 Summa
290 2261 496 2322 fragzienlorum
511 2268 543 2287 ex
557 2269 630 2296 opere
645 2261 774 2297 Magnetis

337 2305 349 2322 e
371 2303 477 2322 norum.

337 2303 406 2325 εαιω
410 2304 477 2322 rum.

40 2339 120 2369 Hisce
134 2339 294 2377 fragmentis
310 2341 520 2376 Apocriticorum
533 2341 643 2369 Macarii
657 2341 789 2377 Magnetis

13 2383 265 2418 liactenusincditis,
277 2377 391 2421 quorum
400 2386 507 2413 brevem
521 2387 601 2413 modo
614 2387 788 2413 exhibuimus

13 2432 143 2468 analysin,
163 2441 237 2461 nunc
253 2433 352 2468 pariter
368 2432 572 2460 annumeranda
587 2436 666 2459 erunt
683 2433 788 2467 reliqua

13 2476 82 2506 istius
96 2479 187 2513 operis
203 2479 336 2515 deperditi
348 2478 572 2513 ἅποσπασμάτια,
588 2486 648 2512 quae
658 2486 673 2504 a
688 2477 786 2505 Franc.

13 2521 149 2557 Tun-iano,
163 2524 266 2552 Thoma
277 2525 367 2557 Bozio,
376 2524 436 2552 Jod.
452 2524 560 2556 Coceio,
573 2525 667 2552 etaliis
677 2525 789 2559 quibus-

13 2567 67 2597 dam
83 2571 280 2598 recentioribus
300 2571 489 2605 scriptoribus,
505 2571 603 2605 partim
622 2570 717 2597 Latine
730 2575 789 2597 tan-

13 2616 73 2647 tum,
84 2615 183 2650 partim
203 2620 316 2650 utraque
329 2615 419 2647 lingua
434 2615 504 2642 edita
519 2619 592 2646 sunt,
606 2619 632 2641 et
647 2614 710 2641 hinc
725 2614 788 2641 inde

13 2658 128 2695 dispersa
143 2661 278 2696 leguntur.
295 2661 334 2688 Ex
348 2661 417 2688 libro
435 2669 441 2688 I
457 2661 666 2694 Apocrilicorum
683 2661 785 2688 nullum

120 2735 188 2777 Xide
203 2743 284 2777 supra
297 2737 328 2764 ad
342 2736 360 2777 _§

43 2734 100 2802 $83;
120 2735 188 2776 V‘ide
203 2743 284 2771 supra
297 2737 328 2764 ad
342 2736 360 2777 _§
377 2737 418 2777 l9.
511 2774 516 2779 Ι

55 2769 220 2808 ξξμιιιὺᾳι,
236 2771 421 2808 ljroeptstahs
438 2773 607 2808 pontiﬁcum,
630 2780 690 2808 cap.
707 2774 733 2805 5,
759 2781 784 2807 p.

143 2806 216 2867 8edit.
241 2806 340 2839 Paris,
364 2815 396 2835 cx
416 2805 525 2838 ofﬁcina
550 2805 786 2837 brbast.'Nivellii

841 246 926 278 mini;
946 246 996 273 nisi
1017 245 1088 280 quod
1102 247 1171 272 inter
1182 245 1311 271 ἀνέκδοτα
1330 244 1412 271 modo
1427 244 1542 271 indicata
1565 244 1622 271 fra-

841 297 977 326 gmentum
1002 299 1018 317 Χ
1046 299 1078 318 ex
1101 291 1186 326 primo
1200 291 1319 326 ejusdem
1336 290 1397 317 libri
1420 289 1624 323 Ἀποκριτικῶν

841 344 966 364 sermone
981 336 1094 370 ejusque
1115 336 1201 370 capite
1222 340 1297 362 sexto
1317 335 1505 369 depromptum
1520 334 1622 360 refera-

841 386 893 408 tur.
904 381 942 408 Ex
954 381 1022 408 libro
1031 389 1049 408 Il
1061 385 1111 407 etv
1119 379 1322 414 Ἀποκριτικῶγ
1332 381 1396 407 citat
1406 380 1555 406 Turrianus
1565 379 1621 415 (Μ)

840 435 871 454 ca
887 427 1017 462 Magnetis
1030 426 1121 458 verba,
1147 426 1246 460 quibus
1268 425 1404 453 ethnicum
1418 425 1620 459 philosophum,

840 472 1051 507 discrepantiam
1075 472 1301 506 evangelistarum
1318 470 1478 498 Christianis
1493 470 1622 505 objicien-

840 523 905 549 tem,
918 517 1050 550 confutat,
1075 518 1268 552 spcciatimque
1288 517 1359 544 dicta
1380 516 1525 551 Scriptura:
1536 515 1569 543 N.
1588 515 1618 543 T.

840 563 935 590 Matth.
961 571 1045 595 xxvtt,
1071 562 1121 596 48;
1140 563 1220 590 Marc.
1238 571 1283 595 xv,
1307 563 1357 596 25;
1373 562 1439 590 Luc.
1465 571 1543 594 xxm,
1567 563 1620 595 56;

840 609 918 638 Joan.
934 618 992 643 xix,
1003 609 1049 641 29,
1062 609 1197 642 conciliat,
1210 609 1367 636 existimans
1381 609 1522 636 historiam
1537 617 1620 636 evan-

840 657 953 692 gelicam
975 656 1050 684 omni
1069 655 1224 690 suspicione
1240 656 1385 682 carituram
1400 663 1476 689 esse,
1493 655 1515 682 si
1532 655 1621 682 littera

839 703 961 730 historiae
976 709 1029 729 non
1044 702 1161 734 curiosa,
1177 702 1223 728 sed
1244 701 1357 735 simplex
1380 701 1552 736 reperiretur.
1581 700 1621 728 Ex

839 746 910 774 libro
925 754 955 773 ιιι
978 746 1064 779 varia,
1088 753 1173 780 eaque
1200 746 1318 772 maxime
1334 746 1518 773 memorabilia
1541 746 1622 773 nobis

840 795 1000 819 conservata
1015 795 1078 818 sunt
1090 790 1200 817 Macarii
1214 789 1343 825 Magnetis
1353 795 1537 823 monumenta,
1551 790 1622 817 inter

840 844 901 872 quze
919 836 1091 871 potissimum
1102 835 1201 863 eminet
1212 835 1457 863 luculentissimum
1479 835 1563 870 ipsius
1582 840 1622 862 tc-

842 883 1000 910 stiinonium
1015 882 1048 909 de
1061 889 1125 909 vera
1138 881 1280 916 priescntia
1292 881 1415 916 corporis
1435 885 1462 908 et
1481 881 1621 915 sanguinis

841 927 942 955 Christi
958 928 984 955 in
999 927 1027 955 S.
1042 927 1227 955 Eucharistia:
1246 928 1302 954 Οὐκ
1315 927 1372 953 ἐστι
1385 927 1551 963 Εὐχαριστία
1573 927 1621 954 τύ-

841 983 891 1005 πος
907 974 952 1001 τοῦ
973 973 1097 1008 σώματος
1112 972 1216 999 καὶτοῦ
1232 973 1355 1008 αἵματος,
1371 974 1438 1008 ὅπερ
1449 973 1519 1005 τινὲς
1539 975 1622 1010 appa-

840 1019 966 1055 ψῲδησαν
979 1018 1170 1053 πεπηρωμένοι
1184 1018 1228 1045 τὸν
1243 1018 1315 1051 νοῦν,
1332 1018 1431 1053 μᾶλλον
1445 1018 1473 1045 δὲ
1487 1019 1565 1055 σῶμα
1573 1021 1620 1047 καὶ

840 1062 921 1099 αἴμα-
937 1063 988 1090 hoc
1001 1067 1041 1090 est
1053 1071 1060 1089 :
1074 1062 1243 1089 Eucharistia
1255 1071 1307 1089 non
1318 1067 1356 1089 est
1370 1069 1446 1097 typus
1460 1063 1512 1098 (vel
1522 1064 1620 1099 ﬁgura)

840 1111 955 1144 corporis
980 1114 1004 1136 et
1030 1109 1175 1144 sanguinis,
1202 1109 1271 1144 quod
1289 1109 1397 1144 quidam
1421 1110 1535 1144 fabulati
1558 1116 1620 1137 sunt

840 1161 923 1182 mente
937 1155 1018 1190 capti,
1035 1155 1079 1181 sed
1092 1155 1177 1190 potius
1189 1162 1281 1189 corpus
1298 1159 1322 1182 et
1341 1156 1458 1189 sanguis.
1483 1156 1619 1190 Integrum

840 1206 930 1229 autem
946 1201 1027 1235 hujus
1040 1201 1091 1228 loci
1111 1205 1264 1227 contextum
1286 1208 1339 1227 non
1351 1199 1500 1228 Turrianus
1515 1205 1620 1228 tantum

839 1255 872 1274 ex
881 1247 972 1274 codice
984 1246 1152 1274 bibliotheca
1165 1245 1272 1273 Veneta:
1283 1246 1309 1272 in
1325 1246 1440 1273 diversis
1455 1246 1530 1274 libris
1544 1248 1621 1274 exhi-

839 1293 908 1327 buit,
926 1301 1020 1320 verum
1037 1297 1064 1320 ct
1083 1292 1202 1319 Thomas
1215 1292 1313 1319 Bozius
1323 1292 1491 1327 Eugubinus,
1507 1301 1621 1328 congre-

839 1339 955 1375 gationis
968 1339 1087 1366 Oratorii
1103 1339 1250 1374 presbyter,
1268 1338 1307 1365 De
1326 1339 1406 1373 signis
1422 1338 1547 1366 Ecclesiw
1559 1339 1619 1372 Dei,

840 1390 912 1413 tomo
925 1385 957 1418 ll,
972 1385 1019 1413 lib.
1031 1393 1086 1417 xtv,
1100 1392 1126 1419 p.
1146 1385 1176 1411 Ή
1190 1384 1388 1421 (85),eumdein
1405 1385 1506 1418 locum,
1529 1391 1619 1412 muta-

841 1431 874 1458 tis
890 1431 953 1458 hinc
967 1430 1028 1458 inde
1048 1430 1209 1466 quibusdam
1231 1430 1355 1463 vocibus,
1372 1438 1404 1457 ex
1426 1430 1479 1458 alio
1503 1431 1619 1465 quodam

839 1477 913 1504 fonte
925 1475 1092 1504 bibliotheca:
1109 1476 1219 1503 Achillis
1233 1475 1311 1502 Statii
1325 1476 1471 1510 produxit;
1490 1484 1569 1511 quem
1594 1482 1621 1504 et

839 1522 958 1549 .lodocus
970 1521 1084 1548 Coccius
1097 1521 1125 1548 in
1139 1521 1272 1547 Thesauro
1288 1521 1426 1553 catholico,
1444 1521 1491 1548 lib.
1508 1530 1544 1552 vr,
1558 1529 1620 1549 ncc~

839 1575 892 1594 non
909 1566 997 1594 Julius
1010 1566 1102 1594 Caesar
1114 1566 1280 1602 Bulengerus
1294 1566 1321 1593 in
1332 1566 1451 1594 Diatribe
1464 1567 1480 1594 5
1493 1567 1526 1593 ad
1537 1567 1620 1594 Exer-

839 1615 977 1641 citationes
991 1612 1026 1641 Is.
1047 1613 1199 1640 Casauboni
1215 1613 1344 1640 adversus
1355 1613 1511 1646 Baronium,
1521 1613 1621 1647 aliique

840 1660 925 1686 secuti
941 1664 1013 1686 sunt.
1028 1658 1066 1685 Ex
1081 1658 1175 1685 eodem
1193 1657 1262 1684 libro
1281 1666 1312 1684 ιιι
1337 1657 1546 1692 Apocriticorum
1570 1666 1620 1685 no-

839 1705 930 1732 tabilis
944 1709 986 1731 est
995 1704 1072 1731 locus
1085 1704 1118 1731 de
1133 1703 1274 1731 sacriﬁciis
1289 1703 1458 1730 daemonibus
1480 1703 1619 1738 gentilium

840 1750 983 1782 mactatis;
1000 1750 1033 1776 ad
1046 1757 1127 1784 quem
1143 1749 1214 1776 idem
1229 1748 1379 1776 Turrianus
1395 1748 1421 1774 in
1437 1748 1483 1775 lib.
1503 1756 1551 1782 pro
1570 1747 1622 1775 Ca~

839 1796 958 1823 nonibus
971 1800 1058 1830 apost.
1076 1800 1170 1822 contra
1181 1795 1292 1822 Centur.
1306 1794 1428 1830 Magdeb.
1439 1815 1446 1827 ,
1460 1795 1506 1822 lib.
1524 1803 1543 1827 ι,
1559 1803 1618 1830 cap.

839 1843 866 1875 5,
879 1850 905 1877 p.
918 1851 955 1870 m.
971 1843 1015 1874 15,
1027 1847 1165 1878 provocat,
1180 1843 1292 1877 ipsaque
1307 1842 1439 1878 Magnetis
1452 1843 1544 1876 verba,
1557 1843 1619 1877 qni-

842 1888 1038 1915 bus‘decretuin
1055 1887 1233 1922 apostolicum
1250 1887 1309 1915 Act.
1322 1895 1367 1920 xv,
1383 1888 1428 1920 ‘30,
1440 1887 1474 1915 de
1488 1888 1620 1923 sanguine

839 1938 866 1960 et
880 1933 1012 1960 sull‘ocato
1025 1932 1198 1960 immolatitio
1212 1933 1338 1968 explicat,
1353 1932 1447 1960 Latine
1458 1937 1561 1960 tantum
1572 1933 1620 1959 ad-

839 1978 923 2006 ducit.
941 1978 1047 2011 Quibus
1070 1985 1200 2014 praeterea
1212 1979 1332 2006 addenda
1349 1983 1412 2006 sunt
1440 1986 1471 2006 ea
1489 1978 1620 2014 Magnetis

841 2024 1005 2055 testimonia,
1021 2032 1081 2058 quae
1089 2024 1181 2051 Graece
1191 2024 1311 2059 vulgavit
1326 2023 1476 2051 Turrianus
1490 2024 1519 2050 in
1539 2024 1620 2050 scho-

839 2068 882 2096 liis
895 2068 1069 2103 apologeticis
1084 2068 1184 2096 Graecis
1196 2069 1229 2095 ad
1242 2068 1448 2095 Constitutiones
1460 2068 1619 2102 apostolicus

839 2115 984 2142 Clementis
1002 2115 1116 2143 Romani
1139 2116 1230 2143 Graece
1249 2116 1334 2143 editas
1353 2115 1472 2143 Venetiis
1490 2116 1570 2148 1565,
1591 2124 1618 2150 p.

839 2169 876 2188 m.
895 2160 957 2189 182.
979 2161 1017 2188 Ειι
1033 2161 1102 2188 libro
1128 2169 1154 2189 tv
1168 2161 1354 2196 Apologiarum
1370 2161 1501 2196 Magnetis
1527 2161 1620 2188 itidem

839 2206 1062 2241 ἀποσπασμάτιον
1076 2207 1184 2241 aliquod
1203 2207 1372 2234 conservavit
1393 2207 1543 2234 Turrianus
1565 2206 1620 2233 Pro

839 2253 915 2286 epist.
938 2252 1106 2286 pontificum,
1125 2252 1170 2279 lib.
1188 2260 1219 2286 ιι,
1233 2260 1257 2280 c.
1276 2253 1319 2285 15,
1337 2260 1363 2287 p.
1378 2260 1415 2279 in.
1431 2252 1497 2283 151,
1516 2252 1561 2278 ubi
1577 2261 1620 2279 ra-

839 2297 941 2324 tionem
960 2298 1047 2324 reddit
1071 2297 1205 2324 Macarius
1219 2305 1268 2324 cur
1293 2297 1392 2324 Paulus
1408 2304 1437 2324 se
1452 2296 1553 2331 alioqui
1578 2297 1619 2323 vi-

838 2346 945 2370 ventem
954 2343 1070 2370 mortuis
1083 2343 1142 2377 (vel
1154 2343 1254 2377 potius,
1270 2343 1312 2375 iis,
1334 2343 1377 2376 qui
1394 2343 1486 2369 victuri
1512 2348 1572 2368 sunt
1593 2343 1620 2368 in

838 2388 994 2424 diejudicii)
1004 2389 1060 2424 (86)
1071 2389 1288 2416 annumeraverit
1300 2388 1310 2415 l
1321 2388 1415 2415 Thess.
1431 2396 1467 2421 tv,
1480 2388 1511 2415 l7
1523 2396 1530 2413 ι
1543 2387 1620 2414 Οὕτω

838 2433 902 2470 γὰρ,
923 2434 1022 2468 inquit,
1038 2434 1070 2460 ἄν
1081 2442 1122 2465 τις
1136 2433 1299 2468 φιλέταιρος,
1313 2433 1359 2460 καὶ
1375 2433 1429 2460 τῶν
1454 2432 1619 2468 ὁμοῦ-τοίχων

838 2479 951 2512 ἀγαπῶν
966 2479 1015 2514 τὴν
1037 2478 1193 2512 συγγένειαν
1206 2478 1292 2504 δοκεῖ·
1317 2478 1343 2504 id
1356 2482 1414 2505 est:
1431 2477 1476 2504 Sic
1487 2477 1555 2503 enim
1577 2476 1618 2509 ﬁt,

839 2529 867 2549 ut
898 2523 1020 2550 videatur
1042 2524 1138 2558 aliquis
1158 2524 1267 2556 amicas,
1294 2523 1386 2558 quibus
1401 2531 1427 2550 se
1452 2526 1618 2551 annumerat,

839 2577 942 2605 eosque,
957 2571 1001 2604 qui
1014 2570 1055 2596 sui
1069 2570 1168 2596 ordinis
1179 2575 1250 2601 sunt,
1264 2570 1381 2604 diligere.
1394 2568 1453 2601 Quo
1468 2567 1620 2596 testimonio

838 2623 900 2643 cum
918 2616 1074 2643 abuteretur
1089 2616 1238 2644 Turrianus
1257 2616 1290 2643 ad
1305 2614 1493 2642 vindicandam
1511 2613 1620 2649 γνησιόο

838 2669 907 2696 tum
925 2660 1047 2695 epistola:
1058 2661 1321 2696 pseudo-Clementis
1333 2661 1366 2688 ad
1375 2660 1503 2688 Jacobum
1514 2659 1620 2694 episco-

875 2738 932 2774 (85)
945 2738 1126 2774 Εᾱιιηοοιοηι.
1141 2739 1251 2774 Agripp.
1268 2738 1347 2774 1626,
1359 2739 1384 2765 ιι.

874 2770 930 2813 (ὅᾷ)
945 2770 1005 2801 Vid.
1019 2773 1150 2813 quiulelli
1165 2770 1404 2802 Psithia-Isidorus
1425 2777 1449 2800 et
1472 2772 1619 2802 Turrianus

839 2809 992 2843 copulantes
1006 2829 1013 2837 .
1024 2809 1065 2844 pf
1079 2809 1136 2838 55.‘
