1848 3043
237 98 306 126 1575

875 98 1053 127 MACAIUUS
1072 99 1223 128 MAGNES.

1789 99 1835 125 133

237 166 300 193 pum
329 157 590 192 iierosolymitanum
605 157 662 192 jam
677 161 733 184 tum
750 162 887 185 mortuum
900 159 1022 186 conscri-
1037 160 1060 189 Α
1074 163 1137 186 ante
1162 159 1355 187 deliberatione
1381 157 1503 192 supremi
1536 155 1690 186 Creatoris,
1721 163 1769 182 non
1797 159 1837 185 sa.

237 210 298 239 plan,
321 203 399 238 quasi
425 202 494 229 nihil
519 203 672 236 interesset,
687 204 863 231 annumerari
887 205 1021 231 viventem

236 250 362 282 mortuis,
379 256 413 275 an
432 254 570 276 mortuum
583 249 752 282 viventibus;
768 249 850 276 David
868 249 1023 277 Blondellus

236 303 264 322 m
281 293 507 321 Prendo-Isidoro
521 299 545 321 et
561 294 692 322 Turriano
707 295 907 330 vapulantibus,
930 304 957 331 p.
975 297 1020 328 55,

236 341 338 368 atlhaac
352 340 435 368 verba
451 340 561 367 Macarii
584 340 715 375 Magnetis
740 341 905 376 respondet:
933 340 1023 376 Ignoti

236 386 360 413 hactenus
376 386 493 413 auctoris
507 386 665 412 sententiam
679 394 729 412 nou
751 386 941 420 improbantua,
957 385 1023 412 nillil

237 433 296 459 inde
320 431 452 458 Turriano
469 431 607 466 prmsidii;
635 431 734 458 Paulus
751 432 821 458 enim
836 436 967 458 mortuum
985 432 1024 458 ei-

236 478 352 504 ventibus
377 485 429 504 non
452 477 646 510 annumeravit,
674 485 719 504 nec
748 478 874 504 viventem
898 477 1022 511 mortuis,

236 522 306 558 quod
323 523 350 549 in
365 522 612 556 pseudo-Clemente
627 523 804 557 coarguimus.

272 567 310 594 Ex
328 568 397 595 libro
409 576 425 595 v
439 568 555 602 denique
571 568 684 603 ejusque
701 569 754 595 line
775 567 910 603 prolixum
934 568 1025 595 Maca-

236 613 270 641 rii
282 613 414 648 Magnetis
433 614 616 649 fragmentum
632 614 671 641 De
683 614 736 648 ﬁde
754 613 869 640 Abralne
881 634 888 647 ,
917 613 946 641 in
971 620 1026 649 quo

237 661 271 688 de
287 661 442 688 arctissimo
458 660 568 688 vinculo
579 660 639 687 ﬁdei
656 665 738 695 atque
762 667 876 695 operum
901 659 1023 694 disserit,

238 707 331 734 Graece
338 712 364 734 et
376 707 472 734 Latine
485 707 599 734 inseruit
610 706 762 735 Turrianus
774 707 848 742 operi
858 714 908 734 suo
919 707 1029 742 dogma-

239 753 294 780 tico
310 753 347 779 De
359 753 562 788 justiﬁcatione,
575 753 668 780 Romae
681 753 745 780 1551
764 753 847 780 edito.
863 753 941 786 Quod
950 753 1027 780 dein-

239 807 303 834 ceps
320 799 390 826 inter
406 798 629 833 Θεολοτούμενα
639 798 759 826 auctoris
774 799 861 825 nostri
877 798 910 826 ad
926 797 1027 825 articu-

1072 204 1165 237 verbo,
1176 205 1213 232 uti
1228 211 1330 232 cetera:
1341 209 1483 235 creaturae,
1497 202 1589 230 factus
1603 202 1648 229 sit.
1662 200 1751 228 Filium
1768 209 1837 233 auis:

1074 249 1120 277 Dei
1139 250 1322 285 unigenitum,
1344 257 1425 284 quem
1449 248 1525 276 Patri
1556 247 1720 281 ισοδύναμον
1738 251 1761 274 et
1775 248 1837 280 A53,

1074 295 1254 322 ὑποστατικὺν
1268 303 1328 323 esse
1343 295 1453 326 asserit,
1462 294 1656 322 consiliarium
1675 292 1746 319 illam
1776 292 1837 321 frg-ss

1075 342 1231 376 pronuntiat
1252 350 1305 376 quo
1319 340 1399 368 Pater
1416 341 1443 367 in
1461 339 1632 367 formatione
1654 339 1770 365 hominis
1796 346 1837 370 aut

1075 389 1119 416 sit.
1135 387 1249 421 Quando
1274 395 1355 422 porro
1382 387 1499 421 primum
1518 385 1665 413 hominem
1687 384 1713 410 in
1733 385 1837 410 munitm

1075 439 1204 468 tanquam
1220 441 1308 469 regem
1324 432 1521 464 introductum,
1536 436 1565 458 et
1588 431 1624 458 ad
1649 429 1698 456 Dei
1723 430 1837 464 imagis-:1

1076 479 1177 507 factum
1204 487 1265 507 esse
1286 479 1391 511 scribit,
1406 479 1476 506 hanc
1487 475 1702 505 similitudinem
1729 475 1796 509 regis
1809 483 1837 500 [vri

1076 525 1103 553 in
1121 533 1240 561 purpura
1255 529 1282 552 et
1297 529 1404 559 sceptro
1427 528 1453 551 ct
1467 523 1626 550 diademate
1644 521 1754 556 quzerit,
1773 521 1817 548 sed
1832 529 1837 546 η

1077 576 1175 598 ornatu
1191 569 1468 605 incorruptibilitatis,
1485 567 1705 596 immortalitatis
1718 574 1745 593 ac
1757 566 1837 592 virtu:

1077 617 1209 649 collocat;
1226 609 1256 644 ut
1274 616 1414 643 brevitatis
1430 622 1513 642 causa
1538 619 1641 641 caatera
1667 620 1738 639 nunc
1757 612 1837 639 silenis

1077 667 1247 698 prmteream.
1271 661 1309 688 Ex
1326 669 1452 689 sermone
1475 660 1509 687 l7
1534 660 1562 687 in
1588 659 1710 687 Genesin
1726 657 1837 692 singulari

1078 708 1188 736 Macarii
1202 708 1287 735 nostri
1300 707 1327 734 in
1342 714 1455 734 censum
1473 706 1549 733 venit
1563 704 1713 739 explicatio
1724 703 1754 731 de
1768 702 1837 729 tutiid

1079 753 1206 789 pelliccis,
1225 753 1326 788 quibus
1340 752 1463 779 Adamus
1476 755 1504 779 et
1515 750 1571 777 Eva
1587 756 1653 785 post
1663 749 1766 784 lapsum
1782 749 1837 788 intra

1080 798 1171 826 fuere:
1186 798 1342 834 qumverba
1360 805 1415 824 non
1431 796 1592 824 historicam
1604 816 1611 827 ,
1631 795 1679 822 sed
1702 794 1837 828 allegoritu

240 845 295 872 lum
311 845 344 872 de
359 845 411 872 fide
424 849 451 872 et
463 844 658 879 justiticatione
681 844 752 871 haud
774 844 898 871 intimum
913 851 1029 878 occupa-
1046 839 1066 865 Β
1081 846 1215 873 rationem
1234 845 1347 871 innuere
1358 843 1437 878 juxta
1451 850 1513 869 cum
1526 842 1590 869 aliis
1603 840 1802 874 antiquioribus
1817 847 1837 865 ar

240 891 280 918 bit
295 891 400 918 locum:
429 890 474 917 ubi
492 890 573 917 simul
588 891 705 925 singula,
728 898 788 925 quae
814 889 896 917 modo
913 890 1027 924 allegata

241 940 314 966 sunt,
331 935 480 970 fragmenta
495 936 521 963 in
537 936 638 963 classes
651 943 714 963 suas
729 926 884 970 redigenda,
896 941 923 963 et
937 936 970 963 ab
983 943 1030 963 ex-

241 981 411 1016 ceptionibus
427 982 644 1009 adversariorum
661 982 821 1009 vindicanda
842 986 932 1009 erunt.

280 1037 294 1072 §
311 1036 384 1064 XIX.
401 1036 517 1065 Macarii
540 1037 670 1072 Magnetis
688 1045 818 1065 sermones
839 1039 866 1065 in
884 1037 995 1065 Cenesin

592 1072 696 1099 inediti.

278 1117 377 1146 Prteter
407 1118 527 1154 quinque
557 1120 625 1146 istos
650 1118 734 1146 libros
767 1118 971 1153 Ἀποκριτικῶν
997 1118 1030 1145 ad

241 1163 441 1192 Theos'thcnem
459 1169 554 1193 contra
567 1165 680 1200 gentiles
698 1164 835 1200 Evangelii
849 1165 1030 1192 calumniato-

241 1219 297 1243 res,
321 1218 439 1246 quorum
463 1210 595 1237 hactenus
610 1216 737 1245 excerpta
750 1210 874 1245 quasdam
894 1210 1030 1242 dedimus,

242 1256 392 1290 scripserat
418 1255 499 1283 etiam
519 1255 655 1282 Macarius
677 1255 788 1291 Magnes
815 1256 1030 1286 conmentarios,

243 1309 301 1334 seu,
319 1306 348 1329 ut
363 1301 415 1329 fert
423 1302 529 1334 titulus.
548 1310 679 1330 sermones
696 1303 725 1329 in
740 1301 862 1335 Genesin,
879 1302 924 1336 qui
942 1306 969 1328 et
980 1301 1032 1336 ipsi

242 1349 276 1375 ad
292 1348 344 1375 hoc
359 1355 446 1382 usque
456 1353 563 1383 tempus
574 1349 688 1376 eruditis
703 1348 786 1383 ignoti
802 1346 1032 1375 fuel-uitulorum

243 1402 402 1422 sermonum
417 1393 569 1430 fragmenta
592 1403 624 1423 ex
651 1394 861 1422 eminentissimi
886 1394 1033 1421 cardinalis

243 1439 374 1467 Ottoboni
386 1442 572 1475 manuscripto
583 1441 676 1468 codice
688 1441 848 1475 deprompta
863 1439 896 1466 R.
910 1439 940 1467 P.
955 1439 1031 1466 Dom.

245 1485 439 1521 Stephanotius
453 1486 485 1513 ad
498 1486 718 1514 laudatissimum
733 1485 783 1512 Dn.
798 1485 951 1512 Boivinium
967 1492 1032 1511 mss.

244 1532 335 1567 Regia:
350 1532 520 1560 bibliotheca:
546 1531 710 1560 Parisiensis
727 1532 866 1559 custodem
888 1531 1035 1558 transmitti

244 1579 366 1606 curavit:
388 1578 435 1613 qui
458 1578 553 1605 eadem
579 1578 674 1606 Latine
693 1585 770 1605 versa
786 1582 868 1612 atque
892 1576 1035 1604 emendata

246 1632 309 1650 cum
337 1623 398 1650 aliis
429 1623 588 1657 fragmentis
614 1623 736 1658 ejusdem
760 1621 880 1649 auctoris
895 1621 923 1648 in
947 1621 1034 1648 lucem

246 1670 327 1697 edere
341 1669 529 1702 constituerat,
544 1669 596 1696 nisi
612 1672 774 1704 praematura
793 1675 866 1694 mors
881 1667 944 1694 huic
954 1666 1035 1693 insti-

249 1720 308 1743 tuto
327 1715 432 1742 obicem
448 1715 594 1750 posuisset.
613 1714 690 1741 Haud
711 1714 782 1741 ultra
805 1713 947 1741 historiam
963 1720 1038 1739 crea-

249 1760 333 1788 tionis
355 1765 382 1787 et
397 1761 488 1795 lapsus
506 1754 646 1787 hominum
673 1767 702 1786 se
724 1758 873 1786 extendunt
892 1758 950 1785 ista:
964 1764 1038 1784 com-

250 1805 432 1834 mentationes
449 1805 596 1841 Magnetis,
620 1805 647 1832 in
663 1805 763 1840 quibus
780 1804 850 1831 inter
873 1803 925 1830 alia
948 1802 1038 1830 excel-

249 1853 362 1880 lentiam
385 1852 503 1881 hominis
529 1852 593 1880 inde
622 1851 807 1884 demonstrat,
836 1850 908 1886 quod
942 1849 1036 1877 habita

1083 893 1198 920 bitratus
1211 897 1252 919 est
1263 900 1270 925 ;
1281 893 1314 919 de
1325 898 1379 926 qua
1392 889 1521 925 opinione
1533 888 1652 916 inferius
1666 887 1746 922 plura
1758 886 1837 913 dicati

1081 942 1172 966 erunt.

1243 983 1256 1019 §
1271 982 1329 1010 XX.
1344 982 1486 1010 Conclusio
1501 979 1714 1008 dissertationis.

1119 1030 1301 1058 Constitutum
1313 1029 1422 1064 quidem
1438 1027 1536 1059 fuerat,
1548 1026 1609 1060 ipsa
1652 1024 1837 1056 Θεολετϊύμιη

1084 1076 1193 1104 Macarii
1207 1075 1350 1110 Magnetis,
1372 1082 1433 1109 quae
1456 1081 1490 1101 ex
1517 1071 1682 1107 fragmentis
1698 1070 1810 1104 ejusdem
1827 1077 1837 1094 ελ

1085 1123 1195 1150 interitu
1210 1121 1354 1149 vindicatis
1369 1119 1458 1155 colligi
1480 1121 1619 1154 poterant,
1631 1117 1731 1144 eadem
1755 1115 1799 1141 hac
1812 1116 1837 1141 :Lt

1085 1169 1234 1198 scrtatione
1250 1166 1403 1202 inaugurali
1424 1165 1556 1193 exhibere
1575 1164 1604 1191 in
1627 1170 1694 1191 suas
1713 1162 1807 1188 classes

1085 1214 1174 1247 dacta,
1192 1218 1221 1241 ut
1241 1220 1274 1239 ex
1300 1212 1334 1239 iis
1353 1218 1453 1238 nexum
1470 1210 1590 1244 aliquem
1618 1208 1754 1235 doetrinat
1772 1206 1837 1232 there:

1086 1259 1153 1296 gica:
1170 1258 1252 1293 hujus
1271 1258 1391 1285 auctoris
1416 1256 1573 1292 perspicere
1598 1254 1706 1282 liceret.
1724 1253 1789 1280 Cum
1807 1259 1837 1276 te.“

1086 1309 1184 1340 praeter
1199 1303 1356 1338 opinionem
1377 1307 1452 1330 tanta
1476 1301 1544 1329 mihi
1566 1300 1685 1328 subnata
1702 1299 1739 1326 sit
1753 1296 1837 1325 dimsit

1087 1358 1147 1378 rum
1163 1350 1251 1384 copia,
1266 1357 1327 1385 qua:
1345 1353 1476 1384 angustos
1487 1346 1692 1375 dissertationis
1710 1344 1803 1371 limites
1814 1349 1837 1376 μ

1087 1401 1144 1424 tum
1163 1400 1355 1431 prartergressa
1375 1394 1498 1427 videtur;
1512 1393 1576 1421 etin
1595 1396 1762 1427 argumento
1775 1397 1787 1416 a
1800 1391 1837 1415 nt]

1087 1443 1257 1470 eruditorum
1271 1442 1402 1469 hactenus
1415 1444 1550 1475 occupato
1571 1438 1688 1473 singula:
1704 1438 1837 1464 circumstat

1088 1488 1131 1515 tia:
1144 1488 1225 1515 altius
1247 1487 1416 1522 aliqu-autum
1444 1485 1612 1521 repetendae,
1629 1491 1741 1519 suoque
1763 1482 1837 1518 pou-isi

1087 1532 1252 1560 aestimandae
1260 1536 1367 1559 essent:
1381 1531 1526 1566 specialem
1539 1530 1702 1564 dogmatum
1717 1534 1792 1562 atque
1801 1534 1837 1552 uti

1088 1587 1148 1606 rum
1161 1578 1283 1606 auctoris
1306 1578 1393 1605 nostri
1417 1577 1660 1612 pertractationem
1679 1575 1767 1602 altera
1785 1574 1837 1605 sibi“

1088 1626 1188 1653 latione
1211 1625 1372 1660 complecti,
1387 1624 1428 1651 vel
1445 1623 1468 1650 si
1493 1622 1704 1650 convenientius
1739 1621 1774 1647 ita
1789 1620 1837 1645 iisan

1089 1671 1181 1704 fuerit,
1197 1679 1251 1698 una
1266 1679 1328 1699 cum
1350 1670 1418 1706 ipsis
1438 1669 1531 1704 operis
1553 1668 1688 1703 deperdili
1712 1667 1817 1701 fragmen
1830 1677 1837 1689 Α

1092 1723 1220 1752 tanquam
1236 1717 1337 1744 relictis
1353 1724 1384 1744 ex
1397 1715 1544 1750 naufragio
1558 1714 1660 1741 tabulis
1670 1733 1677 1744 ,
1700 1713 1802 1747 publica
1809 1718 1837 1735 vi”?

1090 1763 1209 1791 diturum
1232 1762 1368 1790 desiderio
1385 1760 1578 1789 satisfacturus
1589 1780 1597 1793 ,
1621 1759 1721 1786 Graece
1739 1766 1770 1785 ac
1786 1756 1837 1783 Lua

1090 1818 1227 1846 exponere
1243 1809 1315 1837 haud
1330 1808 1499 1844 refragabor.

257 1955 1837 1982 #_________________________.J

820 2047 1218 2096 DlSSERTATIO
1270 2047 1334 2094 Il,

570 2150 636 2183 ρυίε
662 2147 859 2182 θεολογούμενα
871 2146 988 2173 auctoris
1001 2153 1022 2172 εξ

1085 2144 1165 2180 opriis
1179 2144 1262 2179 ipsius
1277 2142 1383 2177 scriptis
1398 2143 1514 2177 exponit.

547 2299 741 2328 PRAEFATIO.

288 2350 432 2385 interrupti
461 2348 582 2379 laboris,
610 2347 657 2382 qui
687 2347 715 2374 in
737 2346 906 2382 explicandis
928 2345 1040 2374 Macarii

255 2399 385 2435 Magnetis
408 2395 628 2432 θεολογουμένοις
642 2399 778 2427 versatur,
795 2395 817 2422 si
834 2403 931 2422 causas
945 2395 1039 2429 requi-

254 2446 303 2477 ris,
320 2444 417 2471 Lector
431 2441 571 2474 benevole,
589 2441 646 2468 htcc
663 2441 720 2468 sola
737 2440 806 2468 forte
822 2439 950 2473 sutlieiet,
968 2440 1041 2475 quod

255 2490 370 2517 certiora
384 2488 509 2524 quadam
525 2487 557 2514 de
570 2487 754 2514 monumentis
767 2486 847 2521 hujus
859 2486 979 2513 auctoris
991 2485 1040 2513 de-

256 2536 353 2572 pcrditi
377 2535 509 2562 hactenus
528 2542 561 2561 ex
586 2533 669 2561 Italia:
684 2532 842 2566 regionibus
863 2538 1039 2566 exspectave-

255 2582 324 2615 rim,
341 2581 396 2616 jam
411 2587 475 2607 vero
493 2585 548 2606 tum
565 2587 580 2606 a
596 2579 772 2606 celeberrimo
799 2578 823 2605 J.
844 2577 938 2605 Lamio
953 2578 979 2604 in
995 2577 1044 2604 De.

256 2627 325 2654 liciis
351 2627 514 2653 eruditorum
544 2625 689 2652 Florentiae
712 2624 780 2651 1758
803 2624 899 2656 editis,
930 2627 985 2649 tum
1009 2630 1042 2649 ex

257 2672 398 2708 splendido
412 2672 540 2707 Catalogo
559 2671 729 2699 bibliotheca:
753 2669 861 2697 Veneta:
884 2669 915 2695 D.
940 2668 1041 2701 Marci,

259 2719 306 2754 qui
319 2726 400 2754 opera
421 2718 455 2745 M.
480 2721 543 2746 Ant.
559 2717 675 2744 Zanettii
688 2721 714 2743 et
727 2716 837 2743 Antonii
856 2714 1042 2749 Bonojoannis

258 2764 336 2801 jussu
358 2769 470 2791 senatus
484 2757 578 2791 Veneti
604 2767 746 2790 contextus
769 2761 924 2796 nuperrime
943 2759 1043 2795 prodiit

261 2809 341 2840 1740.
356 2809 421 2838 satis
435 2809 546 2837 edoctus
562 2809 631 2842 sim,
649 2807 716 2836 nihil
730 2807 878 2842 quidquam
890 2806 923 2833 de
940 2806 1043 2840 integro

1057 2300 1080 2328 D
1094 2304 1176 2332 opere
1190 2295 1321 2331 Magnetis
1335 2293 1454 2321 Venetiis
1477 2292 1595 2327 amplius
1607 2292 1736 2326 reperiri,
1752 2290 1788 2318 sed
1799 2288 1837 2314 (air

1090 2351 1149 2371 cem
1167 2342 1242 2369 illum
1256 2361 1263 2373 ,
1289 2348 1344 2375 quo
1363 2339 1462 2366 Franc.
1482 2337 1634 2365 Turrianus
1651 2338 1719 2364 olim
1738 2343 1792 2363 usus
1806 2338 1837 2359 rs“

1092 2389 1226 2426 probabili
1242 2387 1402 2422 conjectura
1417 2385 1443 2412 in
1458 2383 1616 2419 Hispaniam
1634 2382 1836 2409 lranslatumﬁﬁe

1092 2425 1129 2463 ita
1142 2435 1214 2463 enim
1235 2433 1362 2461 laudatus
1377 2431 1505 2464 Lamias,
1523 2433 1668 2465 postquam
1686 2429 1714 2455 in
1729 2425 1837 2463 pra‘iaLiiid

1092 2481 1156 2509 tomi
1171 2480 1203 2507 ιν
1217 2479 1378 2506 Deliciarum
1395 2484 1508 2505 suarum
1531 2483 1558 2510 p.
1572 2475 1604 2502 l9
1615 2495 1622 2508 ,
1640 2474 1795 2501 Turrianum
1805 2476 1837 2501 ’λθ

1093 2528 1154 2556 dem
1178 2526 1253 2554 nulla
1279 2525 1354 2552 venia
1373 2524 1484 2559 dignum
1506 2530 1568 2550 esse
1583 2522 1706 2552 dixerat,
1723 2519 1785 2554 quod
1799 2521 1837 2549 (πιῦ

1093 2574 1226 2610 Magnetis
1240 2580 1255 2600 a
1269 2579 1298 2599 se
1315 2571 1414 2598 lectum
1432 2577 1488 2596 non
1505 2568 1631 2600 ediderit,
1645 2575 1699 2594 nec
1715 2567 1800 2593 locum.

1094 2623 1231 2654 exstaret,
1251 2616 1420 2648 indicaverit,
1436 2614 1599 2643 sententiam
1617 2620 1697 2640 suam
1711 2616 1791 2646 postea
1802 2613 1834 2634 πίεν

1094 2666 1159 2694 tavit
1172 2666 1199 2692 in
1214 2663 1372 2699 praefatione
1390 2661 1456 2689 tomi
1471 2660 1505 2687 IX
1522 2660 1561 2695 (in
1581 2667 1634 2694 quo
1650 2657 1759 2684 Maximi
1773 2655 1834 2685 Hart?

1096 2711 1133 2738 nii
1148 2709 1270 2745 epistola:
1283 2706 1427 2740 habentur)
1441 2713 1469 2740 p.
1485 2705 1521 2732 29
1536 2705 1573 2732 ita
1588 2703 1712 2731 scribens
1727 2711 1734 2728 :
1750 2701 1790 2729 Sed
1802 2703 1833 2722 ιιι

1095 2744 1198 2783 Josnita
1219 2754 1365 2781 Turrianus
1388 2751 1525 2778 mendax?
1546 2750 1631 2777 Absit.
1657 2748 1710 2776 Sed
1729 2748 1752 2774 si
1769 2744 1833 2771 Iun-‘5

1097 2811 1148 2830 non
1159 2807 1207 2836 est,
1220 2805 1288 2828 certe
1304 2800 1403 2827 codices
1418 2798 1528 2833 quidam
1540 2796 1702 2824 bibliotheca.-
1722 2794 1804 2821 Γιτιίέι
1812 2796 1832 2813 δ’
