1848 3043
38 118 46 145 l
572 116 712 145 NOTITIA
731 116 775 145 ET
794 116 1018 145 FRAGMENTA.

1540 120 1610 150 i373

37 176 74 204 liti
92 182 169 205 sunt.
191 177 241 204 Ille
265 178 344 204 etiam
363 177 437 205 venia
454 177 567 213 dignus;
582 185 643 205 nam
664 178 687 205 si
710 178 770 205 Μα-
784 180 806 210 Α
820 178 1000 213 expediundis
1022 178 1137 214 singulis
1160 179 1331 214 argumentis
1353 179 1514 215 dogmaticis
1538 181 1610 209 haud

39 224 60 250 is
80 232 148 258 opus
174 233 189 251 a
209 233 236 251 se
255 224 352 251 lectum
380 225 486 252 minime
506 225 608 258 edidit,
630 230 718 251 tamen
740 225 768 251 in

36 275 79 297 eta
96 270 255 297 bibliotheca
272 275 377 297 exstare
395 270 480 303 dixit,
505 274 598 297 contra
613 278 692 305 quam
715 271 767 304 ipse

36 323 39 341 I
53 315 281 343 existimaveram.
308 315 402 343 Verum
418 324 488 343 nunc
504 321 606 343 tantum
625 316 713 342 dicam
728 323 767 343 me

35 362 128 395 lirari,
155 369 218 396 opus
241 361 308 388 illud
329 361 460 397 Magnetis
479 362 734 390 desideratissimam
753 371 767 390 e

34 408 135 435 iotheca
158 407 256 435 Veneta
281 409 308 435 in
331 408 480 443 Hispanam
497 408 525 436 S.
541 409 680 436 Laurentii
702 409 767 437 Sco-

34 454 99 481 ensis
121 454 308 481 bibliothecam
330 454 490 482 translatum
517 454 599 489 fuisse
622 463 681 482 cum
704 455 766 483 aliis

33 501 121 534 ribus,
139 509 203 536 quos
218 500 281 528 illuc
294 500 357 528 olim
376 502 546 528 transmissos
560 501 642 536 fuisse
663 501 764 528 rescivi.

33 547 112 574 lassis
138 547 208 574 inter
228 554 276 574 eos
292 547 398 575 codices
422 547 498 575 fuere
518 548 546 575 hi
566 547 628 575 libri
655 547 766 576 Macarii

32 593 118 627 metis,
132 601 203 628 quos
217 592 353 628 Hispaniae
364 594 469 629 legatus
483 594 536 621 don
550 594 632 629 Diego
645 593 765 622 liurtado

32 639 167 666 lendozza
178 647 210 667 ex
223 641 387 668 bibliotheca
400 640 502 668 Veneta
518 641 646 674 abstulit;
663 641 696 668 de
710 648 765 675 quo

31 686 92 713 riter
107 687 290 721 conqueritur
305 686 470 715 Domenicus
487 686 589 715 Molino
608 687 634 714 in
651 687 765 722 epistola

34 733 95 760 etiis
111 732 148 760 ad
163 732 295 761 Joannem
312 733 460 761 Meursium
477 733 546 761 1622
569 734 669 768 scripta
681 754 687 765 ,
705 741 765 769 quae

30 778 109 805 tritor
131 778 202 806 inter
223 778 354 814 epistolas
372 778 527 814 Marquardi
549 778 629 806 Gudii
646 787 661 806 a
679 779 763 807 celeb.

29 832 52 851 ro
68 824 229 852 Burmanno
242 825 330 853 editas
359 834 386 860 p.
406 826 468 858 150,
485 825 546 853 151.
564 825 692 860 Speclaut
712 825 765 853 huc

32 871 149 899 ssituum
181 872 321 906 sequentia
349 871 430 899 verba
456 880 462 898 :

28 927 58 945 ua
75 919 99 945 vi
112 919 198 952 capiti
215 917 234 944 il
249 917 370 953 catalogo
391 918 430 944 de‘
442 917 504 945 libri
521 917 613 949 Greci,
631 918 676 944 c/te
695 917 765 944 uella

27 963 95 990 blica
112 963 271 990 bibliotheca
292 963 315 990 si
333 963 484 996 ritrovano;
506 963 526 989 li
550 963 624 998 quali
637 964 698 998 pero
714 971 765 990 non

27 1018 36 1035 9
58 1010 122 1036 tutti
141 1009 221 1045 quelli
231 1031 238 1042 ,
251 1009 297 1036 che
311 1009 357 1036 dal
371 1009 493 1036 cardinal
522 1009 656 1037 Beuevone
670 1010 764 1045 furono

26 1057 79 1083 'iati
102 1056 176 1083 uella
193 1056 363 1083 serenissima
376 1056 544 1091 repubblica,
562 1065 608 1091 per
628 1057 673 1083 clté
690 1057 764 1084 molli

25 1102 42 1128 li
61 1101 183 1137 migliozi
194 1102 216 1128 si
232 1102 364 1128 ritrovano
382 1102 536 1136 trasportati
555 1103 581 1129 in
596 1101 703 1137 Spagna
725 1104 764 1129 ri-

25 1149 40 1174 ti
54 1148 126 1174 uella
141 1147 249 1174 libreria
261 1148 333 1183 regia
345 1147 391 1174 all‘
407 1147 557 1181 Escuriale,
579 1149 667 1176 rubatt'
679 1149 713 1175 da
729 1157 765 1176 un

24 1194 99 1220 ‘crato
115 1193 230 1230 infame,
253 1194 437 1220 antbassiador
452 1193 604 1229 Spagnuolo
626 1195 764 1222 nominato

24 1251 27 1266 ι
47 1240 132 1276 Diego
154 1239 279 1267 Hurtatio
291 1240 318 1267 di
337 1240 493 1274 Mendozza,
515 1241 536 1268 il
557 1242 635 1276 quale
649 1241 764 1269 [tacendo

23 1292 71 1313 tuta
90 1291 192 1313 cortese
207 1286 309 1313 licettza
320 1286 354 1313 da
363 1287 469 1322 'signori
493 1295 509 1313 a
520 1287 595 1322 quali
608 1296 653 1314 era
674 1295 765 1314 racca-

22 1334 101 1361 ndata
127 1333 154 1360 la
171 1342 236 1360 cura
251 1333 323 1360 delia
338 1334 511 1368 bibliotheca,
530 1335 558 1362 di
573 1340 648 1370 pater
662 1340 753 1363 entrar

22 1381 85 1406 Itscir
94 1389 111 1407 a
123 1388 172 1406 suo
185 1380 290 1415 piaccre
306 1388 352 1416 per
370 1381 471 1416 leggere
481 1390 494 1408 e
506 1382 635 1415 studiare,
648 1390 701 1409 non
721 1391 764 1410 es-

21 1427 52 1453 do
73 1427 109 1453 da
128 1427 247 1453 ministri
264 1427 383 1454 assistito
393 1447 400 1459 ,
413 1435 460 1462 per
472 1427 517 1454 ché
527 1436 578 1454 non
592 1428 614 1454 si
625 1436 765 1463 presuppo-

22 1481 37 1498 a
54 1472 80 1498 iu
99 1481 179 1499 uomo
193 1473 221 1499 di
234 1481 284 1499 sua
304 1472 458 1500 condizione
483 1481 536 1500 una
552 1473 677 1501 bassczza
691 1474 761 1507 tale,

20 1519 113 1546 iit-erae
128 1519 196 1546 velte
207 1519 316 1546 levando
331 1519 402 1547 dalle
421 1520 505 1547 tavole
515 1521 663 1548 incatcnate
678 1521 702 1548 le
717 1529 762 1547 co-
776 1544 798 1572 ϐ

20 1567 36 1597 i,
46 1573 59 1592 e
71 1566 243 1601 riponendovi
255 1572 329 1593 curta
338 1567 373 1594 da
384 1568 507 1599 straccio,
517 1568 541 1594 si
551 1568 627 1602 porto
642 1567 661 1594 il
676 1567 760 1594 buono

20 1612 156 1647 migliore;
172 1621 252 1640 senza
265 1612 309 1639 c/te
322 1620 368 1647 per
385 1612 431 1639 all'
451 1613 516 1640 hara
530 1634 537 1645 ,
558 1621 572 1640 e
596 1621 642 1648 per
653 1613 762 1648 qualclte

20 1666 56 1691 tpo
73 1658 142 1691 dopo
164 1658 259 1685 αισαηο
272 1667 299 1686 se
310 1667 341 1686 ne
352 1659 498 1691 avvedesse,
520 1659 550 1686 ne
561 1660 585 1686 si
597 1658 703 1686 sarebbe
717 1667 763 1693 per

22 1709 114 1730 cutura
126 1704 235 1731 credulo
258 1705 278 1731 il
298 1705 371 1740 furto
388 1705 454 1740 fallo
477 1705 512 1732 da
526 1705 583 1737 lui,
606 1713 633 1732 se
654 1705 674 1732 il
695 1705 762 1739 [atto

20 1758 54 1777 rso
67 1759 118 1778 non
132 1750 159 1778 lo
172 1750 308 1786 palesara,
321 1759 335 1778 e
350 1760 402 1778 non
417 1751 442 1778 lo
453 1752 536 1786 palesi
551 1756 620 1779 tutta
632 1752 685 1785 via,
694 1761 707 1778 e
717 1760 763 1786 per

20 1805 64 1824 'ssa
79 1805 94 1824 e
115 1805 163 1832 per
182 1805 283 1832 sempre
300 1805 348 1824 con
359 1803 450 1824 eterna
463 1806 511 1824 sua
522 1798 649 1833 infantia,
664 1805 763 1825 mentre

20 1844 107 1870 'edano
123 1843 147 1870 le
169 1843 254 1870 codici
269 1851 316 1870 con
330 1843 350 1870 il
365 1851 439 1871 nome
454 1849 478 1870 et
498 1853 576 1879 segno
588 1845 615 1871 di
629 1844 762 1872 Benevone

20 1890 40 1916 la
58 1890 169 1917 libreria
185 1890 247 1917 dell‘
261 1890 401 1918 Escuriule
414 1891 481 1926 (87).

20 1937 235 1970 Quandoquidem
251 1938 333 1973 igitur
346 1938 448 1965 nullam
467 1946 542 1973 spem
561 1938 626 1965 mihi
641 1938 762 1966 relictam

20 1991 32 2011 e
52 1984 180 2011 videbam
198 1986 333 2019 integrum
357 1992 426 2018 opus
449 1984 656 2019 Ἀποκριτικῶν
671 1993 704 2012 ex
721 1990 762 2012 te-

20 2029 63 2057 tris
73 2029 200 2061 eruendi,
213 2029 247 2056 ad
262 2029 411 2065 fragmenta
424 2030 497 2058 illius
511 2030 580 2058 bene
594 2030 690 2063 multa,
701 2038 763 2065 quae

22 2076 109 2103 tribus
124 2075 266 2103 codicibus
277 2084 343 2103 mss.
356 2075 500 2113 Nicephori
515 2076 677 2111 patriarcha:
690 2076 764 2104 Con-

20 2123 225 2158 utiuopolitani,
250 2123 358 2157 alioque
381 2123 446 2150 item
471 2123 565 2151 codice
589 2130 641 2150 ms.
672 2122 764 2150 italico

21 2169 120 2196 diualis
144 2169 274 2197 Ottoboni
293 2169 357 2196 hinc
372 2169 434 2196 inde
447 2169 569 2204 dispersa
590 2169 761 2204 collegeram,

494 870 567 898 Farb
596 871 641 898 che
667 877 765 906 quatth
784 864 804 892 Β

821 223 978 251 sullecerint
1009 223 1210 259 circumscripti
1228 225 1422 259 disputationis
1443 225 1562 257 limites.
1585 231 1611 253 et

821 269 945 304 quaedam
960 269 1048 297 adhuc
1065 270 1204 305 supersint
1214 269 1324 297 Macarii
1335 270 1468 306 Magnetis
1479 271 1611 298 doctrinae

820 315 854 342 de
865 315 918 349 ﬁde
925 315 1158 350 etjusti/icatione.
1168 317 1201 344 de
1209 316 1391 350 Eucharistia,
1399 318 1432 344 ad
1442 325 1554 344 examen
1568 325 1612 344 re—

820 361 958 395 vocandaz,
977 362 1010 389 de
1027 363 1217 389 resurrectione
1236 367 1260 389 et
1273 363 1325 390 rita
1337 367 1435 390 (eterna
1448 363 1553 398 pritnus
1568 364 1611 391 his

820 407 928 434 dabitur
945 407 1021 435 locus
1036 408 1063 434 in
1080 408 1260 435 subsecutum
1277 407 1474 436 Dissertatione
1488 408 1536 443 lll,
1550 417 1611 444 qtuc

820 452 967 480 Macarium
995 454 1028 481 de
1051 453 1190 481 erroribus
1219 461 1251 481 ac
1285 454 1369 481 nevis
1397 453 1609 488 Maniclueismi,

820 498 980 531 Arianismi,
993 498 1205 534 Origenianismi
1220 505 1247 527 et
1264 500 1483 534 Nestorianismi,
1493 510 1610 536 quorum

819 544 994 572 insimulatus
1007 545 1067 579 fuit,
1083 546 1206 574 absolvet
1222 546 1289 582 (88).

821 611 835 648 §
854 612 874 639 I.
898 611 958 649 Non
975 613 1227 649 systemaraliquod,
1240 616 1284 640 sed
1301 613 1501 649 Θεολογούμενα
1517 615 1609 641 saltem

853 648 1056 684 ecfragmentis
1078 648 1195 684 Macarii
1204 648 1341 684 Magnetis
1360 648 1552 684 proponuntur.
1577 665 1604 669 —

856 681 915 718 δη.
937 682 1060 718 Tlieologi
1075 684 1168 710 titulus
1185 681 1301 718 Magrieti
1319 681 1468 711 vindicatus
1493 693 1509 712 a
1529 684 1604 712 Nice-

853 718 936 755 p/toro
954 718 1009 745 CP.
1031 719 1196 755 patriarcha.
1210 735 1244 739 ———
1259 720 1272 755 ἕ
1286 719 1330 745 lIl.
1353 719 1482 746 Doctrina
1508 721 1539 746 de
1559 729 1609 747 au-

855 754 979 790 ctoritate
985 754 1075 781 divina
1084 754 1230 789 Scriptura:
1238 754 1321 782 sacra?
1331 760 1425 782 contra
1433 755 1609 790 Porphyrium

854 789 1000 816 vindicata.

853 844 962 872 initium
980 846 1078 874 merito
1096 845 1214 874 facimus
1229 846 1264 874 ab
1281 845 1445 874 auctoritate
1466 851 1492 875 et
1513 846 1606 874 divini

821 894 875 918 tate
900 891 1048 927 Scriptura
1077 900 1181 925 sacrae,
1212 899 1295 928 quam
1320 892 1438 927 scriptor
1465 897 1558 920 noster
1584 893 1611 920 in

819 937 1031 972 quamplurimis
1065 937 1213 973 Scriptura:
1245 938 1388 965 divinioris
1414 938 1482 966 locis
1521 938 1611 966 citatis

818 984 942 1018 agnoscit
967 983 1041 1019 (89),
1064 984 1243 1019 eamdemque
1258 984 1358 1011 diserte
1380 983 1429 1020 τὴν
1451 983 1525 1010 θείαν
1542 984 1611 1020 Γρα-

818 1029 871 1064 φήθ
886 1029 942 1066 (90)
967 1034 993 1058 et
1011 1030 1091 1064 λόγον
1111 1030 1179 1057 Θεοῦ
1194 1029 1250 1066 (91)
1272 1030 1406 1064 appellat,
1422 1034 1504 1064 atque
1519 1030 1610 1057 divina

818 1075 904 1110 ipsius
921 1076 1031 1103 oracula
1048 1076 1181 1104 adversus
1213 1076 1355 1111 gentilium
1382 1075 1610 1111 philosophorum

818 1121 970 1149 calumnias
982 1122 1090 1157 egregie
1106 1121 1235 1149 vindicat.
1248 1121 1420 1156 Quapropter
1435 1121 1533 1155 etjure
1550 1129 1611 1148 me-

817 1167 925 1201 ritoque
949 1175 965 1194 a
992 1166 1145 1202 Nicephoro
1170 1166 1326 1202 patriarcha
1359 1166 1412 1194 (ΣΡ.
1444 1166 1611 1201 reliquisque

818 1212 984 1240 antistitibus
1003 1212 1162 1242 orthodoxis
1182 1211 1306 1241 laudatur
1320 1216 1449 1247 tanquam
1475 1211 1610 1247 scriptor,

817 1258 864 1293 qui
888 1257 1040 1285 doctrinam
1068 1257 1254 1293 evangelicum
1276 1262 1423 1285 veneretur
1446 1263 1529 1293 atque
1555 1258 1610 1285 im—

818 1303 931 1337 pcnsius
945 1302 1051 1336 loveat;
1076 1303 1131 1330 imo
1145 1303 1190 1338 qui
1215 1304 1339 1339 magistri
1356 1312 1470 1331 munere
1492 1304 1611 1340 iungens

818 1346 920 1374 fastum
944 1355 976 1375 ac
998 1352 1138 1382 stuporem
1158 1356 1272 1381 eorum,
1292 1349 1340 1383 qui
1358 1354 1455 1376 contra
1484 1349 1609 1377 divinum

817 1392 994 1428 Evangeiium
1029 1394 1206 1429 pronuntiare
1238 1394 1356 1428 audent,
1385 1395 1509 1423 mascule
1545 1403 1610 1429 pro-

817 1439 945 1474 scripsit,
961 1444 1042 1474 atque
1060 1439 1179 1468 iniamite
1196 1441 1322 1475 exposuit
1336 1451 1342 1468 :
1360 1441 1454 1477 Πολλῷ
1468 1441 1497 1468 δὲ
1513 1440 1609 1474 πλέον,

818 1484 921 1519 inquit,
945 1485 959 1511 ὁ
983 1487 1158 1521 συγγραφεὺς
1180 1482 1272 1518 οὗτος,
1295 1486 1375 1523 εἴπερ
1400 1488 1429 1514 ὲν
1449 1487 1610 1514 διδασκάλου

816 1529 892 1562 τάξει
926 1530 1178 1566 προκαθεζόμενος,
1204 1531 1259 1558 τῶν
1282 1531 1443 1567 τολμώντων
1469 1533 1539 1559 κατὰ
1563 1532 1609 1559 τοῦ

817 1575 888 1602 οεὶου
910 1576 1076 1611 Εὑαγγελιου
1091 1577 1226 1604 ποιεῖσθαι
1241 1577 1288 1613 τὴν
1307 1577 1493 1614 κατάρῤησιν,
1519 1578 1611 1614 στηλι-

814 1620 920 1648 τεύσειε
933 1621 964 1648 τὺ
978 1621 1092 1658 σοΰαρόν
1113 1631 1142 1648 τε
1161 1623 1208 1649 καὶ
1228 1623 1384 1658 ἔμπληκτον
1399 1623 1466 1658 (92).
1480 1623 1609 1656 Quando—

816 1667 928 1702 quidem
943 1667 1026 1695 etiaut
1041 1668 1155 1703 gentiles
1171 1669 1326 1704 philosophi
1350 1669 1429 1696 istius
1453 1669 1542 1696 aetatis
1556 1688 1564 1701 .
1583 1674 1611 1696 et

813 1721 847 1740 ex
871 1721 968 1740 eorum
990 1722 1105 1741 numero
1121 1715 1262 1749 speciatim
1281 1714 1466 1751 Porphyrius,
1481 1716 1514 1743 ad
1530 1723 1608 1742 evcr‘

813 1759 923 1786 tendam
951 1759 1099 1795 Scripturae
1125 1768 1210 1788 sacra:
1232 1761 1421 1788 auctoritatem
1458 1761 1610 1796 saepissime

814 1812 921 1832 sacram
947 1804 1155 1840 Evangeliorum
1172 1805 1317 1833 historiam
1343 1805 1472 1833 falsitatis
1494 1810 1522 1833 et
1543 1813 1609 1833 con-

814 1850 986 1878 tradictionis
998 1858 1114 1886 arguere
1127 1851 1250 1879 solebant
1265 1859 1272 1877 :
1290 1851 1440 1878 Macarium
1454 1851 1606 1887 Magnetem

813 1895 968 1931 apologiam
986 1895 1125 1931 Evangelii
1150 1897 1283 1924 adversus
1299 1897 1440 1932 gentilium
1456 1897 1609 1924 calumnias

814 1943 1010 1977 conscripsisse
1025 1946 1140 1970 testatur
1154 1943 1211 1977 ipsa
1228 1943 1371 1978 inscriptio
1387 1942 1608 1977 Ἀποκριτικῶν,

814 1987 947 2022 siquidem
969 1987 1068 2016 Franc.
1084 1987 1237 2016 Turrianus
1251 1989 1377 2016 Graecum
1395 1989 1504 2016 titulqu
1525 1989 1610 2024 hujus

814 2032 906 2068 operis
930 2033 967 2060 ita
990 2034 1120 2068 exprimit
1140 2034 1218 2068 (93):
1240 2034 1283 2066 Ὡς
1299 2033 1369 2069 φησὶι
1383 2034 1498 2070 Μάγνης
1521 2035 1535 2060 ὁ
1553 2043 1608 2060 πα-

813 2077 954 2110 λαιότατος
971 2079 1145 2113 συγγραφεὺς
1160 2078 1189 2104 ἐν
1203 2077 1241 2114 τῷ
1257 2079 1344 2114 τρίτῳ
1361 2078 1458 2113 βιϐλίῳ
1475 2077 1529 2104 τῶν
1544 2079 1609 2114 περὶ

814 2124 981 2158 Εὐαγγελίου
1003 2123 1156 2158 ἀπολογιῶν
1174 2123 1242 2160 πρὸς
1257 2123 1402 2159 Θεοσοένη.
1426 2124 1464 2151 Ac
1481 2124 1607 2151 eumdem

816 2169 927 2204 quidem
953 2170 1022 2197 inter
1050 2169 1103 2196 alia
1126 2169 1207 2196 etiam
1231 2169 1385 2196 istiusmodi
1409 2169 1608 2204 discrepantias

31 2214 131 2242 iterum
146 2215 252 2242 accinxi
264 2235 271 2247 ,
287 2219 316 2242 ut
332 2222 450 2249 quorum
467 2215 592 2242 notitiam
604 2215 762 2242 historicum
780 2222 802 2250 ο
816 2216 1043 2251 evangelistarum
1058 2215 1092 2243 ab
1110 2215 1235 2242 hostibus
1247 2214 1385 2249 Evangelii
1401 2215 1524 2250 objectas
1539 2216 1606 2242 sub-

20 2261 139 2288 :riticam
163 2261 190 2288 in
208 2261 292 2296 priori
306 2261 504 2288 Dissertatione
523 2261 650 2288 dederam
664 2281 672 2294 ,
691 2268 764 2288 nunc

20 2313 50 2332 tm
68 2306 248 2339 theologicam
266 2310 347 2340 atque
368 2306 528 2340 polemicam
543 2306 650 2333 duabus
666 2306 764 2333 sectio-

22 2360 52 2380 us
79 2353 273 2387 perterrendam
298 2360 441 2386 curarem;
470 2360 585 2387 quarum
616 2353 704 2387 prima
730 2352 764 2379 de

20 2399 141 2425 vmatibus
153 2406 168 2425 a
184 2397 303 2425 Macario
315 2397 439 2433 Magnete
452 2397 602 2432 propositis
616 2397 658 2425 vel
673 2397 765 2424 deleu-

20 2464 26 2477 .
47 2445 136 2472 altera
151 2445 185 2471 de
200 2443 335 2471 erroribus
354 2450 386 2470 ac
401 2444 481 2469 navis
496 2443 618 2477 ejusdem
638 2443 680 2470 vel
701 2450 764 2470 vere

30 2490 102 2518 falso
117 2490 258 2525 imputatis
277 2489 407 2516 distincta
421 2495 504 2523 opera
518 2493 589 2523 aget.
606 2488 675 2516 Cum
697 2495 761 2515 vero

20 2605 66 2640 87)
86 2602 344 2640 Conieraturetiam
367 2601 451 2629 Andr.
469 2601 576 2629 Schotti
600 2601 763 2629 Bibliotheca

27 2637 126 2674 paniw,
141 2647 168 2673 p.
181 2646 226 2674 7m.
242 2637 295 2665 545
312 2645 369 2672 seq.

22 2671 68 2709 88)
93 2671 243 2701 Promissis
266 2680 320 2700 non
344 2671 419 2700 stetit
440 2676 536 2709 auctor
546 2681 557 2709 ;7
587 2671 634 2699 sed
654 2679 708 2707 qua
729 2671 765 2700 de

20 2708 131 2772 tsar,Pan
151 2713 239 2736 morte
254 2712 408 2743 praeventus
420 2727 428 2741 ,
448 2708 528 2736 nobis
552 2708 762 2742 incompertum.

20 2755 54 2772 IT.
97 2753 162 2772 Ατκ.

20 2753 276 2815 ιῶ)¹έ;.κότψερε
301 2776 389 2815 l_Cor.
408 2784 474 2810 vin,
491 2777 525 2815 iii;
546 2776 630 2815 Marc.
652 2785 686 2810 v,
711 2777 763 2815 5Q;

21 2811 71 2842 ιιιί.
86 2823 155 2847 sint,
168 2814 216 2846 29,
233 2812 284 2846 30;
300 2811 386 2847 Exod.
402 2820 476 2845 xui,
489 2812 540 2843 ης
558 2812 626 2840 Gen.
641 2812 765 2846 svnt,16

20 2857 56 2885 με
71 2849 157 2878 Exod.
173 2856 241 2883 nu,
255 2848 312 2882 28;
328 2846 381 2876 Job
397 2855 426 2883 ι,
441 2847 490 2882 il;
505 2847 573 2877 Gen.
592 2856 626 2884 .l,
643 2856 662 2876 ιι
677 2853 704 2875 et
721 2856 761 2875 tn.

815 2260 879 2287 inde
903 2261 929 2287 in
946 2260 999 2287 isto
1022 2267 1104 2294 opere
1127 2259 1304 2292 conciliasse,
1325 2258 1467 2293 nodosque
1487 2259 1607 2287 maxime

816 2306 980 2341 impeditos,
996 2306 1043 2342 qui
1062 2306 1208 2333 hodienum
1235 2306 1325 2334 adhuc
1342 2305 1513 2333 eruditorum
1529 2307 1606 2341 inge-

816 2351 860 2378 nia
875 2356 1021 2386 torquent,
1043 2351 1115 2378 haud
1136 2350 1282 2378 infeliciter
1295 2350 1411 2378 solvisse
1425 2351 1606 2385 deprehendi-

817 2404 888 2424 mus.
903 2396 989 2432 Cujus
1009 2397 1048 2424 rei
1061 2398 1215 2432 exemplum
1231 2398 1351 2432 prmbent
1366 2404 1410 2430 ea,
1425 2404 1486 2431 qua:
1503 2396 1603 2424 Franc.

820 2442 971 2470 Turriauus
986 2441 1012 2469 in
1029 2442 1186 2477 Defensioue
1206 2451 1252 2478 pro
1268 2442 1412 2470 cauom‘bus
1427 2442 1611 2478 apostolorum

815 2494 840 2516 et
858 2489 975 2524 epistolis
990 2489 1145 2524 pontiﬁcum
1157 2510 1164 2523 ,
1179 2489 1226 2517 lib.
1243 2497 1282 2523 ιι,
1297 2497 1322 2517 c.
1339 2489 1366 2520 5,
1380 2497 1406 2524 p.
1423 2497 1461 2516 m.
1474 2488 1525 2516 120
1541 2491 1607 2527 (9i),

850 2602 908 2639 (90)
929 2602 957 2630 In
975 2609 1077 2629 comm.
1093 2602 1127 2629 ad
1144 2601 1212 2630 Gen.
1231 2609 1252 2630 ι.

852 2645 909 2680 (9i)
930 2644 958 2671 in
977 2644 1130 2678 fragmento
1144 2643 1191 2670 IX.

851 2686 909 2722 (92)
931 2686 989 2713 Vid.
1004 2693 1064 2720 cap.
1082 2685 1098 2713 6
1112 2685 1258 2721 fragment.
1272 2684 1307 2713 V.

852 2728 909 2763 (95)
938 2727 967 2754 in
992 2727 1105 2755 scholiis
1135 2727 1311 2763 apologeticis
1340 2725 1609 2763 adrCQnslitutiones

816 2761 995 2827 qgozstolorum
1014 2762 1107 2790 Greece
1127 2761 1352 2791 editas'Veneliis
1368 2761 1454 2796 l563,
1476 2761 1503 2793 4,
1523 2769 1549 2796 p.
1570 2770 1607 2790 tu.

853 2848 910 2883 (9b)
930 2846 1001 2875 Edit.
1017 2845 1108 2875 Lutet.
1123 2845 1194 2882 apud
1209 2845 1273 2874 Sch.
1290 2844 1434 2873 Nivellium
1454 2844 1534 2880 £575,
1549 2844 1577 2875 8.
