1848 3043
48 81 115 110 1581

629 90 770 118 ΝΟΤΙΤΙΑ
789 90 834 118 ΕΤ
853 90 1077 119 FRAGMENTA.

1602 95 1673 123 £582

46 141 174 174 ἀκτιστος
188 142 224 168 ὣν
240 144 286 170 καὶ
302 144 418 180 ἄναρχος
429 166 435 178 ,
453 146 483 172 οὺ
498 146 552 174 τῶν
571 148 681 183 ὁμοίων,
694 149 761 176 ἀλλὰ
777 148 812 175 τῶ

896 149 935 176 ius
960 151 1125 183 monarchae,
1143 154 1218 178 tanto
1242 152 1406 180 luculentius
1422 161 1438 180 a
1451 153 1526 181 falsis
1544 154 1668 191 ﬁctisque

45 186 182 221 ἀνομοίων
196 189 358 224 ἡγεμονεύει
369 191 527 226 κηδόμενος.
544 192 602 220 Hoc
618 200 659 222 est
676 204 682 221 :
702 195 770 222 Deus
789 204 835 221 au-

44 236 100 258 tem
113 232 184 259 solus
201 235 339 268 imperium
359 245 390 262 ac
408 239 587 265 monarchiam
601 240 708 271 habens,
723 241 771 274 iis,
788 241 833 275 qui

43 277 127 310 geniti
148 283 226 312 sunt,
243 281 404 315 nongenitus
421 288 533 317 prwest,
555 289 690 311 creaturas
702 286 833 312 inci-catus

41 326 67 347 et
83 323 213 358 principia
229 333 319 352 carens
332 327 360 352 in
372 332 499 361 potestate
512 329 598 362 habet,
615 338 645 356 ac
659 338 709 357 non
721 331 830 362 similes,

41 368 92 394 sed
106 369 248 397 dissimiles
259 372 382 404 providus
394 373 470 408 regit.
481 373 650 409 Quapropter
659 379 685 402 et
695 376 829 408 eumdem,

40 419 170 448 respectu
185 415 278 443 habito
296 417 329 444 ad
344 418 554 454 polytheismum
571 421 710 454 gentilium
723 441 730 452 ,
751 421 830 457 μόνον

39 459 170 494 ἀληθινὸν
189 461 307 496 ἄρχοντα.
321 462 404 498 Θεὸν,
426 465 512 492 solum
534 474 623 493 verum
639 467 830 495 dominatorem

40 504 128 532 Deum
151 514 308 542 nuncupat:
330 517 412 544 quam
433 511 545 545 phrasin
569 516 650 547 atque
672 513 759 540 ideam
784 521 830 540 su-

39 551 129 583 premi
144 551 271 579 Numinis
284 561 317 580 ex
331 554 391 588 ipso
405 555 435 581 D.
455 555 539 583 Paulo
553 557 660 590 repetiit
675 556 684 582 l
698 556 768 584 Tim.
790 565 827 591 vi,

38 597 94 627 13,
123 598 169 629 16,
194 598 241 625 ubi
264 599 335 626 Deus
355 599 455 627 dicitur
490 602 504 628 ὁ
523 602 656 638 μακάριος
677 603 724 628 καὶ
750 603 828 637 μόνος

37 641 194 678 δυνάστης,
210 644 310 678 quibus
327 645 417 672 verbis
431 645 460 673 S.
474 646 622 680 Apostolus
637 652 826 682 argumentum

35 696 113 715 verte
133 689 258 722 deitatis,
282 691 486 725 omnipotentiae
502 696 583 726 atque
605 693 772 720 monarchiaa
786 693 827 720 di-

35 735 111 762 vinae
127 736 290 769 suppeditat.
313 736 401 772 Atque
418 737 443 764 id
459 737 547 772 ipsum
562 741 621 771 est,
643 738 715 772 quod
738 737 826 765 Maca-

36 779 98 807 rius
115 785 208 807 noster
221 780 298 815 juxta
316 789 376 809 eum
393 782 454 810 aliis
471 781 597 810 Patribus
615 783 759 818 primitivm
774 783 826 810 Ee-

35 826 132 853 clesia:
155 827 335 854 monarchiam
359 828 406 855 Dei
423 834 520 861 vocat,
546 829 674 856 nimirum
694 829 825 856 unitatem

35 876 123 906 atque
136 872 316 907 principatum
332 875 387 901 veri
402 879 428 902 et.
444 875 597 902 essentialis
616 875 673 907 Dei,
692 875 720 902 in
741 883 827 910 oppo-

35 916 142 944 sitione
156 917 190 944 ad
206 918 350 946 πολυθεῖαν
364 927 409 947 seu
430 919 632 948 multitudinem
648 920 762 948 deorum
776 920 828 948 fal-

31 968 136 990 sorum
153 961 223 998 apud
238 963 364 997 gentiles.

73 1018 89 1052 §
107 1017 151 1046 Vl.
172 1017 343 1046 Continuatio
355 1018 471 1054 ejusdem
490 1020 646 1054 argumenti,
661 1027 694 1047 ea;
705 1020 789 1048 verbis

237 1055 272 1081 D.
290 1053 369 1082 Pauli
385 1053 399 1080 Ι
413 1053 475 1081 Cor.
491 1053 550 1086 vni,
567 1055 593 1086 5,
608 1055 633 1082 6.

75 1099 303 1135 Quandoquidem
329 1101 412 1136 igitur
435 1099 545 1129 Graacus
567 1100 618 1130 iste
646 1101 827 1138 philosophus

33 1154 102 1173 cum
130 1145 249 1174 Macario
275 1151 370 1174 nostro
393 1148 537 1182 disputans
562 1156 595 1175 ex
623 1149 826 1183 comparatione

32 1192 152 1218 Adriani
168 1194 325 1220 monarchae
340 1201 401 1220 cum
419 1193 474 1220 Deo
495 1194 641 1221 monarcha
665 1195 826 1227 allirmahat,

31 1237 124 1264 Deum
145 1246 194 1264 non
212 1239 316 1273 proprie
335 1239 503 1266 manare/iam
517 1244 633 1267 vocatum
649 1240 694 1272 iri,
709 1241 760 1267 nisi
776 1241 826 1268 diis

31 1284 189 1318 imperaret,
203 1285 248 1319 qui
270 1284 387 1318 ejusdem
401 1293 460 1311 cum
474 1286 530 1319 ipso
547 1291 630 1312 essent
645 1289 765 1318 naturw;
780 1293 827 1314 eos

32 1337 114 1362 vero,
137 1337 207 1364 quos
224 1329 371 1357 Christiani
392 1330 503 1365 angelos
522 1335 629 1362 vocant,
644 1338 659 1358 a
683 1332 828 1366 gentilibus

31 1374 105 1402 deos
120 1375 184 1408 dici,
196 1383 227 1402 ac
239 1380 343 1402 natura:
359 1375 456 1402 divina:
470 1380 610 1404 consortes
624 1384 685 1404 esse
702 1369 765 1412 (ὅγε
783 1385 828 1404 ve-

30 1428 97 1447 ram
119 1420 283 1448 monarchia‘.
296 1420 394 1447 divina:
411 1421 527 1448 indolem
552 1425 647 1448 contra
671 1421 826 1457 philosophi

30 1466 121 1500 hujus
147 1466 314 1501 sophismata
338 1466 457 1494 vindicat
480 1465 615 1495 Macarius
637 1467 758 1502 Magnes,
775 1475 824 1495 nec

30 1513 75 1539 rei
90 1520 124 1540 ex
138 1513 257 1546 nomine,
273 1513 318 1540 sed
333 1514 450 1541 nominis
466 1522 498 1541 ex
512 1522 541 1542 re
556 1515 694 1542 veritatem
708 1515 825 1550 pendere

28 1560 216 1587 demonstrat.
234 1559 272 1587 lta
286 1560 358 1587 enim
383 1561 410 1587 in
433 1560 583 1596 fragmento
597 1561 619 1588 Il
634 1562 722 1596 operis
743 1563 825 1589 Ἀπο-

28 1604 177 1639 κριτικῶν
195 1605 340 1639 respondet
357 1615 364 1633 :
383 1606 436 1633 Καὶ
461 1606 491 1633 οὐ
515 1607 622 1639 πάντως
638 1608 669 1634 ὲκ
686 1608 736 1643 τῆς
751 1610 824 1644 ὁμω-

28 1651 137 1686 νυμίας
151 1651 213 1686 μίαν
230 1652 294 1686 ἡμῖν
312 1651 359 1687 τὴν
376 1651 455 1686 φύσιν
466 1653 480 1678 ὁ
491 1652 569 1686 λόγος
584 1653 727 1689 ἐδήλωσεν.
741 1675 748 1680 .
762 1674 768 1680 .
787 1655 823 1681 Οὐ

30 1697 87 1731 μὲν
105 1696 177 1728 λέξις
191 1696 321 1731 ὀνόματος
340 1696 441 1731 βεϐαιοῖ
455 1697 484 1723 τὸ
497 1697 652 1732 λεγόμενον,
667 1698 723 1724 ἀλλ’
741 1699 756 1733 ἡ
773 1699 823 1733 φύ-

28 1750 78 1773 σις
94 1741 141 1767 τοῦ
160 1741 323 1777 πράγματος
346 1743 423 1777 κυροῖ
441 1742 490 1777 τὴν
504 1742 744 1779 ἁλήθειαν.”Λρχει
760 1744 824 1778 γοῦν

26 1788 65 1823 δὴ
93 1787 149 1814 τῶν
172 1787 251 1819 θεῶν,
269 1788 316 1814 καὶ
329 1787 464 1820 δεσπόζει,
478 1788 524 1814 καὶ
538 1791 643 1824 κρατεῖ,
662 1789 710 1824 οὐχ
734 1790 771 1821 ὡς
784 1788 823 1822 εἷς

24 1832 126 1859 αὐτῶν
143 1833 272 1868 ὑπάρχων
290 1833 322 1859 ἐκ
338 1833 386 1867 τῆς
398 1833 564 1868 ὁμωνυμίας,
580 1834 646 1860 ἀλλὰ
666 1835 744 1869 μόνος
758 1836 823 1869 ἀγέ-

26 1887 116 1913 νητος
131 1877 177 1910 ὣν,
192 1879 238 1905 καὶ
250 1878 387 1910 δεσπόζων
401 1878 454 1904 τῶν
468 1877 600 1914 γενητῶν,
615 1887 641 1905 κ.
659 1888 684 1906 τ.
699 1879 723 1905 λ.
734 1879 824 1916 Neque

24 1932 146 1959 prorsus
164 1924 194 1950 ob
210 1924 324 1950 nominis
340 1924 546 1950 communionem
568 1925 685 1950 canitiem
706 1933 760 1952 esse
783 1935 823 1953 re-

26 1978 96 1997 rum
110 1970 291 2004 cognominant
307 1974 431 1995 naturam
453 1970 521 1996 ratio
536 1970 609 1996 nobis
625 1970 821 1999 demonstrat...

26 2015 129 2050 Neque
141 2024 199 2042 vero
217 2016 332 2042 nominis
349 2015 490 2050 appellatio
506 2023 593 2042 verum
607 2016 681 2050 efficit
698 2016 735 2048 id,
754 2018 822 2052 quod

28 2063 150 2095 dicitur,
165 2062 209 2088 sed
224 2062 282 2096 ipsa
303 2062 339 2088 rei
363 2069 459 2088 natura
481 2062 592 2088 nominis
608 2062 743 2089 veritatem
759 2072 821 2090 con-

24 2108 138 2143 ﬁrmat.
158 2106 275 2141 Imperat
290 2108 376 2140 itaque
394 2107 444 2133 diis
461 2112 484 2133 et
499 2106 662 2140 dominatur,
677 2112 702 2134 et
715 2116 757 2134 eos
772 2108 822 2135 sibi

885 195 1026 229 gentilium
1046 195 1099 222 diis
1116 195 1303 230 distingueret,
1325 197 1466 231 ipsamque
1491 198 1671 228 substantiam

884 240 918 267 ab
946 240 1119 276 homonymia
1144 246 1316 273 secerneret,
1345 242 1564 271 Christianorum
1588 252 1672 273 causa

884 285 1024 320 subjungit
1046 286 1231 313 testimonium
1250 286 1279 315 S.
1296 287 1373 314 Pauli
1390 295 1422 315 ex
1445 288 1456 314 l
1477 288 1541 316 Cor.
1560 298 1618 323 vui,
1643 291 1672 324 5,

883 329 910 362 6,
925 330 1038 365 petitum
1054 340 1060 358 :
1076 331 1167 363 Οὕτως
1179 332 1193 358 ὁ
1215 333 1375 365 Ἀπόστολος
1387 333 1430 360 ἵνα
1442 333 1490 369 τὴν
1506 335 1589 367 ὅντως
1603 336 1673 363 suae.

882 375 915 411 ξῃ
926 376 1058 411 Θεότητα,
1070 378 1117 404 καὶ
1131 378 1179 412 τὴν
1191 378 1283 405 οὐσίαν
1298 379 1330 405 ὲκ
1342 379 1392 413 τῆς
1405 380 1562 414 ὁμωνυμίας
1574 381 1674 418 διακρί-

881 428 929 452 νας
953 420 1061 457 ἐλέγξῃ,
1085 423 1132 448 καὶ
1148 423 1193 449 τὸν
1211 423 1259 458 μὲν
1283 424 1342 450 κατ’
1356 424 1451 450 οὐσίαν
1467 424 1542 457 Θεὸν,
1561 426 1608 452 καὶ
1625 435 1674 453 κυ-

882 464 947 500 ρίως
963 466 1074 500 Κύριον,
1095 467 1158 498 τοὺς
1173 467 1202 493 δὲ
1217 468 1249 503 τῇ
1270 467 1342 494 θέσει
1365 468 1442 501 θεοὺς
1458 470 1505 496 καὶ
1525 470 1555 496 οὐ
1571 471 1673 506 κυρίως

879 510 912 544 τῇ
930 510 1023 546 κλήσει
1038 510 1145 548 μηνύσῃ
1160 513 1216 543 τοῖς
1232 512 1375 548 μαθηταῖς,
1392 513 1458 548 φησι
1470 522 1476 528 ·
1491 515 1546 541 Καὶ
1560 515 1614 551 γὰρ
1628 517 1670 543 εῖ-

879 560 936 587 περ
951 554 1011 581 εἰσί
1027 555 1100 587 θεοὶ,
1116 554 1217 589 ὥσπερ
1235 555 1291 601 vim
1307 558 1364 584 εἰσὶ
1380 557 1430 584 καὶ
1442 559 1535 593 κύριοι
1551 561 1670 601 πολλοὶ,

878 598 946 626 ἀλλ’
963 599 1034 634 ἡμῖν
1048 598 1092 633 εἷς
1106 600 1187 634 Θεὸς,
1203 601 1237 633 ἐξ
1251 599 1286 629 οὗ
1308 602 1343 628 τὰ
1363 603 1470 636 πάντα,
1487 605 1536 631 καὶ
1552 603 1596 639 εἷς
1610 598 1671 634 Κύ-ἰ

873 652 940 678 ριος
964 645 1090 679 Ἰησοῦς,
1113 646 1151 672 δι’
1162 644 1197 674 οὗ
1221 649 1257 674 τὰ
1278 640 1476 685 πάντα.’ορᾷς
1491 651 1565 682 ὅπως
1584 652 1669 686 λέγει,

877 690 927 716 καὶ
943 690 997 726 γὰρ
1016 691 1100 726 εἵπερ
1110 693 1170 719 εἰσὶ
1182 693 1242 719 θεοὶ
1258 692 1328 727 (ἀντὶ
1342 694 1400 725 τοῦ,
1424 696 1456 730 τῇ
1479 696 1571 731 κλήσει
1589 697 1670 732 μόνον

880 735 949 767 θεοὶ,
963 736 993 762 οὺ
1010 736 1061 771 μὴν
1080 737 1181 773 κυρίως
1195 738 1272 773 θεοὶ),
1283 739 1350 766 ἀλλ’
1359 740 1431 774 ἡμῖν
1443 737 1488 774 εἷς
1500 743 1580 775 Θεὸς,
1593 752 1671 770 τουτυη

877 780 950 807 ἐστιν
970 782 984 807 ὁ
1001 782 1086 814 ὅντως
1099 782 1176 816 Θεὸς,
1189 779 1219 809 οὗ
1239 785 1288 819 τῆς
1307 785 1400 817 οὐσίας
1411 787 1424 812 ὁ
1437 786 1514 821 λόγος
1536 790 1670 824 μαρτυρεῖ

842 812 863 841 Β
877 827 909 861 τῇ
923 826 1043 862 Θεὸτητι.
1059 812 1115 855 Iloc
1129 812 1175 855 est
1187 838 1193 855 :
1208 828 1252 855 Sic
1266 812 1418 864 iipostoln's,
1443 812 1479 858 ut.
1490 812 1668 860 υὲνῖίιῖ

877 872 988 899 nitatem
1010 873 1165 906 ostenderet,
1193 874 1419 912 substantiamque
1442 877 1473 903 ab
1498 878 1666 913 homonymia

877 925 1010 945 secernens
1024 918 1182 950 declararet,
1197 927 1227 945 ac
1240 919 1322 947 Deum
1339 922 1444 956 quidem
1457 922 1541 957 ipsum
1554 924 1665 951 essentia

878 962 962 990 Deum
987 972 1041 990 esse
1056 969 1080 991 et
1097 965 1200 1000 proprie
1215 965 1375 999 Dominum;
1402 967 1469 995 alios
1492 974 1581 995 autem
1605 969 1663 996 ado-

876 1009 964 1044 ptione
977 1010 1049 1043 deos,
1069 1019 1113 1037 nec
1125 1012 1232 1046 proprio
1245 1013 1347 1039 nomine
1365 1014 1511 1048 appellatos
1531 1015 1662 1048 innueret,

877 1055 1015 1090 discipulis
1037 1057 1093 1083 suis
1107 1057 1145 1083 ait
1164 1065 1173 1083 :
1189 1065 1199 1082 ι
1214 1056 1318 1084 Etenim
1340 1059 1363 1085 si
1384 1060 1424 1085 dii
1440 1065 1499 1086 sunt
1521 1068 1551 1087 ac
1565 1060 1666 1088 domini

877 1101 965 1136 multi,
980 1107 1009 1129 ut
1033 1110 1061 1130 re
1084 1102 1140 1139 ipsa
1163 1107 1236 1137 sunt,
1253 1109 1280 1130 at
1299 1104 1372 1130 nobis
1394 1113 1461 1131 unus
1475 1105 1544 1132 Deus
1560 1111 1610 1137 est.
1633 1115 1666 1134 ea:

876 1157 926 1183 quo
943 1150 1043 1181 omnia,
1056 1154 1080 1176 et
1092 1158 1157 1177 unus
1169 1150 1297 1178 Dominus
1305 1151 1391 1185 Iesus,
1405 1159 1450 1187 per
1460 1160 1536 1188 quem
1547 1153 1662 1180 omnia.)

882 1194 971 1226 Vides,
995 1199 1023 1221 ut
1039 1195 1122 1227 dicat,
1148 1205 1157 1221 ι
1173 1197 1268 1222 etenim
1291 1198 1313 1223 si
1333 1197 1372 1223 dii
1389 1202 1448 1231 sunt
1469 1197 1546 1233 (pro,
1559 1200 1663 1226 nomine

877 1244 980 1266 tantum
993 1240 1040 1272 dii,
1056 1249 1101 1268 nec
1115 1242 1218 1276 proprie
1231 1241 1327 1277 dii),at
1343 1243 1417 1269 nobis
1433 1252 1500 1270 unus
1516 1243 1596 1276 Deus,
1612 1254 1621 1270 ›
1635 1245 1664 1271 id

876 1289 926 1319 est,
940 1294 997 1313 vere
1012 1286 1093 1320 Deus,
1108 1287 1182 1322 cujus
1196 1287 1331 1315 divinitati
1345 1289 1404 1324 ipsa
1415 1290 1574 1318 substantite
1592 1292 1662 1318 ratio

876 1332 1041 1367 sit/Tragatur

946 1397 960 1433 §
978 1397 1032 1425 Vll.
1052 1398 1212 1437 Applicatio_
1223 1400 1424 1437 prati-edendum
1440 1402 1474 1428 ad
1489 1403 1589 1437 placita

1193 1434 1345 1469 Porphyrii.

912 1508 968 1536 Nec
985 1516 1201 1537 commemorare
1223 1515 1301 1538 vacat
1322 1510 1466 1548 Porphyrii
1490 1513 1661 1542 distributio-

875 1562 937 1581 nem
949 1555 1060 1582 deorum
1076 1555 1104 1581 in
1119 1556 1259 1589 cmlestcs,
1279 1561 1431 1591 terrestres,
1451 1559 1550 1592 aerios,
1574 1569 1661 1595 aqua-

875 1601 954 1632 ticos,
969 1605 996 1628 et
1018 1601 1211 1629 subterraneos
1229 1603 1285 1638 (4);
1311 1603 1410 1638 quibus
1432 1604 1532 1632 diversi
1554 1607 1660 1641 generis

875 1647 1018 1674 mactanda
1037 1653 1114 1675 erant
1136 1648 1280 1676 sacriﬁcia.
1297 1649 1359 1676 Alia
1373 1650 1451 1682 enim,
1468 1651 1556 1686 inquit
1571 1652 1660 1679 Maca-

875 1693 933 1720 rius
948 1693 1056 1728 Magnes
1070 1693 1140 1721 libro
1154 1701 1184 1720 ιιι
1203 1693 1408 1728 Ἀποκριτικῶν
1419 1695 1468 1730 (5),
1478 1697 1662 1725 mactabantur

875 1739 1011 1774 spiritibus
1029 1740 1119 1771 aeriis,
1131 1739 1186 1766 alia
1201 1741 1320 1772 terrenis,
1333 1740 1388 1767 alia
1402 1741 1589 1769 subterraneis.
1600 1743 1661 1778 Spi-

875 1785 969 1812 ritibus
984 1786 1052 1812 aeris
1069 1785 1276 1812 immolabantur
1291 1786 1407 1814 volucres
1421 1795 1430 1813 :
1446 1788 1619 1823 ἐπιχθονίοις,
1633 1790 1660 1816 id

874 1836 915 1859 est
935 1832 1239 1868 terrenis,quadrupedes
1258 1832 1337 1867 nigri,
1353 1833 1415 1867 quia
1429 1834 1462 1860 sit
1478 1839 1548 1860 terra
1563 1842 1660 1862 natura

874 1877 951 1912 nigra
968 1885 977 1903 :
993 1876 1169 1911 ὑποχθονίοις,
1185 1876 1210 1903 id
1223 1881 1263 1903 est
1277 1877 1529 1910 subterraneis,item
1542 1878 1659 1912 quadru-

872 1922 949 1957 pedes
970 1922 1038 1957 nigri
1061 1922 1087 1948 in
1107 1921 1252 1954 scrobibus,
1267 1923 1319 1949 sive
1341 1923 1432 1957 foveis.
1448 1922 1554 1955 Quihus
1570 1924 1659 1952 verbis

873 1968 967 2003 procul
983 1967 1056 1995 omni
1074 1967 1156 1994 dubio
1172 1967 1283 2002 respicit
1298 1967 1330 1994 ad
1343 1968 1431 1995 locum
1449 1968 1522 1995 illum
1538 1968 1660 2004 Porphy-

874 2014 907 2041 rii
925 2014 961 2041 De
974 2018 1050 2040 antro
1066 2014 1250 2048 nympharum,
1269 2013 1314 2040 fol.
1330 2014 1341 2040 1
1357 2014 1418 2044 εὨς
1430 2015 1484 2045 τοῖς
1498 2013 1547 2049 μὲν
1563 2014 1659 2050 Ὀλυμ-

873 2059 945 2089 πίοις
960 2058 1030 2090 θεοῖς
1045 2058 1124 2090 ναούς
1140 2067 1170 2084 τε
1194 2059 1241 2084 καὶ
1259 2058 1365 2092 βωμοὺς
1378 2057 1529 2092 ἱδρύσαντο,
1544 2057 1658 2093 χθονίοις

872 2104 901 2130 δὲ
916 2105 962 2130 καὶ
977 2104 1079 2139 ἥρωσιν
1094 2104 1222 2139 ἐσχάρας,
1239 2103 1408 2138 ὑποχθονίοις
1428 2103 1455 2129 δὲ
1480 2103 1590 2139 βόθρους
1611 2104 1657 2130 καὶ

23 2153 199 2186 mancipatos
214 2150 300 2184 habet,
316 2159 367 2177 non
384 2155 508 2185 tanquam
530 2158 619 2177 eorum
644 2159 711 2177 unus
736 2151 769 2178 sit
791 2151 820 2178 ob
838 2160 859 2187 D
876 2150 991 2185 μέγαρα.
1012 2149 1038 2176 id
1054 2154 1096 2176 est
1109 2158 1115 2176 :
1128 2148 1354 2181 Quemadmodum
1368 2148 1513 2175 cwlestibus
1526 2149 1577 2175 diis
1592 2154 1656 2175 tem-

23 2198 243 2226 communionem
258 2197 382 2229 nominis,
398 2196 441 2222 sed
457 2196 519 2230 quia
533 2196 605 2222 solus
625 2196 648 2222 is
661 2201 698 2223 est
713 2204 764 2223 non
778 2204 821 2230 ge-

24 2245 119 2275 nitus,
131 2247 156 2269 et
170 2243 195 2269 in
210 2250 263 2274 eos,
278 2242 323 2276 qui
333 2242 413 2276 geniti
427 2246 497 2272 sunt,
514 2241 653 2276 imperium
667 2241 754 2275 habet,
768 2247 818 2270 etc.

23 2290 124 2324 Atque
138 2293 167 2315 ut
179 2287 323 2315 essentiam
337 2287 392 2314 veri
408 2286 465 2319 Dei,
481 2286 643 2321 proprioque
656 2287 765 2315 nomine
779 2296 821 2314 so-

68 2366 111 2402 (5)
132 2365 299 2400 Porphyrius
311 2365 337 2391 in
352 2363 519 2402 Epistolagd
532 2363 680 2402 Anebonem
690 2363 760 2402 hanc
772 2364 822 2391 du-

23 2398 108 2430 liiani
125 2398 303 2439 quaestionem
318 2399 450 2439 sacerdoti
464 2398 591 2439 @gyptig
607 2399 742 2439 proponit,
760 2407 821 2439 quia.

23 2438 65 2465 ab
85 2433 143 2463 ista
157 2435 266 2462 notione
280 2434 444 2461 monarchiae
461 2433 557 2460 divina:
568 2433 651 2460 ϐιωσί
668 2433 820 2468 philosophi

22 2473 122 2500 nostri
153 2470 224 2497 haud
250 2470 364 2496 multum
384 2469 497 2495 abludit.
514 2468 616 2501 Quaerit
631 2470 702 2494 enim
719 2477 725 2494 :
743 2469 776 2494 Τί
791 2468 820 2495 τὺ

22 2507 146 2542 πρῶτον
169 2506 254 2531 αἴτιον
280 2504 408 2543 ῄγοῦνςαι
431 2501 499 2543 sive“
522 2503 680 2543 ιξίγύπτιοιξ
704 2503 821 2543 Πότερον

20 2537 106 2573 νὸῡν.
131 2540 148 2576 ἢ
170 2541 240 2576 ὑπὲρ
255 2537 408 2576 Mutat
425 2539 513 2576 μάνφνθ
533 2538 625 2576 ire?
640 2537 729 2576 ἄλλοθ’
744 2538 820 2576 ﬁei-

22 2572 106 2609 λωνξ
120 2596 127 2602 .
142 2572 149 2602 ξ
163 2596 169 2602 .
185 2572 239 2601 Καὶ
253 2576 276 2600 εἰ
291 2575 320 2607 ἐξ
336 2574 394 2605 ἑνὸς
405 2572 438 2601 τὰ
448 2572 548 2605 πάντα,
560 2573 576 2608 ἦ
588 2573 620 2599 ἐκ
630 2573 749 2605 πολλῶν;
764 2572 820 2600 Hoc

21 2618 73 2640 est
91 2621 98 2638 :
115 2611 249 2644 Quidnam
270 2609 392 2643 [Egyptii
413 2609 523 2644 primam
548 2616 656 2634 causam
680 2616 735 2634 esse
760 2616 820 2644 cens

22 2643 133 2675 scunt?
151 2645 388 2683 Utrum‘mentem,
407 2653 445 2683 an.
463 2643 564 2683 aliquid
586 2650 666 2683 supra
688 2643 820 2683 mentem?

23 2683 148 2713 Deinde,
165 2689 199 2707 an
221 2679 370 2706 solitarium
383 2679 445 2713 quid
461 2679 506 2709 sit,
523 2687 557 2704 an
578 2677 657 2703 simul
681 2685 739 2703 cum
753 2677 818 2710 alio,

23 2722 78 2743 (tut
97 2715 240 2750 pluribus?
258 2714 291 2741 Et
315 2722 378 2750 num
389 2712 426 2750 ab
443 2721 494 2750 uno
510 2713 608 2745 omnia,
622 2720 683 2750 an_e
698 2712 818 2750 pluribus

25 2746 204 2787 producant?
221 2749 261 2775 Ad
275 2757 342 2787 quas
351 2746 818 2787 dubitationesnrespo'ndi[iambu-

26 2781 104 2815 'clius
129 2786 181 2814 sub
196 2781 311 2819 persona
326 2784 503 2811 Abammonis
520 2782 639 2818 Egyptii
653 2782 681 2809 in
695 2782 765 2810 libro
781 2781 818 2809 De

872 2195 917 2230 pla
933 2199 958 2221 et
982 2194 1108 2222 aediculas
1125 2199 1148 2221 et
1166 2193 1263 2220 altaria
1291 2193 1463 2225 collocarunt,
1491 2194 1656 2221 terrestribus

871 2249 932 2268 vero
946 2245 971 2267 et
985 2240 1106 2267 heroibus
1123 2239 1204 2274 focos,
1224 2239 1316 2273 inferis
1332 2243 1419 2265 autem
1434 2238 1536 2265 scrobes
1553 2243 1577 2266 et
1596 2247 1656 2274 cry-

871 2293 940 2322 ptas.

871 2363 1002 2398 mysteriis
1029 2361 1225 2398 Αῖρωιιὶοζιιιη,
1249 2365 1314 2398 sect.
1329 2367 1464 2398 Vlll,’_ca‘p.
1483 2360 1502 2398 1
1515 2364 1541 2387 et
1563 2368 1653 2396 seqq..

871 2394 965 2433 p.157
985 2394 1136 2433 seqq.cllit.
1154 2396 1242 2433 Oxon.
1259 2395 1370 2421 Thomn:
1391 2394 1464 2433 σζξιιιεξΓ
1483 2394 1655 2433 Enumeratis

871 2430 986 2467 denique
1014 2431 1201 2467 [Egyptiorum
1214 2431 1343 2467 deorum
1365 2430 1505 2467 ordipihus
1518 2430 1600 2467 _l_n_iuc
1618 2432 1653 2467 in

870 2464 980 2495 modum
999 2464 1136 2494 concludit
1151 2465 1319 2493 Jamhlichus
1337 2465 1387 2492 loc.
1408 2464 1452 2491 cit.
1471 2472 1498 2498 p.
1514 2465 1564 2491 159
1579 2474 1586 2492 :
1605 2466 1654 2492 Αι-

870 2511 919 2538 que
939 2503 976 2528 ita
994 2501 1317 2538 lEgyptioruurdoctrina
1336 2500 1368 2526 de
1382 2500 1520 2538 principiis
1542 2500 1653 2538 desuper

871 2534 905 2564 ad
930 2534 1070 2571 inferiara'
1083 2536 1260 2571 progrediens,
1276 2537 1309 2562 ab
1324 2543 1381 2571 uno,
1394 2535 1497 2569 incipit,
1517 2539 1542 2561 ct
1557 2534 1653 2562 desinit

871 2538 905 2564 ad
930 2538 1057 2598 inferiora
1083 2538 1260 2571 progrediens,
1276 2538 1309 2562 ab
1324 2543 1375 2560 uno
1394 2538 1497 2569 incipit,
1517 2539 1542 2561 ct
1557 2538 1585 2561 de

870 2573 898 2599 in
912 2581 954 2598 mu
969 2572 1107 2598 titudinem
1123 2571 1200 2597 unius
1214 2571 1323 2604 imperio
1338 2570 1518 2604 gubernatum,
1532 2573 1585 2596 etc.

906 2607 944 2641 (4)
964 2606 1041 2633 Conf.
1055 2605 1229 2633 Jamhlichus
1239 2603 1276 2632 De
1287 2603 1429 2639 mysteriis,
1442 2610 1507 2632 sect.
1521 2612 1540 2637 ι,
1553 2612 1611 2639 cap.
1622 2603 1651 2637 9,

870 2642 948 2711 pdy);
963 2649 1234 2711 floriltiilﬁfragmcptum
1249 2674 1481 2711 Magnetispo‘stri
1491 2673 1525 2700 ah
1540 2672 1652 2700 interitu

869 2709 1016 2739 vindicavit
1037 2710 1135 2736 Frane.
1152 2709 1302 2736 Turn-ianus
1326 2710 1352 2735 in
1377 2709 1531 2743 Defensione
1545 2715 1592 2743 pro
1607 2715 1654 2743 ea-

870 2745 980 2773 nonibus
996 2745 1173 2779 apostatarum
1189 2745 1312 2771 adversus
1328 2742 1524 2772 Centuriatores
1546 2742 1651 2778 Mayde-

871 2782 1020 2816 burgenses,
1036 2780 1082 2807 lib.
1100 2788 1118 2814 ι,
1132 2787 1192 2814 cap.
1209 2779 1237 2812 5,
1251 2787 1277 2814 p.
1297 2787 1333 2806 ιιι.
1349 2779 1392 2806 15.
