1848 3043
30 86 33 111 l
41 85 98 112 589

607 88 748 116 NOTlTlA
768 89 812 116 ET
832 89 1054 117 FRAGMENTA.

1582 97 1592 123 1
1598 97 1649 124 590

30 145 72 171 rat
87 144 247 176 δεσπόζοντι
267 144 321 171 τῶν
341 144 461 180 γενητῶν
483 145 565 181 (conf.
583 147 594 173 1
617 146 688 174 Tim.
711 155 750 181 vr,
768 148 790 174 ll

885 152 889 172 ε
901 156 947 182 per
960 157 987 175 se
999 149 1154 176 subsistente
1165 142 1224 184 εξίἶίἷ
1242 149 1332 184 Verbo,
1348 152 1417 186 quod
1430 153 1572 180 secundum
1583 155 1649 181 ima‘

30 191 69 226 .6)
91 192 248 224 vindicatis,
260 192 393 227 cultuque
408 192 495 227 ipsius
515 201 531 220 a
552 193 695 229 polytheize
719 202 813 230 super-

30 237 139 265 .tit‘ione
164 242 191 264 et
215 242 402 265 creaturarum
426 239 565 266 consortio
591 244 706 276 purgato
728 241 812 276 (conf.

30 289 77 309 sa.
95 289 166 315 uti,
190 280 235 317 8);
257 282 393 310 Macarius
408 282 517 319 Magnes
531 284 558 311 in
582 283 742 320 fragmentis
767 293 813 313 su-

30 328 190 356 terstitibus
213 329 317 356 nullam
331 329 442 364 quidem
466 329 608 358 Trinitatis
630 331 812 359 Personarum

30 374 183 403 livinarum
198 376 328 404 disertam
343 376 430 411 injicit
444 378 621 410 mentionem,
634 384 698 405 eum
712 378 745 406 de
761 379 813 406 hoc

30 421 159 456 nys‘terio
184 421 276 450 nullus
293 422 344 457 ipsi
365 422 523 457 disputandi
546 423 623 451 locus
647 427 719 452 esset
745 423 810 458 (15).

30 466 122 494 ’lures
139 471 232 495 tamen
246 468 273 495 in
291 468 342 496 hac
356 476 409 496 una
423 469 541 496 essentia
560 469 651 497 divina
672 476 733 497 esse
748 469 812 497 Per-

31 520 117 546 onas,
135 514 258 549 ejusdem
277 519 391 547 naturae,
415 515 555 550 qualitatis
574 520 655 550 atque
674 515 811 550 potentiae,

30 561 144 588 trimum
165 561 225 596 ipsa
247 562 413 590 monarcbize
433 562 532 590 divina:
553 562 628 590 notio
651 562 686 590 ab
702 567 812 590 auctore

30 611 120 634 nostro
137 607 268 640 stabilita,
290 612 318 635 et
341 615 424 642 supra
444 607 460 643 ᾗ
483 606 501 635 5
521 608 655 643 explicata
674 608 811 644 indigitat,

30 659 75 686 [ua
91 652 121 678 in
137 651 243 679 unitate
256 651 339 678 simul
359 651 520 679 Trinitatem
542 651 723 679 Personarum
737 659 812 679 com-

30 698 214 725 »lectebantur
224 697 328 732 antiqui
347 696 474 725 Ecclesia:
485 697 620 724 doctores.
634 696 736 724 Deinde
747 705 811 724 vero

30 752 77 770 ton
104 743 198 770 minus
219 743 362 778 pluralitas
384 741 566 770 Personarum
587 750 619 770 ex
639 748 812 778 argumenta-

30 789 97 816 ione
112 788 243 823 Magnetis
258 788 342 816 nostri
358 789 482 823 superius
494 789 550 823 jam
566 795 622 816 tum
637 788 651 824 §
666 789 682 816 6
694 789 810 816 adducta

30 836 172 872 :olligitur,
183 836 209 862 in
225 842 278 870 qua
295 835 426 863 anitatem
439 835 564 863 essentia;
577 835 675 863 divinae
686 836 739 863 diis
749 836 811 870 qui-

30 883 85 909 lem
113 882 252 918 gentilium
270 881 346 909 falsis
364 881 520 916 ﬁctitiisque
540 882 648 916 penitus
662 881 808 916 abjudicat,

30 928 135 955 Zhristo
155 932 245 954 autem
266 926 382 954 Domino
399 931 493 953 nostro
516 934 578 954 vere
600 934 632 953 ac
647 927 755 961 proprie
770 927 810 954 sic

30 975 98 1002 licto
120 973 257 1009 propriam
274 977 356 1008 atque
379 973 541 1008 peculiarem
560 977 661 1004 tuetur,
683 972 808 1000 ﬁrmissi-

30 1028 102 1047 num
114 1020 208 1054 utique
223 1019 379 1054 przrsidium
395 1019 531 1046 atlvocans
546 1025 579 1045 ex
593 1018 808 1046 lueulenlissimo

30 1067 53 1094 Ξ.
72 1066 190 1102 apostoli
210 1066 286 1092 Pauli
304 1065 461 1092 testimonio
474 1064 482 1090 l
496 1063 558 1091 Cor.
573 1071 634 1094 vin,
650 1063 677 1095 5,
691 1063 717 1091 6.
737 1062 807 1091 Tum

30 1113 143 1148 lenique
168 1112 258 1140 divina
286 1112 375 1139 haecce
402 1111 503 1138 veritas
531 1118 546 1137 a
574 1109 693 1137 Macario
714 1116 807 1137 nostro

30 1164 145 1187 istructa
168 1159 290 1185 omnium
314 1157 432 1184 maxime
454 1162 487 1184 ex
504 1149 645 1191 perspicua
668 1155 726 1189 ejus
741 1163 807 1183 con-

30 1205 144 1232 essione
159 1205 191 1232 de
204 1203 313 1231 ChriSto
329 1203 398 1230 Filio
410 1202 457 1230 Dei
477 1203 614 1237 unigenito
630 1202 747 1229 dilucide
759 1208 807 1236 ap-

30 1255 111 1283 taret,
127 1250 154 1277 in
169 1257 222 1285 qua
238 1249 361 1276 eumdem
377 1255 455 1276 vocat
468 1248 530 1274 Υἱὺυ
548 1247 677 1283 μηνογενῆ
691 1247 737 1274 τοῦ
752 1248 807 1274 Πα-

30 1296 97 1331 ῖρὸς,
113 1295 278 1329 ἀπαύγασμα
294 1294 344 1328 τῆς
355 1293 433 1328 δόξης
445 1294 491 1320 καὶ
503 1293 663 1329 χαρακτῆρα
678 1293 727 1328 τῆς
743 1293 807 1319 ὑπο-

30 1341 145 1372 πτάσεως
159 1340 250 1371 αὑτοῦ,
263 1340 326 1367 item
339 1339 385 1366 τὸν
401 1338 489 1371 ζῶντα
506 1339 552 1365 καὶ
570 1338 745 1365 ὺποεπατικὺν
761 1338 807 1365 Λύ-

30 1390 81 1419 fov,
96 1385 302 1422 ἀπαράλλακτον
328 1386 376 1412 καὶ
399 1383 574 1419 ἰσοδύναμον-
594 1384 692 1418 quibus
710 1384 818 1416 titulis,‘

30 1431 95 1458 luce
114 1431 254 1465 Scriptura
270 1437 360 1462 sacra,
376 1430 476 1465 passim
494 1428 597 1464 antiqui
613 1427 741 1456 Ecclesiae
757 1429 806 1456 du-

30 1482 113 1504 :tores
123 1476 220 1503 Filium
234 1483 391 1510 nuncupare
403 1475 502 1503 solent.
519 1474 578 1510 l‘psa
593 1475 738 1502 testimonii
755 1475 806 1502 hu-

31 1531 66 1550 us
79 1522 161 1550 verba
171 1529 202 1549 ex
215 1520 373 1557 fragmentis
386 1520 535 1552 ὰνεκδότοις
548 1519 735 1547 Commentarii
750 1519 806 1547 Ma—

30 1570 116 1603 gnetis
136 1568 165 1595 in
190 1567 300 1596 Cenesin
322 1567 439 1602 primum
465 1567 660 1602 producamus,
684 1573 745 1601 qum
770 1566 806 1593 ita

30 1615 142 1642 tabent:
163 1614 199 1640 Τὸ
222 1613 286 1650 γὰρ,
310 1612 486 1647 Ποιήσωμεν
507 1612 664 1646 ἄνθρωπον
682 1612 745 1639 κατ’
766 1613 807 1638 ει-

30 1661 100 1687 εόνα
120 1658 265 1694 ἡμετέραν
288 1659 337 1686 καὶ
357 1659 420 1686 καθ’
444 1657 595 1693 ὁμοίωσιν,
617 1657 692 1685 οὐδὲν
714 1658 806 1692 ἕτερον

30 1708 166 1740 ἱείκνυσιν,
181 1707 198 1742 ἣ
209 1707 250 1733 ὅτι
263 1705 405 1741 συμϐούλῳ
419 1706 553 1741 ἐχρήσατο
565 1706 579 1731 ὁ
592 1704 686 1740 Πατὴρ
701 1703 740 1739 τῷ
758 1713 805 1739 μο-

30 1753 126 1787 ιογενεῖ
144 1750 225 1779 αὑτοῦ
245 1751 283 1787 τῷ
301 1751 358 1787 Υἱῴ
378 1751 424 1777 ἐπὶ
435 1752 468 1786 τῇ
485 1750 579 1777 τούτου
594 1752 759 1785 κατασκευῇ,
776 1750 806 1782 ὃς

30 1807 81 1825 στι
99 1798 129 1825 τὸ
147 1797 317 1833 ἀπαύγασμα
334 1798 383 1833 τῆς
397 1797 486 1833 δόξης,
501 1796 573 1823 κατὰ
585 1794 803 1828 τὺνᾺπόστολον,

30 1844 69 1871 [αἱ
84 1842 224 1879 χαρακτὴρ
235 1842 285 1876 τῆς
297 1842 470 1872 ὑποστάπως
482 1840 573 1867 αὑτοῦ.
590 1839 657 1866 Οὔτε
673 1839 728 1875 γὰρ
742 1839 805 1874 ὲνῆν

30 1890 94 1925 ἱλλῳ
105 1890 157 1916 τινὶ
171 1888 314 1924 συμϐούλῳ
326 1886 484 1923 κεχρῆσθαι,
499 1887 516 1922 ἢ
531 1886 570 1921 τῷ
584 1885 663 1918 ζῶντι
677 1886 725 1912 καὶ
739 1885 805 1912 ὑπο-

30 1934 142 1970 πτατικῷ
160 1930 241 1962 αιῦτσῧ
261 1933 350 1969 Λόγῳ,
369 1932 407 1968 τῷ
422 1932 624 1968 ἁπαραλλάκτῳ
642 1930 725 1958 αὑτοῦ
744 1931 803 1958 κατ’

35 1981 113 2008 ὶκόνα
129 1977 175 2007 καὶ
195 1980 332 2015 ὁμοίωσιν,
345 1972 397 2004 Ὶκαὶ
421 1977 579 2012 ἰσοδυνάμῳ.
603 1976 703 2011 Quippe
716 1975 803 2002 illud:

56 2026 198 2052 Faciamus
219 2025 347 2051 hominem
368 2022 509 2049 secundum
528 2021 668 2056 imaginem
685 2025 803 2047 nostram

34 2077 44 2098 t
57 2071 198 2099 secundum
209 2070 419 2100 similitudinem,
433 2077 443 2094 ι
459 2068 525 2095 nihil
536 2066 610 2094 aliud
628 2066 738 2098 indicat,
751 2066 802 2092 nisi

30 2118 91 2144 vuod
109 2116 190 2143 Pater
205 2117 233 2142 in
250 2116 327 2151 hujus
343 2115 499 2150 formatione
516 2113 668 2140 consiliario
686 2121 748 2139 usus
763 2116 802 2138 est

864 194 948 229 ginem
963 195 995 222 ab
1014 203 1043 222 eo
1064 195 1130 222 nihil
1150 195 1251 231 lli/fert.
1269 201 1294 224 et
1316 198 1443 232 wqualem
1462 199 1538 227 habet
1556 206 1648 235 polen—

865 240 939 266 tiam.
974 239 1171 275 Antiqnilatem
1203 241 1284 276 hujus
1320 244 1492 278 argumenti,
1526 252 1582 280 quo
1613 247 1646 273 atl

863 285 1036 312 astruendam
1054 285 1153 313 Christi
1173 286 1343 314 divinitatem
1364 287 1500 316 Macarius
1520 289 1572 317 hnc
1587 290 1647 317 loco

863 337 931 357 usus
957 334 1009 363 est,
1036 331 1134 358 exinde
1155 331 1275 366 primum
1296 339 1461 368 cognoscere
1479 335 1552 368 licet,
1573 337 1647 370 quod

864 374 893 403 S.
909 376 1058 408 Barnabas,
1082 377 1126 405 Vel
1139 378 1210 405 alius
1227 378 1322 406 saltem
1343 380 1394 406 aevi
1411 381 1554 415 apostolici
1576 383 1646 409 scri-

863 423 933 454 ptor,
943 420 999 454 jam
1015 425 1070 447 tum
1085 422 1185 448 smculo
1198 423 1348 457 apostolico
1359 424 1452 451 eadem
1467 425 1572 453 ratione
1582 433 1648 461 pne-

862 464 1049 492 exsistentiam
1065 465 1124 493 Filii
1141 466 1187 494 Dei
1202 473 1265 495 ante
1277 468 1416 496 conditum
1432 470 1564 498 mundum
1580 479 1647 506 pro-

862 511 942 539 basse
952 511 1058 547 legitur.
1078 512 1104 540 Is
1120 513 1193 541 enim
1207 513 1235 541 in
1250 514 1364 549 epistola
1378 516 1513 544 catholica
1527 517 1562 544 ab
1575 518 1646 544 anti-

863 557 925 592 quis
941 557 1005 584 olim
1022 557 1152 586 Ecclesiae
1165 559 1292 587 Patribus
1309 561 1361 588 sub
1383 562 1493 589 nomine
1513 562 1646 590 Barnabas

863 604 977 637 apostoli
998 604 1116 636 laudata,
1137 605 1214 640 juxta
1231 607 1371 641 antiquam
1391 608 1545 636 versionem
1570 608 1646 637 Lati-

862 656 925 676 nam
934 657 994 684 cap.
1005 650 1022 676 4
1040 650 1096 685 (16)
1107 651 1162 686 (ubi
1174 651 1284 680 Graecus
1302 657 1391 680 textus
1405 653 1596 690 desideratur),
1611 656 1645 683 de

863 693 1006 722 Scrvatore
1024 701 1116 723 nostro
1133 696 1172 723 sic
1192 698 1328 732 loquitur:
1347 698 1382 725 Et
1397 699 1432 726 ad
1454 699 1502 727 hoc
1517 700 1644 728 Dominus

861 741 986 767 sustinuit
998 742 1054 775 pali
1073 750 1120 776 pro
1132 743 1222 770 anima
1238 749 1338 777 nostra,
1352 753 1411 772 cum
1425 747 1458 772 sit
1473 747 1543 774 orbis
1561 752 1643 774 terra-

861 793 920 812 rum
947 786 1085 817 Dominus.
1109 789 1153 814 cui
1178 788 1246 815 dixit
1271 789 1342 825 (scil.
1369 792 1437 818 Deus
1463 791 1546 818 Pater
1570 793 1638 827 (17),

860 826 959 867 quippe
974 833 1017 860 cui
1033 832 1122 862 Moses
1142 835 1169 860 in
1185 835 1313 869 primaeva
1337 837 1474 864 creatione
1493 838 1549 866 haec
1561 826 1642 866 verba

860 877 964 911 prolata
991 878 1096 913 tribuit)
1123 879 1167 906 die
1193 885 1253 907 ante
1283 882 1496 910 constitutionem
1527 884 1618 911 amuli
1633 894 1642 911 :

863 931 872 946 σ
891 921 1035 950 Faciamus
1049 923 1180 950 hominem
1197 925 1233 951 ad
1247 925 1389 960 imaginem
1402 932 1426 953 et
1442 927 1643 955 similitudinem

859 972 987 995 nostram.
1006 977 1017 993 ι
1037 968 1122 1001 Quem
1138 968 1266 1004 deinceps
1278 971 1363 998 secuti
1376 977 1439 999 sunt
1457 973 1641 1008 antiquissimi

858 1013 951 1042 Patres
969 1015 1023 1049 (18)
1038 1015 1065 1042 in
1081 1016 1220 1050 probanda
1235 1016 1295 1044 Filii
1311 1017 1357 1044 Dei
1374 1019 1555 1054 προῦπάρξει,
1572 1029 1641 1055 prte-

858 1060 956 1088 stantia
979 1065 1059 1096 atque
1079 1062 1229 1096 divinitate,
1252 1064 1448 1099 speciatimque
1473 1064 1641 1101 Theophilus

857 1105 1043 1133 Antiochenus
1061 1106 1095 1133 ad
1117 1106 1273 1142 Autolycum
1287 1107 1334 1135 lib.
1355 1115 1386 1141 ιι,
1413 1116 1472 1143 cap.
1490 1109 1535 1142 28,
1557 1118 1582 1144 p.
1601 1119 1639 1138 m.

858 1151 909 1178 158
923 1160 929 1177 :
945 1151 1000 1177 Οὐκ
1014 1151 1085 1186 ἄλλῳ
1101 1151 1129 1178 δέ
1144 1160 1208 1184 τινι,
1222 1152 1320 1187 inquit,
1332 1153 1436 1189 εἴρηκε,
1457 1154 1639 1190 Ποιήσωμεν.

857 1197 913 1223 ἀλλ’
927 1197 943 1233 ἢ
959 1197 997 1232 τῷ
1013 1198 1109 1224 ἑαυτοῦ
1120 1198 1199 1234 Λόγῳ
1214 1199 1260 1226 καὶ
1276 1201 1309 1235 τῇ
1321 1200 1417 1226 ἑαυτοῦ
1434 1201 1524 1236 σοφίαι
1543 1201 1569 1229 ld
1581 1207 1638 1229 est:

858 1243 936 1270 Nulli
953 1243 1000 1270 alii
1021 1244 1090 1270 dixit
1102 1263 1109 1276 ,
1126 1253 1135 1269 ε
1155 1244 1309 1277 Faciamus,
1328 1254 1338 1270 ›
1357 1253 1435 1280 quam
1447 1255 1496 1272 sua
1522 1246 1602 1274 Verbo
1615 1253 1641 1274 et

856 1297 911 1316 suae
931 1290 1076 1324 sapientiae.
1099 1290 1203 1323 Quibus
1214 1291 1306 1318 verbis
1328 1290 1434 1319 Patrem
1450 1296 1477 1319 et
1496 1292 1593 1320 Filium
1613 1299 1641 1320 et

857 1334 986 1369 Spiritum
999 1340 1122 1363 sanctum
1134 1335 1272 1371 designari
1294 1337 1416 1371 plerique
1435 1337 1545 1366 Patrum
1567 1339 1634 1366 exis-

857 1382 997 1412 timarunt.
1017 1389 1086 1416 quos
1105 1382 1232 1409 excitavit
1247 1381 1325 1410 Dion.
1342 1382 1469 1410 Petavius
1483 1383 1512 1410 in
1529 1383 1641 1420 api/ma;

857 1427 926 1454 tibus
944 1428 1034 1460 theol.,
1053 1428 1100 1455 lib.
1117 1437 1149 1460 ιι,
1167 1428 1205 1455 De
1218 1428 1357 1462 Trinitate,
1370 1436 1430 1464 cap.
1450 1428 1475 1461 7,
1493 1429 1508 1465 ᾗ
1523 1430 1540 1457 4
1561 1437 1637 1465 seqq.

858 1473 923 1508 (19).
937 1473 1005 1501 Cum
1022 1474 1103 1508 igitur
1118 1474 1253 1502 Macarius
1266 1474 1375 1510 Magnes
1386 1475 1471 1502 Deum
1487 1474 1594 1503 Patrem
1611 1476 1638 1503 in

858 1519 1021 1558 formatione
1033 1520 1152 1548 hominis
1164 1520 1233 1548 Filio
1250 1528 1301 1549 suo
1318 1521 1457 1556 unigenito
1480 1522 1639 1550 consiliario

857 1573 936 1593 usum
956 1573 1017 1593 esse
1032 1566 1141 1597 asserit.
1155 1571 1284 1601 tanquam
1305 1564 1392 1594 Verbo
1411 1566 1473 1594 vivo
1494 1571 1522 1594 et
1546 1575 1592 1602 per
1609 1576 1639 1596 se

857 1611 1032 1642 subsistente,
1045 1611 1232 1646 mqualemque
1248 1618 1309 1639 cum
1326 1612 1385 1646 ipso
1406 1612 1521 1639 habente
1543 1618 1639 1647 poten-

858 1657 921 1683 tiam
936 1665 942 1683 :
967 1656 1069 1683 nullum
1085 1656 1165 1690 plane
1186 1661 1228 1684 est
1245 1657 1369 1688 dubium,
1385 1657 1436 1684 hac
1456 1657 1638 1692 descriptione

856 1702 1055 1737 apertissimam
1069 1702 1219 1730 divinitatis
1234 1707 1326 1730 notam
1346 1703 1496 1736 contineri;
1515 1703 1638 1738 inprimis

856 1755 918 1775 cum
934 1748 960 1774 in
975 1747 1114 1782 Scriptura
1137 1756 1214 1775 sacra
1233 1747 1304 1776 Deus
1318 1749 1426 1776 nonnisi
1447 1755 1509 1776 cum
1525 1749 1638 1784 reliquis

855 1793 981 1821 Personis
996 1793 1095 1820 divinis
1111 1794 1281 1821 consultasse
1294 1793 1408 1829 legatur,
1422 1801 1473 1821 nec
1486 1801 1550 1821 cum
1562 1802 1638 1822 crea-

854 1838 934 1870 turis,
950 1845 1011 1873 quae
1027 1839 1147 1866 nondum
1166 1839 1193 1866 in
1210 1847 1301 1866 rerum
1315 1844 1410 1867 natura
1423 1839 1594 1873 exstiterant,
1609 1841 1637 1867 in

854 1884 982 1918 primaeva
994 1892 1085 1911 rerum
1100 1885 1223 1912 omnium
1240 1885 1377 1912 creatione
1391 1885 1536 1912 consilium
1550 1885 1635 1912 ullum

854 1929 923 1956 inire
938 1930 1067 1964 potuerit.
1084 1929 1193 1964 Spectat
1208 1931 1261 1958 huc
1273 1931 1354 1958 etiam
1367 1931 1481 1958 illustris
1497 1931 1541 1958 ille
1560 1931 1636 1959 locus

854 1973 959 2002 Hermas
973 1974 1092 2002 Pastoris
1106 1975 1152 2001 lib.
1167 1983 1207 2007 nt,
1223 1975 1401 2002 similitudine
1412 1975 1439 2008 9,
1455 1983 1514 2010 cap.
1530 1975 1573 2009 12,
1589 1977 1635 2003 ubi

853 2020 1060 2055 antiquissimus
1072 2020 1187 2055 scriptor
1203 2021 1444 2055 praeexsistenliam
1457 2020 1518 2049 Filii
1531 2021 1576 2048 Dei
1593 2022 1635 2048 his

853 2066 942 2093 verbis
958 2066 1097 2094 declarat:
1119 2066 1205 2093 Filius
1229 2067 1335 2101 quidem
1356 2067 1403 2093 Dei
1424 2067 1495 2093 omni
1513 2073 1636 2094 creatura

853 2111 987 2146 antiquior
1009 2117 1060 2144 est,
1076 2111 1114 2138 ita
1128 2111 1204 2146 utin
1219 2111 1327 2138 consilio
1348 2110 1426 2138 Patri
1448 2118 1496 2138 suo
1518 2111 1634 2146 adfuerit

30 2163 97 2190 Γίιίο
115 2171 162 2190 suo
184 2162 326 2196 unigenito,
348 2161 392 2195 qui
409 2159 531 2194 splendor
550 2163 588 2186 est
611 2158 801 2193 glorite,juxta
818 2167 841 2195 Β
853 2157 887 2184 ad
903 2157 1064 2184 condendam
1080 2163 1231 2184 creaturam
1248 2156 1313 2192 (20).

30 2209 174 2243 ipostolum
190 2209 281 2244 (Hebr.
307 2216 326 2239 ι,
341 2208 380 2241 5),
403 2211 425 2233 et
448 2206 534 2240 ﬁgura
556 2205 709 2232 substantia
732 2204 798 2237 ejus.

30 2256 78 2282 εἴθε
93 2255 159 2282 enim
175 2254 268 2281 licebat
287 2253 342 2280 ullo
355 2252 408 2279 alio
421 2251 571 2278 consiliario
582 2251 631 2282 uti,
649 2257 728 2284 quam
743 2250 799 2276 viro

56 2343 113 2379 (15)
132 2342 275 2379 Eusebius.
297 2341 345 2368 lib.
366 2348 385 2367 It
410 2338 646 2379 DeAecclesiastiea
669 2336 800 2378 theologia

30 2372 113 2405 mitra
134 2377 298 2407 Marcellum,
314 2385 341 2411 p.
359 2383 394 2402 m.
419 2373 598 2412 ilO‘scribit:
616 2372 671 2412 lVos
685 2373 715 2412 in
735 2381 798 2412 can-

30 2421 109 2441 rressu
120 2420 268 2448 quocunque
282 2408 341 2437 cuin
357 2411 465 2444 paganis
480 2408 591 2435 Solemus
605 2408 753 2448 doctrinam
767 2408 798 2434 de

30 2443 131 2475 .‘hristo'
144 2450 171 2474 in
192 2443 292 2480 tempus
307 2443 478 2479 opportunum
494 2451 624 2480 reponere,
639 2448 664 2469 et
681 2443 708 2468 in
728 2450 798 2476 prte-

31 2484 87 2510 ενιιὶ
100 2483 194 2510 erroris
209 2479 369 2508 idololatrici
384 2479 592 2511 redargutionem
606 2485 758 2511 proponere,
773 2482 798 2504 et

30 2520 68 2545 ')t:i
87 2518 212 2545 unitatem
225 2515 437 2542 demonstrativis
453 2513 600 2540 rationibus
614 2511 744 2539 stabilire.

55 2553 112 2589 (l6)
130 2552 159 2589 ξ.
172 2559 209 2579 m.
224 2551 258 2577 14
270 2548 469 2589 edit._Hugonis
479 2547 600 2589 Memrdi
611 2546 699 2589 Paris,
717 2545 795 2589 1615.

55 2581 112 2623 (l7)
131 2587 187 2614 Non
202 2593 267 2623 vero
285 2581 436 2623 Scriptpra,
447 2582 594 2623 quam__hic
606 2582 639 2622 ad
651 2581 747 2623 Filium
762 2582 798 2622 lo~

30 2615 272 2660 [ticiitemabsurde
287 2615 363 2654 lingit
373 2615 463 2660 Lucas
474 2617 610 2660 Mellierus
623 2617 649 2660 in
664 2615 798 2660 Fide!ri—

30 2649 353 2686 iiorumChristtanorunwt,
369 2653 653 2686 refutatuspropterea
664 2659 679 2677 a
697 2649 795 2678 J.Ern.

30 2694 119 2721 irabio
137 2693 163 2719 in
182 2691 352 2726 adnotaltad
366 2688 462 2726 Georg.
479 2687 548 2726 [ξυΙΙὶ
567 2686 748 2726 Defensionem
762 2686 796 2720 ﬁ-

30 2731 59 2757 !ei
75 2728 200 2758 Nicante,
217 2734 242 2760 p.
257 2734 293 2752 m.
306 2725 336 2760 2|
353 2731 428 2760 seqq.
441 2721 473 2760 'ln
487 2721 723 2760 Ctntstitutienibus
734 2729 797 2755 apo-

32 2764 127 2794 tuticis,
143 2763 189 2789 lib.
201 2758 226 2792 νζ
237 2768 296 2795 cap.
309 2759 337 2796 _7,
352 2759 409 2796 hac
420 2759 500 2796 verba
513 2758 659 2796 §eripturae
667 2763 797 2796 expresse

30 2801 110 2829 tidem
121 2792 252 2831 tanquam
271 2792 292 2822 'a
308 2794 362 2822 Deo
375 2793 454 2821 Patre
469 2793 502 2821 ad
517 2792 614 2820 Filium
627 2792 795 2827 unigenitum

888 2203 1014 2230 Divinum
1030 2210 1113 2238 porro
1135 2211 1203 2237 opus
1220 2202 1364 2229 creationis
1386 2208 1507 2229 omnium
1531 2208 1633 2233 rerum,

851 2248 906 2276 imo
921 2252 947 2275 et
962 2247 1048 2283 ipsius
1063 2248 1191 2280 hominis,
1208 2247 1276 2274 Filio
1286 2246 1333 2273 Dei
1348 2246 1470 2274 attribuit
1484 2245 1593 2281 Magnes
1606 2246 1634 2273 in

849 2334 920 2361 dicta
949 2334 1099 2368 alleganlur
1122 2333 1202 2368 hunc,
1217 2332 1243 2358 in
1265 2332 1374 2368 moduni
1394 2339 1401 2368 ς
1421 2331 1520 2368 Keilii);
1544 2331 1591 2357 καὶ
1616 2333 1632 2367 ἡ

850 2369 909 2409 {ista
920 2366 1014 2409 Γραφῇ
1029 2369 1162 2409 μαρτυρεῖ
1170 2367 1286 2409 λέχοντα
1301 2367 1345 2394 τὸν
1352 2366 1424 2409 ’Θεὸν
1440 2366 1479 2401 τῷ
1496 2367 1633 2401 μονογενεῖ

850 2378 909 2395 υεια
921 2378 931 2394 ι
940 2378 1014 2430 ραφᾶ
1029 2378 1159 2403 μαρτυρει
1176 2378 1286 2401 Λεγονῖα
1301 2378 1345 2394 τον
1358 2378 1386 2393 σε

848 2404 975 2440 Χρισςεῳς
1014 2402 1326 2440 οιὴσωμενέἆνθρῳπρνη
1334 2407 1386 2440 etc,

885 2434 1081 2473 (18)’ριιοι·υ”ιη
1102 2434 1257 2473 'testinlonia
1274 2437 1405 2473 νὸμόψηφα
1418 2435 1531 2473 adduxit
1553 2434 1632 2473 “1]ng

848 2471 993 2501 Me‘nardus
1006 2474 1033 2501 in
1048 2473 1122 2500 notis
1134 2473 1168 2500 ad
1178 2472 1326 2507 Epistolam
1337 2471 1476 2503 Barnabas,
1487 2478 1514 2506 p.
1529 2477 1566 2497 m.
1579 2471 1633 2498 105

849 2515 939 2578 scilliti)
960 2541 1104 2570 Gentilium
1120 2549 1217 2576 nugas,
1231 2541 1278 2578 qui
1292 2541 1451 2578 Deumrhaec
1464 2541 1545 2567 verba
1560 2539 1630 2578 forte

849 2576 984 2605 ad'falsos
1004 2583 1031 2605 et
1054 2578 1221 2605 adulterinos
1241 2577 1306 2603 deos
1330 2576 1432 2603 dixisse
1454 2577 1629 2608 contendunt,

847 2612 985 2647 eleganter
1009 2613 1155 2646 prosternit
1182 2612 1301 2647 Cyrillus
1324 2611 1526 2639 Alexandrinus
1546 2611 1595 2638 lib.
1618 2617 1629 2637 ι

847 2646 938 2674 contra
951 2646 1098 2678 lulianum.
1114 2655 1141 2681 p.
1160 2646 1256 2674 ῐηίὲι.

883 2682 939 2715 (‘20)
961 2681 997 2708 De
1015 2690 1070 2716 quo
1086 2679 1147 2708 loco
1164 2683 1288 2709 videatur
1304 2681 1401 2717 Georg.
1416 2681 1510 2709 Bullus
1526 2681 1553 2708 in
1577 2679 1627 2717 De:

848 2710 962 2753 fetisione
978 2710 1039 2753 fideli
1055 2716 1182 2753 Nictente,
1199 2721 1265 2745 sect.
1279 2710 1413 2753 I,Acap.v‘2,
1428 2717 1442 2753 §
1458 2717 1485 2748 5,
1500 2724 1526 2751 p.
1541 2710 1631 2753 m_._48

847 2750 935 2787 'seqq.,
955 2750 981 2779 et
1002 2751 1099 2778 Thom.
1122 2751 1227 2787 lttigius
1249 2753 1277 2780 in
1291 2750 1400 2780 Selectis
1422 2750 1551 2785 Ettpitibus
1566 2750 1627 2777 hist.

847 2788 921 2814 eccl..
937 2793 1003 2814 sect.
1017 2794 1036 2814 ι.
1050 2795 1077 2814 n.
1098 2786 1149 2814 159
1167 2794 1243 2814 sequ.

846 2794 921 2820 ccct.,
937 2794 1003 2815 sect.
1017 2794 1036 2820 ι,
1050 2795 1077 2822 p.
1098 2794 1149 2814 ιυυ
1167 2794 1243 2821 seqq.
