1848 3043
11 123 25 150 ί
32 122 91 149 395

593 126 733 155 NOTlTIA
751 127 796 155 ET
815 128 1035 163 FRAGMENTA.

1577 135 1645 161 155M

8 184 266 218 praestantissimos
277 189 416 212 creaturas
431 185 520 220 primo
533 186 592 214 loco
606 187 692 221 ponit,
705 188 741 215 ita
756 188 813 215 dis—
827 191 851 219 Α
865 189 943 217 asciti
962 196 1034 222 sunt,
1059 190 1104 218 tibi
1122 189 1219 218 l‘aciem
1241 191 1286 218 Dei
1301 190 1388 218 Patris
1403 191 1522 220 caelestis
1539 193 1565 219 in
1584 201 1644 228 pcr-

9 230 86 256 scrit
100 230 240 259 Macarius
254 229 375 266 Magnes,
397 236 427 258 ut.
442 236 565 259 naturam
583 234 704 268 ipsorum
730 234 812 268 spiri-

9 275 138 307 tualem,
167 276 349 311 incorruptam
377 281 403 303 et
426 277 606 305 immortalem
633 279 746 306 extollat
770 280 812 308 his

8 321 127 354 verbis,
143 331 203 355 qua:
218 323 245 350 i-n
267 323 418 358 fragmento
436 324 469 350 IV
496 325 702 359 Ἀποκριτικῶν
718 327 813 362 leguli-

9 371 62 393 tur
76 376 84 393 :
105 369 219 400 Λοιπὸν,
232 369 280 404 τὴν
296 370 360 405 περὶ
376 370 429 396 τῶν
447 371 569 404 ἀγγέλων
584 373 631 398 καὶ
643 372 691 408 τῆς
706 373 812 409 ἀφθαρ-

10 413 81 445 σίας
104 413 196 441 αὐτῶν
216 414 326 450 λέξομεν
348 416 396 451 τὴν
417 416 611 443 ὑπόθεσιν......
634 418 677 445 ἵνα
698 419 740 450 τὶς
759 419 813 445 τῶν

9 459 231 494 εὐφρανούντων
248 460 367 492 ἀκούσας
383 462 412 488 ὲν
425 461 530 497 οὐρανῷ
545 462 654 499 λογικὴν
670 464 761 491 οὐσίαν
775 465 813 500 τῷ

8 505 67 539 τῆς
84 505 241 538 ἀθανασίας
257 506 328 542 λόγῳ
352 507 597 543 πανηγυρίζουσαν,
618 510 741 541 τουςέστι
759 511 813 537 τῶν

12 551 173 585 μακαρίων
190 551 235 577 καὶ
251 552 403 586 ἀσωμάτων
422 552 570 588 δυνάμεων,
587 554 624 586 ὡς
640 554 752 581 δυνατὸν
767 555 813 582 τὸν

11 595 77 629 βίον
105 596 176 632 πρὸς
197 597 294 628 αὐτοὺς
313 598 462 633 ρυθμίσειε,
481 599 527 625 καὶ
547 600 594 634 τὴν
610 600 722 627 ἐκείνων
735 600 812 634 ἀξίαν

10 643 76 674 ταῖς
95 641 190 676 ἔργοις
203 642 358 677 ζηλώσειεν,
373 652 399 670 κ.
415 653 440 671 τ.
458 644 483 672 λ.
499 645 623 679 Deinceps
643 646 812 680 quazstiouem

11 688 49 714 de
65 687 176 722 angelis
191 693 215 715 et
230 696 319 715 eorunt
335 689 485 724 incorrupta
504 696 600 717 natura
615 692 756 718 tractaturi
768 700 814 718 su-

10 740 157 759 mus......
173 732 208 758 At
222 733 325 767 sapiens
342 734 448 769 quisque
467 743 526 761 cum
550 735 675 768 audierit,
691 736 813 763 substan-

10 777 88 803 tiam
120 778 278 804 rationalem
302 779 329 805 in
352 779 415 805 (mlo
435 788 500 812 esse,
523 788 580 816 ante
603 781 812 809 immortalitatis

9 831 136 849 munere
154 822 268 857 gaudeat
284 823 384 858 (beatas
399 833 488 859 nempe
511 831 534 852 et
550 826 715 860 incorporeas
729 828 813 854 uirtu-

9 870 81 902 tes),
101 869 196 901 vitam,
210 874 336 903 quantum
350 870 409 903 ﬁeri
422 875 514 904 potest,
531 871 565 897 ad
579 880 667 898 eorum
683 873 812 900 imitatio-

9 922 78 940 nem
112 919 264 948 componat,
293 922 431 950 eorumque
456 916 568 950 gloriam
599 918 718 951 operibus
747 919 814 953 aﬂ‘e-

7 965 81 991 ctet,
105 965 162 987 etc.
185 960 262 988 Patet
276 961 382 994 exinde,
406 962 517 996 angelos
538 963 580 990 bic
595 964 709 991 describi
727 965 764 1000 1ο)
783 969 813 992 ιιι

7 1006 196 1033 substantias
205 1007 356 1040 spirituales
371 1013 395 1034 et
409 1008 586 1042 incorporeas,
600 1010 760 1044 ἀσωμάτους
767 1011 812 1037 δυ-

7 1052 132 1086 νάμεις,
151 1060 210 1086 quae
227 1053 254 1079 in
267 1053 434 1080 antecedenti
452 1061 577 1081 sermone
592 1055 745 1084 hominibus
763 1064 812 1092 op-

7 1102 176 1132 ponuntur,
188 1098 235 1132 qui
252 1099 383 1133 originem
397 1107 473 1126 suam
486 1107 501 1126 a
514 1101 614 1127 carnali
628 1109 811 1136 corporeatu

7 1144 201 1178 generatione
216 1144 325 1177 habent,
340 1145 386 1179 qui
399 1145 432 1172 ab
443 1145 582 1173 itnmunda
595 1154 738 1181 corporum
751 1157 811 1182 ger-

7 1190 176 1217 minatione
191 1190 372 1217 substantiam
389 1196 529 1225 ceperunt,
549 1196 577 1218 et
597 1193 679 1227 geniti
695 1193 809 1228 gignen-

7 1238 119 1268 tesque
136 1234 221 1261 instar
237 1235 364 1262 foliorum
380 1236 433 1262 cito
448 1237 584 1270 delluunt;
601 1245 662 1264 cum
685 1243 810 1265 econtra-

7 1281 57 1308 rio
76 1281 172 1314 angeli
189 1281 243 1308 sint
258 1282 420 1317 σωματικῶν
437 1281 529 1308 παθῶν
544 1283 590 1309 καὶ
606 1283 712 1318 δεσμῶν
725 1284 811 1310 ἁπαλ-

7 1325 163 1360 λαγέντες,
192 1327 330 1361 corporeis
360 1328 500 1355 all'ectibus
522 1333 548 1356 et
572 1329 688 1357 vinculis
714 1330 808 1357 liberi:

7 1371 256 1406 quemadmodum
273 1372 300 1399 in
314 1372 466 1408 fragmento
480 1373 513 1406 ll,
531 1374 653 1409 angelum
668 1383 716 1409 per
736 1375 809 1403 ἀσώ-

8 1415 107 1450 ματόν
124 1424 185 1442 τινα
204 1416 342 1451 τάγματος
363 1417 529 1453 ἀνωφεροῦς,
548 1418 607 1445 Θεὸν
624 1419 672 1455 τὴν
692 1420 764 1447 ϐἑσιν
778 1420 808 1446 οὐ

7 1460 64 1495 τὴν
84 1459 172 1494 φύσιν
191 1460 355 1496 ὑπάρχοντα,
376 1462 401 1488 id
415 1466 457 1488 est
476 1463 656 1497 incorporeum
671 1465 808 1499 quemdam

7 1506 170 1540 superioris
195 1507 307 1538 ordinis,
325 1509 369 1542 qui
389 1509 540 1543 adoptione,
561 1518 611 1537 non
639 1516 745 1543 natura,
772 1513 807 1538 sit
821 1521 841 1549 ρ

7 1550 94 1582 deus,
107 1550 236 1584 explicat.
252 1550 327 1579 Unde
341 1557 367 1579 et
380 1554 553 1587 postmodum
567 1554 594 1580 in
611 1554 762 1590 fragmento
776 1556 807 1583 Vl

7 1595 190 1622 invisibilem
220 1601 364 1629 naturam,
392 1599 512 1634 adeoque
531 1604 558 1627 et
584 1600 806 1634 immaterialem,

7 1641 127 1676 angelis
143 1642 238 1675 tribuit
250 1642 394 1677 Macarius,
409 1644 519 1673 dicens:
536 1647 566 1672 Et
582 1647 635 1682 γὰρ
654 1648 700 1674 καὶ
710 1648 744 1675 τὰ
758 1649 808 1684 μά-

7 1688 97 1714 λιστα
113 1688 145 1713 ὲν
162 1687 276 1723 ἀνδρείῳ
296 1690 414 1725 σχήματι
438 1691 546 1725 ἄγγελοί
571 1701 635 1719 ποτε
659 1694 807 1729 ἐφάνησαν,

7 1734 73 1761 ἀλλ’
90 1733 126 1759 οὐ
142 1733 171 1759 τὸ
183 1735 264 1767 φανὲν
279 1732 359 1770 ἦσαν,
371 1736 427 1762 ἀλλ’
439 1737 507 1772 ὅπερ
520 1736 598 1773 ἦσαν,
612 1739 725 1774 ἀόρατόν
739 1741 806 1767 ἐστι.

7 1780 37 1807 id
57 1784 105 1807 est
122 1789 130 1806 :
149 1779 211 1807 Etsi
223 1781 293 1808 enim
308 1781 425 1809 humana
439 1787 467 1809 ut
482 1783 626 1818 plurimum
648 1786 729 1818 specie
745 1785 807 1812 olim

7 1827 108 1862 angeli
122 1834 311 1861 apparuerunt,
324 1833 352 1855 at
366 1837 416 1856 non
432 1830 459 1856 itl
474 1831 558 1865 ipsum
575 1836 660 1862 erant,
673 1832 742 1866 quod
760 1841 807 1867 ap-

7 1873 148 1905 parebat;
163 1872 208 1899 sed
223 1874 292 1908 quod
305 1879 388 1907 erant,
407 1875 434 1901 id
448 1876 547 1903 uisibile
562 1884 613 1902 non
628 1881 677 1903 est.

47 1919 95 1954 2°)
120 1918 317 1946 Describuntur
334 1921 422 1956 angeli
437 1926 466 1948 ut
486 1922 643 1952 substantiae
658 1923 807 1958 intelligen~

7 1971 67 1998 tes,
92 1965 163 1991 dum
184 1964 319 1992 Macarius
342 1967 465 2001 angelum
488 1972 566 1994 vocat
586 1968 695 2004 λογικὴν
715 1969 807 1997 οὐσίαν

7 2014 34 2037 ὲν
51 2009 180 2045 οὐρανῷ,
200 2011 377 2038 substantiam
395 2013 548 2039 rationalem
568 2014 596 2040 in
612 2015 691 2046 uela;
704 2020 731 2041 ut
746 2023 805 2042 eam

7 2057 202 2090 iistingucrct
217 2060 272 2082 tum
287 2065 303 2083 a
319 2057 478 2084 substantiis
491 2058 668 2086 rationalibus
684 2060 710 2086 in
724 2065 805 2092 terra,

9 2100 182 2129 tominibus
197 2101 288 2128 anima
304 2105 332 2128 et
350 2109 463 2135 corpore
478 2103 616 2137 praeditis;
636 2109 691 2133 tum
712 2113 727 2132 a
743 2106 807 2133 sub-

7 2146 131 2174 stantiis
159 2153 226 2180 pure
249 2147 434 2174 materialibus
456 2148 512 2175 sive
535 2150 682 2183 corporeis,
707 2151 806 2185 quibus

864 235 933 263 lecto
948 236 1122 264 beatitudinis
1131 242 1201 264 statu
1217 237 1318 268 vident,
1334 236 1428 264 Matth.
1445 245 1523 269 svnt,
1543 239 1587 266 l0.
1607 238 1644 266 Ex

862 280 914 308 ista
929 285 1019 308 autem
1037 282 1209 316 simplicitate
1226 282 1350 309 essentia:
1366 287 1446 317 atque
1460 283 1645 311 innnateriali-

862 331 927 359 tate,
950 335 1004 361 qua
1027 327 1143 362 gaudent
1165 327 1264 362 angeli,
1279 332 1374 362 sponte
1398 335 1446 355 sua
1470 329 1645 363 consequitur

862 371 982 405 ipsorum
998 371 1134 407 ἁφθαρσία
1146 377 1226 406 atque
1243 372 1443 404 immortalitas,
1459 380 1540 407 quam
1557 373 1644 400 Mara-

862 416 919 444 rius
940 417 1005 451 ipsis
1019 417 1136 444 vindicat
1150 417 1192 444 bis
1209 418 1317 445 verbis:
1335 419 1393 444 Ἵνα
1414 419 1457 450 τὶς
1472 419 1525 445 τῶν
1546 421 1643 456 εὐφρο-

862 462 978 489 νούντων
993 462 1110 493 ἀκούσας
1130 463 1159 489 ὲν
1179 462 1285 498 οὐρανῷ
1305 463 1414 498 λογικὴν
1430 464 1522 491 οὐσίαν
1539 465 1577 500 τῷ
1596 466 1645 500 τῆς

862 507 1010 539 ἀθανασίας
1022 507 1092 542 λόγῳ
1107 507 1349 544 πανηγυρίζουσαν.

896 552 964 580 Cum
993 560 1056 580 vero
1083 553 1181 580 veteris
1207 552 1334 580 Ecclesia:
1361 552 1486 580 doctores
1520 553 1644 588 principii

862 599 921 626 loco
932 603 1072 633 ponerent.
1090 607 1120 625 ea
1133 607 1190 632 quae
1209 599 1314 625 initium
1328 598 1483 628 habuerunt,
1499 601 1644 626 necessario

860 645 942 677 ﬁnem
961 645 1083 671 habitura
1098 644 1336 680 (quemadmodum
1359 649 1385 671 et
1406 645 1537 672 Macarius
1553 651 1645 672 noster

863 692 891 718 in
908 691 1110 726 comparatione
1127 691 1265 717 beatorum
1281 691 1420 717 hominum
1444 692 1645 726 resurgentium

863 745 923 764 cum
940 737 1097 772 angelorum
1119 741 1189 764 statu
1212 737 1289 763 beato
1310 736 1374 762 illud
1389 737 1487 770 pariter
1499 737 1532 763 de
1549 737 1643 764 iisdem

862 782 1001 817 praedicat,
1021 783 1069 809 καὶ
1088 782 1214 817 τελευτὴν
1237 782 1334 817 μηκέτι
1359 783 1425 817 μηδὲ
1447 782 1552 816 γένεσιν
1571 783 1645 818 ἔχον-

862 837 918 859 τες,
930 828 988 862 jam
1005 836 1050 854 nec
1072 833 1157 854 ortum
1179 827 1301 854 habentes
1318 835 1364 853 nec
1387 827 1545 863 interitum),
1563 835 1644 862 atque

863 873 960 900 exinde
976 873 1143 907 colligerent,
1159 873 1269 907 angelos
1289 881 1341 899 non
1366 877 1471 904 natura,
1492 875 1537 900 sed
1559 874 1643 907 gratia

862 918 1031 945 immortales
1044 925 1104 944 esse
1118 927 1123 944 :
1145 917 1170 944 id
1186 917 1279 943 saltem
1298 917 1417 943 indicare
1429 917 1584 948 voluerunt,
1598 925 1643 944 so-

861 962 916 989 lutn
937 962 1021 989 Deum
1044 961 1262 996 iudepeudentcr,
1285 961 1416 993 absolute,
1437 966 1463 988 ct
1485 970 1516 988 ca
1539 962 1644 988 ratione

861 1007 1040 1034 immortalem
1066 1014 1146 1038 esse,
1176 1010 1205 1032 ut
1231 1006 1305 1032 nullo
1332 1006 1411 1033 modo
1438 1006 1516 1033 linem
1545 1007 1644 1034 bal'erc

861 1058 952 1088 queat,
971 1052 981 1079 Ι
1005 1052 1075 1078 Tim.
1097 1060 1134 1083 vr,
1159 1051 1210 1085 l6;
1226 1051 1335 1085 angulos
1357 1056 1445 1078 autem
1464 1059 1511 1079 Ccu
1532 1052 1643 1087 spiritus

861 1103 965 1126 creatos
979 1098 1157 1133 dependenter
1171 1102 1197 1124 et
1210 1105 1243 1123 ex
1263 1097 1398 1124 voluntate
1413 1097 1458 1124 Dei
1477 1099 1643 1126 immortales
1678 1090 1681 1093 ⁴

860 1152 929 1176 esse,
945 1145 982 1171 ita
997 1145 1116 1180 quidem,
1133 1147 1162 1170 ut
1177 1144 1238 1170 licet
1251 1148 1346 1170 natura
1364 1143 1470 1170 illorum
1493 1145 1518 1171 iu
1534 1153 1563 1171 se
1579 1153 1639 1179 spc-

861 1196 931 1218 ctata
945 1190 1109 1225 corruptioni
1129 1189 1247 1216 obnoxia
1267 1197 1319 1215 non
1334 1190 1380 1222 sit,
1400 1189 1479 1216 liuetn
1498 1195 1597 1222 tamen,
1619 1191 1642 1218 si

861 1237 931 1264 Deus
950 1237 1022 1269 velit,
1041 1237 1140 1263 habere
1159 1236 1273 1270 possint.
1293 1235 1380 1270 Atque
1401 1236 1426 1262 in
1442 1244 1474 1263 co
1494 1240 1571 1273 χάρις
1586 1237 1641 1269 illa,

860 1290 912 1316 qua
924 1281 1089 1308 immortales
1100 1281 1226 1307 dicuntur
1237 1288 1297 1306 esse
1311 1281 1410 1315 angeli,
1423 1281 1557 1314 consistit,
1570 1283 1642 1315 quod

860 1337 874 1354 ιι
893 1327 946 1354 Deo
960 1331 1168 1358 conservantur;
1183 1334 1243 1352 cum
1262 1326 1363 1361 alioqui
1379 1327 1405 1353 in
1428 1327 1552 1359 nihilum,
1572 1325 1642 1354 unde

860 1372 911 1399 orti
926 1377 998 1403 sunt,
1010 1376 1101 1399 essent
1115 1371 1236 1398 redituri.
1253 1370 1321 1398 llinc
1334 1371 1435 1399 {Encas
1449 1372 1560 1399 Gaz-telis
1574 1372 1640 1407 (‘25),

860 1418 961 1444 veritus
986 1424 1020 1443 ne
1046 1417 1098 1443 hac
1121 1416 1244 1442 doctrina
1267 1416 1463 1443 immortalitati
1486 1417 1640 1444 animorum

859 1462 982 1490 nonnihil
998 1462 1196 1492 detraheretur,
1214 1460 1376 1495 principium
1392 1462 1466 1494 illud,
1484 1470 1558 1488 autne
1573 1463 1641 1497 quod

858 1516 913 1534 esse
940 1506 1045 1541 incepit,
1067 1505 1207 1533 obnoxium
1221 1506 1340 1532 interimi
1362 1513 1427 1536 esse,
1442 1505 1474 1532 ad
1493 1505 1640 1538 planiorem

859 1562 967 1582 sensum
993 1558 1112 1585 revocat,
1130 1554 1300 1589 ostenditque
1326 1553 1444 1581 animam
1469 1554 1639 1586 rationalem,

858 1600 958 1635 pariter
969 1606 1050 1633 atque
1061 1599 1180 1633 angelos,
1198 1604 1292 1634 suapte
1306 1603 1401 1626 natura
1412 1599 1570 1625 morituram
1586 1607 1640 1626 non

857 1653 932 1672 esse:
942 1644 991 1671 llle
1004 1646 1083 1677 enim,
1097 1645 1194 1679 inquit,
1206 1645 1250 1679 qni
1264 1649 1291 1671 ut
1306 1648 1389 1671 essent
1401 1643 1512 1678 largitus
1524 1650 1572 1677 est,
1586 1645 1641 1670 aui-

859 1691 906 1717 mis
920 1691 1014 1717 nostris
1028 1690 1152 1716 concessit
1172 1698 1281 1725 quoque,
1293 1694 1321 1716 ut
1335 1698 1434 1723 semper
1447 1694 1542 1721 essent,
1556 1689 1639 1716 illud-

857 1744 904 1771 que
927 1736 1024 1762 donum
1043 1736 1100 1770 ipsa
1108 1736 1168 1769 jam
1189 1741 1285 1762 natura
1302 1740 1351 1762 est.
1369 1734 1474 1761 [labent
1494 1735 1574 1768 igitur
1591 1742 1639 1760 au-

858 1782 907 1816 gcli
922 1781 948 1808 in
967 1789 996 1809 se
1012 1781 1087 1816 ipsis,
1102 1786 1132 1808 ut
1145 1786 1171 1808 et
1184 1782 1275 1808 anima
1288 1781 1440 1813 rationalis,
1453 1789 1508 1815 quo
1526 1781 1637 1806 immor-

858 1828 924 1855 tales
940 1827 1003 1860 sint,
1019 1827 1119 1862 quippe
1138 1835 1199 1854 cum
1222 1827 1355 1862 ejusmodi
1371 1832 1494 1854 naturam
1518 1835 1532 1854 a
1548 1835 1637 1854 rerum

858 1878 968 1901 auctore
986 1873 1072 1900 sortiti
1088 1874 1141 1901 sint
1153 1873 1219 1909 (‘26).

892 1919 972 1946 Addit
991 1919 1123 1947 Macarius
1138 1920 1163 1946 in
1180 1919 1272 1946 eodem
1292 1918 1442 1954 fragmento
1456 1928 1462 1946 λ
1479 1919 1516 1945 Οὐ
1534 1919 1586 1955 μὴν
1597 1921 1636 1946 εἱ-

857 1965 938 1996 κόνας
953 1965 1062 1991 ἐκείνων
1076 1965 1205 1997 τυπώσας
1221 1965 1259 2000 τῷ
1276 1967 1402 2000 σχήματι,
1426 1973 1476 1991 non
1500 1970 1588 1991 autem
1604 1965 1638 1991 il-

857 2012 941 2037 lorum
953 2011 1077 2045 imagines
1092 2011 1209 2045 c/ﬁngens
1222 2011 1287 2044 (‘27).
1302 2013 1366 2043 Quae
1379 2011 1458 2037 verba
1475 2011 1637 2045 philosopho

857 2056 960 2088 Grteco,
976 2063 1037 2082 cum
1056 2064 1109 2090 quo
1131 2057 1181 2083 sibi
1202 2065 1244 2082 res
1258 2060 1326 2088 erat,
1342 2056 1413 2082 haud
1434 2056 1535 2083 frustra
1550 2064 1636 2091 oppo-

857 2102 911 2129 suit
930 2102 1074 2135 Macarius,
1102 2101 1166 2128 dum
1197 2101 1300 2136 angelis
1324 2107 1420 2129 natura
1449 2103 1551 2130 similes
1577 2110 1636 2129 esse

857 2149 921 2175 deos
941 2155 1007 2175 suos
1019 2146 1201 2182 jactitavcrat,
1216 2152 1245 2174 ut
1255 2147 1351 2174 exinde
1361 2147 1463 2174 cultum
1477 2148 1634 2175 eorumtlcm

7 2194 51 2220 ris
72 2191 228 2226 cogitandi,
242 2192 406 2228 intelligendi
426 2198 507 2228 atque
525 2194 704 2223 ratiocinandi
726 2197 804 2223 attri-
823 2187 844 2214 Ῐ)
857 2194 977 2221 divinum
1001 2193 1082 2221 veluti
1095 2193 1170 2228 justo
1191 2193 1306 2227 quodam
1331 2193 1408 2219 titulo
1425 2194 1536 2220 delinire
1556 2202 1636 2228 posse

7 2239 55 2266 ιιιί
79 2237 191 2271 nequit.

45 2283 184 2317 Denique
202 2283 242 2314 5ο)
261 2284 452 2311 describuntur
478 2284 564 2319 angeli
588 2290 618 2312 ut
646 2285 805 2314 substantiae

7 2337 102 2359 scala:
116 2333 200 2363 atque
221 2331 248 2356 in
262 2331 395 2364 spirituali
418 2338 466 2357 sua
483 2336 578 2358 natura
593 2336 620 2358 et
641 2332 805 2365 perfectione

7 2375 126 2404 :qelesti
147 2375 236 2402 liberaI
259 2376 293 2403 ab
312 2376 386 2402 omni
406 2376 564 2408 mutatione,
585 2377 758 2412 corruptione
776 2382 804 2405 et

7 2421 199 2450 nortalitate.
215 2420 264 2448 Hic
283 2421 356 2448 enim
370 2425 429 2448 erat
445 2428 543 2455 scopus
556 2422 733 2456 expositionis
751 2422 804 2450 Ma-

7 2469 149 2498 :arianw,
169 2466 241 2500 quod
261 2474 293 2493 ex
315 2467 438 2501 exemplo
461 2467 628 2501 angelorum,
643 2467 696 2495 τῶν
715 2477 803 2503 μακα-

7 2516 83 2541 ιέων
101 2512 255 2547 δυνάμεων,
272 2513 391 2539 indicare
410 2513 526 2539 voluerit
545 2513 736 2540 beatitudinem
758 2522 804 2541 e0-

13 2568 74 2586 um
107 2558 263 2590 hominum,
289 2558 387 2593 quibus
413 2559 532 2585 caelestis
557 2559 630 2593 regio
657 2559 804 2587 habitanda

7 2605 127 2640 .btigit,
156 2604 257 2639 quique
285 2604 313 2631 in
341 2604 469 2640 angeliete
492 2605 555 2632 vita),
584 2605 804 2632 communionem

41 2681 113 2716 (25)
137 2679 165 2707 In
181 2681 289 2715 dialogo
302 2681 406 2708 erudito
424 2681 461 2708 De
477 2683 623 2708 animorum
644 2683 803 2710 immortali-

7 2724 64 2744 ηιρ
79 2722 106 2742 et
128 2717 315 2751 resurrectione
326 2716 453 2751 corporis.

39 2751 113 2786 (‘26)
135 2750 214 2777 Cont'.
229 2750 309 2777 Mielt.
325 2750 462 2786 Lequienii
475 2756 545 2778 none
558 2752 590 2778 ad
605 2751 802 2779 Damascenum

7 2788 43 2814 )e
79 2786 135 2822 ﬁde
160 2786 315 2822 orthodoxa,
332 2786 427 2822 libuit,
446 2794 506 2821 cap.
523 2787 550 2819 5,
565 2795 590 2821 p.
606 2787 667 2819 156,
684 2788 803 2822 itemque

7 2821 157 2853 tenvius,
176 2820 226 2848 loc.
243 2821 300 2854 cit.,
318 2829 343 2855 p.
367 2821 411 2854 l8,
429 2820 608 2849 ubi’nomina
632 2820 802 2850 mortalis'et

856 2239 1001 2266 rideretur.
1022 2238 1108 2272 Quam
1135 2239 1329 2265 idololatricam
1355 2239 1509 2273 opinionem
1539 2240 1634 2267 ιιιυΓίιο

855 2285 966 2312 damnat
982 2285 1125 2316 Macarius,
1140 2284 1250 2317 addens,
1265 2285 1302 2316 ὡς
1318 2285 1369 2320 φὴς
1383 2285 1470 2316 αὑτός,
1485 2290 1513 2311 ut
1525 2290 1551 2311 tu
1564 2286 1636 2320 (phi-

856 2331 996 2367 losophus)
1011 2332 1064 2366 ipse
1082 2333 1132 2363 ais,
1145 2331 1190 2366 qui
1209 2331 1311 2358 scilicet
1328 2331 1472 2358 simulacra
1492 2336 1517 2357 et
1533 2335 1634 2359 statuas

855 2382 881 2404 et
893 2377 1029 2412 imagines
1039 2377 1150 2403 deorum
1166 2375 1197 2402 ad
1213 2375 1422 2402 abominandum
1436 2375 1536 2402 cultum
1552 2383 1634 2410 espo-

855 2424 907 2452 nis.
927 2423 1012 2456 Quam
1024 2423 1050 2449 in
1064 2422 1165 2450 rem-de
1179 2421 1392 2456 apparitionibus
1403 2421 1558 2456 angelorum
1575 2425 1634 2448 sta-

855 2470 902 2496 tim
924 2470 1064 2504 sequentia
1087 2469 1244 2503 subjungit:
1267 2468 1297 2494 Εἰ
1321 2468 1373 2503 γὰρ
1392 2469 1438 2495 καὶ
1458 2468 1493 2494 τὰ
1517 2467 1633 2503 μάλιστα

855 2516 883 2542 ἐν
899 2515 1012 2552 ἀνδρείῳ
1029 2516 1146 2550 σχήματι
1163 2513 1271 2548 ἄγγελοί
1287 2522 1351 2540 ποτε
1367 2515 1514 2549 ἐφάνησαν,
1531 2513 1586 2539 ἀλλ’
1601 2512 1632 2538 οὗ

854 2560 884 2586 τὸ
895 2561 976 2594 φανὲν
991 2557 1069 2594 ἦσαν,
1083 2559 1138 2587 ἀλλ’
1153 2556 1307 2594 ὅπερ-ἦσαν,
1325 2558 1437 2593 ἀόρατόν
1450 2559 1515 2584 ἐστι.
1532 2557 1557 2583 III
1571 2562 1611 2584 est
1623 2564 1631 2583 :

856 2606 914 2632 Etsi
925 2606 993 2631 enim
1016 2605 1129 2632 humana
1153 2609 1181 2631 ut
1195 2604 1338 2639 plurimum
1359 2605 1440 2639 specie
1464 2603 1525 2630 olim
1546 2602 1632 2638 angeli

853 2681 1011 2723 irrationalis
1034 2681 1130 2716 triplici
1155 2689 1235 2709 sensu
1258 2690 1273 2709 a
1294 2681 1423 2709 Patribus
1438 2681 1523 2716 accipi
1540 2686 1635 2709 osten-.

853 2719 945 2786 (mli?)
962 2751 1040 2784 Quod
1052 2750 1218 2785 Nicephorus
1234 2751 1386 2786 patriarcha
1403 2750 1456 2778 (ΖΡ.
1473 2752 1506 2779 ad
1517 2751 1630 2779 vetitum

855 2788 986 2814 idolorum
1003 2786 1143 2822 gentilium
1157 2787 1260 2814 cultum
1274 2786 1421 2822 restringit.
