1848 3043
264 115 335 143 1595

898 113 1075 142 MACAHIUS
1092 113 1240 142 MAGNES.
1742 117 1773 144 liii

262 176 451 206 apparuerunt,
467 176 493 197 at
505 179 556 197 non
569 171 596 197 id
608 172 695 203 ipsum
706 177 792 205 erant,
807 173 876 207 quod
893 173 1053 207 apparebat;
1064 176 1087 203 Α
1103 160 1218 208 tumque
1228 174 1348 208 ipsorum
1360 172 1481 200 divinant
1495 191 1502 198 .
1517 191 1523 196 .
1537 191 1545 198 .
1555 191 1561 197 .
1574 171 1686 206 improbat,
1696 174 1773 204 ἰιιεοιτι.

261 218 307 244 sed
317 218 386 252 quod
399 222 485 249 erant,
499 217 527 243 id
541 217 642 244 uisibile
657 225 710 244 non
723 223 790 244 erat.

296 264 369 297 Quin
380 269 406 291 et
420 264 515 298 paucis
528 263 676 299 interjectis
690 265 851 293 sententiam
871 273 960 298 suam,
974 266 1047 301 quod

260 310 347 344 angeli
359 309 462 337 sanctis
473 309 631 338 hominibus
642 310 798 345 neutiquam
814 311 846 337 ad
861 311 1046 338 adorationem

260 355 390 390 propositi
416 355 481 387 sint,
505 355 620 383 ulterius
643 356 786 383 conﬁrmat
812 356 935 391 exemplo
957 356 1045 384 Abra-

260 401 343 434 hami,
360 402 407 436 qui
424 401 535 435 angelos
547 401 599 436 ipsi
612 401 686 430 visos
701 401 776 429 nullo
788 401 957 429 idololatrico
970 402 1045 429 cultu

257 447 374 482 excepit.
392 446 540 481 Postquam
554 447 627 474 enim
640 447 819 482 quaestionem
839 446 872 474 de
888 447 1044 475 Abrahamo

259 498 285 522 et
301 494 405 529 angelis
419 493 454 523 ab
474 501 507 520 eo
527 493 593 521 visis
612 494 771 528 agitaverat,
788 493 862 521 hunc
882 493 911 520 in
934 495 1042 522 modum

257 540 409 567 orationem
422 539 560 566 concludit
569 539 704 567 Macarius
715 539 742 566 in
755 540 906 575 fragmento
913 539 975 566 Vll:
988 540 1043 567 Kal.

256 585 358 612 τούτων
365 585 517 622 γενομένων
524 585 616 619 σαφῶς
627 585 695 613 κατὰ
704 585 842 621 ἀλήθειαν,
849 586 903 612 τῶν
908 586 1043 620 ὀφθέντων

256 633 271 658 ὁ
293 631 419 670 Ἀϐραὰμ
439 632 468 658 οὐ
493 633 573 657 τυποῖ
593 631 642 666 τὴν
665 631 824 667 ἐμφάνειαν,
846 631 905 658 οὐδὲ
924 632 1042 667 ἐμφερὲς

257 677 367 712 ἄγαλμα
384 676 448 709 ξέει,
466 677 483 712 ἢ
501 677 601 712 γράφει
616 676 654 712 τῷ
668 677 761 704 πίνακι
776 678 804 704 ὲν
823 678 913 709 αὐτοῖς
935 677 1042 712 βλέπειν

255 723 319 753 τοὺς
340 722 508 754 ξενισθέντας
525 723 657 757 νομίζωψ
678 723 708 749 οὐ
733 723 785 758 γὰρ
804 721 838 758 ἦν
860 724 941 755 εἰκὸς,
967 723 1041 758 φίλον

255 766 319 793 ὄντα
328 766 375 793 τοῦ
387 766 454 793 Θεοῦ
466 767 512 793 τὸν
523 767 693 802 πατριάρχην
703 768 734 802 τῇ
746 767 799 794 τῶν
809 768 868 794 κατ’
882 768 970 794 ἐκεῖνο
982 776 1041 794 και-

257 811 305 849 ροῦ
323 812 588 848 δεισιδαιμονούντων
603 812 752 848 ἀνθρώπων
776 813 926 847 ὑπάγεσθαι
941 814 1039 850 πλάνῃ,

1101 222 1188 251 satur,
1206 218 1279 253 quod
1294 218 1328 245 ab
1342 218 1437 253 angelo
1453 217 1580 244 auxilium
1591 221 1774 253 exspectandum»

1099 271 1191 298 neque
1208 251 1317 292 virtutis
1338 251 1531 291 beatitudinem
1548 251 1664 299 petendam
1678 273 1719 294 esse
1727 251 1773 302 neget;
1789 251 1790 274 ά

1097 310 1169 344 quod
1181 317 1214 337 ex
1228 317 1261 337 eo
1282 310 1449 338 demonstrat
1465 309 1602 343 Macarius,
1613 311 1670 345 quod
1679 319 1715 338 non
1725 313 1774 340 siin.

1097 360 1158 382 tura
1170 354 1253 388 Deus,
1265 355 1311 382 sed
1326 359 1429 383 tantum
1445 362 1479 382 ex
1494 355 1576 389 gratia
1585 359 1608 383 et
1618 356 1722 390 adoptione
1729 366 1774 392 quia

1095 401 1157 428 dam
1172 401 1271 428 habeat
1283 401 1434 428 divinitatis
1442 400 1641 434 similitudinem,
1651 410 1708 437 quam
1717 404 1774 439 elegant

1095 447 1186 482 aliqua
1199 447 1404 481 comparatione
1418 447 1454 474 ita
1470 447 1582 474 illustrat
1594 447 1655 482 (τως
1668 449 1721 474 Ὅθεν
1734 451 1742 475 ὀ
1753 452 1773 484 μὲ.

1094 493 1139 519 τὸν
1163 492 1242 527 φύσει
1264 492 1330 519 Θεὸν
1353 492 1524 528 προσκυνῶν,
1547 492 1704 528 μακαρίζετιιν
1718 494 1776 521 ii‘srli

1095 537 1168 564 θέσει
1180 558 1187 570 ,
1203 537 1287 564 πολλά
1312 537 1513 573 διασφάλλεται,
1531 539 1557 564 ὲν
1579 538 1612 573 τῷ
1633 538 1699 566 σέϐειν
1710 539 1776 565 litim

1094 584 1282 619 καρπούμενος
1293 584 1397 619 ὄφελος.
1414 585 1457 617 Ὠς
1465 584 1519 620 γὰρ
1533 585 1546 610 ὁ
1559 584 1648 619 θέρμης
1657 585 1721 612 ἕνεκεν
1728 586 1745 611 τὸ
1752 586 1778 619 πζρ

1093 630 1281 665 ἀσπαζόμενος
1295 631 1342 656 καὶ
1367 629 1543 666 θερμαίνεται
1562 630 1620 666 παρ’
1639 631 1713 662 αὑτοῦ,
1728 633 1752 656 11':
1760 633 1777 666 τῷ

1093 676 1188 710 φέγγει
1198 675 1393 713 λαμπρύνεται·
1407 678 1422 702 ὁ
1434 676 1462 702 δὲ
1471 675 1539 711 ὓλην
1549 676 1578 702 ἐκ
1593 676 1670 711 πυρὸς,
1679 677 1691 711 ἦ
1701 676 1778 711 χιλιωλῇ

1093 722 1213 758 σιδήρου,
1227 722 1316 758 ζητῶν
1331 723 1371 755 εἰς
1384 722 1550 759 θερμότητα,
1562 723 1705 758 διαμαρτάνει
1713 723 1741 749 τοῦ
1750 731 1778 748 ro-

1092 767 1143 794 ποῧ
1153 776 1160 782 ·
1173 768 1241 804 πρὸς
1253 767 1343 802 ὀλίγον
1359 768 1413 804 γὰρ
1424 769 1441 803 ἡ
1453 768 1502 804 ὕλη
1517 768 1658 803 ψευσαμένη
1671 768 1705 803 τὴν
1714 769 1780 801 ginis",-

1091 813 1139 849 τὴν
1160 814 1262 841 οἰκείαν
1283 815 1332 850 τῆς
1355 814 1447 846 οὐσίας
1469 814 1546 850 λῆξιν
1568 815 1688 849 ὑποχωρεῖ,
1700 814 1750 848 μηὸὲι
1759 814 1779 839 r14

255 858 318 894 ἄρτι
336 859 427 894 σχεδὸν
441 858 650 894 ἀνακυπτούσης
660 859 707 894 τῆς
721 859 774 885 τῶν
789 860 953 894 ἀγαλμάτων
968 859 1041 895 ίδρύ-
1057 852 1078 879 Β
1091 860 1186 895 ἔχοντα
1203 861 1304 896 ταύτην
1323 862 1351 887 ὲν
1371 860 1484 897 θερμοῖς
1505 859 1668 896 ὡφελήσασα,
1687 859 1731 895 μηδὲ
1743 860 1781 887 diu

257 913 335 936 σεως.
350 903 378 932 ιιι
390 909 431 932 est
444 914 450 932 :
464 904 514 933 His
528 905 658 932 evidenter
667 909 692 931 et
707 912 793 932 revera
807 906 940 940 perfectis,
954 905 1040 932 Abra-

257 951 350 980 hamus
365 959 464 984 eorum,
481 951 526 988 qui
543 951 593 978 visi
606 955 691 983 erant,
708 959 753 978 nec
773 952 883 986 speciem
903 951 1038 985 exprimit,

255 1006 301 1025 uec
316 997 489 1024 simulacrum
501 997 608 1032 sculpit,
625 1005 671 1024 nec
683 998 823 1032 imaginem
835 998 863 1024 in
878 997 974 1025 tabella
984 998 1040 1032 pin-

254 1043 302 1082 git,
314 1047 409 1076 putans
422 1051 448 1070 se
462 1043 490 1070 in
505 1042 544 1069 his
557 1051 610 1073 eos,
619 1051 682 1078 quos
694 1043 806 1078 haspitio
819 1044 930 1078 excepit,
943 1044 1039 1071 intueri

253 1094 409 1124 praesentes;
424 1089 518 1124 quippe
531 1097 577 1116 nec
590 1088 696 1115 decebat
709 1089 888 1122 patriarcham
906 1089 959 1116 Deo
970 1090 1038 1116 ami-

253 1143 312 1164 cum
328 1135 462 1162 hominum
480 1134 526 1161 illo
541 1139 654 1169 tempore
671 1134 875 1162 idololatrarum
887 1136 972 1162 errori
988 1137 1038 1162 ad-

251 1181 353 1208 dictum
369 1188 435 1213 esse,
448 1181 554 1207 ineunte
569 1181 622 1215 fere
643 1180 797 1208 idololatria
813 1182 865 1208 sive
879 1181 1037 1208 simulacro-

251 1235 313 1253 rum
333 1226 515 1262 erigendorum
530 1226 696 1262 fuadatione.
714 1226 802 1262 llujus
822 1227 931 1262 quidem
952 1227 1038 1255 histo-

252 1273 300 1300 ria:
317 1272 426 1300 Eusebii
444 1272 622 1300 Caesariensis
636 1277 715 1300 astate
732 1273 839 1310 publica
854 1274 977 1308 quaedam
990 1281 1037 1301 ex-

251 1317 322 1346 stitit
343 1318 442 1352 imago,
456 1317 502 1345 sed
525 1325 579 1344 non
600 1318 634 1345 ad
659 1319 761 1346 cultum
785 1326 817 1346 ac
836 1319 1036 1346 venerationem

251 1363 385 1398 exposita,
399 1371 481 1398 quam
498 1363 536 1391 ita
553 1369 752 1393 commemorat
767 1364 823 1398 ipse
840 1363 974 1392 Eusebius
986 1365 1037 1392 De—

251 1410 449 1439 monstrationis
462 1418 553 1447 euang.
570 1411 618 1438 lib.
632 1418 659 1442 v,
680 1418 739 1445 cap.
754 1410 780 1442 9,
804 1415 833 1437 ut
852 1410 951 1438 exinde
973 1419 1036 1446 pro-

251 1455 305 1487 bct,
322 1454 463 1487 Dominum
479 1464 510 1483 ac
524 1456 693 1483 Salvatorem
709 1461 831 1486 nostrum
854 1456 972 1483 medium
994 1457 1035 1484 in-

251 1506 291 1530 ter
303 1501 371 1531 istos
383 1505 438 1529 tres
453 1501 574 1536 hospites
588 1501 734 1528 Abrahami
750 1501 844 1533 fuisse,
863 1502 908 1536 qui
923 1509 956 1529 eo
968 1507 1035 1529 tent-

250 1555 315 1582 pore
331 1547 437 1582 pictatis
451 1548 554 1575 semina
571 1548 606 1578 ad
622 1548 749 1576 homines
760 1548 875 1582 jaciens,
888 1549 1034 1576 humanam
1049 1535 1070 1563 θ

250 1592 366 1626 speciem
384 1600 416 1619 ac
432 1593 546 1627 ﬁguram
563 1593 685 1625 indutus,
699 1592 746 1621 Dei
759 1594 847 1621 amico
863 1598 945 1629 atque
966 1594 1036 1621 anti-

250 1646 306 1673 quo
321 1638 390 1673 patri
406 1638 522 1665 Abrahae
536 1646 566 1665 se
583 1639 684 1673 ipsum,
699 1640 825 1673 quisnam
841 1645 922 1673 esset,
943 1644 1035 1667 osten-

250 1682 330 1714 derit,
342 1681 485 1717 Patrisque
499 1683 542 1710 sui
557 1682 696 1710 tradiderit
713 1683 887 1711 sententiam.
899 1683 937 1711 Eo
952 1684 1035 1720 igitur

251 1728 368 1755 consilio
395 1727 527 1763 imagines
553 1728 710 1762 angelorum
739 1728 952 1764 haudquaquam
980 1730 1032 1757 ulla

253 1772 343 1808 specie
358 1771 523 1808 ellingendas
534 1773 620 1800 voluit
633 1772 768 1803 Macarius
785 1780 886 1807 noster,
900 1783 933 1802 ne
945 1777 1032 1803 errori

251 1818 420 1845 idololatrico
436 1826 502 1846 ansa
518 1819 629 1846 daretur
646 1828 693 1854 per
711 1820 813 1848 cultum
836 1821 994 1857 imaginum.

285 1863 357 1890 idem
387 1870 475 1894 tamen
495 1864 630 1895 Macarius
655 1865 771 1901 Magnes
790 1866 817 1895 in
844 1866 1031 1902 fragmentoX

250 1907 312 1937 libri
337 1909 540 1947 Ἀποκριτικῶν
553 1910 697 1945 imaginem
709 1912 855 1950 quamdam
877 1913 903 1939 in
928 1921 1031 1942 memo-

250 1953 319 1980 riam
331 1954 404 1982 illius
419 1955 544 1983 miraculi
561 1956 675 1985 ellictatn
692 1957 854 1991 celebravit,
872 1959 945 1993 quod
968 1959 1031 1986 Ser-

249 2005 327 2028 vator
340 2004 433 2030 noster
444 2000 471 2029 in
482 2002 594 2029 muliere
609 2002 815 2030 haemorrhousa
830 2003 921 2031 divina
932 2004 1031 2036 v.irtut_e

249 2048 419 2078 patraverat;
434 2052 515 2079 quam
532 2049 660 2079 statuam,
680 2046 782 2074 Christi
795 2048 941 2084 imaginem
954 2049 1030 2076 exhi-

248 2089 368 2122 bentem,
389 2090 479 2122 adhuc
503 2098 552 2118 sua
567 2095 648 2118 aetate
663 2091 689 2119 in
713 2091 909 2127 Mesopotamia
926 2094 1028 2121 salvam

247 2134 465 2170 incolumemque
475 2135 615 2164 exstitisse
627 2141 741 2168 testatur
757 2137 800 2165 his
815 2138 924 2166 verbis:
943 2138 1028 2166 Αὑτοῦ

246 2179 301 2215 γὰρ
319 2178 366 2206 τοῦ
387 2179 554 2215 πραχθέντος
574 2181 591 2217 ὴ
612 2180 680 2217 γυνὴ
704 2181 752 2216 τὴν
777 2182 896 2218 ἱστορίαν
922 2184 1028 2218 σεμνῶς

247 2225 475 2260 ἀποχαλκεύσασα
491 2226 529 2261 τῷ
545 2226 594 2262 βίῳ
604 2227 770 2262 παρέδωκεν,
785 2227 822 2259 ὡς
839 2228 902 2264 ἄρτι
915 2227 1028 2265 τοῦργον

247 2271 401 2310 γενόμενον,
418 2272 448 2299 οὺ
461 2271 553 2299 πάλαι.
566 2271 593 2299 id
604 2278 661 2300 est:
674 2272 762 2306 Ipsius
776 2274 870 2308 quippe
884 2275 1028 2309 faeti‘ima~

246 2317 333 2352 ginem
345 2317 439 2345 mulier
453 2317 584 2347 memoriw
596 2317 705 2344 tradidit
713 2327 763 2346 tere
772 2327 933 2354 expressam,
946 2325 974 2346 ut
987 2329 1027 2350 res

247 2354 298 2389 non
310 2361 374 2389 olim
388 2362 476 2396 facta,
491 2362 535 2389 sed
550 2362 625 2388 hodie
636 2363 694 2397 fieri
704 2364 832 2394 videatur.
849 2364 888 2391 Ex
900 2366 1027 2394 omnibus

246 2407 419 2442 antiquitatis
433 2408 562 2442 exemplis
584 2409 821 2442 expressissimum
846 2411 912 2438 illud
938 2417 980 2439 est
1001 2417 1028 2440 et

247 2453 365 2484 maxime
381 2453 484 2480 illustre
496 2461 633 2481 sacrarum
647 2454 794 2490 imaginum
808 2462 1025 2490 monumentum,

245 2499 319 2534 quod
335 2499 469 2526 Eusebius
479 2499 654 2529 Caesariensis
665 2501 765 2535 pariter
775 2501 898 2536 pluribus
909 2502 1027 2530 circum-

245 2545 352 2574 stantiis
367 2550 493 2572 ornatum
512 2545 620 2577 retulit,
640 2549 667 2572 et
682 2546 716 2572 ad
737 2555 785 2577 sua
805 2547 886 2574 etiam
904 2552 1024 2582 tempora

245 2591 443 2624 permansisse,
462 2595 542 2624 atque
561 2591 646 2619 oculis
668 2592 725 2619 suis
741 2599 917 2628 conspectum
942 2593 1025 2621 fuisse

246 2636 330 2665 tradit
341 2637 412 2665 libro
426 2645 462 2663 vn
480 2636 607 2666 Historia:
627 2637 820 2671 ecclesiasticw,
835 2647 895 2674 cap.
910 2639 954 2667 18.

281 2680 411 2709 Ultimum
423 2683 550 2717 denique,
569 2683 642 2717 quod
655 2683 727 2719 circa
740 2684 891 2711 doctrinam
916 2684 1024 2720 Magne—

247 2726 281 2754 tis
295 2728 382 2754 nostri
396 2727 430 2754 de
444 2728 546 2763 angelis
556 2728 645 2756 adhuc
658 2729 858 2757 observandum
873 2730 955 2764 venit,
966 2731 1023 2764 cul-

281 2816 334 2854 t23)
351 2817 379 2846 1n
391 2816 540 2854 fragmento
556 2820 578 2846 ll
590 2819 679 2856 opcris
692 2819 845 2849 Macariani.

1089 905 1163 941 αὐτῷ
1195 906 1320 942 λαμπρὸν
1345 906 1533 941 ὲπαρκέσασα.
1564 905 1645 936 Οὕτως
1664 906 1675 932 ὁ
1692 905 1780 940 ﬁci-vlim;

1088 952 1207 988 ἀκράτου
1230 952 1330 988 ἀρετῆς
1358 952 1449 979 λαϐεῖν
1475 952 1660 988 μακαριότητα,
1684 950 1734 985 παρὰ
1749 949 1781 976 9e)

1088 997 1189 1032 ταύτην
1204 997 1250 1024 τοῦ
1264 997 1334 1024 κατὰ
1356 997 1436 1032 φύσιν
1452 997 1537 1024 αῑτῶν
1547 1016 1554 1029 ,
1568 997 1596 1023 οὺ
1613 996 1734 1029 σφάλλεται·
1745 995 1781 1027 περὶ

1088 1041 1116 1067 δὲ
1130 1041 1255 1076 ἀγγέλου,
1271 1042 1287 1077 ἢ
1302 1042 1373 1074 τινὸς
1388 1042 1535 1077 ἀσωμάτου
1547 1040 1670 1075 τάγματος
1688 1039 1781 1073 hvmanis

1088 1086 1151 1114 θεοῦ
1166 1087 1215 1123 τὴν
1231 1087 1305 1114 θέσιν
1317 1088 1348 1113 οὐ
1368 1087 1416 1122 τὴν
1437 1086 1521 1121 φύσιν
1535 1085 1690 1121 ὑπάρχοντος,
1703 1083 1781 1119 upon:

1089 1133 1223 1168 μεγάλως,
1239 1133 1329 1160 λαϐεῖν
1345 1132 1438 1164 θέλων,
1454 1133 1522 1168 ὅπερ
1535 1133 1593 1164 δοὺς
1606 1132 1618 1158 ὁ
1632 1131 1783 1166 κτησάμενιςτθ-

1090 1179 1217 1215 μνητεύει
1237 1179 1286 1215 τῆς
1302 1178 1422 1214 χάριτος.
1440 1178 1468 1206 ld
1483 1183 1544 1206 est:
1559 1178 1644 1213 Itaque
1652 1176 1784 1203 beatus/tuum

1088 1225 1122 1256 is,
1140 1225 1186 1260 qui
1197 1225 1292 1252 adorat
1308 1224 1394 1257 illum,
1406 1224 1451 1259 qui
1468 1230 1566 1250 natura
1582 1223 1643 1250 Deus
1656 1227 1701 1253 est;
1712 1222 1784 1249 ἱδειιιις

1087 1271 1132 1305 qui
1149 1269 1300 1304 adoptivum
1322 1269 1396 1301 colit,
1408 1269 1522 1296 multum
1533 1268 1642 1303 fallitur,
1655 1272 1674 1294 et
1686 1267 1760 1300 {ructu
1770 1271 1784 1289 α

1087 1325 1116 1343 eo
1135 1315 1210 1342 cultu
1239 1323 1290 1342 non
1314 1315 1472 1341 diuturnum
1495 1315 1614 1350 percipit.
1642 1310 1785 1345 Quarundam:

1086 1363 1155 1390 enim
1166 1363 1200 1395 is,
1219 1361 1264 1396 qui
1277 1360 1375 1388 caloris
1396 1369 1479 1387 causa
1496 1361 1579 1396 ignem
1595 1360 1669 1393 ipsum
1680 1356 1785 1391 amplectitur,

1087 1405 1195 1432 calescit
1219 1407 1252 1432 ab
1279 1413 1309 1432 eo
1324 1404 1424 1437 simul,
1449 1409 1475 1432 et
1492 1405 1551 1439 ejus
1565 1403 1657 1439 fulgore
1676 1402 1784 1429 illuminant;

1086 1452 1130 1486 qui
1142 1459 1200 1478 vero
1211 1451 1351 1477 materiam
1363 1450 1394 1477 ab
1407 1451 1467 1485 igne
1491 1451 1653 1485 calefactum,
1670 1450 1710 1476 sive
1721 1446 1787 1476 αινείτ

1087 1498 1196 1531 ferrum,
1209 1497 1244 1524 ad
1259 1498 1440 1524 culescendum
1457 1499 1564 1532 quaerit,
1587 1498 1608 1523 is
1623 1504 1708 1531 ascopa
1720 1494 1785 1521 t1me:

1087 1544 1214 1578 siquidem
1225 1552 1255 1570 ea
1269 1544 1381 1570 materia
1396 1543 1429 1570 ad
1445 1543 1521 1570 breve
1542 1548 1636 1577 tempus
1655 1539 1786 1572 naturam,“

1086 1591 1195 1616 mentita
1212 1590 1245 1617 ad
1260 1591 1395 1624 propriam
1409 1590 1569 1617 substantite
1580 1594 1688 1616 naturam
1699 1586 1786 1617 redit,tm

1085 1641 1183 1667 autem,
1200 1636 1245 1670 qui
1260 1636 1346 1669 ipsam
1358 1635 1445 1668 habet,
1458 1635 1548 1662 calore
1562 1644 1608 1662 suo
1627 1634 1684 1661 nihil
1697 1633 1755 1667 jnrat.
1768 1636 1788 1653 At:

1085 1681 1213 1716 fulgorem
1224 1682 1247 1708 ei
1263 1681 1365 1708 clarum
1377 1680 1538 1714 suppeditat.
1562 1680 1604 1707 Ita
1617 1680 1656 1715 qui
1676 1676 1787 1705 raratirllm

1084 1727 1275 1754 beatitudinem
1297 1727 1413 1761 accipere
1428 1726 1494 1759 vult,
1520 1735 1579 1754 eam
1599 1726 1629 1752 ab
1642 1733 1680 1756 eo,
1691 1723 1725 1758 qui
1739 1726 1790 1747 num

1083 1773 1154 1800 Deus
1167 1779 1216 1806 est,
1231 1773 1254 1800 si
1268 1777 1350 1807 petat,
1364 1780 1413 1799 non
1425 1772 1501 1799 lwdit
1516 1781 1543 1800 se
1555 1772 1654 1806 ipsum;
1666 1769 1692 1795 ab
1702 1766 1790 1801 argileti»

1084 1825 1134 1847 tem
1145 1824 1244 1855 petens,
1258 1819 1297 1846 vel
1314 1819 1346 1846 ab
1361 1819 1449 1854 aliquo
1464 1819 1618 1854 incorporeo
1630 1814 1741 1850 superiori:
1753 1810 1790 1837 arti

1081 1867 1134 1898 nis,
1156 1866 1200 1901 qui
1223 1865 1379 1900 adoptione,
1404 1873 1456 1892 non
1473 1871 1585 1896 natura,
1602 1860 1789 1892 rimandum"

1082 1920 1159 1947 grave
1173 1911 1268 1946 accipit
1279 1932 1287 1944 ,
1305 1912 1421 1946 accipere
1443 1912 1471 1938 id
1485 1911 1586 1944 volens,
1608 1909 1670 1944 quod
1682 1908 1701 1934 si
1711 1904 1790 1932 dedth

1081 1959 1125 1993 qui
1137 1958 1269 1993 possidet,
1285 1966 1312 1985 se
1327 1958 1413 1993 ipsum
1429 1959 1527 1985 virtute
1535 1957 1628 1993 spoliet
1645 1960 1726 1982 necesse
1735 1956 1764 1977 ett.

1099 2015 1113 2051 §
1129 2014 1200 2042 XVI.
1218 2015 1347 2045 Doctrina
1362 2015 1493 2050 Magnetis
1512 2016 1545 2042 de
1562 2015 1683 2042 creatione
1695 2017 1714 2039 et
1724 2015 1782 2037 ευμεν-

1255 2051 1357 2077 vatione
1372 2058 1513 2084 corporum
1538 2050 1682 2077 ca’lestium.

1115 2095 1235 2131 Corpora
1250 2096 1369 2123 cmlestia
1386 2103 1402 2122 a
1414 2095 1469 2123 Deo
1481 2100 1576 2126 creata
1590 2094 1680 2123 exinde
1689 2091 1790 2120 ἀθωῡηειηε

1080 2141 1225 2173 Macarius,
1243 2140 1316 2177 quod
1339 2140 1410 2168 Deus
1431 2140 1529 2168 eadem
1549 2149 1568 2169 e
1591 2140 1657 2168 caelo
1679 2134 1788 2172 δυερεηδετιιν

1044 2207 1066 2233 D
1080 2194 1245 2221 cursumque
1259 2186 1380 2221 ipsorum
1395 2190 1422 2213 et
1434 2186 1604 2214 mutationes
1614 2194 1644 2213 ex
1655 2179 1790 2233 propriattillnf'

1080 2236 1136 2260 tate
1150 2232 1277 2262 inﬂectat.
1292 2231 1352 2265 Quo
1361 2236 1484 2266 spectant
1499 2232 1560 2259 haec
1570 2232 1647 2258 verba
1655 2221 1788 2264 fragment”:

1078 2277 1138 2304 Κᾶν
1155 2276 1251 2305 θέωσιν
1264 2277 1378 2313 ἀστέρες
1397 2278 1442 2303 καὶ
1465 2277 1602 2318 τρέχουσιν
1622 2277 1718 2310 ᾰηιρι,

1080 2323 1117 2359 μὴ
1139 2323 1299 2358 θειάξωμεν.
1330 2324 1373 2355 Ὡς
1399 2324 1453 2359 γὰρ
1475 2317 1625 2358 τρέχοντας
1651 2322 1729 2349 inme;
1744 2314 1788 2341 illi“

1078 2369 1272 2403 ἐστεφάνωσεν,
1288 2368 1355 2394 ἀλλὰ
1369 2368 1414 2395 τὸν
1429 2369 1552 2404 ἐλατῆρα
1569 2368 1666 2395 τούτων
1678 2365 1714 2392 καὶ
1727 2361 1789 2397 ﬂii-91’"

1077 2414 1164 2447 οὓτως
1177 2415 1228 2441 οὐκ
1242 2414 1362 2450 ἄστροις,
1378 2414 1445 2441 ἀλλά
1461 2415 1532 2450 Θεῷ,
1547 2416 1579 2442 τὸ
1591 2415 1665 2445 σὲσας
1680 2409 1788 2446 γνησέωέτῖ·

1079 2461 1205 2496 ρήσωμεν
1224 2460 1263 2496 τῷ
1285 2461 1394 2492 τούτους
1409 2460 1551 2495 sartum.
1567 2462 1597 2488 Id
1621 2466 1673 2487 est:
1693 2450 1789 2484 Νειειῖδίί

1077 2507 1159 2541 ipsas,
1171 2507 1220 2533 etsi
1236 2506 1291 2534 illa:
1301 2511 1410 2535 currunt
1433 2511 1458 2534 et
1477 2512 1608 2534 aternum
1627 2506 1742 2533 volvunt".
1758 2503 1788 2522 ω’

1076 2561 1154 2585 quam
1174 2552 1234 2579 deos
1254 2560 1413 2580 veneremur.
1436 2552 1509 2579 Nam
1544 2549 1737 2588 quemadmodum
1749 2547 1789 2576 ei“

1076 2604 1208 2625 currentes
1221 2606 1294 2625 nemo
1310 2606 1425 2633 unquam
1445 2600 1602 2630 coronavit,
1615 2597 1657 2624 sed
1667 2601 1734 2622 eorum

1077 2649 1158 2671 torem
1169 2649 1193 2671 et
1208 2645 1346 2679 aurigam:
1362 2645 1400 2671 ita
1419 2652 1466 2672 nos
1481 2653 1534 2672 non
1551 2646 1633 2672 astris
1643 2665 1649 2676 ,
1664 2642 1701 2670 sed
1713 2639 1789 2667 Diovi“

1074 2689 1123 2716 illa
1137 2698 1149 2717 e
1164 2690 1228 2718 caelo
1241 2690 1386 2725 suspendit,
1402 2699 1480 2718 suum
1496 2691 1603 2718 cultum
1626 2691 1731 2723 integrum
1745 2685 1790 2707 κη’

1073 2743 1140 2764 mus.
