1848 3043
17 97 96 126 HM

599 108 738 138 ΝΟἹΊΤΙΔ
759 110 803 137 ΕΤ
823 111 1044 143 FRAGMENTA.

1597 117 1666 146 1403

17 159 95 190 Fiat);
117 161 134 187 ὁ
159 163 357 201 παντοκράτωρ
374 165 507 194 ἀθάνατον
525 168 609 195 κακὸν
633 168 662 202 ἐξ
682 169 785 197 ὲπιῦου]

880 177 941 204 qute
954 169 981 197 in
995 175 1059 205 typo
1074 177 1123 205 per
1136 171 1232 206 pellem
1246 172 1308 208 agni
1323 172 1357 200 ab
1374 173 1433 208 ipsa
1450 173 1555 209 origine
1570 174 1663 201 mundi

17 205 93 232 ἰδὼν
112 208 316 242 γεγενημένον,
341 211 467 248 καθάπερ
484 214 531 241 καὶ
551 215 565 241 ὁ
587 215 726 251 πλανήσας
746 217 826 243 αὐτὸν

17 250 156 285 Ξιάϐολος
167 250 210 288 ἦν,
220 257 283 288 τοὺς
292 256 468 292 δερματίνους
481 260 596 295 χιτῶνας
609 261 653 288 διὰ
668 262 747 289 τοῦτο
760 272 826 290 κατ-

17 299 195 332 Ξσκεύειτεν,
209 303 290 329 οἱονεὶ
306 303 448 340 νεκρότητι
473 306 627 342 περιϐαλὼν
643 307 734 341 αὑτὸν,
749 309 824 342 ὅπως

17 345 66 371 itit
85 346 144 381 τῆς
159 346 262 380 λύσεως
273 349 319 376 τοῦ
333 350 457 386 σώματος
471 353 525 379 πᾶν
544 352 573 380 τὸ
594 355 623 380 ὲν
638 355 712 390 αὐτῷ
726 364 823 392 γεννη-

17 389 68 416 ιὲν
99 392 191 420 κακὸν
215 393 348 432 ἀποθάνῃ.
375 397 403 424 Id
422 403 463 426 est
479 407 486 424 :
503 398 554 426 Per
574 389 703 434 pelliceusr
719 403 822 430 tunicas

17 442 144 464 mortem
170 440 304 476 intelligit.
332 442 436 471 Narrat
457 445 526 472 enim
546 446 578 473 de
593 447 713 475 Adanto:
739 448 822 481 Quem

17 482 98 510 Deus
129 486 294 521 omnipotens
317 497 375 516 cum
393 491 568 519 immortalem
588 493 709 527 fecisset,
737 496 821 522 sciens

18 535 83 555 mm
102 538 138 556 ea:
154 531 260 560 insidiis
276 534 414 573 (diaboli)
430 537 529 566 malum
544 539 656 574 factum,
677 541 718 568 uti
735 547 759 568 ct
776 542 821 569 ille

17 580 93 607 erat,
110 577 161 611 qui
173 586 231 605 eum
242 579 389 615 deceperat,
400 583 531 617 diabolus,
541 591 677 620 propterea
691 587 732 614 illi
743 588 820 622 pelli—

17 629 82 648 reas
97 628 184 650 vestes
197 627 373 662 concinnavit,
389 631 466 664 quasi
482 630 556 658 illum
572 633 682 660 induens
695 635 819 662 mortali-

17 672 90 699 tate,
113 673 145 695 ut
171 679 217 704 per
231 674 347 706 corporis
370 675 527 703 solutionem
551 686 636 710 omne,
664 681 733 714 quod
747 681 774 707 in
789 689 818 708 eo

17 714 129 741 malum
140 721 209 749 erat,
227 724 380 747 moreretur.
395 721 436 748 An
452 722 605 752 lllethodins
625 725 683 753 inec
697 734 712 753 a
728 726 818 755 Maca-

17 760 61 787 rio
84 761 225 797 Magnete,
239 772 273 792 an
288 773 352 793 vero
365 766 475 802 Magnes
490 777 505 796 a
519 769 656 798 Methodio
680 771 816 807 habuerit,

22 807 162 841 lisputari
177 811 287 844 quidem
313 817 420 846 posset;
439 814 491 842 nisi
513 816 569 850 jam
590 821 654 844 ante
670 823 816 855 utrumque

17 851 159 888 Origenes
168 859 250 890 atque
266 855 424 894 Hippolytus
436 859 462 886 in
476 861 599 889 eamdem
614 851 815 892 concessissent

17 901 205 928 sententiam.
218 903 266 930 ille
288 904 360 931 enim
378 905 490 934 homilia
502 916 527 934 νι
543 908 569 935 in
582 908 730 937 Leviticum
744 912 812 947 (35),

17 949 84 969 sum
102 944 137 970 de
156 944 322 976 indumentis
342 948 471 978 Leviticis
494 953 630 987 pontiﬁcis
647 960 673 982 et
688 944 814 984 sacerdos-

17 993 78 1015 Lum
99 990 167 1024 agit,
178 991 247 1019 hanc
258 996 490 1029 comparationem
502 998 636 1027 instituit:
657 1000 737 1028 Velim
750 1011 813 1030 con-

17 1036 90 1062 'erre
106 1036 156 1063 illa
171 1038 289 1072 infelicia
302 1040 474 1076 indumenta,
492 1044 586 1079 quibus
608 1047 709 1081 primus
735 1048 811 1076 homo

17 1091 79 1108 mm
95 1090 241 1116 peccasset,
257 1085 364 1113 indutus
381 1093 431 1121 est,
451 1097 510 1116 cum
529 1091 569 1119 his
584 1094 682 1120 sanctis
704 1100 728 1122 et
743 1095 810 1129 ﬁde-

17 1127 89 1154 libus
105 1129 277 1158 indumentis.
295 1131 328 1158 Et
340 1134 445 1167 quidem
457 1136 505 1163 illa
515 1137 615 1164 dicitur
628 1139 699 1166 Deus
708 1127 810 1175 fecisse:

17 1183 24 1199 ι
42 1174 123 1202 Fecit
138 1177 218 1209 enim,
233 1178 328 1213 inquit,
343 1180 412 1207 Deus
426 1183 529 1209 tunicas
540 1184 673 1219 pelliccas,
686 1174 711 1213 et
723 1187 810 1215 induit

17 1221 109 1247 Adam.
127 1227 153 1249 et
167 1224 302 1251 mulierem
317 1227 383 1260 ejus.
401 1237 411 1253 ι
426 1227 487 1257 Illa:
498 1238 558 1264 ergo
573 1233 669 1260 tunica:
682 1234 714 1260 de
730 1235 807 1268 pelli-

17 1266 65 1293 bus
77 1273 155 1294 erant
170 1277 202 1296 ex
217 1271 378 1299 animalibus
389 1280 511 1309 sumptrc.
527 1275 635 1304 Talibus
651 1279 719 1305 enim
731 1288 808 1315 opor-

17 1313 90 1339 ‘cbat
116 1314 193 1342 indui
208 1323 391 1353 peccator-em,
413 1321 538 1355 pelliceis,
554 1323 671 1359 inquam,
699 1327 806 1360 (urticis,

17 1368 75 1392 Iure
91 1366 178 1387 essent
196 1364 380 1397 mortalitatis,
395 1375 473 1401 quam
482 1377 529 1402 pro
545 1376 650 1401 peccato
660 1378 806 1406 acceperat,

17 1411 37 1431 ἰ
53 1407 216 1440 fragilitatis
224 1409 280 1443 ejus
291 1418 350 1445 qua:
359 1419 391 1438 ea:
398 1414 486 1441 carnis
496 1416 665 1448 cm'ruptionc
679 1418 804 1446 veiticbat.

17 1453 149 1480 indicium
166 1454 232 1490 (54).
245 1456 374 1489 Quinimo
393 1458 561 1495 Hippolytus.
572 1461 671 1491 Portus
688 1463 804 1493 Romani

878 215 1032 251 mactatiﬁd
1043 216 1238 251 designandum
1249 218 1414 246 oblationem
1428 221 1554 248 sacrilicii
1569 221 1663 254 expia-

876 262 974 289 toriam
991 263 1152 291 adumbrata
1167 268 1236 291 erat.
1250 264 1329 292 Conl'.
1346 264 1431 300 Apoc.
1442 274 1507 297 xm,
1528 266 1558 299 8;
1577 266 1661 293 Zach.

876 315 917 340 ιιι,
931 308 964 342 4;
979 309 1032 336 lsa.
1051 318 1107 342 LXI,
1122 309 1149 341 5,
1169 309 1212 336 l0.
1227 309 1313 342 Quam
1330 310 1555 345 signiﬁcationem
1579 303 1677 339 etiam.

874 354 901 382 in
917 355 1009 383 animo
1022 356 1150 384 habuisse
1164 356 1271 383 videtur
1284 357 1403 384 Irenzeus
1418 358 1465 384 lib.
1483 365 1513 385 ιιι
1529 358 1661 388 Adversus

873 400 994 435 Iucreses.
1007 410 1067 436 cap.
1083 402 1117 429 57
1133 412 1139 429 :
1159 402 1300 435 Quoniam,
1314 403 1411 438 inquit.
1432 413 1509 439 quam
1529 405 1620 431 habuit
1644 414 1660 431 a

873 447 986 482 Spiritu,
1000 449 1151 476 sanctitatis
1173 449 1270 475 stolam
1291 450 1380 475 amisit
1395 458 1441 484 per
1456 451 1659 478 inobctlinttium

872 516 877 520 _
897 512 904 519 .
921 513 928 520 .
944 514 951 520 .
971 493 1107 527 Dominus,
1121 494 1167 529 qui
1180 499 1218 520 est
1233 495 1394 528 misericors,
1413 497 1516 523 tunicas
1535 497 1659 531 pelliccas

871 546 919 573 pro
933 539 1005 574 foliis
1021 540 1141 574 ﬁculneis
1156 540 1252 567 induit.

905 585 944 614 Ne
964 587 1028 621 quid
1048 592 1138 614 tamen
1159 587 1373 620 dissimulamus.
1396 589 1511 616 similem
1536 589 1591 617 fere
1604 590 1658 618 llu-

870 632 1047 665 etuationem,
1075 641 1156 667 quam
1185 634 1212 660 in
1236 635 1288 662 hac
1306 636 1457 669 qurestionc
1475 636 1583 672 Origcni
1608 646 1657 664 cx-

868 678 980 712 probrat
1003 678 1118 705 Huctius
1144 679 1196 706 loc.
1224 679 1271 707 cit.
1292 688 1319 714 p.
1333 680 1396 712 168,
1422 681 1541 708 Macario
1562 687 1657 709 nostro

867 723 963 750 eodem
978 723 1040 758 jure
1056 724 1176 751 tribuere
1197 732 1343 759 possumus
1358 734 1364 752 :
1378 725 1511 760 siquidem
1529 727 1556 754 in
1574 735 1657 762 pecu-

867 768 1027 804 liari,quem
1037 770 1069 797 de
1079 770 1131 797 hoc
1143 775 1305 805 argumento
1325 771 1454 805 instituit,
1463 781 1588 801 sermone
1600 783 1655 802 xm

867 815 894 842 in
906 815 1024 843 Genesin
1039 816 1183 844 litteralcru
1195 817 1415 852 explicationem,
1428 820 1505 853 quasi
1514 820 1654 848 brutarnm

866 861 1046 889 animantium
1070 863 1226 898 tergoribus
1244 864 1331 891 induti
1351 864 1453 892 fuerint
1470 867 1653 902 protoplastm,

865 911 941 935 tanto
966 913 1063 936 conatu
1086 909 1165 940 ridet.
1186 914 1216 937 ut
1232 910 1312 939 istam
1331 912 1489 939 socordium
1507 913 1651 941 hominum

864 954 1118 982 commentationem
1135 959 1161 982 et
1177 956 1253 983 chori
1271 957 1372 985 indocti
1389 958 1508 986 fabulam
1527 961 1652 995 appellet.

863 997 934 1026 Hinc
952 1000 979 1026 in
997 1001 1077 1027 aliam
1098 1002 1251 1036 prolabitur
1277 1005 1451 1038 sententiam,
1471 1006 1574 1034 scilicet
1589 1011 1653 1035 ante

863 1047 1108 1081 transgressionem
1125 1047 1253 1077 subtilius
1266 1049 1351 1078 fuisse
1366 1059 1398 1078 ac
1415 1053 1583 1087 splendidius
1600 1054 1652 1081 ho-

862 1091 946 1119 minis
963 1100 1074 1127 corpus.
1100 1094 1172 1121 nulla
1191 1095 1320 1123 crassiori
1337 1097 1409 1124 mole
1431 1097 1578 1131 tardatum,
1602 1099 1650 1127 sed

861 1140 964 1174 speculi
991 1140 1079 1167 instar
1103 1142 1335 1175 speciosissimum
1363 1144 1550 1180 lucidumque,
1574 1146 1650 1175 nulla

861 1187 985 1214 videlicet
1000 1193 1047 1214 aut
1067 1188 1126 1214 labe
1141 1189 1311 1217 extrinsecus
1330 1199 1483 1226 aspersum,
1501 1197 1548 1219 aut
1563 1198 1648 1220 mate-

860 1232 900 1258 ria
925 1232 1079 1260 hebetatum
1105 1233 1182 1268 (36);
1207 1240 1269 1269 post
1291 1236 1397 1270 lapsum
1427 1245 1492 1264 vero
1518 1239 1646 1265 crassiori

859 1285 974 1312 cozpore
989 1287 1088 1305 carnco
1105 1287 1166 1306 eum
1184 1279 1268 1308 fuisse
1284 1281 1493 1315 circumdatum,
1512 1284 1583 1318 quod
1601 1292 1647 1318 per

859 1324 978 1351 tunicam
1007 1325 1080 1352 illam
1102 1327 1241 1360 pelliceam
1261 1327 1373 1363 intelligi
1400 1330 1547 1362 existimat,
1566 1336 1648 1366 atque

858 1377 1046 1403 argumentum
1074 1372 1212 1406 opinionis
1235 1381 1292 1400 suae
1307 1374 1480 1408 potissimum
1505 1384 1538 1404 ex
1556 1377 1646 1405 verbis

857 1414 916 1442 Jobi
935 1423 994 1450 cap.
1014 1424 1046 1448 ιι,
1068 1417 1111 1450 11,
1127 1418 1262 1453 desumit,
1282 1419 1328 1446 ubi
1353 1420 1376 1447 is
1396 1421 1543 1449 creationis
1562 1430 1644 1457 argu-

857 1466 979 1488 mentum
994 1470 1125 1490 enarrans
1138 1463 1293 1492 Creatorem
1312 1465 1348 1492 ita
1363 1466 1511 1501 alloquitur
1524 1477 1531 1495 :
1544 1467 1644 1495 Pellem

17 1499 178 1534 episcopus,
198 1501 225 1528 in
238 1501 391 1537 fragmento
409 1505 539 1534 hactenus
558 1507 670 1539 inedito,
686 1511 758 1544 quod
772 1520 804 1538 ex
819 1518 839 1546 (χ
856 1511 880 1534 ει
897 1516 1003 1534 carnem
1022 1509 1134 1536 induisti
1151 1519 1207 1543 me.
1228 1519 1324 1552 nempe
1348 1512 1427 1546 illud,
1445 1521 1500 1548 quo
1525 1515 1643 1542 circum-

17 1545 126 1572 .luobus
141 1554 208 1574 mss.
231 1549 370 1577 codicibus
389 1549 480 1586 Regiis
502 1551 704 1583 Parisiensibus
734 1557 804 1585 1825

18 1596 40 1617 ξι
55 1591 126 1619 1888
137 1594 334 1629 excerpsimus,
345 1596 415 1624 hanc
428 1598 660 1634 interpretationis
670 1603 803 1631 rationem

17 1637 153 1672 rlcgantcr
176 1640 302 1674 subjicit:
322 1642 431 1678 Νεκρὰν
455 1644 509 1680 γὰρ
531 1645 636 1683 σκέπην
657 1648 743 1675 ἐποίει
765 1649 803 1686 τῷ

17 1683 176 1718 ιεκρωθέντι
198 1686 242 1712 διὰ
261 1687 311 1722 τὴν
327 1688 477 1724 ἁμαρτίαν·
492 1691 531 1726 τῷ
545 1692 599 1728 γὰρ
612 1694 695 1730 νεκρὰ
709 1683 801 1732 ἁμαρί-

17 1732 122 1766 πήματα
142 1732 230 1768 ἔχοντι
255 1735 319 1770 περὶ
337 1735 368 1762 τὸ
397 1736 477 1771 σῶμα
503 1738 605 1774 φθορὰν
627 1741 759 1778 ἐσήμαινε
771 1743 802 1770 τὸ

17 1777 109 1813 ῖέρμαι
131 1778 159 1805 Id
175 1784 234 1806 est:
248 1780 384 1808 Mortuum
399 1784 468 1810 enim
485 1789 660 1819 tegumentum
681 1789 742 1823 fecit
754 1790 801 1817 lto—

18 1824 78 1850 nini
95 1832 142 1858 per
153 1831 287 1858 peccatum
305 1835 420 1860 mortuo,
436 1838 495 1857 cum
510 1832 585 1865 prliis
612 1834 800 1869 signiﬁcaverit

17 1871 206 1904 :orruptionem
218 1873 305 1907 quoad
317 1881 411 1909 corpus
431 1877 458 1903 in
472 1877 576 1905 homine
592 1881 706 1914 peccatis
728 1891 798 1909 mor-

21 1916 64 1942 uis
82 1917 255 1945 circumdato.
271 1918 310 1946 Ex
332 1921 455 1950 adductis
476 1923 552 1952 hisce
567 1927 796 1964 testimoniisjam

20 1971 67 1989 um
87 1963 181 1998 liquet,
199 1963 349 2000 Magnetem
370 1973 494 1996 nostrum
509 1978 562 1998 non
577 1971 663 2001 fuisse
679 1963 796 2008 primum

18 2010 94 2044 lleuS
115 2011 345 2046 interpretationis
368 2014 520 2050 allegoricae
535 2017 593 2045 sive
614 2020 734 2055 mystica:
748 2029 796 2049 au-

17 2061 112 2082 :torem
125 2056 179 2091 (55)
192 2065 199 2089 ;
211 2065 271 2092 quae
279 2059 368 2093 quoad
383 2059 469 2095 ipsam
480 2062 518 2090 rei
531 2064 647 2092 indolem
662 2073 712 2093 suo
726 2074 792 2095 sane

17 2109 63 2128 non
80 2102 237 2130 destituitur
252 2104 442 2140 fundamento,
455 2112 485 2135 ut
500 2109 604 2138 scilicet
629 2112 741 2140 vestitus
761 2121 794 2140 ex

17 2152 179 2175 nortuorum
203 2149 383 2179 animantium
405 2153 519 2188 pellibus
537 2155 676 2185 confectus
688 2159 793 2193 primos

17 2193 134 2221 ioniines
147 2195 179 2222 de
191 2200 266 2223 reatu
281 2197 376 2225 mortis
387 2201 643 2235 commonefaceret,
661 2209 688 2232 et
702 2209 732 2231 ut
745 2206 794 2232 ad-

17 2243 194 2273 nonerentur,
216 2241 277 2269 loco
307 2243 415 2271 amissaa
431 2245 515 2273 restis
539 2252 690 2276 concreata:
715 2249 794 2278 inno-

20 2285 114 2318 entiaa,
133 2291 233 2313 vestem
245 2287 358 2322 justitia:
372 2297 387 2316 a
402 2298 484 2318 manu
501 2291 546 2319 Dci
559 2293 706 2328 parandam
721 2303 791 2329 esse,

42 2374 101 2435 (35)
118 2373 147 2401 P.
181 2375 244 2407 216,
266 2381 331 2404 tom.
351 2377 371 2405 ll
386 2379 515 2408 editionis
540 2382 694 2410 novissimm
710 2384 741 2411 Ι),
758 2385 791 2413 de

78 2417 119 2435 IIO.

17 2419 32 2436 ﬂ
52 2417 119 2436 nuc.

43 2444 100 2485 (54)
116 2444 182 2490 Culta
203 2447 303 2490 quibus
315 2449 395 2490 etiam
411 2449 529 2490 conferri
545 2459 659 2490 possunt
671 2462 713 2486 ea,
729 2463 791 2490 qua:

17 2480 137 2524 )riggncs
153 2481 198 2508 lib.
206 2490 241 2524 ἰν
254 2483 354 2524 gantra
370 2484 474 2512 Celsum
496 2480 623 2522 scripsit,
645 2480 720 2517 mini.
738 2480 788 2524 ἰιὸζ

17 2526 31 2542 ι.
52 2516 115 2547 555,
127 2520 192 2543 tom.
205 2518 215 2543 Ι
228 2518 293 2545 edit.
308 2520 354 2546 cit.

41 2551 101 2589 (55)
121 2550 246 2589 Dive_rsas
274 2554 458 2589 antiquiorum
493 2556 604 2584 Patrum
637 2561 787 2589 sententias

17 2587 79 2628 irca
96 2587 164 2627 hunc
175 2587 284 2630 Illocum,
300 2587 416 2623 quorum
431 2591 476 2618 alii
492 2599 539 2630 per
553 2592 668 2630 χιτῷνας
684 2587 786 2630 Eappa;

17 2622 95 2658 ξενονς
120 2622 271 2657 intelligunt
292 2622 401 2652 carnem
427 2622 579 2658 mortalem.
595 2628 641 2655 alii
656 2622 784 2658 arbdr'um

17 2657 132 2696 tortices,
151 2657 194 2696 alii
214 2660 407 2696 mortalitatem
425 2661 522 2696 ipsam,
539 2662 583 2688 alii
600 2671 662 2691 vero
679 2657 786 2694 tunicas

17 2691 131 2733 telliceas
151 2692 234 2733 juxta
253 2694 370 2722 litteram
398 2691 623 2733 interpretantur,
649 2691 785 2733 congessit

17 2727 134 2770 Stilicerus
157 2727 337 2770 iiinThesattro
358 2727 622 2770 eccles.__'su_bAv0ce'
633 2727 782 2770 zttdil'pp.‘

24 2762 161 2803 .‘SlSrseqq.
175 2763 265 2803 ⁵βριιῆ
282 2765 477 2803 etiamulluetii
495 2762 665 2802 Οιοίῃειιίαιῖἆ,
687 2762 733 2797 Ιίιιί
752 2762 781 2803 Irl,

17 2802 100 2834 |uajst.
115 2798 155 2834 li,
174 2798 188 2834 §
203 2799 229 2830 8,
250 2807 275 2833 p.
288 2809 325 2827 ιιι.
339 2801 399 2828 168.

43 2832 95 2867 (ὖϋ)
121 2832 204 2866 Quam
228 2832 387 2864 sententiam
407 2839 474 2865 inter
493 2839 657 2868 recentiores
683 2841 779 2870 iterum

855 1552 964 1585 damur.
980 1561 1110 1581 carneum
1127 1563 1227 1590 corpus
1243 1556 1402 1592 indigitans.
1418 1557 1567 1586 lnoleverat
1581 1560 1641 1594 qui-

854 1598 914 1625 dem
932 1598 988 1633 jam
1006 1600 1076 1627 inter
1086 1601 1293 1636 antiquissimos
1311 1603 1453 1632 luercticos
1464 1605 1515 1632 ista
1533 1606 1641 1640 exposi-

853 1644 901 1676 tio,
916 1652 997 1678 quam
1014 1645 1042 1672 in
1055 1646 1304 1676 Valentinianorum
1319 1650 1457 1677 erroribus
1471 1651 1642 1685 reprehendit

852 1689 970 1717 Irenaeus
985 1690 1057 1726 (57),
1074 1691 1258 1721 Tertullianus
1279 1694 1351 1729 (58),
1377 1695 1504 1724 Clemens
1523 1697 1641 1724 Alexan—

852 1734 948 1762 drinus
965 1735 1031 1771 (59),
1054 1737 1154 1772 aliique
1179 1739 1213 1766 ab
1230 1738 1327 1767 lluetio
1351 1741 1377 1767 in
1393 1741 1572 1776 Origenianis,
1585 1743 1638 1770 Ioc.

851 1780 898 1808 cit.
911 1783 937 1808 et
947 1779 971 1807 Ι.
981 1779 1246 1812 Bod.Wetstenioin
1260 1786 1333 1813 nolis
1350 1787 1382 1813 ad
1398 1786 1523 1821 Origenis
1548 1788 1640 1815 Dialo-

851 1835 912 1861 gum
934 1833 1025 1855 contra
1041 1828 1227 1861 Marcionitas,
1252 1839 1278 1865 p.
1291 1831 1553 1867 88‘scqq.,excitati.
1570 1834 1638 1867 Qui-

849 1872 901 1900 bus
924 1881 998 1900 nune
1011 1874 1106 1901 saltem
1127 1875 1264 1908 addimus,
1284 1875 1446 1911 Procopium
1461 1877 1587 1905 Gazzcum
1609 1879 1637 1905 in

848 1925 948 1945 comm.
969 1919 1002 1946 ad
1019 1927 1079 1954 cap.
1093 1928 1122 1947 ιιι
1135 1920 1283 1954 Geneseos,
1299 1922 1380 1950 etiam
1394 1922 1493 1951 Justini
1510 1925 1637 1960 martyris

847 1965 998 1991 orationem
1021 1964 1060 1992 De
1083 1970 1271 1994 resurrectione
1291 1968 1362 1996 inter
1385 1969 1437 1997 ista
1452 1969 1502 1997 SS.
1524 1970 1635 1999 Patrum

847 2013 1024 2037 monumenta
1047 2010 1158 2045 referre,
1186 2013 1286 2047 quibus
1308 2014 1419 2041 inventa
1445 2015 1480 2042 ab
1501 2015 1636 2044 haereticis

846 2056 980 2090 expositio
1000 2056 1179 2090 pellicearum
1204 2058 1301 2086 Adami
1325 2061 1482 2088 tunicarum
1504 2062 1536 2088 de
1557 2070 1636 2089 carne

847 2101 957 2128 [mutaui
971 2103 1089 2137 corporis
1101 2103 1224 2138 rejicitur
1238 2104 1306 2140 (40).
1328 2105 1555 2142 Quandoquidem
1568 2116 1635 2136 vero

846 2146 964 2174 haeretici
983 2148 1010 2173 in
1026 2154 1059 2174 eo
1077 2155 1171 2175 errore
1187 2149 1378 2183 versabantur,
1395 2150 1480 2178 Deum
1507 2152 1634 2180 faciendo

810 2187 832 2215 Ι)
847 2192 1005 2220 hominibus
1024 2194 1131 2222 tunicas
1146 2195 1272 2229 pclliceas
1288 2197 1433 2225 vestivisse
1452 2206 1500 2226 eos
1513 2199 1632 2233 primum

846 2239 1018 2273 corporibus,
1035 2240 1113 2274 quasi
1129 2246 1191 2268 ante
1205 2241 1309 2276 lapsum
1322 2242 1444 2271 Adamus
1458 2249 1484 2271 et
1496 2245 1548 2272 Eva
1564 2246 1633 2274 l'uiS<

844 2289 906 2312 sent
926 2285 1098 2321 incorporei;
1118 2294 1172 2314 non
1189 2287 1288 2315 desunt
1310 2293 1399 2316 tamen
1415 2289 1510 2319 Patres
1530 2293 1632 2321 rectius

843 2384 1003 2420 incrustavit
1014 2393 1167 2420 anonymus
1180 2386 1291 2420 quidam
1302 2389 1327 2415 in
1336 2388 1552 2416 Observationum
1565 2389 1632 2417 llat-

842 2419 954 2459 Lt'nsium
975 2419 1131 2459 tomonV'IH,
1155 2419 1215 2459 obs.
1243 2429 1291 2459 γι.»
1306 2430 1332 2457 p.
1353 2423 1403 2450 157
1420 2432 1508 2459 scqq.;
1537 2426 1580 2452 cui
1603 2426 1628 2454 J.

841 2454 972 2493 _Fechtius
982 2456 1145 2493 peculiarem
1156 2454 1375 2493 dissertationem
1391 2459 1424 2485 de
1435 2454 1630 2493 gloriosissime

841 2490 947 2526 lucente
959 2490 1055 2526 Adami
1070 2499 1183 2526 corpore
1196 2493 1323 2526 opposuit
1337 2490 1478 2521 ltostochii
1495 2495 1573 2522 I706.

875 2525 931 2565 (Ξῖ)
954 2525 1040 2565 _l_.ib._l
1055 2527 1187 2565 Aduersus
1211 2525 1338 2561 haereses,
1363 2537 1424 2564 cap.
1441 2530 1466 2563 1,
1493 2538 1569 2557 num.
1583 2532 1628 2565 10,

838 2568 865 2595 p.
880 2561 915 2587 28
929 2561 994 2588 edit.
1007 2561 1109 2589 Grabii.

875 2595 932 2631 (58)
958 2596 1087 2635 Adversas
1119 2597 1325 2633 Valentinianos,
1351 2607 1410 2635 cap.
1426 2600 1521 2633 94,‘et
1546 2601 1592 2628 lib.
1610 2609 1627 2630 ν

838 2630 1191 2669 Degresurrectionecarnis,
1207 2641 1268 2669 cap.
1276 2635 1303 2661 7.

874 2666 929 2706 (59)
955 2665 1054 2708 S_trom.
1082 2668 1128 2695 lib.
1142 2665 1188 2708 tu,
1209 2665 1302 2708 pi'SiQ
1326 2670 1453 2708 editionis
1477 2671 1623 2708 Sylbnrgii,

837 2701 881 2728 ubi
898 2702 1022 2741 eumdem
1039 2701 1482 2741 errorem,iifCassianoJIuodam
1496 2701 1623 2741 ἷιιιιιιιιῖιιξ

836 2744 886 2779 nec
901 2737 991 2779 minus
1004 2737 1181 2779 innlgzcerptis
1194 2737 1388 2779 Cletncritis_ea:
1402 2742 1544 2779 Theodoto,
1562 2737 1622 2779 pag.-

836 2771 1003 2811 ἕδη-(γᾴρ.
1018 2772 1079 2811 797,
1095 2771 1181 2811 c_ol.2
1200 2776 1330 2811 editionis
1343 2776 1469 2811 Pottcri).

870 2806 924 2847 (ειο)
942 2805 1001 2834 Vid.
1016 2806 1040 2835 J.
1054 2808 1085 2849 is,
1100 2809 1195 2849 Grabii
1204 2809 1385 2849 hSpici/egium
1400 2805 1514 2841 Palmm
1528 2818 1552 2841 et
1569 2815 1623 2849 ng—

836 2843 975 2870 tcticorum
989 2844 1080 2870 sa‘culi
1096 2852 1126 2876 lt,
1145 2852 1172 2879 ρ.
1186 2843 1245 2873 19L
