1848 3043
66 123 139 151 1405

377 119 406 147 S.
427 116 636 146 ARCHELAUS
655 116 912 145 MESOPOTAMl/E
931 115 1131 145 EPlSCOPUS.
1144 130 1178 136 —
1190 114 1336 144 ΝΘΤΙΤΙᾹ.

1618 115 1686 144 H06

65 180 225 209 econtrario
248 180 456 215 propensionem
482 179 515 206 ad
539 178 609 206 mala
629 178 710 206 veluti
734 178 841 204 tunican

935 179 952 204 il.
971 179 1021 214 τὴν
1044 178 1158 212 ὓπαρξιν
1179 179 1210 204 ὲκ
1227 178 1354 213 ρυπαρᾶς-
1369 177 1422 204 τῶν
1441 177 1549 214 σαρκῶν
1572 176 1687 213 βλάστης

66 225 209 255 carnalem
237 226 418 260 assumpsisse
437 236 443 252 :
462 226 530 252 adeo
549 230 579 253 ut
599 232 670 251 nunc
690 225 854 258 deploranda

65 274 103 300 sit
117 272 264 300 hominum
280 272 410 303 conditio,
426 272 471 306 qui
484 279 517 299 ex
530 271 669 298 immunda
685 270 776 298 carnis
793 277 855 304 pro-

67 317 216 354 pagatione
230 317 402 344 existentiam
418 325 493 344 suam
510 316 641 352 ceperint,
658 316 773 343 docente
787 315 854 343 Jobo

66 373 128 400 cap.
156 372 215 398 xiv,
230 364 258 396 4,
278 368 305 391 et
326 363 426 391 Davidc
450 363 546 399 psalm.
570 371 607 394 ιι,
630 362 655 390 7.
679 361 772 389 Elucet
799 362 856 389 haec

67 411 206 439 sententia
219 411 340 438 auctoris
352 410 437 437 nostri
449 418 481 437 ex
489 409 690 444 comparatione
698 408 854 442 angelorum

67 461 151 491 atque
177 457 319 483 hominum
339 456 505 487 mortalium,
523 463 603 490 quam
620 454 795 488 sequentibus
815 453 856 480 in-

68 502 158 528 stituit
178 502 288 530 verbis:
308 502 362 537 Τὴν
387 501 574 537 μακαριότητα
593 499 676 532 δεῖξαι
699 499 856 534 βουλόμενος

66 548 81 574 ὁ
94 548 215 583 Χριστὸς
236 547 291 574 τῶν
306 548 390 574 οἰκεῖν
406 547 541 582 λαχόντων
556 546 604 582 τὴν
617 546 740 581 οὐράνιον
751 544 855 580 χώραν,

68 594 114 620 καὶ
134 593 277 620 ταλανίσαι
294 594 355 625 τοὺς
377 594 404 620 ἐν
427 593 515 628 φθορᾷ
532 592 582 627 τῆς
607 591 658 626 γῆς
676 591 854 626 βιοτεύοντας,

907 225 1099 260 ἀνειληφότας,
1112 223 1295 258 γεννωμένους
1310 223 1356 249 καὶ
1369 223 1528 257 γεννῶντας,
1546 224 1593 250 καὶ
1610 224 1687 258 δίκην

909 271 1012 306 φύλλων
1031 270 1125 297 θᾶττον
1138 269 1328 305 ἀπορῤέοντας,
1344 269 1435 305 φησίν,
1453 278 1480 296 κ.
1492 278 1517 296 τ.
1530 270 1553 296 λ.
1566 269 1687 297 Christus

909 316 1075 342 indicaturus
1094 314 1281 342 beatitudinem
1295 322 1395 347 eorum,
1410 314 1503 349 quibus
1521 315 1631 342 caelestis
1645 323 1687 341 re-

910 361 952 395 gio
969 359 1114 386 habitanda
1142 359 1251 394 obtigit,
1276 359 1460 394 deploratum:
1481 364 1568 386 autem
1591 364 1687 386 sortem

908 405 1015 431 illorunt
1031 406 1075 440 qui
1093 405 1120 431 in
1137 405 1184 431 hac
1203 410 1305 431 terrena
1324 405 1485 431 mortalitate
1498 405 1595 436 vivunt,
1611 410 1636 431 et
1653 406 1686 431 ab

908 451 1045 478 immunda
1064 459 1201 485 corporum
1216 450 1404 485 germinatione
1426 450 1600 476 substantiam
1615 459 1688 485 cepe-

908 502 978 529 runt,
994 496 1073 531 geniti
1088 497 1284 532 gignentesque,
1299 500 1324 523 et
1340 497 1425 522 instar
1438 496 1561 530 [oliorum
1576 496 1627 522 cito
1645 496 1688 522 deo

910 542 1030 576 ﬂuentes,
1049 542 1104 568 lucc
1123 542 1192 568 dixit
1211 542 1283 576 (qua:
1297 541 1400 568 scilicet
1425 541 1452 568 in
1468 541 1687 568 antecedentibus

908 596 941 615 ex
954 587 1020 614 Luc.
1033 596 1079 621 xx,
1095 587 1140 621 35,
1154 587 1198 620 36,
1213 587 1329 614 adducta
1343 586 1440 622 erant),
1457 592 1508 613 etc.

815 669 1681 685 ﬂ

70 682 1681 696 mw

601 754 695 776 CIRCA
716 753 829 774 ANNUM
849 752 965 774 DOMINI
984 751 1155 774 CCLXXVHI.

374 843 482 966 S.
599 841 1389 948 ABGHELAUS

609 1006 913 1038 MESOPOTAMIJE
941 1005 1152 1037 EPISCOPUS

277 1161 576 1221 NOTITIA
621 1159 1483 1219 HlSTORlCO-LITTERARIA

466 1272 610 1303 (GALLAND.,
624 1272 739 1297 Veterum
750 1271 852 1296 Patrum
865 1268 1021 1300 Bibliotheca,
1035 1269 1078 1299 lli,
1091 1269 1202 1301 Proleg.,
1214 1276 1240 1300 p.
1254 1268 1304 1300 ιι.)

72 1418 91 1448 Ι.
108 1419 248 1447 Dissensus
263 1425 377 1447 ceterum
401 1420 432 1447 de
453 1420 579 1453 scriptore
604 1420 728 1446 Actorum
752 1420 846 1451 dispu-
865 1422 885 1450 Β
902 1419 945 1445 IX.
966 1419 1048 1451 quue
1062 1426 1166 1445 rursum
1183 1418 1323 1445 astruitur.

104 1456 212 1482 tationis
245 1463 303 1482 cum
329 1454 439 1486 Manete,
463 1455 540 1489 facile
566 1455 756 1482 conciliandus.
786 1454 849 1480 Hau:

102 1493 169 1516 Acta
187 1490 300 1524 primum
314 1489 421 1524 Syriaca
435 1489 467 1516 ab
482 1490 608 1517 Archelao
630 1491 727 1524 scripta
739 1489 849 1516 :deimle

104 1525 172 1559 forte
193 1525 225 1551 ab
242 1525 399 1559 llegemonio
412 1524 617 1551 Chalcedonensi
627 1525 746 1559 episcopo
760 1524 849 1551 Cra-ce

104 1559 220 1586 reddita.
237 1559 307 1591 Quid
322 1559 477 1586 censendum
494 1560 525 1586 de
538 1559 634 1586 Latina
647 1560 781 1587 versione?

71 1593 99 1620 Il.
114 1594 227 1621 Latinus
240 1595 364 1628 interpres
385 1593 476 1622 erea
495 1595 612 1622 versione
626 1595 751 1621 Actorum
769 1594 850 1628 fuisse

105 1638 167 1657 usus
182 1630 374 1664 comprobatur.

72 1662 112 1690 ΙΙΙ.
145 1664 220 1691 Num
241 1662 389 1692 Archelaus
417 1668 512 1699 prtcter
542 1664 609 1691 Acta
640 1664 850 1698 disputationis,

103 1699 171 1726 alios
186 1699 267 1726 libros
282 1704 374 1734 contra
388 1699 517 1726 Mauetem
533 1700 725 1734 perscripserit,
742 1700 851 1734 inquiri-

103 1739 155 1761 tur.
174 1734 276 1768 Lapsus
293 1733 446 1768 Epiplianii.

69 1767 112 1795 Π.
136 1769 280 1795 Archelaus
302 1767 353 1795 non
370 1768 562 1796 Cascttarorum
580 1774 624 1795 aut
644 1768 849 1800 Carcharorum,

145 1804 190 1830 sed
206 1803 368 1831 Charrarum
383 1805 409 1829 in
428 1803 617 1836 Mesopotamia
629 1804 774 1838 episcopus.

72 1836 184 1898 V.MQuo
214 1844 326 1872 tempore
357 1839 446 1865 ’tubita
470 1838 614 1872 disputatio
641 1836 763 1864 Archelai
793 1847 851 1865 cum

135 1878 221 1898 anete.

135 1878 221 1900 anew.

72 1905 114 1934 Vl.
130 1907 251 1934 Secundo
267 1916 335 1934 anno
349 1907 429 1934 Probi
440 1908 501 1941 imp.
513 1907 594 1941 juxta
609 1907 760 1934 Eusebium.

74 1941 125 1968 Vll.
152 1942 246 1970 Verum
276 1943 304 1969 id
331 1943 458 1970 accidisse
488 1947 606 1970 currente
630 1951 698 1969 attito
723 1943 775 1969 277
802 1948 857 1970 sta-

106 1978 200 2004 tuitur.

71 2009 138 2038 Vill.
161 2014 288 2038 Actorum
317 2012 506 2046 disputationis
533 2012 678 2047 antiquitas
706 2016 783 2047 atque
811 2012 850 2038 in-

104 2048 213 2082 tegritas
235 2047 440 2074 demonstrutttr.
684 2049 686 2051 ’

903 1454 937 1480 Χ.
963 1454 1121 1480 Eorumdem
1143 1454 1267 1480 Actorum
1294 1455 1390 1480 veritas
1416 1455 1498 1489 magis
1519 1454 1606 1481 adhuc
1625 1463 1686 1482 con-

961 1494 1058 1516 νηιαια.

1070 1532 1116 1550 nos
1133 1523 1235 1557 integra
1248 1524 1409 1556 pervenerint
1425 1523 1554 1558 ejusmodi
1568 1525 1646 1552 Acta.

904 1559 960 1585 XII.
977 1558 1077 1591 Quibus
1091 1566 1122 1585 ex
1137 1558 1268 1585 codicibus
1287 1558 1428 1593 descripta.

904 1593 974 1620 Xlll.
998 1593 1122 1627 Magnum
1143 1601 1175 1620 ea:
1197 1593 1267 1620 hisce
1289 1594 1362 1620 Actis
1382 1594 1482 1621 accedit
1502 1594 1640 1621 catholicw
1655 1595 1688 1628 ﬁ-

939 1629 981 1655 dei
1006 1629 1159 1663 prwsidium
1173 1633 1251 1662 atque
1268 1634 1460 1655 ornamentum.
1479 1629 1548 1656 Hinc
1564 1630 1626 1656 item
1643 1638 1686 1656 rc-

941 1672 1005 1703 rum_
1013 1664 1183 1698 antiquarum
1196 1663 1322 1690 studiosis
1343 1663 1443 1699 aliquid
1458 1664 1624 1691 emolumenti
1645 1673 1688 1691 ac-

939 1703 1073 1725 curulium.

904 1730 974 1760 XIV.
1008 1732 1141 1760 Hactenus
1169 1732 1312 1760 observatis
1341 1732 1441 1760 addite
1469 1733 1602 1760 nommllte
1628 1733 1688 1759 ani-

940 1768 1132 1795 madversiones
1161 1768 1192 1794 de
1213 1768 1272 1795 sede
1293 1767 1414 1795 Archelai
1433 1768 1586 1802 episcopali,
1606 1767 1688 1802 deque

939 1804 1065 1829 Actorum
1081 1803 1269 1838 disputationis
1294 1804 1325 1829 ab
1346 1811 1376 1829 eo
1394 1803 1491 1830 habita:
1512 1811 1571 1830 cum
1583 1802 1688 1830 Manete

941 1838 1101 1864 intearitate.

905 1846 1220 1908 xiiieiglfrfémemm
1245 1872 1312 1899 illud
1329 1872 1469 1905 Actorum,
1489 1872 1558 1907 quod
1583 1880 1615 1899 ex
1635 1871 1688 1907 Cy-

941 1907 996 1934 rilti
1015 1906 1251 1942 Hierosolymitani
1266 1908 1395 1934 catechesi
1408 1915 1434 1934 VI
1449 1906 1618 1942 descriptum,
1639 1906 1687 1934 iis-

944 1943 1002 1968 dem
1014 1943 1088 1969 Actis
1104 1943 1255 1977 subjicitur,
1267 1943 1397 1977 integrum
1412 1943 1542 1970 Archelao
1560 1943 1594 1969 sit
1608 1943 1686 1971 attri-

942 1977 1082 2003 buendum.
1104 1977 1196 2004 Pauca
1215 1978 1322 2004 insuuer
1343 1977 1375 2004 de
1389 1983 1478 2004 nostra
1490 1979 1584 2005 horum
1607 1978 1686 2004 Acta-

944 2019 1003 2038 rum
1015 2012 1138 2038 editione.

70 2093 121 2125 Ea;
152 2095 186 2127 γ.
205 2094 240 2126 C.
255 2094 420 2125 Laurentii
443 2095 595 2134 Zacagnii
613 2095 798 2135 prwfatione
825 2093 865 2124 ad
879 2093 1074 2124 Collectanea
1097 2099 1366 2125 monumentorum
1391 2094 1537 2125 Ecclesia
1553 2094 1684 2133 Gratata,

786 2143 817 2172 p.
852 2143 886 2163 in
903 2142 982 2172 seqq.

103 2194 123 2222 Ι.
138 2194 231 2223 Ed'itio
248 2195 376 2226 Actorum
399 2195 470 2222 bina:
486 2196 678 2232 disputationis
693 2196 727 2224 ab
742 2196 845 2223 Arche-
859 2199 880 2227 α
897 2203 958 2230 pus,
977 2195 1003 2222 in
1017 2195 1094 2222 libris
1108 2202 1176 2230 quos
1183 2199 1277 2222 contra
1284 2194 1445 2222 Manichaeos
1454 2193 1685 2229 conscripsit,He-

71 2238 112 2267 lao
124 2240 327 2276 Mesopotamiae
338 2239 466 2275 episcopo
479 2247 541 2268 cum
554 2240 660 2269 Manete
674 2241 785 2269 nefaria:
796 2241 846 2268 ha:-

71 2292 161 2314 reseos
177 2290 298 2318 auctore,
323 2286 394 2320 apud
419 2285 519 2313 Carras
543 2287 673 2321 primum,
702 2287 800 2314 deinde
822 2287 849 2313 in

71 2330 222 2360 Diodoridis
239 2333 298 2360 vi'eo
314 2331 423 2364 habitae,
445 2336 501 2359 tum
523 2332 558 2359 ob
576 2332 697 2359 materia:
713 2337 848 2367 prmstan-

72 2377 146 2411 tiam,
160 2382 218 2405 tum
233 2378 268 2405 ob
285 2378 322 2405 rei
338 2381 419 2412 gesta:
431 2377 631 2411 antiquitatem,
649 2377 849 2412 acceptissima,

73 2426 101 2449 ut
113 2423 240 2457 arbitror,
255 2423 309 2451 illis
321 2423 384 2454 erit,
401 2422 447 2457 qui
467 2430 607 2450 sacrarum
622 2423 775 2450 litterarum
790 2428 851 2450 stu-

71 2468 114 2496 dio
127 2474 261 2497 tenentur.
277 2468 393 2502 Quinam
411 2469 479 2496 Acta
499 2469 551 2495 ista
568 2469 677 2504 scriptis
702 2470 850 2504 consigna-

72 2515 147 2549 verit,
163 2515 233 2543 inter
246 2514 436 2549 Epiphanium,
455 2513 652 2548 Hieronymum
667 2518 695 2541 et
712 2513 852 2541 Heraclia--

73 2567 134 2587 num
158 2560 405 2588 Chalcedonensem
436 2559 594 2594 episcopum
625 2566 681 2586 non
710 2560 847 2587 convenit.

74 2602 185 2632 Sanctus
201 2605 272 2632 enim
287 2602 454 2638 Epiphanius
477 2604 515 2639 (a)
541 2607 568 2631 et
587 2609 699 2631 sanctus
720 2603 850 2640 Hierony-

73 2648 184 2683 mus,(b)
198 2647 359 2675 Archelaum
378 2648 475 2682 ipsum,
496 2656 556 2682 quae
569 2656 660 2675 coram
675 2649 786 2676 delectis
806 2650 851 2684 ju-

74 2693 175 2722 dicibus
197 2694 328 2722 adversus
342 2693 474 2721 Manetem
492 2694 631 2726 disseruit,
649 2695 750 2730 scripto
767 2696 849 2722 tradi-

75 2739 144 2767 disse
149 2743 253 2775 putant.
263 2738 438 2766 Heraclianus
447 2747 510 2766 vero
516 2738 743 2768 Chalcedonensis
750 2741 851 2776 episco-

109 2815 145 2847 (α)
161 2815 236 2855 ΙΙαί·ἱ
248 2823 321 2854 nyl.
335 2822 411 2876 capp.
426 2814 470 2848 21,
485 2815 520 2843 ‘25
536 2820 561 2843 et
578 2816 622 2843 3'2.

110 2850 145 2876 (bl
160 2850 196 2876 De
212 2859 260 2876 νιν.
280 2849 332 2876 ιιι..
347 2857 372 2876 c.
405 2849 430 2876 2.

110 2850 145 2884 to)
160 2850 196 2878 De
212 2851 260 2878 vir.
280 2849 332 2883 ill.,
347 2857 372 2876 c.
389 2849 430 2876 72.

900 2241 1054 2276 gemonium
1075 2240 1220 2276 quemdam
1252 2240 1359 2267 illorum
1371 2245 1511 2267 auctorem
1525 2240 1609 2267 fuisse
1621 2247 1685 2267 cen-

901 2287 965 2314 suit.
987 2286 1125 2321 Siquidem
1145 2285 1301 2321 Pbotius(c)
1314 2286 1410 2313 horum
1427 2285 1578 2314 lleracliani
1601 2286 1685 2314 libro-

902 2340 961 2359 rum
975 2337 1102 2366 excerpta
1115 2331 1245 2363 referens,
1255 2332 1379 2359 eumdem
1391 2331 1580 2359 lleraclianum
1601 2333 1639 2360 ait
1656 2333 1683 2359 in

900 2377 1071 2405 confutandis
1095 2377 1305 2405 Manichaeorum
1328 2378 1479 2409 erroribus,
1495 2385 1575 2405 usum
1598 2377 1683 2406 fuisse

901 2423 977 2450 Actis
1005 2423 1197 2458 disputationis
1226 2424 1352 2451 Archelai
1385 2424 1504 2459 episcopi
1536 2431 1598 2451 cum
1627 2423 1683 2451 Ma-

901 2473 973 2500 nete,
989 2461 1023 2496 ab
1040 2468 1205 2503 Hegemonio
1220 2470 1390 2504 conscriptis.
1409 2469 1442 2496 Et
1456 2469 1606 2496 lleracliani
1623 2469 1682 2504 qui-

901 2515 961 2541 dem
978 2515 1138 2542 scntentiam
1157 2515 1319 2543 conﬁrmare
1333 2516 1459 2543 videntur
1474 2516 1540 2542 Acta
1555 2515 1613 2550 ipsa
1626 2515 1684 2543 dis-

900 2560 1062 2593 putationis,
1087 2561 1132 2588 ubi
1159 2561 1217 2588 haec
1240 2560 1355 2595 legimus
1384 2561 1447 2596 (d):
1474 2560 1603 2593 Quoniam
1624 2569 1682 2587 vero

900 2605 1000 2640 placuit
1027 2605 1154 2634 Marcello
1186 2607 1391 2642 disputationem
1419 2607 1487 2634 hanc
1505 2609 1589 2641 excipi
1605 2613 1683 2642 atque

901 2651 1028 2683 describi,
1059 2653 1239 2680 contradicere
1262 2661 1314 2680 non
1338 2654 1430 2688 potui,
1452 2653 1564 2687 conﬁsus
1588 2654 1619 2680 de
1638 2654 1682 2679 be-

902 2695 1029 2730 nignitate
1055 2697 1205 2732 legentium,
1233 2699 1302 2733 quod
1323 2700 1425 2725 veniant
1449 2699 1548 2726 dabunt
1571 2700 1594 2726 si
1619 2701 1682 2735 quid

901 2739 1049 2773 imperitum
1072 2745 1117 2767 aut
1140 2742 1268 2769 rusticum
1295 2743 1399 2770 sonabit
1414 2744 1517 2775 oratio;
1544 2743 1592 2771 hoc
1613 2744 1681 2771 enim

938 2816 973 2849 (τ)
987 2817 1069 2849 Bibl.,
1084 2817 1142 2843 cod.
1160 2826 1258 2845 LXXXV.

937 2853 974 2887 ((1)
993 2853 1050 2879 Act.
1069 2853 1150 2888 (iisin,
1168 2860 1192 2881 c.
1208 2853 1258 2888 39.,
