1848 3043
162 103 172 130 Ι
180 102 228 130 407

598 100 627 128 S.
647 98 854 128 AltCllELAUS
870 96 1127 126 MESOPOTAMltE
1146 94 1355 124 EPISCOPUS.‘

1723 92 1786 119 N08

163 165 267 189 tantum
294 165 343 192 est,
376 161 444 196 quod
469 161 613 192 studemus,
640 165 668 187 ut
695 161 732 187 rei
758 165 836 195 gestor
857 159 946 195 cogni-
959 160 984 188 Α
996 157 1101 184 socculis
1115 156 1256 183 tradiderit
1267 155 1361 190 patris,
1377 158 1534 189 permanent
1551 153 1607 180 illae
1621 152 1649 178 in
1665 152 1787 178 columna

163 208 200 235 tio
210 207 356 235 studiosum
367 215 491 241 quemque
498 215 549 233 non
559 206 651 234 lateat.
662 206 694 234 El
704 207 803 234 clarius
814 206 876 233 alibi
887 206 924 240 (α)
937 214 943 233 :

163 252 263 286 Quibus
285 257 374 286 postea
394 253 490 287 agnitis
516 253 671 285 Archelaus,
698 253 794 287 adjecit
816 260 848 279 ea
861 252 945 287 priori

161 299 348 333 disputationi,
370 303 399 325 ut
416 299 535 325 omnibus
555 299 737 332 innotesceret,
754 299 822 325 sicut
837 307 883 334 ego
898 299 944 334 qui

161 345 294 379 inscripsi,
311 345 336 371 in
355 345 485 379 prioribus
500 346 618 378 exposui.
635 344 787 372 Verisimile
802 345 873 372 enim
890 353 943 372 non

160 394 202 417 est
217 391 377 417 Archelaum
394 391 429 418 ita
447 391 566 417 locutum
588 390 682 424 fuisse,
703 391 726 418 si
747 391 870 425 ipsemet,
883 399 944 425 qua:

160 444 233 463 nunc
259 437 398 469 habemus,
422 437 613 472 disputationis
639 437 720 471 hujus
743 436 809 483 Aelia
834 437 943 471 scriptis

160 482 331 514 mandasset;
353 490 385 508 eo
406 483 572 517 praesertim,
590 482 662 517 quod
680 490 728 516 pro
742 482 880 515 inscripsi,
906 483 944 508 le-

160 528 275 560 gendum
295 528 384 562 potius
406 536 466 555 esse
486 528 609 554 videatur
624 529 761 563 ascripsi.
785 527 837 554 Sed
857 528 942 555 nihilo

160 575 249 602 secius
264 583 326 602 cum
345 576 371 603 in
398 582 535 611 postremo
550 576 706 603 eorumdcm
729 575 859 603 Actorum
882 576 942 603 loco

159 622 241 648 modo
254 627 403 648 memorato
418 622 518 650 diserte
534 623 650 653 dicatur,
664 621 827 648 Archelaum
852 622 942 656 ipsum

159 667 290 694 nonnulla
305 668 388 702 priori
406 667 584 702 disputationi
599 675 656 694 suae
676 667 847 701 postmodum
865 667 941 694 addi-

159 712 242 745 disse,
260 713 286 740 in
302 721 362 740 eam
379 714 541 741 sententiam
556 714 654 740 lubens
672 713 761 744 venio,
779 717 809 740 ut
825 712 942 747 Epipha-

160 758 234 785 nium
246 763 327 793 atque
340 759 535 794 Hieronymum
550 767 612 786 cum
623 759 784 786 llcracliano
799 758 941 786 conciliari

159 810 239 837 posse
253 804 371 836 credam,
386 804 409 831 si
427 804 563 836 dicamus,
574 803 742 831 'Archclaum
761 803 871 839 Syriaca
885 804 941 838 pri-

159 854 234 873 mum
257 847 348 882 lingua
371 852 478 882 cuncta,
492 856 553 883 qua:
568 856 658 876 coram
682 848 791 876 delectis
802 849 941 883 judicibus

160 891 290 920 adversus
315 892 447 920 Manetcm
471 894 630 928 protulerat,
658 894 828 929 divulgasse;
854 893 941 930 Hege-

159 938 281 965 monium
295 946 370 972 vero,
383 947 444 974 quae
464 940 498 967 ab
514 940 647 967 Archelao
661 940 717 975 jam
734 940 807 968 edita
822 940 939 973 fuerant,

159 983 265 1011 meliori
281 991 333 1011 non
351 985 437 1012 solum
452 985 546 1013 ordine
565 986 723 1021 digessisse,
741 994 834 1013 verum
858 986 939 1012 etiam

159 1030 280 1063 exordio,
295 1031 411 1065 epilogo,
426 1031 541 1066 aliisque
552 1032 691 1059 nonnullis
706 1032 898 1066 locupletassc,
912 1035 942 1058 ut

159 1075 285 1102 omnibus
303 1077 423 1103 numeris
438 1077 572 1110 absoluta,
590 1077 774 1104 celeberrimae
789 1077 861 1105 illius
883 1076 939 1104 dis-

158 1121 306 1154 putationis
318 1121 383 1148 Acta
401 1122 433 1148 ad
448 1127 569 1156 posteros
584 1124 842 1150 transmitterentur.
855 1122 939 1149 Porro

159 1166 271 1202 Syriaca
298 1168 415 1201 primunt
438 1168 528 1203 lingua
554 1171 654 1203 scripta
677 1169 760 1196 fuisse
781 1171 846 1196 Acta
871 1169 938 1200 ista,

157 1217 254 1247 prater
280 1212 472 1248 Hieronymum
498 1214 523 1240 id
549 1214 638 1249 ipsum
665 1215 726 1242 loco
747 1222 809 1241 mox
830 1215 939 1241 laudato

158 1259 230 1286 clare
247 1263 388 1287 testantem
399 1281 406 1293 ,
429 1261 494 1288 illud
514 1261 596 1288 etiam
622 1265 783 1295 argumento
798 1265 850 1293 est,
866 1261 939 1295 quod

157 1304 306 1332 Archelaus
320 1306 351 1332 de
364 1306 460 1333 solaris
474 1313 571 1333 cursus
587 1307 675 1340 spatio
692 1313 784 1341 agens,
803 1306 938 1340 sphaeram

158 1348 224 1376 illud
237 1357 252 1377 a
266 1349 365 1378 Griecis
377 1352 467 1379 vocari
483 1352 521 1378 ait
537 1351 586 1387 (ὁ).
601 1352 717 1384 Quinam
729 1359 760 1378 ea
775 1352 802 1379 in
816 1352 938 1379 Gracum

158 1403 310 1423 sermonem
333 1399 511 1432 transtulerit,
529 1403 603 1426 certo
618 1398 745 1426 afﬁrmari
763 1407 816 1426 non
832 1402 938 1433 potest,

158 1442 283 1476 quamvis
294 1450 389 1476 magna
401 1444 471 1477 apud
489 1451 531 1470 me
546 1443 666 1477 suspicio
682 1443 728 1475 sit,
743 1442 938 1477 llcgemonium

158 1488 204 1521 qui
225 1488 338 1516 alteram
356 1489 480 1516 Archelai
498 1489 691 1524 disputationis
709 1490 855 1517 editionem
873 1497 938 1516 con-

157 1533 287 1566 cinnavit,
300 1535 387 1569 i'psum
401 1543 510 1570 quoque
520 1537 676 1564 eorumdem
694 1536 845 1563 versionem
862 1543 876 1562 e
889 1534 939 1571 Sy-

157 1581 234 1608 riaco
251 1582 277 1608 in
292 1582 416 1609 Grtecum
434 1583 571 1617 eloquium
588 1583 772 1614 elucubrassel
792 1586 822 1609 ut
841 1581 867 1608 in
891 1589 940 1608 uo-

158 1627 254 1654 tiorcm
272 1627 391 1662 linguam
407 1628 553 1660 transfusa,
570 1629 660 1655 cuncti
676 1637 722 1663 per
737 1629 831 1655 orbem
848 1628 939 1655 ﬁdeles

157 1673 344 1708 plenissimam
368 1674 524 1700 eorumdcm
549 1674 672 1700 notitiam
697 1674 796 1701 habere
818 1680 939 1708 possent.

160 1717 271 1744 Factum
286 1718 312 1744 id
328 1719 527 1752 antiquissimis
544 1719 709 1753 temporibus
725 1719 819 1750 fuiSSe,
834 1727 865 1746 ex
878 1719 942 1754 Epi-

158 1763 260 1798 phanio
282 1768 398 1796 constat,
423 1765 470 1799 qui
494 1765 610 1800 insignia
629 1765 788 1792 eorumdcm
814 1770 942 1800 excerpta

159 1809 253 1837 Graece
267 1809 349 1836 refert
362 1811 387 1837 in
402 1809 613 1838 Manichaeorum
628 1811 725 1839 haeresi
741 1821 747 1838 :
761 1812 872 1840 nccdici
886 1819 942 1847 pot-

158 1863 210 1887 est,
224 1864 257 1883 ex
271 1856 382 1891 Syriaco
392 1858 540 1892 exemplari
551 1857 733 1892 Epiphaniam
748 1858 835 1893 ipsum
850 1860 941 1886 Gratca

158 1899 267 1932 fecisse,
283 1908 344 1927 cum
360 1902 450 1928 omnia
465 1910 524 1937 qua;
536 1903 571 1929 ab
583 1903 678 1930 eodem
693 1911 725 1930 ex
733 1904 806 1930 Actis
821 1904 942 1936 disputa-

159 1946 241 1974 tionis
258 1947 383 1974 Archelai
407 1955 469 1974 cum
493 1947 598 1975 Maneto
615 1949 776 1982 afferuntur,
794 1949 820 1975 in
844 1949 941 1976 Latina

158 2000 240 2027 quam
254 1993 376 2024 edimus,
392 1995 515 2021 versione
530 1995 642 2022 totidem
655 1996 744 2022 verbis
759 1995 939 2030 reperiantur.

158 2039 197 2067 De
213 2039 309 2067 Latino
320 2040 466 2074 interprete
477 2040 556 2067 nobis
567 2045 670 2068 tantum
681 2041 774 2075 liquet,
790 2041 864 2067 illum
878 2040 940 2067 Hie-

157 2094 272 2122 ronymo
295 2087 473 2120 posteriorem
498 2085 592 2119 fuisse,
614 2095 694 2121 quem
717 2087 750 2114 dc
768 2086 862 2113 Latina
877 2094 939 2113 ver-

158 2131 235 2159 sione
250 2132 413 2159 mentionem
431 2132 527 2159 lccisse
544 2141 593 2167 par
607 2137 675 2165 erat,
693 2132 715 2159 si
740 2133 798 2160 suis
811 2133 940 2166 tempori-

951 1512 975 1543 C

158 2178 211 2204 bus
223 2178 373 2205 exstitisset
387 2187 394 2204 :
408 2178 508 2206 vixisse
524 2182 613 2206 tamen
624 2184 687 2206 ante
701 2179 845 2212 septi-num
858 2178 938 2205 Cliri-
955 2185 977 2212 ι)

159 2223 253 2251 etiame
277 2232 336 2251 aera:
354 2224 482 2251 steculum
504 2224 545 2251 vel
569 2225 631 2252 inde
646 2225 800 2260 colligitur,‘
818 2225 888 2259 quod
912 2224 939 2251 in

157 2270 301 2298 laudandis
310 2278 394 2298 sacrae
403 2270 550 2304 Scriptura:
560 2270 625 2298 locis
636 2271 771 2306 vulgatam
782 2271 938 2303 editionem,

157 2324 219 2352 qute
231 2325 263 2344 eo
279 2318 377 2344 s:eculo
389 2325 436 2352 per
448 2317 621 2345 Occidentem
637 2317 738 2351 passim
756 2322 862 2352 recepta
877 2316 938 2349 fuit,

158 2369 212 2389 non
226 2368 364 2397 sequatur.

195 2438 226 2466 ll.
242 2438 328 2467 Porro
340 2439 459 2468 Graecam
472 2441 635 2473 versionem,
653 2448 706 2468 non
720 2447 783 2467 vero
798 2439 939 2475 Syriacum

158 2490 259 2515 textum
272 2495 327 2521 prm
337 2487 463 2514 manibus
475 2486 600 2513 Latinum
612 2487 785 2521 interpretem
800 2486 939 2519 habuisse,

158 2539 213 2560 non
230 2532 312 2559 modo
328 2540 361 2559 ex
375 2532 500 2559 universa
515 2533 574 2567 ejus
594 2533 741 2566 locutione,
757 2540 817 2567 qua:
829 2532 939 2564 Graecia,

160 2583 216 2602 non
257 2585 321 2604 vero
351 2577 470 2613 Syrisce
499 2578 598 2613 lingua:
626 2578 743 2605 indolem
778 2578 941 2612 geniumque

160 2621 282 2654 redolet,
325 2623 391 2649 satis
426 2631 562 2658 superque
593 2623 813 2657 demonstratur;
845 2631 939 2651 verum

160 2668 241 2694 etiam
266 2668 388 2702 pluribus
405 2669 465 2696 aliis
482 2670 651 2704 argumentis
669 2669 816 2697 fortissime
836 2670 940 2697 evinci-

162 2719 215 2741 tur.
229 2713 331 2749 Quippe
346 2715 373 2742 in
388 2715 469 2749 huius
483 2715 676 2750 disputationis
691 2723 751 2750 cap.
770 2715 787 2742 8
802 2715 838 2742 ita
854 2716 941 2750 loqui-

161 2765 224 2788 tur:
244 2760 308 2786 Cum
325 2761 406 2794 igitur
427 2761 489 2787 luna
509 2769 573 2788 onus
587 2762 655 2796 quod
672 2762 749 2796 gerit,
773 2762 941 2795 animarum,

198 2815 304 2849 (a)Act.
319 2816 403 2850 dtqu
416 2825 474 2850 cap.
489 2817 536 2844 ult.

995 202 1096 237 glorior,
1112 203 1179 236 quod
1194 206 1301 228 vocatur
1311 201 1350 227 vir
1364 200 1507 234 perfectus.
1525 199 1575 226 llic
1591 203 1687 225 autent
1704 199 1742 224 rir
1753 204 1788 224 est

995 247 1117 274 columna
1139 247 1215 274 lucis.
1239 246 1304 279 Qua:
1325 246 1406 273 verba
1425 245 1462 272 ita
1489 245 1619 280 leguntur
1644 245 1673 270 in
1700 243 1787 270 Graeci

995 294 1065 328 apud
1088 293 1270 328 Epiphaniam
1288 292 1414 319 versione
1430 301 1437 318 :
1463 292 1519 326 Τῆς
1534 290 1582 318 οὖν
1599 291 1725 325 σελήνης
1747 298 1788 324 μέ-

993 339 1150 373 ταδιδούσης
1165 339 1210 365 τὸν
1221 338 1304 374 γόμον
1314 337 1368 364 τῶν
1383 336 1478 372 ψυχῶν
1502 339 1559 368 τοῖς
1574 337 1660 363 etiam
1677 335 1727 362 τῠῦ
1739 344 1787 361 ππ.-

992 385 1065 420 τρδς,
1076 384 1277 420 παραμένουσιν
1286 386 1315 411 ἐν
1323 384 1360 419 τῷ
1370 383 1458 418 στύλῳ
1465 383 1515 417 τῆς
1525 383 1618 418 δόξης,
1627 382 1658 413 ὃς
1666 382 1787 407 καλεῖται

993 430 1047 466 ἀὴρ
1058 431 1071 456 ὁ
1081 431 1197 462 τέλειος·
1217 431 1230 456 ὁ
1244 430 1271 456 δὲ
1280 429 1333 464 ἀὴρ
1351 426 1428 460 οὗτος
1442 429 1538 460 στύλος
1552 429 1613 454 ἐστὶ
1629 427 1735 462 φωτός.
1751 426 1787 452 Ex

993 477 1093 510 quibus
1101 481 1182 510 patet,
1191 475 1316 503 Latinum
1326 477 1499 510 interpretem
1509 475 1673 501 Graecarum
1691 480 1786 499 vocum

993 522 1168 549 similitudine
1179 523 1332 556 deceptum,
1342 529 1389 556 pro
1399 522 1464 557 ἀὴρ,
1475 526 1503 548 ut
1512 520 1690 555 Epiphanius
1698 519 1786 550 habet,

992 567 1062 602 ἀνὴρ
1076 567 1190 601 legisse;
1207 573 1233 593 et
1244 574 1305 593 cum
1323 571 1427 593 vertere
1439 566 1578 593 debuisset
1594 574 1601 591 :
1624 564 1785 590 Permanet

992 612 1046 639 illa:
1071 613 1098 638 in
1112 611 1233 638 columna
1246 612 1336 646 gloria:
1357 620 1416 646 qua:
1429 618 1540 638 vocatur
1560 618 1610 637 aer
1632 609 1784 642 perfectus;

991 665 1037 683 aer
1051 662 1137 684 autem
1150 657 1199 684 ista
1210 662 1248 683 est
1262 657 1384 683 columna
1399 657 1486 688 lucis;
1499 657 1589 690 ipsum
1608 655 1686 682 male
1703 655 1785 680 inter-

990 707 1125 737 pretatum
1150 702 1233 730 fuisse
1257 712 1263 730 :
1285 702 1361 735 Quod
1380 708 1490 730 vacutur
1512 703 1551 729 vir
1565 702 1708 735 perfectus
1724 709 1733 727 :
1747 702 1786 726 hic

991 752 1077 774 autem
1090 748 1129 774 vir
1143 753 1181 775 est
1195 748 1316 774 columna
1332 748 1414 778 lucis;
1428 748 1455 774 in
1473 755 1553 782 quem
1570 755 1641 774 sane
1661 754 1786 773 errorem

991 801 1044 820 non
1059 794 1214 825 incidisset,
1228 794 1251 821 si
1267 793 1301 820 ad
1318 793 1423 828 Syriaci
1441 798 1531 820 textus
1549 792 1649 824 ﬁdem,
1679 793 1709 818 in
1734 800 1788 826 quo

956 837 978 864 Β
992 847 1118 874 magnum
1134 840 1204 866 inter
1222 844 1365 874 utramque
1376 847 1471 866 vocem
1483 838 1635 865 discrimen
1651 842 1712 868 est,
1728 845 1787 863 ver-

991 886 1094 913 sionem
1109 893 1186 912 suam
1204 885 1379 912 elaborasset.
1397 884 1467 911 Sunt
1483 888 1509 911 et
1522 884 1581 910 alia:
1599 884 1731 917 ejusdem
1746 883 1786 909 in-

990 931 1115 965 terpretis
1136 930 1371 961 halluciuatioues,
1388 937 1423 956 ex
1437 929 1538 964 quibus
1564 929 1591 955 id
1610 929 1708 962 ipsum
1731 928 1787 954 evi-

991 976 1149 1003 dentissima
1166 976 1309 1010 colligitur.
1330 976 1471 1010 Siquidem
1486 976 1573 1009 capite
1589 975 1606 1000 7
1623 975 1659 1001 de
1679 975 1787 1000 vivente

991 1022 1087 1056 spiritu
1101 1029 1115 1048 a
1135 1020 1241 1048 Maneto
1257 1021 1372 1048 conﬁcto
1390 1021 1514 1055 loquens,
1532 1021 1590 1047 ait:
1610 1020 1723 1046 Rursus
1737 1022 1788 1055 ipse

991 1069 1075 1095 vivens
1095 1068 1205 1102 spiritus
1222 1068 1319 1094 creavit
1335 1067 1492 1099 luminaria,
1507 1075 1565 1102 qua:
1583 1073 1649 1093 sunt
1666 1068 1788 1101 reliquit:

991 1114 1097 1146 animle,
1115 1118 1139 1140 et
1156 1113 1214 1147 fecit
1227 1122 1257 1140 ea
1270 1114 1467 1144 ﬁrmamentum
1478 1113 1637 1144 circumire;
1648 1119 1675 1139 et
1691 1113 1787 1138 iterum

990 1159 1086 1185 creavit
1101 1163 1208 1190 terram,
1228 1163 1251 1184 ct
1263 1164 1323 1184 sunt
1334 1163 1401 1184 octo.
1416 1157 1484 1185 llinc
1497 1163 1587 1185 autem
1599 1162 1680 1192 patet
1698 1158 1787 1191 ipsum

991 1203 1086 1231 Graeco
1111 1203 1257 1237 exemplari
1282 1212 1361 1230 usum
1391 1202 1486 1235 fuisse,
1515 1203 1540 1230 in
1564 1211 1623 1238 quo
1648 1204 1787 1237 scriptum

990 1249 1094 1281 fuerat.
1111 1250 1164 1276 εἰσὶ
1181 1249 1209 1276 δὲ
1224 1249 1310 1280 ὀκτώ,
1326 1250 1368 1276 vel
1383 1250 1436 1276 elei
1449 1249 1481 1285 δὴ
1495 1249 1580 1279 ὀκτώ,
1600 1257 1668 1276 cum
1697 1254 1787 1275 tamen

990 1297 1061 1330 apud
1070 1296 1249 1331 Epiphanium
1259 1296 1362 1330 legatur
1373 1296 1413 1327 εἰς
1425 1296 1482 1331 εἴδη
1496 1294 1576 1325 ὀκτώ,
1586 1295 1723 1329 οεΙιιρΙέιὶ
1733 1304 1787 1328 ερε-

990 1343 1046 1374 cie;
1061 1350 1121 1376 qua:
1136 1349 1201 1369 sane
1214 1342 1393 1376 aequivocatio
1417 1349 1470 1368 non
1486 1349 1519 1368 ex
1535 1340 1664 1376 Syriaca,
1684 1342 1734 1367 sed
1755 1349 1785 1367 cx

990 1387 1082 1415 Graeca
1098 1392 1200 1414 tantum
1215 1388 1306 1421 lingua
1320 1387 1385 1414 oriri
1398 1391 1512 1422 poterat.
1532 1387 1580 1413 Sic
1599 1395 1667 1421 cap.
1694 1388 1711 1412 8
1728 1395 1784 1412 vcr-

992 1435 1032 1466 tit,
1047 1435 1161 1469 effundet
1177 1435 1284 1468 famem,
1302 1442 1364 1462 cum
1380 1439 1488 1461 vertere
1503 1434 1658 1464 debuisset,
1675 1440 1785 1468 pestem,

991 1489 1006 1508 a
1022 1480 1177 1508 Graecarum
1190 1487 1285 1507 vocum
1305 1479 1393 1514 λιμός,
1411 1479 1505 1514 fontes,
1522 1483 1551 1506 et
1565 1478 1677 1513 lotpég,
1695 1480 1786 1511 pestis.

991 1526 1169 1554 similitudine
1183 1526 1325 1561 deceptus,
1340 1530 1370 1552 ut
1393 1525 1420 1552 in
1438 1524 1540 1552 nostris
1555 1524 1590 1550 ad
1608 1532 1675 1550 eum
1697 1525 1787 1550 locum

991 1573 1063 1600 notis
1081 1572 1297 1599 observavimus.
1313 1571 1358 1598 Sic
1375 1571 1462 1605 capite
1479 1571 1496 1598 9
1517 1578 1567 1605 pro
1588 1571 1708 1605 πήσςει,
1727 1579 1788 1596 cun-

990 1619 1071 1654 gelat,
1086 1618 1184 1654 frigore
1200 1619 1335 1652 astringit,
1351 1622 1379 1643 ut
1393 1622 1434 1644 est
1445 1617 1514 1651 apud
1529 1616 1735 1650 Epiphanium,
1750 1617 1787 1642 le-

991 1664 1062 1698 gisse
1080 1664 1184 1690 videtur
1206 1663 1330 1698 πλήσσει,
1346 1663 1469 1697 percutit,
1490 1667 1519 1688 ut
1534 1661 1561 1688 in
1585 1661 1696 1688 eisdem
1716 1661 1786 1687 notis

990 1709 1142 1736 docuimus.
1158 1707 1265 1735 Retinet
1277 1708 1357 1735 etiam
1374 1707 1518 1734 nonnullas
1531 1714 1615 1733 voces
1631 1706 1747 1733 Graecas
1758 1707 1787 1733 in

990 1755 1115 1782 versione
1130 1762 1194 1786 sua;
1210 1757 1236 1780 et
1253 1753 1388 1780 interdum
1406 1752 1517 1787 quidem
1534 1753 1678 1783 absolute,
1699 1753 1786 1778 inter-

991 1800 1055 1827 dum
1075 1807 1138 1827 vero
1150 1799 1241 1826 addita
1255 1798 1411 1826 earumdem
1427 1799 1628 1833 explicatione;
1641 1800 1719 1834 quod
1734 1800 1787 1826 uti-

991 1855 1044 1882 que
1060 1854 1113 1873 non
1125 1845 1243 1878 fecisset,
1257 1846 1302 1880 qui
1317 1844 1428 1880 Syriace
1443 1845 1574 1880 scriptum
1589 1853 1663 1879 opus
1680 1845 1787 1872 Latini-

991 1891 1039 1918 tati
1052 1891 1189 1918 donasset.
1203 1889 1271 1917 Hinc
1284 1897 1344 1924 cap.
1365 1890 1400 1916 55
1419 1890 1515 1916 talenti
1531 1898 1628 1916 vocem
1646 1898 1699 1924 pro
1718 1899 1786 1924 pou-

991 1937 1054 1964 dere
1068 1940 1189 1970 usurpat,
1205 1943 1259 1970 quo
1275 1943 1357 1962 sensu
1369 1935 1439 1969 apud
1454 1935 1564 1962 Graecos
1579 1943 1633 1962 vox
1649 1936 1785 1962 τάλαντςν

991 1982 1125 2009 interdum
1142 1981 1281 2015 accipitur.
1301 1980 1346 2007 Sic
1363 1980 1444 2014 patilo
1462 1984 1535 2011 ante,
1553 1979 1625 2014 cybi,
1647 1981 1785 2007 vocabulo

990 2027 1087 2059 utitur,
1105 2032 1132 2053 et
1157 2026 1248 2053 statim
1272 2026 1363 2053 subdit
1390 2034 1424 2052 cx
1448 2026 1646 2053 emendatione
1668 2033 1784 2058 nostra,

989 2073 1058 2108 quod
1085 2080 1176 2099 nomen
1205 2077 1243 2099 est
1275 2072 1339 2103 tali;
1359 2071 1400 2098 vel
1423 2075 1453 2098 ut
1477 2071 1504 2098 in
1527 2071 1651 2106 quodam
1684 2072 1786 2107 Regio-

989 2118 1172 2145 Alexandriuo
1186 2118 1279 2145 codice
1299 2117 1410 2152 legitur,
1432 2117 1502 2151 quod
1517 2126 1615 2144 nomen
1632 2123 1673 2144 est
1697 2119 1783 2149 atate;

991 2172 1006 2191 ει
1020 2163 1102 2195 κύῦος
1117 2164 1230 2195 scilicet,
1248 2171 1308 2198 quae
1325 2171 1376 2190 vox
1390 2170 1468 2197 teque
1483 2164 1570 2190 talum
1586 2169 1673 2199 atque
1698 2166 1782 2191 aleam

991 2209 1135 2244 signiﬁcat,
1149 2214 1179 2236 ut
1193 2209 1220 2236 in
1241 2208 1342 2236 nostris
1358 2208 1390 2235 ad
1403 2216 1465 2234 cum
1489 2209 1582 2236 locutu
1597 2212 1673 2238 notis
1690 2212 1783 2238 obser-

989 2256 1124 2283 vavimus.
1144 2254 1189 2282 Sic
1203 2255 1320 2289 denique
1336 2262 1395 2289 cap.
1415 2254 1432 2281 8
1447 2255 1540 2282 lunam
1557 2257 1719 2290 apocrusin,
1740 2258 1782 2283 de-

991 2302 1143 2329 trimentum
1154 2301 1221 2336 pati,
1233 2301 1304 2335 quod
1320 2305 1485 2335 postremam
1501 2308 1601 2328 vocem
1619 2302 1725 2336 prioris
1741 2303 1782 2329 iu-

990 2347 1211 2382 terpretationem
1223 2353 1284 2373 esse
1300 2354 1380 2373 nemo
1394 2354 1448 2373 non
1464 2346 1548 2373 videt.

1025 2392 1069 2420 Ill.
1090 2392 1182 2419 Refert
1205 2390 1373 2426 Epiphanius
1388 2399 1449 2426 cap.
1468 2392 1497 2418 ll
1517 2392 1702 2425 Archelaum,
1725 2398 1784 2428 post

990 2438 1113 2474 fugatum
1129 2446 1144 2465 e
1157 2438 1250 2465 Garris
1264 2437 1406 2468 Manctcm,
1422 2437 1456 2464 de
1470 2438 1531 2471 ejus
1545 2439 1667 2466 adventu
1680 2440 1708 2466 in
1724 2439 1783 2466 Dio—

990 2483 1112 2510 doridem
1127 2487 1256 2514 castrum,
1279 2489 1294 2508 a
1315 2481 1433 2508 Diodoro
1453 2481 1505 2508 loci
1531 2482 1608 2509 illius
1625 2483 1784 2518 presbytero

991 2529 1133 2556 certiorem
1150 2527 1262 2559 factum,
1279 2527 1347 2554 duos
1364 2527 1398 2553 ad
1420 2527 1549 2553 eumdem
1567 2527 1724 2555 Diodorum
1744 2528 1784 2554 λό-

989 2583 1066 2609 γους,
1083 2574 1133 2601 hoc
1147 2578 1188 2600 est
1201 2573 1285 2600 libros
1299 2572 1416 2604 misisse,
1433 2577 1465 2599 ut
1480 2580 1581 2600 eorum
1601 2574 1723 2602 lectione
1745 2575 1783 2600 in-

991 2624 1111 2647 structus
1126 2619 1201 2653 impii
1223 2618 1342 2645 haeretici
1359 2622 1475 2645 conatus
1496 2623 1525 2644 et
1544 2618 1605 2652 ipse
1631 2619 1782 2654 infringere

991 2667 1101 2693 valeret.
1128 2665 1180 2693 Sed
1201 2673 1234 2693 ea
1259 2666 1285 2692 in
1308 2673 1337 2692 re
1354 2665 1462 2699 lapsum
1486 2664 1575 2692 fuisse
1598 2665 1782 2700 Epiphanium

991 2713 1058 2740 scite
1073 2712 1188 2739 advertit
1210 2712 1359 2739 Gulielmus
1375 2712 1446 2739 Cave
1467 2711 1495 2737 iu
1510 2710 1685 2746 Scriptorum
1702 2712 1782 2738 ecclo-

992 2760 1158 2785 siasticorum
1177 2758 1289 2785 historia
1304 2758 1448 2790 litterario,
1463 2762 1491 2785 et.
1503 2765 1539 2785 cx
1552 2759 1632 2786 Actis
1649 2759 1717 2794 ipsis
1727 2758 1782 2786 dis!

1028 2815 1065 2850 ψ)
1081 2814 1224 2850 Ibid.,cap.
1236 2814 1280 2842 52.
