1848 3043
31 92 102 122 N09

769 92 919 124 NOTITIA.

1584 97 1654 129 £th

30 154 182 189 putationis
197 153 322 182 Archelai
337 162 398 182 cum
415 154 520 182 Manete
533 155 685 183 luculenter
696 157 814 184 ostendi—
827 161 849 188 Α
864 156 948 184 eratis
962 157 1033 187 loca,
1050 155 1077 183 in
1091 156 1191 191 quibus
1205 155 1350 193 Κααχάρα,
1363 157 1404 184 vel
1422 157 1574 194 Κασχάρων
1589 167 1652 194 per-

30 206 72 228 tur
87 210 94 227 :
120 201 147 227 in
164 201 198 228 iis
213 201 285 228 enim
299 209 359 235 cap.
379 201 410 228 41
428 202 532 237 integra
552 201 668 229 refertur
690 201 815 229 Archelai

31 247 63 272 ad
82 245 235 273 Diodorum
256 246 379 280 epistola,
402 246 428 273 in
443 254 496 281 qua
516 254 545 274 se
561 247 680 274 voluisse
694 247 814 282 quidem,

29 293 69 319 ait
85 292 249 324 Archelaus,
265 293 298 319 ad
315 291 460 319 Diodorum
477 293 568 319 omnia
585 293 765 327 perscribere.
782 295 816 320 de

26 339 132 373 quibus
145 346 208 366 cum
224 338 328 365 Manete
341 346 433 366 coram
447 339 557 367 delectis
572 339 708 374 iudicibus
721 339 816 374 dispu-

25 389 152 417 tarerat;
176 385 222 412 sed
236 390 377 420 propterea
403 385 438 412 iis
453 386 591 412 mittendis
607 386 793 420 supersedisse
805 407 812 418 ,

25 431 101 465 quod
120 431 248 465 deinceps
265 439 313 466 per
324 431 408 458 otium
424 431 457 458 de
476 435 531 458 tota
544 432 726 466 disputatione
736 439 813 459 eum-

24 477 88 504 dem
107 478 252 504 certiorem
266 478 378 505 reddere
390 478 536 513 cogitabat.
556 478 584 505 ln
600 478 652 505 ﬁne
668 479 749 505 etiam
761 478 814 513 epi-

25 523 106 550 stolae
121 527 184 558 post
206 523 324 550 breviter
339 524 497 558 perstrictos
518 524 632 551 Manetis
649 531 771 556 errores,
786 531 815 551 se

25 569 116 596 multa
132 569 240 597 silentio
254 570 415 604 praitcriisse
432 570 538 601 scribit,
558 570 622 597 dum
636 570 749 597 celerem
763 570 814 603 ipsi

23 615 238 649 responsionem
256 615 368 643 reddere
383 614 505 649 festinat,
530 623 563 643 ne
578 615 689 642 minima
703 615 813 650 quidem

23 661 165 689 librorum
190 662 223 689 ad
246 663 370 690 eumdem
396 663 541 689 missorum
565 662 702 689 mentione
730 661 811 688 facta.

23 707 140 735 Certum
153 708 245 743 itaque
257 714 307 742 est,
322 710 494 740 Archelaum,
507 715 562 743 quo
574 712 693 742 tempore
703 708 736 734 ad
749 706 814 733 Dio—

22 754 124 780 dorum
143 755 330 790 presbyterum
352 755 456 783 litteras
469 754 559 786 dedit,
579 754 668 781 nullos
682 753 813 785 adversus

21 799 143 827 Manetis
162 801 285 828 literesim
300 801 384 829 libros
398 801 574 828 elucubrasse
588 809 595 826 :
610 799 655 826 sed
670 807 721 826 nec
734 807 813 826 secu-

21 846 56 872 tis
72 846 204 881 deinceps
220 847 387 881 temporibus
410 847 470 873 libri
495 846 542 873 ulli
560 845 594 872 ab
611 845 744 872 Archelao
763 845 811 871 ad-
827 835 849 861 Β

20 898 123 918 versus
140 891 265 918 eumdem
283 891 375 926 scripti
401 891 486 918 fuisse
505 890 645 922 videntur;
672 889 725 917 nisi
747 889 810 923 quis

19 937 174 963 contendat
188 937 332 971 ipsummet
346 937 412 964 Acta
426 937 618 972 disputationis
632 944 688 963 sua:
700 936 809 970 scriptis

19 982 184 1008 mandasse.
207 981 273 1008 Nam
292 981 460 1017 Epiphanius
478 983 536 1017 ipse
556 990 589 1009 ex
610 982 663 1008 alio
681 981 808 1016 quopiam

19 1027 154 1054 Archelai
170 1028 239 1054 libro
253 1028 290 1055 nil
306 1029 412 1060 reeitat,
431 1028 554 1063 nihilque
574 1027 659 1055 ferme
678 1027 809 1055 adversus

17 1071 238 1099 Manichaeorum
254 1080 360 1100 errores
372 1072 485 1107 profert,
498 1074 570 1108 quod
581 1073 608 1100 in
619 1073 809 1108 disputationis

19 1126 35 1144 a
52 1118 138 1145 nobis
151 1119 230 1146 edita:
246 1118 321 1146 Aetis
336 1127 390 1146 non
408 1120 568 1154 reperiatur.
588 1119 687 1146 Eadem
700 1126 808 1153 quoque

18 1165 81 1191 sola
102 1164 181 1197 Acta,
199 1172 252 1191 non
265 1172 329 1192 vero
342 1165 410 1192 alios
424 1166 566 1200 quospiam
580 1165 704 1192 Archelai
723 1165 808 1192 libros

15 1209 119 1236 laudat
134 1209 309 1237 llcraelianus
323 1210 552 1238 Chalcedonensis
570 1211 724 1245 episcopus,
742 1211 807 1237 dum

15 1255 150 1281 omnium
165 1255 338 1289 antiquorum
352 1255 462 1282 Patrum
477 1256 576 1290 scripta
595 1261 806 1290 commemorat,

15 1301 126 1334 quibus
145 1300 171 1327 in
186 1308 236 1327 suo
247 1301 378 1328 adversus
394 1301 558 1329 Manicbzeos
571 1310 651 1336 opere
663 1310 739 1333 usus)
749 1303 807 1330 fue-

15 1352 72 1374 rat.
90 1347 275 1380 Quamobrem
301 1347 445 1374 dicendum
468 1353 519 1380 est,
543 1349 593 1375 hac
613 1348 640 1375 in
656 1356 685 1376 re
699 1356 808 1383 quoque

15 1393 137 1419 humani
150 1393 214 1427 quid
227 1400 337 1427 passum
351 1392 434 1421 fuisse
445 1394 635 1428 Epiphanium,
647 1398 674 1421 et
690 1395 805 1422 duorum

15 1439 150 1466 Archelai
165 1439 297 1466 librorum
314 1439 374 1467 loco
389 1440 517 1467 habuisse
529 1439 596 1467 Acta
611 1440 667 1475 ipsa
684 1440 807 1475 disputa-

15 1486 106 1512 tionis
119 1493 133 1512 a
148 1485 225 1513 nobis
237 1485 315 1512 editze
328 1494 334 1512 :
352 1493 412 1520 quae
425 1494 486 1513 cum
505 1494 548 1513 res
569 1487 683 1514 diversis
699 1491 805 1521 tempo-

15 1532 101 1559 ribus
126 1536 215 1566 gestas
233 1531 457 1566 complectantur,
471 1531 542 1558 haud
560 1532 633 1558 inani
647 1533 805 1567 conjectura

15 1578 113 1613 colligi
131 1582 228 1612 potest,
245 1578 272 1605 in
288 1579 356 1606 duas
371 1579 435 1605 olim
457 1583 548 1612 partes
564 1578 650 1605 divisa
669 1578 765 1610 fuisse,
779 1579 805 1606 iu

15 1631 138 1658 quarum
151 1623 241 1658 priore
252 1623 399 1658 disputatio
411 1623 535 1651 Archelai
547 1631 608 1650 cum
620 1623 725 1651 Manete
736 1625 805 1659 apud

15 1672 137 1702 Carras;
152 1670 177 1696 in
195 1670 312 1697 secunda
328 1678 402 1703 vero,
415 1675 511 1697 cuncta
525 1678 584 1705 quce
600 1675 654 1697 tam
672 1670 806 1698 Diodorus

15 1715 176 1750 presbyter,
191 1722 272 1749 quam
294 1715 365 1742 idem
385 1715 535 1742 Archelaus
550 1723 565 1742 a
589 1715 706 1743 Diodoro
720 1716 806 1743 moni-

15 1769 73 1794 .us,
91 1765 187 1788 contra
201 1760 333 1788 Manetem
350 1761 376 1788 in
390 1761 545 1789 Diodoridis
560 1766 649 1789 castro
663 1762 726 1796 egit,
740 1769 805 1789 con-

15 1807 185 1832 ,inerentur.

49 1850 102 1878 1V.
126 1850 185 1878 lam
199 1859 264 1879 vero
284 1851 446 1879 Archelaum
469 1852 634 1888 Κασχάρων,
657 1852 803 1880 Casclmro-

15 1906 78 1924 ~um
99 1897 258 1932 episcopum
280 1896 364 1925 fuisse
385 1898 466 1925 tradit
481 1897 604 1926 Socrates
621 1899 669 1933 (α),
686 1899 803 1933 Epipha-

15 1945 96 1971 xium
113 1947 223 1970 secutus
240 1942 288 1978 (b).
304 1943 338 1969 At
358 1949 454 1969 auctor
469 1943 520 1969 iste
537 1943 586 1970 sibi
605 1950 659 1969 non
677 1947 802 1975 constat,

15 1993 112 2023 utpote
128 1987 174 2022 qui
192 1987 300 2019 urbem,
316 1987 395 2021 cujus
409 1987 551 2022 episcopus
562 1991 620 2014 erat
636 1987 801 2019 Archelaus,

15 2033 170 2070 ἐαρχάρην
188 2033 251 2060 alibi
275 2034 397 2061 nominat
412 2034 446 2069 (c)
465 2034 491 2061 itt
515 2033 658 2061 Petaviana
673 2034 801 2068 editione,

15 2082 82 2108 icct
101 2081 129 2106 in
147 2079 199 2106 alia
217 2079 365 2108 Basilecnsi
380 2081 499 2107 editione
511 2081 663 2116 Καλχάρων
675 2085 802 2115 corrupte

15 2128 160 2154 labentur.
183 2126 351 2154 Postremam
374 2128 444 2154 hanc
466 2128 609 2155 lectionem
633 2128 801 2162 expressisse

15 2174 128 2200 'idctur
146 2171 314 2207 Epiphanius
328 2181 360 2199 ex
375 2173 449 2200 Actis
463 2174 528 2208 ipsis
543 2174 736 2208 disputationis
749 2174 801 2199 Ar-
818 2185 840 2211 ι)

15 2220 106 2247 ηιιειειὶ
122 2219 240 2254 episcopi
257 2228 318 2247 cum
334 2220 448 2252 Manete,
466 2220 492 2247 in
509 2228 623 2254 quorum
641 2220 718 2247 initio
732 2219 800 2246 dici-

15 2276 58 2295 ιιι·
74 2276 81 2294 :
101 2265 252 2293 Thesaurus
264 2275 349 2298 verus,
364 2267 416 2293 sive
430 2266 575 2300 disputatio
585 2266 676 2292 habita
692 2267 719 2292 in
732 2266 801 2293 Car-

17 2314 79 2340 Itar
97 2312 206 2338 civitate
227 2311 443 2346 Mesopotaiitite;
463 2319 578 2346 eamque
602 2311 744 2338 lectionem
761 2319 802 2338 se-

21 2361 140 2385 uuutur
154 2356 252 2384 Petrus
263 2356 373 2383 Siculus
385 2356 423 2391 (d)
436 2361 462 2384 et
471 2356 617 2384 PhotiusP.
625 2355 675 2383 ΟΡ.
684 2355 710 2382 in
720 2362 800 2389 opere

19 2406 106 2432 lIhUC
130 2403 233 2431 incdito
247 2403 377 2430 adversus
398 2402 561 2429 Manichmos
577 2409 628 2428 suo
643 2409 698 2428 aevo
714 2401 801 2436 repul-

19 2452 144 2482 nlantes,
162 2449 209 2476 lib.
230 2456 249 2481 t,
268 2449 314 2483 qui
329 2449 392 2475 dum
416 2447 559 2481 Epiphanii
584 2446 753 2473 narrationes
772 2446 798 2472 in

15 2498 152 2531 pitomen
175 2495 310 2529 redigunt,
326 2494 487 2520 Archelaum
504 2500 556 2519 non
576 2492 740 2527 Καπχάρων,
757 2492 799 2518 vel

15 2542 180 2578 ζαλχάρων,
195 2541 242 2568 sed
257 2540 410 2575 Καρχάρων
421 2539 575 2573 episeopum
592 2542 710 2564 vocant:
727 2537 798 2564 unde

15 2590 94 2617 tiam
110 2592 197 2623 patet,
217 2587 386 2614 emendanda
399 2593 459 2612 esse
472 2585 524 2611 alia
539 2583 681 2618 Epiphanii
703 2588 729 2610 et
746 2582 798 2610 So-

39 2678 85 2713 (a)
104 2674 253 2713 liisheccl.
263 2674 309 2700 lib.
325 2681 346 2705 ι,
361 2672 481 2713 (ξιιμ-22.

38 2707 83 2748 (ὁ)
113 2711 189 2738 llatr.
205 2717 290 2748 -ιίινι,
320 2716 398 2743 capp.
421 2708 438 2735 5
463 2708 529 2742 et7,
556 2711 582 2735 et
603 2707 639 2734 De
665 2715 746 2735 mens.
771 2712 795 2734 et

15 2745 102 2779 ciid.,
123 2754 186 2780 cap.
204 2745 248 2772 20.

37 2785 77 2817 (c)
95 2777 240 2817 itl.,'li:er.
257 2786 329 2817 nxvt,
345 2785 404 2812 cap.

38 2813 82 2853 id)
102 2816 182 2845 Hist.
198 2814 326 2845 Manio/1.,
342 2821 401 2848 pag.
417 2813 460 2840 57,

865 210 957 237 peram
982 202 1089 236 legitur.
1117 201 1202 229 Porro
1228 203 1323 230 urbem
1349 203 1494 237 quamdam
1518 204 1651 232 Carebam

865 248 975 275 nomine
999 248 1026 274 in
1050 247 1150 274 Arabia
1176 247 1265 276 Felice
1282 248 1360 275 sitam
1379 248 1473 281 fuisse,
1500 257 1653 285 anonymns

866 293 1008 320 Ravennas
1029 292 1198 328 Geographia:
1224 294 1339 328 scriptor
1363 294 1445 321 tradit
1466 294 1511 330 (ε).
1529 294 1654 324 Meminit

865 344 892 365 et
905 339 1015 366 alterius
1030 338 1142 366 Carchw
1158 338 1320 366 Ammianus
1339 339 1512 368 Marcellinus
1535 341 1580 375 (f).
1599 340 1651 369 Ve-

865 392 924 410 rum
936 389 1038 411 neutra:
1051 385 1147 411 harum
1161 385 1268 411 urbium
1283 385 1432 412 Archelaus
1444 387 1591 421 episcopus
1605 395 1651 414 ex-

865 428 950 461 stitit;
966 437 1028 455 nam
1045 429 1104 464 ejus
1125 437 1187 456 cnm
1203 429 1307 457 Manete
1329 431 1477 465 disputatio
1494 431 1586 459 habita
1603 437 1646 460 est

865 473 891 500 in
906 473 1105 509 Mesopotamim
1126 475 1193 502 urbe
1210 475 1260 502 sub
1278 475 1460 502 Romanorum
1476 477 1579 504 ditione
1599 485 1648 512 po-

866 519 929 551 sita,
948 520 1026 554 cujus
1041 520 1226 555 episcopatum
1238 520 1547 555 obtinebatArchelaus,
1563 527 1593 549 ut
1604 523 1648 550 di-

864 570 934 592 serie
954 566 1053 592 dicitur
1073 566 1144 600 apud
1162 566 1354 601 Epiphanium,
1375 571 1402 593 ct
1422 567 1447 593 in
1463 567 1538 595 Actis
1562 569 1650 603 ipsius

864 611 1075 645 disputationis:
1099 611 1203 638 Carcha
1229 619 1294 638 vero
1321 612 1522 640 a-Marcellino
1545 621 1650 641 memo-

863 661 932 688 rata,
950 661 1025 683 extra
1041 657 1274 691 Mesopotamiam.
1291 661 1365 685 trans
1382 657 1495 693 Tigrim,
1513 659 1539 685 in
1553 659 1649 687 Persa-

863 710 924 729 rum
938 703 1040 730 ditione
1057 704 1108 731 sita
1125 709 1192 736 erat.
1209 705 1304 732 eodem
1320 705 1466 732 Ammiano
1487 709 1556 733 teste
1576 706 1648 735 locis

863 751 990 779 laudatis.
1006 751 1119 779 Carchee
1134 760 1244 787 quoque
1260 753 1367 780 Arabia:
1383 753 1469 786 urbis,
1483 754 1562 788 cujus
1573 755 1645 789 apud

863 805 1027 833 anonymum
1043 798 1225 825 Ravennatem
1238 798 1338 825 mentio
1348 802 1400 829 est,
1411 798 1561 827 Archelaus
1571 800 1649 827 nullo

862 848 942 878 pacto
957 843 1101 878 episcopus
1117 851 1176 871 esse
1199 844 1304 878 potuit;
1330 852 1392 871 cum
1418 845 1524 879 antiqui
1549 853 1646 874 omnes

862 890 1008 924 scriptores
1021 898 1082 917 eum
1099 898 1152 916 non
1170 890 1287 922 Arabim,
1301 890 1347 917 sed
1369 890 1570 925 Mesopotamiae
1585 893 1646 926 epi-

863 943 975 970 scopum
998 935 1082 963 fuisse
1100 936 1216 963 tradant.
1231 935 1413 963 Posteriorem
1435 937 1505 971 apud
1521 937 1641 972 Epipha-

861 983 937 1010 nium
949 982 1102 1014 lectionem,
1112 986 1209 1016 prieter
1222 981 1331 1009 Petrum
1343 982 1464 1009 Siculum
1479 987 1560 1017 atque
1572 984 1644 1011 I‘ho-

862 1029 939 1060 tium,
946 1027 1061 1062 probare
1069 1027 1178 1060 insuper
1186 1027 1381 1054 videnturActa
1387 1027 1444 1062 ipsa
1452 1027 1568 1062 disputat
1574 1028 1646 1056 imis

860 1072 985 1099 Archelai
1006 1079 1068 1099 cum
1089 1071 1205 1104 Manete,
1230 1071 1256 1098 in
1285 1079 1402 1106 quorum
1426 1072 1504 1099 initio
1520 1073 1621 1100 dicitur

863 1118 1010 1146 Thesaurus
1028 1126 1113 1151 verus,
1135 1119 1188 1145 sive
1205 1117 1352 1152 disputatio
1367 1118 1457 1144 habita
1476 1119 1504 1145 in
1526 1119 1645 1146 Carclmr

860 1165 964 1192 civitate
973 1164 1179 1198 Mesopotamia.
1193 1163 1292 1191 Verum
1310 1172 1370 1191 cum
1388 1163 1500 1191 inferius
1512 1165 1548 1199 (g)
1560 1165 1645 1193 Char—

860 1218 918 1238 ram
935 1210 1062 1242 habeant,
1079 1217 1194 1245 eamque
1207 1209 1410 1244 Mesopotamiae
1426 1210 1520 1237 urbem
1533 1218 1593 1238 esse
1605 1211 1649 1238 di-

860 1261 936 1290 cant;
961 1256 1022 1284 hinc
1038 1256 1127 1284 lucide
1140 1260 1256 1288 constat,
1279 1261 1333 1282 tam
1348 1256 1441 1283 eadem
1466 1257 1545 1290 Acta,
1562 1264 1643 1292 quam

859 1302 1040 1337 Epiphanium
1055 1308 1083 1329 et
1099 1302 1178 1335 alios,
1200 1301 1387 1336 intelligendos
1405 1309 1466 1329 esse
1480 1302 1512 1330 de
1527 1302 1644 1330 Charris

859 1348 1032 1375 celeberrima
1044 1347 1245 1383 Mesopotamia:
1259 1350 1339 1382 urbe;
1358 1350 1428 1377 unde
1441 1350 1497 1377 vias
1510 1351 1578 1378 duas
1594 1358 1638 1377 re-

859 1393 917 1427 gias
933 1394 960 1420 in
978 1393 1116 1421 Persidem
1132 1394 1262 1422 ducentes
1277 1394 1406 1429 distingui
1424 1395 1506 1422 tradit
1522 1395 1639 1422 Marcel-

859 1440 931 1468 linus
963 1439 1001 1476 (Ιι)
1023 1448 1029 1467 :
1045 1448 1106 1475 qua:
1128 1441 1195 1468 urbs
1209 1440 1312 1467 Charra
1327 1441 1408 1468 etiam
1427 1442 1555 1469 scribitur
1568 1442 1640 1477 apud

859 1485 972 1513 Paulum
996 1485 1145 1513 Diaeonutn
1168 1486 1210 1522 (ἰ).
1234 1486 1353 1513 Carchar
1379 1492 1468 1513 autem
1482 1506 1490 1519 ,
1510 1487 1553 1514 vel
1575 1488 1641 1515 Car-

857 1532 939 1558 chara
962 1532 990 1558 in
1005 1531 1106 1559 eisdem
1129 1532 1216 1562 Actis,
1237 1536 1264 1559 et
1282 1532 1353 1566 apud
1371 1532 1549 1567 Epiphanium
1573 1534 1642 1561 scri-

858 1581 933 1612 ptum
953 1577 1038 1604 fuisse
1052 1577 1169 1610 videtur,
1187 1577 1360 1604 librariorum
1387 1577 1503 1605 forsitan
1525 1585 1618 1605 errore
1630 1597 1639 1612 ,

856 1623 898 1650 vel
914 1623 986 1658 quod
1001 1623 1104 1658 vulgari
1127 1624 1315 1659 indigenarum
1332 1623 1423 1658 lingua
1438 1624 1475 1651 ita
1494 1631 1637 1659 nuncupa-

858 1673 944 1696 retur.

894 1713 924 1741 ν.
943 1714 980 1741 De
995 1718 1115 1749 tempore
1129 1715 1211 1742 etiam
1230 1715 1329 1743 habita;
1345 1715 1378 1742 ab
1396 1714 1530 1742 Archelao
1544 1715 1640 1750 dispu-

856 1759 970 1787 tationis
985 1764 1169 1787 consentanea
1183 1761 1233 1787 sibi
1246 1768 1416 1796 nequaquam
1429 1761 1510 1788 tradit
1523 1760 1643 1796 Epipha-

855 1805 935 1838 nius;
963 1813 1025 1831 nam
1051 1806 1078 1832 in
1098 1805 1168 1833 libro
1195 1805 1233 1832 De
1255 1807 1383 1833 mensuris
1403 1811 1428 1833 et
1453 1806 1611 1840 ponderibus
1625 1826 1634 1838 ,

855 1858 930 1877 num.
947 1850 992 1882 20,
1011 1850 1142 1877 Manetem
1158 1851 1193 1878 ob
1206 1856 1385 1886 perpetratam
1401 1851 1472 1885 regis
1489 1851 1634 1879 Persarum

854 1895 901 1922 lilii
918 1903 1010 1922 necem
1024 1904 1057 1922 ex
1071 1896 1182 1923 Perside
1197 1896 1351 1931 profugum,
1369 1897 1395 1923 in
1410 1896 1634 1931 Mesopotamiam

854 1948 926 1967 nono
940 1940 1075 1968 Valeriani
1091 1946 1117 1968 et
1130 1941 1245 1969 Gallieni
1258 1943 1342 1977 impp.
1362 1950 1433 1969 anno
1449 1942 1565 1974 venisse,
1581 1942 1633 1977 qui

852 1992 894 2014 est
907 1986 1069 2014 Christiana:
1082 1995 1142 2014 aera:
1162 1995 1250 2015 annus
1263 1987 1326 2018 262,
1343 1988 1493 2022 eodemque
1512 1993 1635 2023 tempore

852 2041 914 2060 cum
929 2033 1062 2060 Archelao
1076 2033 1196 2068 ejusdem
1210 2033 1329 2069 regionis
1342 2034 1471 2068 episcopo
1483 2034 1637 2068 disputasse

852 2076 943 2105 refert.
961 2079 992 2105 At
1008 2078 1034 2104 in
1052 2078 1147 2105 haeresi
1163 2078 1378 2105 Manichaeorum
1395 2079 1445 2105 sub
1463 2079 1551 2113 ipsum
1572 2087 1638 2114 ope-

852 2123 890 2150 ris
899 2123 1016 2155 initium,
1027 2128 1054 2150 et
1063 2131 1138 2150 num.
1155 2123 1202 2154 20,
1214 2124 1332 2157 primum
1344 2123 1454 2157 quidem
1467 2129 1540 2151 ortos
1552 2123 1637 2151 fuisse

854 2168 1027 2202 Maniehzeos,
1050 2176 1097 2195 seu
1111 2169 1200 2202 potius
1219 2169 1360 2202 antiquam
1379 2169 1412 2195 de
1428 2169 1500 2195 bono
1515 2177 1547 2196 ac
1563 2170 1637 2197 malo

855 2214 909 2241 Deo
927 2214 1049 2241 hmresim
1073 2214 1207 2241 aManete
1227 2221 1275 2248 per
1291 2213 1381 2240 varias
1402 2214 1477 2241 orbis
1500 2219 1636 2242 terrarum

851 2265 942 2296 partes
958 2260 1030 2288 circa
1043 2268 1144 2287 annum
1161 2267 1186 2286 IV
1202 2259 1341 2287 Aureliani
1357 2260 1421 2294 imp.
1437 2268 1533 2288 rursus
1544 2261 1635 2288 divul-

852 2312 941 2342 gatam
954 2307 1039 2334 fuisse
1051 2307 1160 2339 scribit;
1177 2306 1273 2333 deinde
1288 2313 1352 2333 vero
1373 2307 1423 2333 sub
1439 2306 1586 2334 Aureliano
1606 2311 1635 2335 et

849 2352 938 2380 Probo
951 2352 977 2380 id
991 2360 1006 2380 a
1022 2351 1128 2379 Manete
1144 2351 1242 2379 factum
1267 2351 1353 2378 fuisse
1369 2352 1472 2382 innuit,
1495 2357 1524 2378 ut
1541 2352 1634 2380 videre

850 2402 890 2425 est
905 2405 980 2424 num.
997 2397 1041 2430 19,
1058 2397 1104 2429 20,
1124 2397 1158 2424 59
1183 2401 1210 2424 et
1226 2397 1259 2423 77
1273 2397 1393 2432 ejusdem
1407 2397 1551 2424 bmreseos.
1569 2397 1630 2425 Non

850 2443 937 2476 potuit
948 2446 1038 2469 autem
1051 2441 1200 2470 Archelaus
1211 2441 1346 2469 Valeriani
1359 2448 1383 2469 et
1393 2441 1504 2469 Gallieni
1517 2450 1588 2469 anno
1601 2450 1628 2470 ix

850 2482 981 2515 Maneteiu
1003 2488 1064 2514 viva
1081 2495 1148 2515 voce
1162 2488 1313 2521 confutare,
1331 2493 1360 2514 ut
1380 2489 1406 2514 in
1424 2488 1493 2514 libro
1509 2487 1544 2514 De
1556 2496 1628 2514 meu—

848 2533 917 2559 suris
931 2537 955 2560 et
970 2533 1128 2566 ponderibus
1142 2533 1179 2560 ait
1193 2532 1372 2567 Epiphanius,
1389 2533 1411 2560 si
1426 2537 1486 2567 post
1499 2540 1551 2559 non
1565 2541 1632 2567 pall-

849 2586 896 2606 cos
912 2586 1009 2610 annos,
1024 2578 1067 2605 vel
1081 2586 1153 2606 anno
1176 2587 1202 2606 IV
1222 2577 1371 2611 Aureliani,
1395 2578 1437 2605 vel
1459 2578 1530 2605 circa
1545 2577 1627 2605 linem

883 2670 917 2704 (e)
940 2668 1031 2704 Geogr.
1048 2668 1094 2695 lib.
1114 2676 1145 2700 ll,
1161 2676 1220 2702 cap.
1241 2668 1266 2694 7.

881 2705 915 2738 (Ῑ)
933 2703 1083 2735 ιλίὺζκνιιι,
1100 2711 1158 2737 cap.
1177 2704 1221 2735 23,
1239 2709 1266 2730 et
1280 2703 1326 2730 lib.
1347 2712 1410 2737 xxv,
1428 2711 1486 2738 cap.
1504 2703 1549 2737 20,
1563 2703 1609 2731 2L

883 2740 920 2773 (ξι)
933 2740 997 2766 Acta
1011 2739 1124 2772 disput.,
1140 2746 1199 2773 cap.
1215 2739 1241 2765 5.

883 2775 920 2808 (It)
936 2773 993 2800 Lib.
1016 2781 1094 2805 xxm,
1114 2781 1173 2807 cap.
1190 2773 1218 2799 4,

883 2810 913 2845 (ἰ)
927 2809 998 2836 Hist.
1013 2809 1098 2842 misa,
1113 2808 1159 2835 lib.
1177 2816 1242 2842 xxn,
1260 2815 1317 2842 cap.
1334 2808 1380 2836 20.
