1848 3043
178 67 242 95 NH

617 66 645 93 S.
666 65 876 94 ARCHELAUS
891 65 1150 94 ΜΕΞΟΡΟΤΑΜΙᾸΞ
1170 62 1376 96 Ef’iSCOPUS:I

1735 66 1787 93 “l2

176 124 299 159 ejusdem
315 123 432 158 imperii,
446 129 473 151 et
486 124 593 151 initium
609 123 700 158 Probi,
716 124 808 152 Manes
825 125 963 158 antiquio-
975 127 999 155 Α
1013 125 1093 157 nerit,
1109 130 1138 152 ut
1153 133 1187 152 eo
1211 130 1332 161 tempore
1356 125 1495 159 incepisse
1522 122 1732 159 quodammodo
1750 122 1787 149 dici

176 171 216 198 ris
231 169 328 197 nefarii
343 170 476 205 dogmatis
501 170 669 198 incrementa
693 171 862 205 procuravit.
882 169 962 198 Prio-

177 224 234 244 rem
260 215 403 251 Epiphanii
420 215 556 243 calculum
581 216 609 243 in
630 216 702 243 libro
723 216 762 243 De
785 217 913 243 mensuris
937 221 962 244 et

176 262 332 298 ponderibus
347 261 470 296 sequitur
486 261 584 289 Petrus
600 260 711 289 Siculus
726 261 745 289 l.
761 269 786 289 e.
803 266 830 289 et
849 262 963 290 Pbotius

176 309 205 336 in
218 308 326 336 laudato
340 307 387 334 lib.
403 315 410 334 ι
427 307 558 334 adversus
571 307 738 335 Manichaeos
755 307 961 342 repullulantes,

176 353 239 381 licet
251 352 412 380 Valerianus
431 351 501 387 Aug.
518 352 572 386 iam
585 352 619 379 ab
633 360 707 379 anno
727 360 765 379 vn
781 353 841 386 ejus
856 352 962 387 imperii

177 408 192 427 a
212 398 315 434 Sapore
331 405 394 433 rege
406 397 551 425 Persarum
565 402 660 432 captus
671 397 764 424 fuerit.
778 396 961 424 Posteriorem

176 452 240 471 vero
254 444 369 479 probant
385 443 451 470 Acta
468 443 525 477 ipsa
543 442 736 477 disputationis
753 442 878 470 Archelai
899 450 961 470 cum

176 489 292 521 Manete,
308 496 341 516 ex
356 496 473 524 quorum
488 496 549 523 cap.
566 488 601 516 37
615 488 704 515 lucide
717 490 845 523 apparet,
861 488 964 516 Arche-

177 535 250 562 laum
268 533 319 561 sub
333 533 448 568 imperio
463 532 556 565 Probi,
575 540 630 559 non
645 537 736 560 autem
752 533 885 566 Gallieni,
898 541 961 560 cum

176 579 282 608 Manete
298 580 332 607 de
345 580 425 614 cujus
440 578 537 606 haeresi
559 578 598 605 nii
613 578 703 606 adhuc
722 579 774 607 sibi
792 585 962 614 compertum

176 632 246 660 erat,
259 627 423 662 disputasse.
437 625 556 661 Cyrillus
569 633 680 661 quoque
690 625 961 661 Hierosolymitanus,

176 674 222 709 qui
235 672 404 709 septuaginta
419 676 524 700 tantum
544 672 624 699 annis
645 676 709 706 post
723 671 856 699 detectam
870 670 962 697 Mane-

176 721 212 748 tis
222 719 346 747 haeresim
358 727 388 746 se
402 718 521 746 scribere
531 722 647 745 testatur
664 717 713 753 (a),
726 717 859 744 Manetem
870 716 961 743 Probo

176 766 327 801 imperante
341 765 466 792 haeresim
485 764 625 800 divulgare
640 764 767 799 ctepisse,
783 763 883 790 diserte
895 763 963 790 scri-

1015 171 1143 205 potuerit.
1166 171 1279 199 Videtur
1294 172 1365 199 enim
1381 171 1536 198 Archelaus
1555 174 1623 204 post
1640 168 1788 197 confutatam

1014 225 1105 244 coram
1121 217 1258 252 judicibus
1274 217 1419 250 Manetem,
1440 225 1499 244 rem
1521 221 1613 243 totam
1641 215 1744 242 cunctis
1756 221 1789 248 per

1013 263 1107 290 orbem
1119 263 1254 298 episcopis
1268 268 1360 291 notam
1372 263 1483 294 fecisse,
1498 266 1529 289 ut
1542 261 1658 289 labant‘i
1674 260 1790 288 catholica

1013 309 1085 341 fidei,
1101 313 1200 343 quanta
1222 314 1333 343 possent
1355 309 1501 336 sedulitate
1523 310 1744 335 succurrerent:
1758 313 1791 332 eo-

1013 362 1065 388 que
1082 359 1161 388 paeto
1185 355 1286 382 factum
1303 354 1388 382 fuisse
1402 362 1451 389 par
1474 358 1527 387 est,
1555 357 1588 380 ut
1612 352 1666 387 qui
1683 351 1791 379 subdolos

1013 400 1223 429 Manicha—orum
1239 409 1400 437 progressus
1416 400 1594 435 ignorabant,
1615 403 1688 426 tunc
1705 397 1792 424 illorum

1013 448 1138 476 haeresim
1162 453 1251 476 ortam
1276 447 1361 475 fuisse
1385 446 1566 476 crediderint,
1597 451 1671 472 cum
1697 443 1792 478 primum

1012 495 1135 529 ejusdem
1151 494 1273 522 notitiam
1292 501 1327 521 ex
1341 493 1466 521 Archelai
1481 492 1585 520 litteris
1602 492 1766 519 habuerunt.

1049 539 1104 567 Vll.
1126 539 1178 567 Sed
1205 545 1233 567 et
1264 540 1361 567 habitae
1384 540 1417 566 ab
1443 538 1582 567 Archelao
1613 537 1793 572 disputationis

1013 589 1120 619 tempus
1145 592 1178 612 ex
1202 584 1233 611 D.
1258 584 1347 612 Leone
1372 583 1468 618 Magno
1495 582 1653 618 prmcisius
1679 581 1794 616 designari

1014 634 1111 664 potest,
1126 630 1171 665 qui
1184 631 1210 656 in
1225 637 1351 657 sermone
1363 637 1382 656 ιι
1397 629 1429 656 de
1438 628 1621 659 Pentecoste,
1634 627 1795 654 Manicheam

1014 675 1176 707 innotuisse,
1192 675 1240 707 ait,
1258 675 1347 702 Probo
1369 674 1433 709 imp.
1457 679 1483 700 et
1505 672 1634 700 Paulino
1650 680 1733 704 coss.,
1741 679 1795 698 anno

1013 726 1074 756 post
1087 720 1189 748 Christi
1206 720 1432 748 resurrectionem
1447 718 1513 752 250,
1525 723 1558 746 ut
1572 717 1796 746 accommodatius

1014 767 1047 793 ad
1069 766 1292 801 ehronologicnm
1318 766 1459 793 veritatem
1485 765 1513 791 in
1539 764 1646 791 codice
1669 763 1796 790 Oxoniensi

176 811 226 839 bit.
242 811 390 838 Dicendum
405 811 496 845 itaque
513 815 564 844 est,
585 809 766 845 Epiphanium
781 811 809 837 in
830 810 902 837 libro
921 809 960 836 De
977 804 998 832 Β
1014 812 1064 848 legi
1092 812 1255 846 Quesnellus
1278 816 1401 839 testatur.
1426 811 1461 838 At
1480 811 1526 838 hic
1552 809 1646 837 Probi
1669 814 1697 837 et
1713 811 1797 836 Paulini

177 857 306 883 mensuris
322 861 346 883 et
371 855 529 890 ponderibus
553 863 671 887 errasse,
694 859 722 882 et
742 855 829 882 multo
847 854 964 882 certiora

176 903 211 930 de
227 902 436 930 Hanichmorum
452 902 564 930 haeresis
576 906 671 929 exortu
692 902 718 928 in
734 901 810 928 libris
831 901 962 927 Adversus

176 949 286 976 Iucreses
305 948 384 975 nobis
411 948 568 981 tradidisse,
592 947 655 976 licet
677 947 704 974 in
733 947 835 974 eisdem
855 954 963 981 quoque

176 994 255 1022 libris
282 994 379 1021 iterum
409 994 462 1022 sibi
489 1002 544 1022 nou
573 998 698 1021 constare
722 993 961 1028 deprehendatur:

176 1049 239 1068 nam
261 1048 324 1067 cum
350 1040 463 1068 dixisset
479 1047 552 1067 anno
575 1048 603 1067 iv
626 1039 833 1074 Aureliani.qui
857 1042 960 1073 partem

177 1087 241 1114 anui
260 1087 313 1114 275
327 1091 354 1114 et
365 1086 417 1113 ΞΜ
433 1086 632 1121 complectitur,
657 1085 802 1112 emersisse
818 1083 961 1115 Manetem,

177 1140 208 1160 ac
231 1136 361 1168 praaterea
379 1130 553 1164 afﬁrmasset,
578 1131 604 1158 id
627 1129 759 1158 accidisse
778 1129 918 1156 Aureliani
936 1133 962 1156 et

175 1178 257 1206 Probi
280 1178 461 1213 temporibus,
481 1177 535 1204 hoc
559 1181 600 1204 est
624 1182 695 1203 anno
715 1174 816 1212 Christi
844 1174 897 1201 276
919 1182 962 1202 se-

175 1225 294 1253 cundum
314 1225 458 1260 quosdam,
474 1224 521 1258 qui
538 1223 594 1258 jam
612 1227 669 1250 tum
689 1224 724 1249 ab
741 1221 800 1257 ejus
819 1221 962 1249 nativitate

175 1278 263 1298 annos
287 1277 432 1297 numerare
449 1273 604 1301 sueverant,
625 1268 687 1296 licet
704 1275 752 1295 eos
768 1276 783 1295 a
808 1267 908 1295 Christi
934 1267 961 1294 in

176 1317 261 1344 caelos
276 1316 462 1351 assumptione
476 1322 561 1342 annos
573 1319 721 1349 supputare
736 1314 904 1349 Epiphanius
917 1321 962 1340 as-

176 1367 267 1395 serat;
284 1359 329 1388 vel
342 1368 415 1388 anno
428 1359 483 1387 246
499 1361 649 1388 secundum
665 1360 746 1392 alios,
760 1360 806 1394 qui
828 1367 844 1386 a
858 1359 961 1387 Christi

176 1412 263 1436 morte
279 1414 365 1434 annos
383 1406 585 1442 supputabunt;
604 1410 696 1441 postea
721 1406 823 1438 subdit,
837 1413 853 1433 a
870 1405 962 1434 Mane-

175 1454 211 1481 tis
228 1453 396 1488 temporibus
408 1460 496 1487 usque
514 1453 547 1479 ad
565 1459 667 1479 annum
682 1458 730 1479 xm
746 1452 810 1486 imp.
828 1451 959 1483 Valentis,
974 1473 995 1502 C

174 1505 202 1527 et
217 1508 243 1527 ix
259 1499 381 1527 Gratiani
391 1507 424 1527 ac
439 1500 557 1534 primum
569 1497 751 1526 Valentiniani
767 1497 889 1526 .quioris
905 1505 960 1533 quo

176 1547 234 1581 ipse
250 1545 399 1580 scribebat,
416 1545 468 1572 hoc
481 1549 524 1572 est
540 1552 626 1579 usque
642 1544 675 1571 ad
689 1549 759 1578 iterat
771 1544 893 1579 vulgaris
908 1551 959 1571 an-

175 1599 241 1618 num
262 1590 514 1621 576,iutercessisse
527 1598 613 1617 annos
626 1589 686 1621 107,
698 1589 771 1624 quod
785 1597 851 1617 sane
865 1597 959 1617 verum

175 1644 236 1664 esse
248 1644 302 1663 non
319 1640 425 1671 potest;
442 1643 504 1662 nam
520 1635 554 1662 ab
569 1643 641 1662 anno
650 1635 707 1662 .276
723 1635 765 1662 vel
781 1635 834 1662 273
849 1640 896 1662 aut
907 1634 960 1662 274

175 1681 210 1708 ad
232 1688 332 1708 annum
354 1681 416 1712 576,
434 1689 488 1708 ιιοιι
506 1687 615 1708 centum
638 1686 665 1708 et
687 1686 789 1716 septem
812 1681 889 1714 anni,
912 1681 959 1709 sed

175 1731 284 1754 centum
298 1726 497 1759 tantummodo,
512 1726 554 1753 vel
571 1726 623 1753 103
637 1730 685 1753 aut
700 1725 751 1754 104
767 1726 843 1759 anni,
860 1734 959 1754 secun-

175 1773 241 1800 dum
255 1773 346 1801 varias
360 1773 567 1808 supputationes
581 1773 661 1800 modo
673 1776 848 1806 memoratas,
862 1780 958 1800 nume-

176 1824 281 1846 rantur.

211 1864 255 1891 Vl.
265 1864 350 1892 Porro
357 1871 476 1899 quonam
485 1864 565 1892 Probi
574 1872 645 1892 anno
654 1865 679 1892 id
687 1865 826 1899 acciderit,
833 1873 866 1892 ex
875 1865 959 1893 Euse-

176 1911 220 1939 bio
227 1911 315 1946 colligi
325 1911 476 1946 potest,_qui
482 1911 509 1938 in
515 1911 644 1938 Chronico
652 1911 690 1939 sic
698 1912 731 1940 de
747 1911 958 1939 Manichaeorum

175 1957 261 1984 initiis
271 1956 364 1984 scribit
371 1956 422 1990 (b):
432 1955 551 1983 Secundo
560 1964 628 1983 anno
638 1955 727 1989 Probi,
732 1957 960 1992 juxtalAntioc/re-

175 2010 221 2029 nos
228 1999 364 2029 CCCXXV
371 2009 452 2029 annus
463 2002 524 2035 fuit,
529 2001 609 2036 juxta
619 2002 710 2037 Tyrios
718 2002 782 2030 CDll
790 2002 829 2030 vel
836 2003 888 2030 CD]
894 2003 913 2030 ll
920 2012 959 2030 se-

174 2048 289 2075 cundum
296 2048 434 2079 quosdam;
445 2047 524 2082 jumta
538 2047 699 2075 Laodweuos
707 2048 869 2080 CCCXXIV,
877 2049 959 2083 juxta

176 2094 322 2121 Edessena:
336 2094 371 2130 (ε)
381 2093 601 2122 CCCLXXXVIH
612 2095 660 2128 (ita
675 2095 747 2121 enim
763 2095 862 2130 corrigi
880 2095 959 2122 debet

174 2139 286 2168 Pontaci
292 2140 385 2171 editio,
392 2141 418 2167 in
425 2148 477 2175 qua
484 2148 623 2176 perperam
632 2141 729 2176 legitur
735 2140 957 2176 CCCLXXXIX);
976 2157 997 2183 Β

171 2186 424 2221 juxtaAscalouitas
442 2185 616 2220 CCCLXXK,
634 2187 729 2213 insana
751 2186 958 2213 Manicltworum

175 2233 280 2259 Iurensia
288 2232 313 2258 in
322 2233 570 2259 cantamus/mutaui
577 2233 674 2267 generis
683 2233 887 2260 malumeazorla.
897 2232 959 2260 Haec

179 2281 268 2305 autem
276 2276 384 2305 Eusebii
392 2276 474 2304 verba
481 2275 516 2303 ita
524 2275 695 2311 intelligenda
707 2280 780 2308 sunt,
788 2281 818 2305 ut
830 2285 883 2304 non
895 2282 966 2304 tunc,

175 2323 293 2358 primum
321 2322 532 2351 Manichaeorum
559 2323 670 2350 haeresis
697 2328 756 2350 orta
782 2322 880 2356 fuerit;
900 2323 957 2358 jam

176 2370 247 2397 enim
262 2369 296 2396 ab
306 2369 489 2403 apostolorum
503 2368 586 2396 ferme
598 2369 765 2404 temporibus
777 2370 957 2403 quorumdam

176 2420 280 2443 mentes
295 2416 339 2441 ille
354 2414 472 2441 nefarius
485 2421 561 2441 error
576 2415 723 2447 invaserat,
737 2419 766 2442 ut
778 2423 810 2442 ex
824 2415 958 2443 Archelao

176 2467 270 2490 nostro
284 2468 311 2490 et
324 2461 474 2497 Epiphanio
487 2462 587 2497 liquet;
605 2462 652 2489 sed
666 2463 738 2496 quod
758 2467 822 2490 tunc
838 2463 956 2497 primum

175 2508 281 2537 Maneto
299 2509 422 2536 haeresim
435 2513 553 2536 veterem
571 2516 619 2543 per
632 2509 723 2536 varias
735 2507 855 2536 Orientis
869 2510 958 2545 regio-

177 2563 225 2584 nes
237 2556 443 2588 disseminante,
458 2561 486 2584 et
505 2557 532 2583 in
549 2557 713 2584 Archelaum
727 2556 796 2583 forte
811 2557 956 2590 incidente,

175 2601 223 2636 qui
234 2609 328 2628 omnes
342 2602 402 2636 ejus
418 2605 490 2628 artes
502 2609 534 2628 ac
545 2608 653 2628 errores
667 2600 833 2636 disputando
845 2601 955 2633 detexit,

175 2644 215 2673 ita
231 2645 258 2672 in
273 2651 434 2674 cunctorum
447 2654 494 2682 per
512 2647 605 2675 orbem
627 2646 746 2674 fidelium
763 2647 887 2674 notitiam
909 2655 956 2674 ve-

214 2746 252 2784 (ᾳ)
268 2747 376 2784 Catech.
392 2758 429 2781 γι,
446 2757 506 2784 pag.
525 2750 585 2777 M0.

214 2782 252 2817 (ὁ)
266 2782 360 2810 Chron.
378 2785 423 2811 lib.
440 2782 520 2819 pus—L,
532 2793 593 2821 pag.
608 2786 668 2814 ΠἹ.

1015 859 1176 886 consulatus
1197 862 1303 893 partem
1330 857 1395 884 anni
1420 856 1500 891 primi
1523 861 1553 884 et
1574 856 1700 883 secundi
1714 856 1798 890 imperii

1014 903 1095 931 Probi
1113 904 1334 938 continet,quem
1349 903 1467 930 obeunte
1481 901 1582 928 Tacito
1593 901 1645 928 die
1660 901 1694 927 1⁸5
1709 900 1798 935 Aprilis,

1013 950 1127 984 ejusque
1141 949 1225 976 fratre
1245 948 1373 976 Floriano
1395 953 1457 982 post
1481 947 1555 975 duos
1579 955 1702 974 menses
1716 948 1798 976 occiso.

1013 995 1166 1024 Romanum
1185 996 1330 1030 imperium
1355 995 1508 1022 obtinuisse
1532 999 1667 1022 constat.
1684 993 1766 1027 Quare
1782 994 1799 1020 si

1010 1042 1087 1076 juxta
1103 1041 1251 1069 Eusebium
1266 1049 1338 1069 anno
1349 1041 1430 1068 Probi
1447 1049 1467 1068 ιι
1478 1044 1506 1068 et
1517 1041 1603 1075 juxta
1622 1040 1745 1068 Leonem
1759 1040 1799 1066 Ma-

1012 1096 1094 1123 gnum
1112 1088 1164 1115 sub
1184 1087 1327 1115 consulatu
1349 1086 1432 1114 Probi
1450 1091 1477 1114 et
1491 1086 1609 1113 Paulini
1627 1085 1800 1119 patefactaest

1013 1133 1225 1161 Manichaeorum
1250 1134 1372 1166 lueresis,
1400 1133 1558 1160 necessario
1578 1133 1640 1160 dici
1660 1133 1750 1163 debet.
1764 1133 1801 1158 Δι-

1011 1180 1097 1207 chelai
1109 1187 1171 1207 cum
1179 1179 1283 1206 Maneto
1292 1179 1572 1213 disputationem,per
1579 1186 1676 1213 quam
1686 1179 1802 1205 universa

1011 1226 1139 1254 Ecclesize
1164 1225 1279 1253 Manetis
1307 1233 1383 1253 error
1410 1225 1553 1257 innotuit,
1579 1225 1727 1252 accidisse
1748 1226 1802 1252 intra

1010 1272 1111 1299 Julium
1128 1276 1210 1307 atque
1227 1271 1402 1299 Decembrem
1418 1271 1483 1298 anni
1500 1271 1567 1297 277.
1595 1270 1704 1298 Verum
1720 1272 1803 1298 Arche-

1011 1319 1046 1345 lai
1063 1319 1148 1346 nostri
1161 1319 1241 1345 verba
1255 1318 1371 1353 benigne
1386 1322 1451 1345 sunt
1467 1317 1703 1352 interpretanda,
1727 1318 1769 1352 qui
1785 1318 1803 1343 ii.

1010 1371 1072 1398 cap.
1087 1363 1123 1390 27
1138 1363 1329 1398 disputationis
1346 1369 1402 1389 suae
1416 1365 1478 1396 post
1492 1366 1643 1388 trecentos
1661 1360 1722 1388 fere
1734 1368 1805 1387 annos

1011 1417 1027 1436 a
1040 1408 1142 1436 Christi
1166 1413 1264 1440 morte,
1287 1408 1343 1435 imo
1358 1411 1420 1442 post
1434 1410 1584 1438 trecentos,
1608 1411 1639 1433 et
1655 1413 1692 1433 eo
1704 1407 1805 1441 amplius

1011 1462 1099 1482 annos
1110 1455 1144 1482 ah
1157 1455 1250 1482 eadem
1267 1453 1368 1481 Christi
1388 1457 1476 1479 morte
1499 1451 1657 1479 advenisse
1684 1451 1803 1478 Maneten

1013 1501 1121 1528 asserit.
1135 1500 1297 1528 Archelaum
1312 1499 1385 1526 enim
1404 1499 1436 1526 ad
1451 1498 1687 1532 exaggerandam
1704 1497 1804 1524 nanctis

1013 1547 1198 1579 stoliditatem,
1223 1545 1270 1581 qui
1295 1545 1467 1573 Paracletum
1495 1543 1638 1579 Spiritum
1667 1553 1685 1572 a
1711 1545 1804 1573 Christo

1013 1593 1190 1628 promissum,
1217 1597 1317 1619 temere
1345 1599 1374 1618 sc
1396 1598 1456 1618 esse
1479 1589 1653 1624 affirmabat,
1681 1599 1804 1618 annorum

1013 1647 1157 1667 numerum
1174 1639 1200 1665 in
1217 1636 1410 1673 disputationis
1433 1641 1500 1663 testu
1521 1637 1641 1664 auxisse
1668 1637 1804 1664 dicendum

1012 1690 1064 1718 est,
1078 1691 1108 1712 ut
1124 1684 1225 1712 clarius
1241 1683 1406 1715 ostenderet,
1434 1682 1522 1716 ipsum
1549 1682 1635 1717 longe
1659 1683 1734 1709 adeo
1755 1688 1807 1717 post

1012 1731 1116 1759 Christi
1135 1734 1250 1757 mortem
1273 1733 1396 1763 tempore
1420 1732 1622 1762 emergentem,
1639 1727 1806 1755 Paracletum

1013 1785 1074 1805 esse
1089 1785 1143 1804 non
1162 1783 1254 1812 posse,
1277 1781 1358 1810 quem
1374 1773 1456 1801 Jesus
1482 1777 1546 1808 post
1571 1781 1661 1800 suum
1686 1774 1714 1800 in
1730 1775 1806 1801 celos

1013 1830 1167 1854 ascensum,
1181 1822 1253 1849 illico
1264 1829 1293 1848 se
1303 1819 1436 1855 apostolis
1447 1819 1601 1846 missurum
1613 1819 1806 1849 aﬂinnaverat;

1012 1873 1039 1896 et
1059 1876 1153 1895 revera
1176 1871 1238 1902 post
1261 1865 1457 1901 quinquaginta
1476 1865 1511 1892 ab
1527 1865 1589 1900 ejus
1605 1867 1806 1894 resurrectione

1012 1915 1070 1942 dies
1091 1914 1126 1941 ab
1140 1914 1199 1948 ipso
1213 1913 1327 1940 missum
1347 1911 1449 1943 fuisse,
1469 1911 1663 1946 apostolorum
1681 1912 1753 1938 Acta
1768 1912 1806 1938 di-

1013 1967 1085 1988 serto
1100 1964 1242 1988 testantur.

1048 1994 1116 2032 Vill.
1137 2004 1187 2033 His
1215 2005 1248 2032 de
1266 2003 1393 2031 Archelai
1409 2011 1470 2030 cum
1486 2001 1595 2029 Manete
1611 2002 1806 2037 disputationis

1013 2057 1133 2086 tempore
1149 2059 1181 2078 ac
1201 2050 1385 2082 versionibus,
1412 2049 1501 2082 deque
1524 2048 1653 2082 ejusdem
1682 2049 1804 2076 Arcbeizi

1012 2096 1160 2131 episcopali
1182 2095 1245 2122 sede
1268 2094 1425 2129 praelibatis,
1445 2093 1580 2129 agendum
1607 2093 1695 2121 nobis
1715 2098 1758 2120 est
1777 2094 1804 2119 de

1012 2142 1168 2170 sinceritate
1180 2146 1262 2176 atque
1274 2140 1430 2176 prmstantia
1442 2139 1565 2174 ejusdem
1578 2140 1676 2174 operis
1686 2148 1693 2171 ;
1703 2147 1735 2166 ac
1744 2147 1804 2174 pr:-

1010 2193 1084 2216 terea
1098 2188 1254 2219 ridendum,
1269 2195 1302 2214 an
1320 2186 1410 2221 aliqua
1429 2185 1471 2213 sui
1489 2191 1566 2220 parte
1578 2187 1743 2214 mutilatum
1756 2188 1803 2216 sit;

1010 2240 1147 2270 postremo
1170 2233 1355 2265 indicandum,
1382 2240 1508 2267 quietiam
1535 2233 1674 2260 Actorum
1690 2241 1753 2268 qua:
1766 2234 1803 2259 in-

1011 2286 1084 2317 tegra
1099 2288 1172 2307 nunc
1184 2280 1265 2315 primi
1280 2279 1398 2311 edimus,
1415 2278 1567 2313 fragmenta
1588 2279 1657 2306 olim
1676 2279 1704 2306 in
1720 2279 1802 2306 luces!

1009 2326 1169 2362 prodierint,
1196 2330 1222 2353 et
1247 2333 1280 2352 ex
1306 2325 1386 2360 cujus
1413 2324 1586 2352 bibliothecae
1608 2325 1711 2352 codice
1724 2325 1804 2352 editio

1009 2376 1102 2399 nostra
1119 2371 1286 2407 profluxerit.
1306 2371 1337 2398 Et
1362 2372 1452 2406 primo
1477 2371 1588 2405 quidem
1616 2371 1654 2398 de
1675 2371 1803 2398 Actorum

1010 2419 1123 2446 istorum
1141 2418 1296 2445 sinceritate
1309 2416 1430 2451 suspicio
1444 2417 1518 2443 nulla
1531 2417 1598 2443 oriri
1613 2422 1711 2451 potest
1724 2427 1731 2443 :
1746 2423 1803 2443 nam

1009 2464 1177 2499 Epiphanius
1192 2471 1263 2490 anno
1274 2462 1375 2489 Christi
1387 2461 1440 2489 576
1452 2463 1587 2490 adversus
1599 2462 1725 2490 bzereses
1740 2463 1805 2488 seri.

1009 2509 1087 2542 hens,
1103 2509 1209 2543 insigne
1223 2516 1255 2536 ex
1271 2508 1457 2542 disputatione
1471 2507 1599 2535 Archelai
1618 2507 1803 2543 fragmentum

1008 2555 1123 2591 protulit
1147 2555 1173 2582 in
1197 2554 1293 2582 haeresi
1311 2553 1537 2585 Manichaeorum,
1564 2561 1627 2588 cap.
1657 2554 1710 2585 ‘25,
1733 2553 1803 2588 quod

1008 2603 1130 2638 ejusdem
1146 2602 1219 2629 Actis
1233 2609 1266 2628 ex
1281 2600 1377 2627 Latina
1395 2599 1522 2627 versione
1538 2607 1552 2626 a
1570 2600 1655 2627 nobis
1673 2601 1702 2626 in
1719 2600 1803 2625 luceat

1007 2650 1088 2677 editis
1107 2656 1219 2684 prorsus
1243 2647 1406 2683 respondet;
1434 2654 1466 2674 ac
1490 2651 1621 2681 praeterea
1637 2647 1664 2674 si
1680 2645 1805 2673 Archelai

1046 2751 1081 2784 (ε)
1109 2749 1180 2776 Edit.
1206 2749 1223 2776 2
1247 2748 1376 2784 Scaligcri
1405 2748 1514 2776 habet:
1536 2748 1618 2782 ῥαίνω
1654 2747 1805 2776 Edam:

1009 2793 1158 2814 DLXXXVHI.
