1848 3043
16 92 77 120 “15

735 88 884 120 ΝΟΤΠἸΑ.

1562 96 1631 129 tut

16 157 135 181 rationes
151 158 235 188 atque
250 159 409 188 argumenta
429 162 490 182 eum
505 152 648 190 Epiphanii
671 153 796 182 confuta-
813 157 836 184 Α
851 153 962 187 insuper
978 151 1128 180 Archelaus
1144 161 1204 188 cap.
1221 154 1255 181 Μ
1269 154 1400 183 Manetem
1420 156 1446 183 in
1461 164 1569 185 carcere
1584 167 1635 194 po-

16 199 130 227 :ionibus
156 200 291 232 conferas,
317 201 521 228 cvidentissime
538 201 689 236 apparebit,
707 201 796 236 ipsum

21 250 44 272 ta
61 246 86 272 in
101 246 233 273 omnibus
245 251 367 274 secutum
382 246 466 274 fuisse
476 247 651 280 Archelaum,
664 251 693 274 ut
708 255 796 282 pauca

16 291 40 318 lc
55 299 107 318 suo
122 292 254 319 adversus
268 292 382 319 Mauctis
396 300 504 320 errores
523 293 654 320 attulerit.
674 292 798 320 Meminit

16 337 84 363 -tiam
97 337 230 365 Actorum
246 338 327 372 hujus
343 339 537 373 disputationis
553 338 690 372 Socrates,
703 339 750 374 qui
769 339 795 366 in

16 382 154 409 'onsulatu
180 390 225 410 xvi
261 382 408 410 Theodosii
431 383 564 416 Junioris,
587 384 639 411 hoe
653 389 695 411 est
723 391 797 411 anno

16 435 64 454 erat
79 427 247 455 Christianae
260 428 544 461 459,Ecclesiasticam
555 430 693 456 historiam
705 430 795 457 absol-

16 475 60 506 fil;
76 478 107 501 et
124 482 156 501 ea
173 474 263 502 omnia
276 482 337 509 quae
353 475 387 502 de
399 475 610 503 Manichaeorum
623 476 718 504 haeresi
733 484 797 503 nar-

16 521 83 551 ‘avit,
114 529 144 548 se
162 529 195 548 ex
216 521 317 549 eisdem
343 521 418 548 Actis
443 522 567 550 hausisse
587 523 702 558 ingenue
727 522 795 550 fate-

18 575 47 594 ur
59 567 115 602 (ιι).
139 567 238 594 Eorum
265 568 386 603 insuper,
410 573 539 602 umquam
566 568 600 595 ab
627 568 794 604 Hegemonio

16 613 129 646 iuodam
156 613 330 648 scriptorum,
357 614 521 641 mentionem
539 614 603 642 facit
617 614 794 644 Heraclianus

16 658 237 687 llialcedonensis
248 659 401 694 episcopus,
411 664 442 686 ut
458 667 540 694 supra
555 660 657 687 dictum
672 665 723 688 est.
740 661 794 688 Dc-

15 705 83 739 tique
99 705 228 732 Archelai
240 705 326 733 nostri
337 713 448 741 operum
465 705 644 741 fragmentum
656 707 792 734 contineri

15 759 29 777 ιι
46 751 245 779 vetcriCatena
261 751 418 778 Grtecorum
437 750 550 778 Patrum
571 752 597 778 in
613 751 791 788 Evangelium

17 797 197 832 oannis,qum
206 797 320 824 habetur
331 797 357 824 in
372 797 473 832 scripto
485 797 615 825 Cmsareae
623 799 792 826 bibliothecae

851 200 944 231 situm,
965 199 1114 234 discipulos
1138 208 1203 227 suos
1230 201 1337 229 misisse
1355 202 1389 228 ad
1414 203 1482 236 loca,
1503 205 1636 240 inquibus

850 245 1060 271 Christianorum
1082 245 1143 272 libri
1170 247 1410 281 cortscribebanlur,
1439 250 1532 285 eisque
1558 251 1641 278 Chri—

850 290 1000 316 stianorum
1024 298 1053 317 sc
1076 291 1186 318 nuntios
1205 299 1265 319 esse
1282 293 1475 322 simulantibus
1492 304 1635 324 sacrorum

849 337 974 363 codicum
997 337 1101 371 copiam
1125 336 1224 364 factam
1246 338 1340 366 fuisse.
1361 340 1395 367 At
1410 341 1434 367 id
1449 341 1500 368 sub
1516 343 1633 370 ethnicis

849 386 955 408 tantum
983 382 1195 417 imperatoribus
1221 384 1309 411 facere
1339 387 1493 421 oportebat,
1519 396 1637 422 quorum

848 428 1015 462 temporibus
1038 427 1139 456 Christi
1164 428 1256 457 ﬁdeles
1273 438 1379 458 summa
1407 432 1538 466 religione
1558 442 1639 463 cura-

846 472 922 506 banl,
935 481 968 500 ne
986 478 1167 501 sacrosancta:
1181 475 1248 510 legis
1264 476 1325 503 libri
1342 476 1377 504 ad
1389 477 1560 506 ethnicorum
1577 488 1638 508 ma—

846 526 899 545 nus
925 519 1113 553 pervenirent;
1143 527 1175 547 ac
1201 526 1342 556 propterea
1370 531 1423 550 non
1451 524 1562 559 ubique,
1589 526 1637 554 sed

845 564 928 591 certis
945 564 1109 599 quibusdam
1123 565 1150 592 in
1167 566 1246 598 locis,
1265 568 1334 594 sacri
1354 569 1461 597 codices
1476 572 1554 598 vendi
1571 580 1638 600 con—

846 616 1000 637 sueverant.
1025 610 1208 646 Corrigendus
1225 617 1315 640 autem
1333 613 1511 649 Epiphanius,
1536 618 1585 652 qui
1607 619 1634 646 in

843 656 1055 684 Manichaorum
1071 658 1178 692 htercsi,
1192 667 1252 694 cap.
1267 659 1294 690 5,
1314 660 1351 687 ait
1368 660 1500 689 Manetem
1514 663 1634 699 discipu-

843 703 884 730 los
900 711 965 731 suos
985 704 1018 731 ad
1037 704 1215 739 inquirendos
1231 713 1324 732 sacros
1341 706 1425 734 libros
1442 708 1560 741 misisse,
1583 717 1632 737 an-

843 753 952 784 tequam
969 750 996 776 in
1013 757 1151 777 carcerem
1164 751 1332 784 truderctur;
1348 760 1410 779 nam
1426 753 1453 780 in
1470 755 1550 782 modo
1567 756 1629 783 lau—

843 795 907 822 dato
925 795 1051 822 Archelai
1068 796 1260 830 disputationis
1276 797 1336 824 loco
1348 797 1447 826 diserte
1462 800 1561 827 dicitur
1575 801 1600 828 id
1615 810 1631 829 a

15 842 112 875 :odice,
123 828 202 870 testis
214 847 256 870 est
269 828 478 878 Lambecius-(b)
490 852 496 869 ε
506 843 578 877 quod
592 844 684 878 utique
692 852 722 871 ex
741 845 792 871 hu-
809 828 830 857 Β
843 841 947 868 Manete
962 841 1063 869 factum
1077 841 1172 876 fuisse,
1188 850 1242 878 quo
1257 847 1379 878 tempore
1396 844 1423 871 iu
1438 853 1549 874 carcere
1561 847 1631 876 deti-

15 896 43 915 us
51 888 252 923 disputationis
260 888 335 916 Actis
343 888 516 923 desumptum
528 889 611 916 fuisse
620 897 673 916 non
685 889 790 917 dubito.

35 933 80 960 1X.
107 933 242 961 Praeterea
258 942 291 961 ex
305 934 462 961 eorumdem
475 935 605 961 Actorum
626 939 700 962 textu
718 936 791 963 varia

20 984 168 1013 rgumenta
190 979 248 1006 erui
270 983 394 1013 possunt,
415 979 515 1013 quibus
532 986 626 1005 eorum
643 979 791 1014 antiquitas

17 1029 81 1060 tque
122 1025 265 1052 sinceritas
299 1025 510 1052 demonstratur.
538 1024 687 1052 Archelaus
718 1026 790 1053 enim

16 1079 60 1106 ap.
75 1071 115 1097 ‘27
133 1075 161 1097 et
183 1071 217 1098 58
239 1071 332 1098 varios
355 1070 498 1098 haereticos
515 1078 689 1104 enumerans,
705 1072 790 1098 nemi-

19 1125 59 1143 em
80 1117 202 1144 Sabellio
223 1117 402 1144 recentiorem
426 1117 552 1151 appellat,
575 1124 655 1150 quem
678 1116 747 1144 Sixti
768 1117 789 1143 ll

15 1161 184 1195 :mporibus,
199 1161 246 1196 qui
261 1169 333 1188 anno
347 1161 446 1188 Christi
461 1161 514 1188 257
529 1166 555 1188 et
569 1162 621 1188 258
639 1161 787 1189 Romanam

15 1207 155 1234 icclesiam
178 1208 258 1240 rexit,
273 1215 289 1234 a
306 1206 435 1243 Dionysio
449 1207 631 1235 Alexandrino
652 1209 788 1236 luereseos

15 1257 162 1280 ccusatum
187 1252 273 1280 fuisse
293 1257 402 1280 constat
414 1261 447 1280 ex
474 1253 590 1281 Eusebio
601 1254 647 1289 (c).
668 1254 790 1282 Meminit

16 1307 115 1334 neque
139 1299 288 1327 obsidionis
313 1299 470 1333 Carrarum,
498 1301 542 1328 cui
572 1305 731 1335 praesentem
760 1311 790 1330 se

15 1347 86 1373 risse
104 1350 218 1373 testatur
233 1354 292 1380 cap.
309 1346 354 1378 24,
372 1354 432 1380 quze
452 1347 524 1374 nulla
540 1347 591 1375 alia
606 1348 712 1375 videtur
729 1356 789 1376 esse

15 1401 92 1425 osse,
109 1400 190 1427 quam
208 1392 253 1419 illa
267 1400 327 1427 quae
342 1393 392 1419 sub
408 1392 550 1420 Valeriano
565 1394 687 1429 Augusto
702 1395 788 1422 conti-

15 1440 44 1471 it,
66 1447 134 1466 cum
152 1439 255 1466 scilicet
269 1446 284 1466 a
298 1439 390 1466 Persis
408 1444 559 1474 expugnata
587 1440 653 1475 fuit;
677 1442 718 1468 vel
735 1442 787 1469 alia

843 888 970 914 nebatur.

877 933 911 959 Χ.
932 933 987 961 Nec
1002 941 1034 961 ex
1053 934 1139 962 sacris
1162 935 1360 970 tantummodo,
1382 944 1476 964 verum
1496 939 1577 966 etiam
1595 947 1629 967 ex

841 979 963 1014 profanis
980 981 1143 1015 quibusdam
1171 981 1252 1009 rebus
1274 990 1390 1017 quantm
1415 983 1442 1010 in
1463 984 1538 1012 hisce
1551 986 1628 1014 Actis

841 1026 943 1052 mentio
962 1026 1000 1058 lit,
1014 1027 1171 1053 eorumdem
1188 1027 1254 1055 ﬁdes
1273 1029 1416 1056 astruitur.
1432 1030 1463 1056 In
1477 1030 1511 1057 iis
1526 1033 1627 1068 quippe

841 1071 955 1106 legimus
978 1072 1122 1104 Manetem,
1149 1081 1212 1100 cum
1232 1081 1247 1101 a
1267 1074 1394 1103 Marcello
1414 1076 1512 1104 litteris
1523 1079 1627 1107 accitus

840 1118 938 1145 Carras
966 1119 1048 1151 venit,
1077 1119 1202 1146 baculum
1227 1128 1260 1147 ex
1282 1128 1369 1148 ebeno
1394 1122 1421 1149 in
1438 1124 1564 1152 manibus
1581 1133 1627 1160 ge-

840 1167 944 1194 stasse;
970 1164 1043 1198 quod
1067 1164 1101 1191 ab
1115 1165 1268 1200 Alytarehis
1287 1166 1439 1195 factitatum
1459 1169 1524 1196 olim
1541 1170 1625 1198 fuisse

839 1212 954 1235 testatur
966 1208 989 1235 J.
1004 1209 1113 1237 Malalas
1132 1211 1177 1245 (ο).
1197 1211 1376 1240 Callisthenes
1392 1221 1500 1248 quoque
1514 1217 1624 1250 spurius

839 1254 956 1287 scriptor
971 1263 985 1281 a
1002 1256 1160 1284 doctissimo
1184 1256 1322 1293 Ducangio
1339 1267 1366 1286 tn
1382 1259 1516 1288 Glosserio
1532 1263 1624 1289 media:

838 1305 862 1326 et
881 1300 979 1334 inﬁma:
997 1301 1147 1328 ercilulis
1161 1302 1296 1335 laudatus,
1318 1305 1399 1332 verbo
1418 1306 1577 1340 Ἐὸελλῖνος,
1591 1309 1625 1336 de

838 1345 1038 1374 Psammeticho
1059 1348 1094 1374 ita
1116 1348 1210 1375 scribit
1227 1358 1233 1375 :
1250 1350 1303 1376 Καὶ
1318 1350 1435 1378 ἐστολέει
1451 1353 1547 1379 ἑαυτὸν
1563 1362 1623 1380 στο-

838 1391 886 1428 λὴν
911 1395 1048 1429 προφήτου
1060 1414 1066 1426 ,
1096 1395 1217 1430 κατέχων
1241 1396 1269 1422 ὲν
1286 1397 1317 1432 τῇ
1337 1397 1407 1432 χειρὶ
1427 1398 1507 1424 αὑτοῦ
1525 1400 1622 1435 ῥάϐδον

839 1438 988 1474 ἐῦελλίνην,
1009 1439 1055 1466 ubi
1072 1439 1193 1475 Esopus
1209 1440 1329 1475 ejusdem
1347 1442 1520 1471 Callisthenis
1538 1444 1621 1472 inter-

14 1486 47 1512 ub
64 1486 202 1518 Gallieno,
216 1493 277 1512 eum
289 1485 323 1512 ab
337 1484 478 1512 Odenatho
492 1485 609 1514 Orientis
624 1495 686 1523 rege
696 1487 784 1516 Persis

877 1492 910 1517 es,
932 1486 978 1520 qui
999 1485 1152 1513 versionem
1169 1494 1247 1513 suam
1264 1486 1436 1520 Constantio,
1449 1489 1620 1518 Constantini

14 1538 92 1567 repta
111 1532 137 1558 in
155 1532 271 1559 Romani
287 1532 395 1567 imperii
411 1533 539 1560 ditionem
563 1533 659 1560 iterum
679 1535 786 1562 redacta

14 1580 56 1611 iit,
78 1578 217 1605 Trebellio
230 1577 351 1605 Pollione
369 1582 437 1606 teste
454 1579 480 1605 in
497 1578 626 1612 Gallieno,
640 1587 700 1615 cap.
717 1581 749 1607 l0
760 1585 787 1608 et

14 1625 37 1651 Ξ.
54 1624 160 1651 Eorum
173 1625 285 1659 insuper
296 1624 461 1651 mentionem
475 1624 539 1652 facit
551 1633 609 1660 cap.
623 1625 667 1658 5'2,
680 1627 726 1661 qui
739 1635 787 1661 per

14 1674 146 1696 arentum
163 1668 337 1695 traditionem
355 1669 494 1704 Seythiani
517 1669 635 1697 haeretici
649 1671 786 1705 apostolo-

14 1723 54 1741 im
73 1714 246 1749 temporibus
267 1715 382 1742 viventis
404 1715 526 1742 notitiam
541 1716 704 1748 habuerant,
717 1717 784 1744 sibi-

14 1769 44 1788 ue
63 1760 199 1787 nonnulla
220 1760 252 1787 de
268 1761 327 1795 ejus
349 1761 444 1788 lia-resi
468 1767 654 1789 narraverant.
674 1762 744 1795 Quin
759 1768 787 1790 et

14 1807 64 1834 πὶί
91 1806 198 1840 antiqui
220 1813 311 1833 mores
330 1806 356 1833 in
381 1807 455 1834 hisce
477 1806 552 1834 Actis
575 1807 728 1840 memorati,
753 1808 786 1835 de

14 1852 158 1880 )rumdem
172 1851 329 1879 sinceritate
340 1859 390 1879 nos
401 1852 525 1879 dubitare
537 1860 589 1879 non
604 1852 704 1879 sinunt.
717 1852 783 1879 Nam

14 1916 15 1926 ι
33 1900 100 1934 ipso
117 1899 251 1926 Actorum
269 1898 382 1925 exordio
397 1898 497 1925 dicitur
517 1898 663 1925 nonnullos
681 1906 713 1925 ex
730 1899 784 1926 Ro-

17 1953 144 1973 anarum
156 1945 293 1979 legionum
309 1944 452 1978 militibus,
464 1943 581 1971 Marcelli
593 1944 784 1972 misericordiae

14 1993 123 2020 templo
141 1995 304 2024 commotos,
317 1991 440 2025 deposito
457 1990 560 2017 militia:
574 1990 692 2024 cingulo,
706 1991 784 2017 Chri-

15 2039 92 2065 ianze
107 2035 273 2063 [ideinomeu
286 2036 392 2063 dedisse
408 2045 414 2063 :
430 2036 502 2070 quod
518 2036 715 2070 antiquissimis
732 2037 783 2063 Ec-

14 2085 87 2112 csize
106 2083 276 2118 temporibus
293 2090 308 2109 a
323 2081 485 2109 Christianis
497 2082 640 2115 militibus,
657 2090 690 2109 ne
703 2090 783 2118 paga-

14 2138 95 2158 trum
119 2129 285 2157 commercio
307 2133 333 2155 et
358 2128 596 2162 superstitionibus
614 2129 783 2156 macularen-

838 1530 927 1565 Magni
949 1531 1014 1564 ﬁlio,
1037 1531 1146 1563 dicavit,
1163 1532 1232 1560 male
1253 1533 1389 1560 tamarirct'
1410 1535 1509 1570 virgam
1522 1537 1619 1570 vertit;

838 1577 910 1604 unde
930 1584 1002 1612 patet
1020 1577 1174 1612 lmjusrnodi
1194 1579 1290 1606 baculo
1306 1587 1353 1607 cos
1371 1581 1409 1608 uti
1432 1584 1618 1617 consuevisse,

837 1622 885 1657 qui
902 1623 1011 1657 publica
1036 1623 1124 1658 aliqua
1147 1624 1275 1659 dignitate
1295 1625 1503 1662 decorabantur,
1519 1631 1621 1665 quique

837 1667 968 1694 doctrinae
980 1668 1087 1695 laudem
1102 1668 1271 1696 affectabam.
1291 1669 1428 1699 Incessum
1446 1681 1554 1709 quoque
1570 1676 1620 1702 im-

838 1719 1003 1746 peratorum,
1020 1714 1084 1740 dum
1102 1714 1208 1748 publice
1221 1723 1283 1743 cum
1297 1718 1506 1751 protectoribus,
1523 1721 1620 1755 signis,

837 1760 1012 1791 draconibus,
1035 1759 1145 1791 labaris,
1170 1759 1298 1794 ducibus,
1327 1763 1495 1798 principibus
1509 1771 1536 1792 et
1550 1774 1620 1800 prae-

837 1805 914 1833 fectis
929 1806 1023 1832 urbem
1037 1805 1156 1840 aliquam
1173 1806 1389 1842 ingrederentur,
1405 1815 1499 1838 exacte
1514 1811 1618 1839 deseri-

837 1852 878 1879 bit
892 1859 951 1886 cap.
970 1851 1015 1878 5'1.
1031 1850 1153 1886 Denique
1166 1852 1198 1879 de
1209 1853 1350 1888 multiplici
1362 1855 1512 1890 sigillorum
1527 1862 1553 1884 et
1564 1858 1620 1885 cla-

835 1898 909 1924 vium
934 1905 985 1924 usu
1002 1898 1072 1932 apud
1088 1903 1191 1925 veteres
1208 1907 1262 1925 non
1280 1907 1365 1934 pauca
1382 1901 1461 1928 tradit
1474 1910 1533 1937 cap.
1548 1902 1580 1930 Μ
1592 1908 1621 1931 et

834 1943 869 1970 26
880 1943 979 1977 quibus
990 1943 1089 1970 similia
1103 1951 1215 1977 prorsus
1230 1944 1257 1970 in
1270 1945 1439 1973 ethnicorum
1455 1948 1618 1982 scriptorum

835 1989 1020 2016 monumentis
1046 1993 1204 2020 occurrunt,
1226 1994 1255 2016 ut
1275 1990 1301 2016 in
1320 1992 1422 2019 nostris
1441 1993 1475 2020 ad
1496 2001 1527 2021 ea
1545 1996 1619 2023 notis

835 2034 1014 2061 ostendimus.
1028 2033 1067 2060 Ex
1082 2034 1181 2068 quibus
1198 2035 1325 2062 omnibus
1341 2036 1407 2063 satis
1422 2044 1556 2072 superque
1571 2039 1618 2066 de—

835 2085 1013 2113 monstratur,
1029 2081 1096 2108 Aeta
1109 2081 1160 2107 ista
1171 2081 1286 2115 genuina
1302 2085 1329 2107 et
1344 2082 1533 2116 antiquissima
1545 2092 1617 2116 esse,

835 2133 886 2152 nec
902 2133 997 2152 eorum
1013 2126 1092 2153 iidem
1108 2126 1161 2153 ulla
1175 2134 1205 2152 ex
1222 2130 1297 2161 parte
1314 2131 1420 2153 nutare.

17 2187 45 2209 r,
67 2176 173 2203 factum
187 2174 280 2206 fuisse,
298 2174 373 2201 testis
387 2173 670 2208 estTertullianus(d)
684 2174 784 2208 aliique
801 2181 822 2208 ῃ
872 2169 916 2197 XI.
940 2171 1007 2198 Illud
1030 2176 1120 2198 tamen
1143 2171 1316 2199 diSSiInularc
1339 2180 1392 2198 non
1413 2180 1534 2213 possum,
1551 2174 1617 2201 Acta

30 2221 144 2249 nostris
170 2220 204 2246 ad
227 2227 288 2246 eum
305 2219 393 2246 locum
412 2219 481 2245 notis
495 2217 606 2245 laudati.
626 2218 780 2245 Marcellum

14 2275 105 2302 inque
124 2267 174 2298 ait,
192 2265 309 2300 hospitia
327 2264 354 2291 in
372 2264 590 2292 Christianorum
609 2265 783 2299 peregrinan—

14 2322 60 2341 rm
77 2320 163 2340 usum
178 2319 226 2345 per
239 2311 296 2338 vias
313 2311 401 2345 regias
415 2310 611 2343 construxisse,
624 2318 684 2344 qua:
694 2318 708 2336 a
720 2310 783 2336 Car-

14 2370 23 2389 ;
38 2361 69 2388 in
86 2358 232 2387 Persidem
250 2357 385 2384 ducebant
399 2365 405 2383 :
422 2356 494 2390 quod
511 2356 601 2383 itidem
617 2355 650 2382 ab
664 2355 782 2390 antiquis

14 2405 162 2435 u-istianis
171 2405 217 2439 qui
229 2403 349 2430 sedulam
361 2402 537 2437 hospitalitati
549 2409 657 2436 operam
671 2402 780 2431 dabant,

18 2454 46 2480 ri
69 2450 253 2480 consuevisse
275 2453 366 2483 aperte
388 2449 524 2483 colligitur
543 2456 575 2475 ex
591 2448 714 2482 Gregorii
730 2447 784 2474 Na-

14 2497 120 2526 mzeni
141 2497 274 2523 invectiva
295 2496 306 2522 1
326 2495 355 2521 in
378 2493 517 2522 Julianum
542 2494 717 2529 Apostatam;
735 2495 781 2521 ubi

14 2550 192 2581 ipcratorem
207 2543 279 2570 hunc
292 2543 440 2570 diversoria
455 2545 482 2568 et
497 2541 611 2575 hospitia
624 2548 670 2575 per
687 2540 780 2567 orbem

15 2597 164 2621 “nanum,
187 2588 403 2615 Christianorum
424 2587 548 2621 exemplo
562 2585 687 2613 mdiiicari
705 2594 782 2612 marr-

18 2646 69 2665 sse
88 2640 221 2667 testatur,
237 2640 266 2661 ut
283 2640 449 2668 paganorum
468 2631 708 2667 superstitionibus
725 2639 782 2657 ma-

14 2693 76 2711 rem
96 2681 209 2710 laudem
226 2679 478 2713 venerationemque
494 2677 660 2704 conciliaret.
684 2676 782 2704 Narrat

21 2754 63 2785 (rx)
89 2750 169 2777 Hist.
186 2747 312 2785 ccci.
330 2745 483 2785 r_,'cap._i0.

19 2780 60 2821 (ei
83 2786 237 2821 Continuat.
335 2781 411 2807 Vind.
429 2781 475 2821 lib.
494 2789 532 2814 Ill,
548 2781 606 2809 cod.
624 2780 668 2808 .50,

83 2821 162 2848 Ilist.
179 2819 241 2846 ccci.
260 2818 306 2844 lib.
322 2825 369 2849 vn,
385 2824 443 2850 cap.
457 2817 483 2842 (5.

835 2218 886 2244 ista
913 2218 1106 2252 disputationis
1132 2217 1256 2245 Archelai
1278 2225 1341 2244 cum
1361 2217 1477 2251 Maneto,
1500 2227 1561 2254 qua:
1583 2229 1615 2248 ex

834 2263 964 2291 Vaticano
987 2263 1145 2292 Casinensis
1167 2264 1267 2291 codicis
1287 2264 1443 2299 apographo
1461 2265 1542 2299 primi
1559 2266 1617 2293 edi-

833 2318 905 2342 mus,
921 2311 1025 2344 iutegra
1049 2317 1220 2344 nequaquam
1243 2309 1340 2341 videri,
1369 2310 1416 2337 sed
1443 2310 1566 2345 pluribus
1587 2313 1615 2339 in

833 2356 900 2383 locis
919 2364 934 2382 a
957 2360 1044 2383 retere
1061 2356 1170 2382 librario
1185 2355 1318 2383 mutilata.
1337 2355 1474 2390 Siquidem
1499 2356 1615 2392 Cyrillus

833 2402 1093 2437 Hierosolymitanus
1108 2402 1145 2436 (Ῑ)
1161 2402 1284 2436 (μιςιεάειιη
1313 2401 1427 2436 Manetis
1456 2408 1615 2438 argumenta

833 2456 894 2474 cum
920 2447 1045 2475 Archelai
1068 2447 1298 2481 responsionibus
1313 2448 1418 2479 recitat,
1436 2455 1496 2482 qua:
1514 2448 1540 2474 in
1566 2456 1615 2474 no-

834 2498 889 2519 stra
906 2492 1026 2519 editione
1042 2500 1095 2519 non
1112 2492 1300 2526 reperiuntur;
1314 2500 1362 2519 nec
1380 2493 1433 2519 dici
1447 2500 1526 2527 posse
1539 2493 1613 2520 vide-

834 2542 888 2569 tur,
905 2537 1035 2572 Cyrillum
1049 2538 1172 2565 Archelai
1189 2538 1323 2565 dictorum
1339 2545 1459 2569 sensum,
1477 2546 1530 2565 non
1550 2545 1613 2565 vero

833 2584 948 2618 ipsamet
962 2583 1087 2610 Archelai
1101 2584 1182 2610 verba
1203 2584 1340 2617 laudasse,
1355 2592 1417 2612 cum
1430 2584 1518 2611 simile
1532 2585 1612 2619 quid-

832 2630 904 2664 piam
922 2630 948 2655 in
963 2629 1038 2655 nullo
1049 2633 1149 2656 nostra:
1158 2629 1285 2656 editionis
1297 2630 1356 2657 loco
1367 2630 1488 2664 legatur;
1500 2637 1532 2658 ac
1544 2637 1614 2664 prte-

834 2680 905 2702 terea
924 2675 1005 2701 verba
1030 2674 1074 2700 illa
1098 2682 1158 2709 quae
1182 2675 1299 2710 Cyr-illus
1321 2675 1411 2708 rcicrt,
1426 2677 1463 2704 ita
1482 2681 1612 2711 concepta

869 2743 905 2777 (d)
925 2742 961 2769 De
974 2751 1028 2769 cor.
1046 2742 1114 2775 mil.,
1128 2751 1187 2777 cap.
1202 2744 1243 2770 il.

868 2782 902 2811 (es)
919 2778 1029 2810 C/tron.,
1043 2786 1103 2812 pag.
1119 2778 1179 2804 567.

869 2814 901 2849 (κ’)
920 2813 1029 2840 Catech.
1046 2821 1082 2845 γι,
1099 2821 1124 2847 p.
1143 2821 1178 2840 ur.
1197 2813 1257 2841 HT.
