1848 3043
195 86 266 115 ΙῊΞ

630 85 658 113 S.
681 80 888 114 ARCHELAUS
909 85 1168 113 ΜΕΞΟΡυΤΑΜΙίΕ
1189 85 1389 115 EPISCOPUS.

1755 85 1811 111 “l6

195 147 260 180 sint,
278 151 307 173 ut
320 146 354 173 ab
369 146 484 180 ipsumet
497 144 630 172 Archelao
645 145 751 179 prolata
769 144 852 172 fuisse
868 144 978 172 vidcan-
992 149 1015 178 Α
1031 149 1132 180 posset,
1155 143 1250 179 quanti
1275 143 1404 170 faciendae
1428 142 1482 170 sint
1497 141 1629 175 antique
1646 139 1748 167 Latina:
1763 149 1811 167 m-

195 197 248 220 tur.
266 192 318 218 Sed
337 195 362 217 et
381 191 542 225 conjectura:
556 190 692 217 nonnulla:
711 198 743 217 er
760 195 851 218 nostra
868 198 978 217 eorum-

194 237 255 265 dein
270 237 397 263 Actorum
411 235 529 262 editione
540 236 593 270 peti
603 240 728 270 possunt,
739 235 839 270 quibus
852 235 877 262 id
890 235 979 270 ipsum

194 282 309 310 ulterius
335 281 523 308 contirtnatur.
546 281 614 307 Nam
635 280 662 307 in
687 280 845 308 earumdem
863 288 922 315 cap.
945 280 980 307 12

195 328 253 355 haec
268 327 400 354 habemur
415 335 421 352 :
438 325 565 353 Archelao
586 331 674 352 autem
697 330 755 352 erat
778 334 842 352 cura
862 334 908 360 pro
930 334 978 360 po-

195 374 267 409 pulo,
285 378 409 408 tanquam
423 373 524 407 pastori
539 380 585 406 pro
601 372 700 403 ovibus,
717 380 776 398 cum
795 371 917 407 luporum
932 380 980 406 pa-

195 424 290 446 rantur
307 418 421 444 insidiw.
436 417 524 452 Igitur
539 416 680 443 Marcellus
697 416 843 443 Turbonem
864 417 980 443 muneri-

195 468 241 492 bus
256 465 378 499 plurimis
391 464 516 498 implevit,
532 469 556 490 et
568 465 596 489 in
614 463 737 490 Archelai
748 463 854 489 domum
868 463 980 490 residere

194 512 327 546 pru'cepil.
351 510 447 536 Eadem
472 515 559 536 autent
581 510 638 544 ipsa
653 510 695 536 die
711 509 857 536 adventavit
876 508 978 541 Manes,

196 561 223 583 ct
245 564 305 591 qure
328 561 490 590 sequuntur.
507 554 542 581 At
559 562 622 581 vero
650 555 686 580 nil
710 555 735 581 in
760 554 979 582 antecedentibus

197 607 333 634 narratur,
355 602 427 636 quod
448 609 479 627 ea
494 608 547 635 qua
567 599 660 627 Manes
685 601 791 627 advenit
811 600 854 627 die
877 600 979 627 factum

197 649 288 676 fuerit.
305 648 437 675 Praeterea
451 648 478 674 in
496 655 554 681 cap.
566 647 601 674 25
623 647 704 681 hujus
718 646 909 681 disputationis
926 647 979 673 Ar-

171 699 173 704 ‘
197 695 308 722 chelaus
320 695 372 721 ait:
387 693 480 720 Nonne
492 693 578 720 David
589 701 621 720 ex
631 701 675 720 ore
687 693 768 719 leonis
787 692 826 719 cel
844 693 899 718 ursi
912 694 978 719 eruit

196 740 286 767 avent?
307 739 364 766 Hoc
379 739 489 765 dicimus
506 742 612 773 propter
630 744 677 764 ore
694 737 791 767 leonis,
805 736 873 771 quod
886 736 934 768 ait,
949 736 980 762 de

196 795 240 813 ore
261 785 353 817 leonis,
376 789 421 810 aut
441 785 473 811 de
494 789 581 810 uentre
602 783 659 817 ejus
678 787 762 817 potest
776 782 895 813 educere,
909 781 979 816 quod

1029 190 1130 221 siones,
1153 194 1180 216 et
1200 194 1332 224 quantum
1358 188 1485 215 utilitatis
1507 195 1542 214 ex
1561 186 1622 213 illis
1639 185 1776 215 redundet,
1791 191 1811 212 ut

1029 236 1156 263 idemmet
1177 236 1214 263 ait
1241 235 1266 262 in
1287 235 1445 270 prmfatione
1472 234 1506 260 ad
1538 231 1667 259 Palladii
1695 231 1810 266 dialogum

1028 282 1061 308 de
1082 282 1136 308 vita
1156 281 1184 308 S.
1202 280 1314 308 Joannis
1339 279 1522 314 Chrysostomi
1541 285 1636 312 prope
1662 277 1742 303 tinem
1759 277 1810 303 :sed

1029 333 1124 362 postea
1139 328 1208 354 hanc
1224 335 1317 354 curam
1341 327 1375 353 iis
1391 326 1550 357 relinquere
1567 324 1667 351 satius
1685 322 1765 353 duxit,
1779 323 1811 355 qui

1029 382 1127 401 novam
1148 373 1292 400 editionem
1309 379 1420 407 operum
1445 371 1474 398 S.
1494 369 1657 404 Epiphanii
1679 368 1810 403 aggressuri

1029 423 1130 452 essent,
1145 425 1191 446 aut
1207 419 1253 453 qui
1271 417 1391 445 Socratis
1406 417 1538 444 llistoriw
1554 423 1627 443 cum
1645 415 1721 441 nOIis
1734 414 1812 440 doc-1L9

1029 465 1091 492 simi
1109 464 1209 491 Valesii
1226 471 1323 491 rursus
1339 463 1449 491 edenda:
1464 470 1583 497 operam
1600 461 1780 494 susciperent.
1789 459 1811 486 Et

1030 511 1161 538 hactenus
1176 510 1284 544 quidem
1300 509 1336 535 nil
1355 509 1426 535 aliud
1442 516 1474 535 ex
1493 507 1635 534 Archelai
1650 505 1812 540 disputatione

1029 556 1164 591 publicam
1180 556 1266 582 lucem
1282 555 1396 589 aspexit.
1419 554 1487 581 Cum
1506 558 1607 580 autem
1630 553 1706 578 sacri
1725 551 1769 578 loci
1782 559 1812 578 tc-

1030 603 1147 630 verentia
1162 602 1270 635 dttctns,
1284 602 1414 629 Casinum
1432 601 1590 631 venissem.
1608 604 1641 626 et
1655 600 1693 625 ab
1707 598 1812 632 antiquis-

1030 649 1106 677 simis
1134 649 1301 684 temporibus
1317 649 1452 675 c0nditam
1472 647 1510 674 ibi
1528 655 1543 674 a
1563 646 1743 673 doctissimis
1755 652 1812 679 Ξιμιέ

1030 703 1062 723 ac
1077 695 1256 723 sanctissimis
1279 694 1478 722 ctenobiarchis
1503 692 1716 720 bibliothecam
1741 692 1811 726 perlu-

1030 747 1171 774 strassem,
1186 741 1256 768 inter
1268 740 1320 767 alia
1336 748 1389 766 non
1406 747 1493 774 pauca
1508 739 1622 766 inedita
1639 738 1732 765 adhuc
1742 743 1812 764 vetem

1030 790 1217 819 monumenta,
1230 784 1355 812 Archelai
1368 785 1502 819 integram
1519 791 1589 810 cum
1609 783 1726 810 Manete
1739 783 1812 816 dispa<

194 833 250 866 iam
269 831 314 857 ille
336 830 477 856 devoravit.
499 830 534 856 At
552 837 615 856 vero
638 829 666 856 in
685 827 906 855 antecedentibus
927 833 980 853 non
996 824 1017 852 B
1032 833 1158 860 unionem
1174 831 1201 858 in
1216 834 1407 858 sexcentarum
1430 833 1458 856 et
1479 829 1606 864 amplius
1633 835 1768 854 annorum
1780 835 1813 853 co-

196 877 312 912 legimus
329 876 386 903 haec
400 882 519 909 unquam
538 882 553 901 a
570 874 675 901 Mancte
697 874 769 900 dicta
792 873 887 901 fuisse.
908 872 978 906 Quin

196 929 223 950 et
238 923 265 950 in
288 930 348 957 cap.
364 921 398 949 58
420 921 501 947 verba
522 920 587 947 illa:
605 920 670 952 Qua:
685 920 789 954 quidem
807 927 854 954 ego
875 928 926 946 non
947 927 979 946 ea:

197 969 260 996 meis
282 968 364 995 verbis
385 967 504 1000 adstruo,
532 971 558 994 et
587 974 648 1001 qua:
673 971 826 1000 sequuntur
845 973 930 999 usque
945 965 978 991 ad

197 1016 277 1042 tinent
287 1014 394 1048 capitis,
410 1013 512 1040 nullam
527 1019 588 1039 cum
602 1011 817 1046 praecedentibus
832 1010 980 1038 connexio-

198 1068 260 1087 nem
279 1060 377 1086 habere
395 1059 531 1086 videntur.
554 1057 675 1092 Denique
692 1058 718 1084 in
738 1057 832 1083 horutn
850 1056 979 1083 Actorum

197 1107 286 1141 capite
305 1106 412 1137 ultimo,
433 1109 496 1140 post
514 1109 651 1131 narratam
668 1103 781 1131 Manetis
799 1110 902 1135 necem,
923 1102 980 1130 hazc

196 1153 311 1187 legimus
329 1161 336 1178 :
353 1151 453 1184 Quibus
468 1157 557 1186 postea
572 1152 667 1186 agnitis
682 1150 826 1176 Archelaus
838 1148 935 1183 adjecit
949 1157 980 1175 ea

196 1199 280 1233 priori
295 1198 479 1232 disputationi,
493 1202 521 1223 ut
534 1197 651 1223 omnibus
664 1197 844 1226 innotesceret,
857 1195 923 1221 sicut
933 1203 979 1230 ego

197 1244 241 1279 qui
255 1243 388 1278 inscripsi,
406 1243 434 1269 in
449 1242 581 1275 prioribus
608 1241 725 1275 exposui.
747 1239 876 1267 Videntur
889 1244 980 1266 autem

198 1290 255 1315 haec
272 1289 353 1315 verba
369 1295 429 1315 csse
446 1286 602 1321 l’legcmonii
619 1286 701 1317 illius,
722 1285 781 1321 qui,
803 1289 833 1312 ut
855 1285 980 1319 superius

196 1335 326 1366 diximus,
353 1337 448 1361 eadem
473 1333 539 1361 Acta
563 1333 728 1367 compilavit,
752 1336 779 1359 et
803 1331 830 1358 in
855 1331 979 1359 Griccum

197 1387 350 1407 sermonem
375 1379 523 1407 transtulit.
551 1378 602 1406 Sed
618 1379 645 1405 in
662 1384 753 1406 nostra
778 1378 904 1411 editione,
925 1385 979 1412 quo

197 1427 258 1454 loco
279 1434 310 1453 ea
332 1426 365 1453 de
381 1433 410 1453 re
428 1433 518 1453 sermo
534 1425 676 1456 habeatur,
698 1431 751 1451 non
772 1423 898 1456 invenio;
915 1423 978 1458 quia

197 1472 312 1500 fortasse
327 1472 354 1498 iit
369 1471 510 1499 Casinensi
525 1471 617 1498 codice
633 1470 757 1506 praefatio
769 1470 867 1501 deﬁcit,
884 1469 909 1496 in
925 1477 978 1504 qua

197 1519 379 1554 llegemonius
395 1518 595 1553 colnpilationis
613 1525 669 1544 suae
686 1517 818 1543 rationem
833 1515 978 1542 reddebat:

198 1567 250 1593 nisi
273 1566 334 1600 quis
355 1565 434 1591 verba
451 1565 496 1590 illa
515 1573 522 1591 :
540 1563 574 1590 Iit
598 1563 728 1598 prioribus
754 1563 871 1596 exposui,
889 1561 922 1588 de
937 1561 979 1588 his

197 1611 353 1645 accipienda
379 1618 440 1636 esse
465 1614 584 1640 censeat,
606 1617 667 1643 qua:
683 1609 808 1643 proxime
822 1609 854 1635 de
867 1607 980 1635 Manetis

197 1660 285 1683 morte
300 1655 430 1682 narravit.
445 1653 510 1681 Jure
521 1654 610 1688 itaque
622 1654 719 1681 nterito
734 1654 865 1688 suspicari
881 1659 979 1688 potest,

197 1708 260 1728 eum
274 1701 320 1735 qui
341 1699 518 1727 Casiuenscm
541 1699 662 1726 codicem
688 1703 750 1726 ante
773 1699 934 1734 quingentos
952 1705 980 1727 ct

197 1747 314 1782 amplius
332 1753 417 1773 annos
437 1746 570 1778 exaravit,
595 1753 699 1780 magum
714 1745 843 1772 Actorqu
857 1745 979 1780 disputa~

197 1794 282 1820 tionis
299 1794 383 1827 hujus
400 1792 553 1827 prolixitate
572 1797 727 1827 pertaesum,
743 1792 826 1818 multa
842 1793 977 1824 omisisse,

198 1840 338 1874 multaque
352 1839 499 1872 breviasse,
517 1846 633 1873 quorum
649 1842 738 1865 tamen
755 1838 889 1872 cpitomen
907 1838 978 1872 apud

200 1884 379 1919 lipipbanium
401 1884 493 1910 haberi
509 1884 636 1915 arbitror,
653 1890 734 1917 quem
749 1890 782 1910 ex
799 1883 908 1917 integris
926 1882 978 1909 Ar-

199 1929 285 1955 chelai
302 1929 494 1962 disputationis
509 1928 583 1955 Actis
599 1935 676 1955 suam
694 1927 905 1954 Manichmorum
922 1927 977 1953 ba:-

199 1983 290 2003 reseos
308 1974 520 2002 confutationem
539 1975 711 2010 potissimum
727 1974 863 2006 hausisse,
880 1974 978 2001 editio-

198 2030 258 2049 nem
283 2026 404 2049 nostram
429 2029 491 2048 cum
517 2020 576 2056 ejus
597 2021 705 2056 scriptis
732 2020 881 2047 roriferenti
904 2020 978 2047 clare

197 2067 308 2103 patebit.

231 2113 289 2140 ΧΗ.
311 2112 388 2146 Quod
411 2112 443 2139 ad
468 2119 562 2139 eorum
582 2112 728 2139 editionem
751 2111 858 2144 attinet,
878 2112 976 2139 vetusti

195 2161 264 2187 adeo
282 2159 451 2186 monumenti
470 2165 574 2193 partem
593 2161 693 2194 reperit
711 2159 736 2185 in
752 2159 913 2193 perantiquo
927 2166 974 2185 co~
991 2167 1012 2194 ι)

195 2206 255 2232 dice
268 2204 406 2235 Bobiensi,
429 2205 475 2240 qui
492 2212 562 2231 nunc
578 2204 604 2230 in
621 2204 800 2230 Ambrosiana
813 2203 976 2230 bibliotheca

197 2255 330 2282 servatur,
347 2249 486 2277 Emericus
502 2250 622 2284 Bigolius
635 2249 857 2283 diligentissimus
873 2247 976 2275 Italica-

196 2303 256 2322 rum
273 2296 499 2323 bibliothecarum
517 2300 711 2330 pcrscrutator,
728 2302 842 2329 eamque
856 2295 977 2322 clarissi-

195 2349 242 2368 mo
265 2341 374 2369 Valesio
396 2341 616 2373 communicavit,
646 2341 692 2375 qui
715 2341 741 2367 in
767 2341 840 2368 calce
865 2348 976 2368 suarum

194 2392 323 2415 notarum
338 2387 371 2414 ad
384 2387 519 2414 Socratem
532 2391 558 2413 et
573 2385 753 2413 Sozontenum
769 2386 918 2421 fragmenta
932 2386 975 2412 illa

193 2434 289 2461 edidit.
310 2433 456 2460 Continent
479 2437 568 2459 autem
598 2438 653 2459 ltttn
679 2437 774 2460 cuncta
792 2432 837 2460 illa
862 2440 922 2467 qum
943 2440 977 2459 ex

194 2479 289 2506 cadent
314 2478 494 2513 disputatione
519 2478 576 2504 suis
600 2479 716 2504 inseruit
733 2479 842 2513 scriptis
858 2478 976 2513 Epipha-

195 2525 269 2556 nius,
296 2529 353 2550 tum
380 2523 431 2550 alia
457 2523 584 2550 nonnulla
612 2523 646 2549 ab
669 2524 763 2550 eodem
787 2523 898 2556 omissa,
916 2530 976 2557 quas

195 2574 286 2596 tamen
312 2577 346 2596 ne
372 2569 503 2596 decimam
529 2569 640 2603 quidem
664 2569 746 2596 totius
763 2569 853 2604 operis
871 2574 975 2604 partem

195 2616 341 2650 complent.
358 2615 390 2641 Et
402 2614 468 2642 tanti
483 2616 591 2649 quidem
607 2615 678 2650 apud
695 2615 828 2650 Bigotium
844 2615 895 2642 fuit
914 2623 975 2649 pars

195 2661 240 2687 illa
253 2661 444 2695 disputationis
458 2661 594 2694 Archelai,
612 2666 640 2688 ut
652 2669 711 2688 eam
727 2670 788 2688 cum
806 2661 923 2688 Palladio
936 2669 976 2688 re-

194 2706 293 2733 cudere
305 2707 470 2741 cogitaverit,
488 2707 611 2741 apposito
627 2706 720 2735 Graeco
734 2706 876 2742 Epiphanii
889 2711 972 2739 textu,

194 2759 225 2779 ut
249 2761 282 2779 ex
307 2754 446 2787 utriusque
470 2754 692 2787 comparatione,
720 2754 836 2788 genuina
861 2753 972 2780 illorum

196 2797 408 2832 fragmentorum
433 2798 545 2826 lectione
573 2799 708 2832 restituta,
736 2799 826 2833 quivis
848 2798 972 2833 colligere

993 1498 1013 1526 C

1030 878 1090 905 dice
1101 877 1200 912 reperi,
1227 883 1309 912 quam
1332 876 1404 903 bona
1430 874 1671 902 rcverendissimi
1695 874 1811 908 quondm

1029 924 1145 955 abbatis,
1168 931 1241 950 nunc
1261 930 1325 949 vero
1348 921 1545 956 archiepiscopi
1569 920 1811 947 ﬂossattensisAn—

1029 969 1100 996 (ιι-επ
1121 967 1230 994 Dcodati
1254 967 1306 994 viri
1328 966 1519 994 humanissimi
1547 970 1641 999 atque
1671 966 1810 992 amicissimi

1030 1014 1119 1047 venia,
1134 1021 1196 1040 cum
1213 1013 1351 1040 nonnullis
1364 1013 1424 1040 aliis
1441 1018 1566 1040 veterani
1579 1013 1702 1047 scriptis
1714 1013 1740 1039 in
1754 1011 1810 1038 vm-

1029 1066 1104 1086 cana:
1126 1058 1297 1086 bibliothecae
1322 1062 1513 1086 ornamentum
1542 1058 1704 1085 transcribi
1727 1058 1810 1085 curati

1030 1113 1140 1140 operam
1163 1104 1339 1140 favoremque
1357 1112 1437 1131 suum
1457 1104 1671 1131 humanissime
1688 1108 1811 1139 prastame

1030 1152 1129 1180 domno
1144 1151 1296 1186 Augustino
1308 1151 1445 1178 Collicello
1460 1158 1475 1177 a
1489 1149 1622 1184 Neapoli,
1640 1155 1711 1177 tunc
1729 1155 1811 1183 tempo-

1030 1198 1069 1225 ris
1086 1197 1254 1225 bibliotheca:
1276 1197 1348 1224 illius
1362 1195 1500 1231 praefecto.
1519 1195 1581 1222 Non
1599 1203 1723 1230 possum
1738 1200 1810 1222 tamen

1030 1242 1076 1270 hic
1095 1242 1204 1270 silentio
1220 1242 1357 1276 praeterire
1377 1245 1508 1276 quantum
1532 1240 1749 1276 diligentissimi
1761 1242 1812 1266 alte-

1030 1289 1087 1316 rius
1101 1288 1300 1315 bibliothecarii
1318 1287 1422 1315 Erasmi
1437 1286 1554 1314 Gattola:
1569 1295 1584 1313 a
1602 1286 1707 1322 Cajeta
1730 1287 1811 1313 buma-

1030 1335 1107 1362 nitati
1120 1334 1242 1366 debeam,
1255 1334 1301 1368 qui
1312 1341 1451 1368 nunquam
1469 1333 1538 1360 meis
1555 1332 1634 1360 votis
1651 1332 1750 1364 defuit,
1765 1332 1811 1367 piti-

1029 1381 1169 1415 rimosque
1185 1380 1212 1406 in
1228 1386 1349 1406 meorum
1370 1378 1522 1406 studiorum
1541 1377 1705 1412 profectum
1721 1378 1811 1404 labores

1030 1427 1102 1454 ultro
1121 1424 1398 1459 subivit,’praasertim
1416 1424 1443 1451 in
1465 1424 1650 1451 emaculanda
1664 1424 1719 1451 hac
1731 1423 1811 1457 dispu-

1031 1473 1131 1500 tatione
1157 1470 1303 1502 Archelai,
1331 1469 1409 1504 cujus
1433 1469 1583 1504 apographi
1618 1469 1742 1504 plurima
1765 1469 1809 1495 lori

1031 1518 1136 1546 mendis
1159 1516 1325 1547 incubantia,
1343 1523 1405 1543 cum
1421 1516 1570 1550 archetypo
1583 1516 1687 1543 codice
1701 1516 1809 1543 contulit.

1031 1564 1083 1591 Sed
1098 1568 1128 1591 ut
1143 1563 1176 1590 ad
1188 1563 1350 1590 Archelaum
1367 1562 1486 1594 redeam,
1504 1567 1615 1596 reperto
1632 1562 1689 1588 hoc
1704 1562 1804 1589 vetustis

1030 1610 1100 1637 simo
1111 1609 1240 1636 adversus
1254 1607 1417 1635 Manichmos
1430 1614 1521 1642 opere,
1538 1607 1572 1633 ad
1587 1606 1707 1634 nefariae
1721 1615 1811 1634 mrum

1029 1656 1090 1684 dem
1112 1656 1244 1682 haereseos
1272 1653 1413 1680 historiam
1438 1653 1673 1680 conscribendam
1703 1654 1810 1679 animum

1030 1700 1149 1732 admovi,
1166 1700 1245 1734 eique
1259 1707 1314 1726 non
1330 1699 1411 1726 modo
1427 1699 1562 1733 integram
1580 1699 1715 1726 Archelai
1729 1700 1811 1734 dispi-

1029 1746 1170 1778 tationem,
1186 1745 1232 1772 sed
1245 1748 1271 1771 et
1283 1743 1369 1771 Pbotii
1384 1744 1545 1778 patriarchae
1560 1743 1617 1771 GP.
1632 1744 1723 1771 libros
1738 1752 1762 1771 iv
1774 1746 1812 1770 ait-

1028 1799 1123 1820 versus
1148 1790 1309 1818 Manichteos
1332 1797 1383 1817 suo
1412 1794 1534 1824 tempore
1563 1789 1665 1816 iterum
1698 1794 1810 1820 exortus,

1028 1838 1136 1873 aliaque
1146 1837 1230 1864 multa
1243 1836 1332 1864 adhuc
1348 1836 1449 1864 inedita
1465 1837 1614 1871 magnique
1628 1835 1758 1863 facienda
1772 1844 1811 1862 ve-

1028 1889 1116 1911 terum
1133 1887 1273 1911 auctorum
1288 1882 1389 1917 scripta
1403 1882 1562 1917 appendicis
1575 1882 1637 1909 loco
1652 1882 1812 1916 subjungere

1028 1931 1200 1958 decreveram
1224 1938 1231 1956 :
1254 1929 1301 1956 sed
1318 1929 1540 1956 doctissimorum
1559 1928 1689 1954 virorum
1707 1929 1811 1956 consitio

1028 1975 1129 2003 factum
1149 1980 1202 2007 est,
1224 1980 1253 2002 ut
1275 1975 1301 2001 in
1327 1978 1499 2001 antecessum
1517 1974 1583 2001 Acta
1607 1974 1660 2000 ista
1685 1973 1712 1999 in
1732 1981 1810 2007 pntaa

1028 2022 1196 2050 collectionis
1222 2025 1322 2048 nostrae
1345 2025 1418 2048 tonio
1431 2021 1589 2048 ederentur.
1607 2021 1702 2049 [labes
1717 2022 1807 2055 itaque.

1027 2067 1132 2095 erudite
1150 2067 1246 2099 lector,
1266 2068 1396 2101 integram
1417 2067 1543 2093 Archelai
1563 2075 1626 2093 cum
1642 2066 1753 2094 Manete
1763 2068 1810 2092 du»

1027 2114 1192 2148 putationem
1216 2114 1285 2140 bona
1310 2114 1361 2140 [ide
1377 2121 1410 2141 c.\'
1423 2114 1581 2147 apographo
1596 2113 1807 2140 Casinensisco—

1026 2159 1095 2187 dicis
1107 2160 1178 2194 quod
1192 2159 1217 2186 in
1232 2158 1359 2186 Vaticana
1372 2159 1536 2186 bibliotheca
1549 2164 1690 2189 servatur,
1706 2159 1805 2185 editam.

1027 2205 1208 2240 brevibusque
1220 2206 1292 2232 notis
1304 2205 1407 2232 criticis
1422 2204 1597 2235 illustratum,
1613 2210 1699 2239 atque
1712 2205 1754 2230 ubi
1768 2211 1807 2236 l'tT

1027 2252 1165 2287 ingenium
1182 2256 1239 2279 tuto
1255 2252 1342 2283 licuit,
1360 2252 1548 2283 emendatam;
1567 2256 1634 2278 sunt
1648 2252 1725 2278 enim
1742 2251 1766 2276 in

1027 2298 1119 2325 codice
1133 2297 1236 2325 librarii
1247 2297 1398 2332 splialmala
1411 2297 1537 2331 plurima,
1553 2305 1616 2331 qua:
1629 2297 1693 2324 sine
1705 2297 1806 2323 alterius

1027 2343 1129 2370 codicis
1145 2351 1196 2378 ope
1216 2343 1360 2371 emendare
1380 2343 1565 2377 periculosum
1588 2350 1721 2371 conatum
1743 2351 1805 2371 esst.

1027 2389 1110 2424 probe
1126 2390 1216 2416 scittnt
1231 2390 1278 2424 qui
1294 2391 1321 2416 in
1342 2390 1455 2416 vetustis
1473 2390 1583 2424 scriptis
1603 2390 1720 2416 edendis
1734 2397 1807 2416 ocra-

1027 2440 1134 2470 pantur.
1153 2435 1205 2462 Sed
1228 2435 1344 2462 fortasse
1366 2435 1418 2462 hoc
1435 2442 1515 2468 opus,
1539 2434 1595 2462 Deo
1612 2436 1710 2467 dante,
1725 2442 1806 2461 eam

1026 2481 1095 2508 ctins
1112 2481 1241 2508 reducere
1258 2480 1299 2508 fas
1321 2481 1372 2508 erit.
1392 2488 1454 2507 cum
1474 2481 1536 2507 aliis
1554 2487 1679 2509 veterum
1703 2482 1806 2516 scripu-

1025 2534 1084 2552 runt
1097 2526 1226 2553 adversus
1239 2525 1399 2553 Manichaeos
1414 2527 1655 2553 lucubrationibus
1669 2528 1704 2554 ad
1715 2528 1806 2554 calata

1026 2577 1125 2599 nostra:
1150 2571 1354 2598 Manichazorum
1381 2572 1515 2605 historice,
1546 2573 1570 2599 si
1599 2574 1713 2607 aliquod
1743 2572 1807 2598 aliud

1025 2617 1162 2651 exemplar
1181 2617 1251 2644 inter
1266 2617 1438 2644 lustrandum
1456 2618 1691 2646 bibliothecarum
1708 2624 1807 2645 nostra~

1025 2670 1084 2689 rum
1100 2663 1203 2690 loculos
1215 2668 1349 2695 occurrat,
1361 2668 1410 2690 aut
1421 2664 1448 2690 in
1465 2663 1528 2691 aliis
1544 2664 1663 2700 Europae
1676 2665 1810 2692 bibliothe-

1024 2709 1063 2736 cis
1080 2713 1215 2743 rt-pertum
1231 2710 1295 2736 mihi
1308 2710 1526 2740 communicare.
1540 2712 1665 2739 eruditos
1680 2713 1751 2738 viros
1762 2716 1809 2736 catt

1024 2755 1123 2789 pigeat.

1058 2798 1126 2826 Xlll.
1147 2799 1279 2828 Caeterum
1302 2809 1430 2835 magnum
1454 2810 1487 2830 ex
1510 2803 1641 2831 Archelai
1654 2803 1742 2831 nostri
1759 2808 1809 2827 ve:-
