1848 3043
59 88 125 119 Nl'l

60 151 99 178 bis
119 147 261 176 catholica:
284 146 344 174 tldei
365 145 518 181 praesidium
542 148 623 178 atque
645 146 833 170 ornamentum
849 146 872 174 Α

59 196 169 226 accedit.
187 194 254 221 Nam
268 194 332 221 dum
344 190 588 220 Manetishaeresim
600 189 775 216 validissimis
792 196 836 215 ar-

59 242 192 278 gumentis
205 243 354 275 oppugnat,
372 239 485 273 ejusque
504 236 635 271 originem
650 240 730 270 alque
748 235 836 262 incre-

60 293 146 317 menta
163 291 345 318 consectatur,
361 293 414 312 non
427 283 508 311 modo
519 290 578 309 eam
595 282 716 310 funditus
728 281 837 308 subver-

59 336 99 366 tit.
115 339 141 362 ct.
162 341 245 369 quam
270 332 368 366 impios
389 331 515 357 habuerit
539 333 674 360 auctores,
699 327 833 359 ostendit;

58 381 102 408 sed
119 384 144 407 et
163 379 290 413 pleraque
307 377 507 404 Catholicorum
524 376 650 409 dogmata
665 374 781 401 illustrat
794 378 835 400 at-

57 434 108 461 que
123 424 275 451 conﬁrmat.
295 422 408 457 Elegans
422 426 459 448 est
473 421 541 447 inter
554 421 605 447 alia
620 420 696 447 locus
710 419 743 446 de
758 419 835 445 insti—

58 477 111 498 tuta
125 471 158 497 ah
172 469 313 504 apostolis,
330 475 410 502 quam
429 474 515 501 usque
533 473 603 492 nunc
617 472 769 496 servamus,
784 464 834 491 Ec-

57 517 142 542 t'lcsizc
156 515 318 547 hierarchia,
332 514 404 540 hisce
416 513 505 539 verbis
517 512 543 538 in
554 519 614 546 cap.
626 511 656 538 5t
670 515 830 545 c0nceptus:

57 559 105 587 Sxd
112 565 135 586 et
142 560 256 592 Optimus
265 558 372 583 architet
381 556 482 590 tusejus
498 556 696 591 futtdantentum
703 559 832 588 nostrum,

56 605 81 630 id
96 609 144 635 est,
161 602 297 633 Ecclesia’,
314 601 413 628 Paulus
425 601 509 635 posuit
525 606 549 628 et
567 601 647 635 legem
659 601 777 634 tradidit,
793 609 833 628 or-

56 649 150 676 dinatis
164 648 304 680 ministris,
315 652 338 673 et
355 647 522 681 presbyteris,
544 651 568 673 et
589 647 716 681 episcopis
738 646 764 672 iu
781 655 832 680 ea;

55 693 199 720 describens
223 701 268 727 per
291 693 348 719 loca
376 693 490 726 singula,
518 691 647 726 quomodo
672 696 695 718 et
719 692 832 726 qualiter

55 743 166 771 oporteat
185 738 320 764 ministros
334 737 392 768 Dei,
412 737 511 771 quales,
527 742 550 762 et
571 737 684 771 qualiter
699 737 757 771 ﬁeri
770 745 830 772 pre-

55 784 179 818 sbyteros,
194 782 333 817 qualesque
349 790 402 808 esse
413 781 520 808 debeant
535 781 579 815 qui
594 781 769 815 episcopatum
786 782 831 808 de-

54 829 257 862 siderant:th
272 827 358 853 omnia
381 825 442 852 bene
466 826 538 852 nobis
561 830 585 852 et
607 830 673 852 recte
692 825 830 860 disposita.
847 822 868 848 Β

55 881 130 907 usque
147 873 173 899 in
188 872 354 903 hodiernum,
368 876 466 898 statum
480 879 554 898 suum
570 871 730 904 custodiunt,
741 876 764 897 et
776 879 832 906 per-

55 922 138 944 manet
152 917 223 952 apud
239 924 285 943 nos
310 916 388 950 hujus
410 915 508 950 regula:
531 914 682 949 disciplina.
699 913 831 941 Palmaria

54 971 157 997 quoque
173 967 238 989 sunt
252 963 278 988 in
298 962 372 989 hisce
386 961 461 989 Actis
477 962 545 993 loca,
563 961 589 987 in
607 960 706 995 quibus
720 960 831 986 humani

53 1008 155 1035 arbitrii
191 1008 302 1035 libertas
336 1007 465 1034 adversus
504 1007 666 1034 recentiores
693 1006 832 1033 htrrcticos

53 1055 190 1087 astruitur,
209 1058 238 1081 ιιι
259 1055 348 1081 videre
361 1059 475 1087 estcap.
495 1054 528 1081 l5
543 1057 570 1080 et
588 1053 630 1081 19,
647 1052 831 1080 Pulcherrima

53 1105 114 1127 sunt
125 1102 297 1135 maximeque
313 1100 429 1127 notanda
443 1100 523 1127 verba
538 1100 583 1127 illa
597 1107 656 1134 cap.
673 1099 718 1130 5'2,
734 1099 778 1125 ubi
791 1098 831 1126 sic

53 1147 89 1174 ait
103 1156 110 1174 τ
126 1147 195 1173 Deus
211 1147 281 1173 enim
304 1147 393 1172 omnia
414 1155 471 1181 qua:
490 1146 563 1180 fecit,
584 1145 650 1172 bona
670 1145 743 1172 valde
757 1145 829 1180 fecit,

54 1191 126 1218 liberi
141 1193 247 1218 arbitrii
270 1200 376 1219 sensum
397 1193 535 1227 unicuique
551 1191 634 1223 dedit,
655 1199 707 1226 qua
729 1191 830 1217 ratione

53 1239 127 1264 etiam
141 1239 222 1273 legem
233 1239 330 1273 judicii
347 1238 443 1272 posuit.
461 1238 572 1265 Peccare
587 1242 704 1265 nostrum
725 1242 762 1264 est
776 1245 785 1264 :
801 1243 829 1264 ut

53 1289 134 1310 autent
155 1293 207 1311 non
230 1292 372 1318 peccemus,
389 1284 438 1310 Dei
452 1284 550 1310 donum
565 1290 613 1317 est,
629 1292 661 1310 ea:
675 1292 703 1310 ea
717 1286 784 1319 quod
803 1284 830 1310 in

53 1335 137 1356 nostro
156 1331 190 1357 sit
206 1330 317 1357 arbitrio
334 1331 503 1356 constitutum
518 1338 634 1364 peccare,
654 1329 691 1356 rel
707 1338 755 1356 non
771 1339 830 1365 pec-

53 1383 116 1408 care,‘
131 1383 181 1403 etc.
196 1376 231 1402 Et
243 1381 309 1403 certe
324 1378 367 1411 qui
380 1376 517 1408 voluerint,
532 1375 562 1402 ob
578 1381 666 1402 eruaut
684 1375 827 1407 mundata;

53 1423 95 1456 qui
108 1430 164 1448 tero
179 1423 377 1456 contempserint
392 1427 415 1448 et
429 1423 457 1448 in
468 1430 615 1456 perversum
629 1421 828 1455 decliuarerint,

53 1467 104 1493 sine
114 1467 192 1494 dubio
206 1468 286 1501 legem
301 1468 399 1501 judicii
416 1468 508 1502 ferent.
523 1467 705 1494 Romanarum
721 1475 829 1502 quoque

53 1513 239 1547 antiquitatum
267 1514 387 1541 studiosi.
409 1514 486 1548 plura
514 1514 540 1540 in
569 1513 620 1540 hoc
648 1521 728 1547 opere
755 1514 830 1540 inve-

51 1560 123 1588 nient
145 1562 215 1588 scitu
236 1561 307 1588 haud
329 1561 448 1596 indigna,
475 1569 590 1596 quorum
605 1560 731 1595 pleraque
747 1568 829 1595 supe-

50 1606 104 1634 rius
117 1608 388 1635 commemoravimus
408 1607 465 1640 ubi,
480 1609 512 1634 de
533 1607 652 1642 ejusdem
675 1608 829 1635 sinceritate

51 1654 232 1680 tractavimus.
264 1653 383 1688 Denique
412 1653 474 1681 hinc
498 1653 579 1680 etiatn
607 1653 711 1680 discere
731 1661 828 1687 possu.

51 1704 107 1725 mus
123 1707 266 1733 quousque
290 1699 406 1726 Romani
425 1699 530 1733 imperii
549 1699 648 1726 limites
666 1698 826 1726 Parthorum

51 1751 93 1770 Svu
108 1744 252 1771 Pcrsttl‘uttt
277 1745 406 1772 ditionem
427 1753 520 1772 versus
535 1751 599 1773 tunc
621 1745 749 1780 temporis
765 1753 827 1780 pro-

50 1790 234 1823 tenderentur;
246 1790 352 1825 aliaque
367 1791 495 1818 nonnulla
507 1791 539 1818 de
551 1791 617 1818 locis
632 1791 658 1817 in
670 1791 825 1818 eorumdcm

49 1835 186 1863 collitnitio
198 1837 268 1868 sitis,
282 1837 368 1871 deque
384 1836 568 1864 Romanorum
585 1837 698 1863 militum
714 1844 825 1864 numero

49 1882 91 1915 qui
107 1883 175 1917 apud
192 1882 293 1910 Carras
309 1888 397 1909 castra
414 1883 558 1910 servabant
574 1893 580 1910 :
596 1883 682 1910 dehis
698 1883 769 1910 enim
782 1891 825 1910 re-

50 1927 96 1954 bus
109 1929 225 1963 sparsim
242 1929 331 1963 agitur
348 1929 374 1955 in
387 1929 482 1963 primis
495 1929 616 1964 quinque
629 1929 762 1964 capitibus
777 1929 826 1956 hu-

46 1972 88 2006 jus
101 1975 200 2008 operis,
219 1983 251 2001 ac
272 1979 400 2009 praeterea
419 1975 445 2001 in
460 1975 580 2009 ejusdem
597 1983 672 2010 capp.
694 1975 738 2007 5‘2,
754 1975 787 2002 54
798 1980 824 2002 et

47 2017 88 2044 55.
104 2018 184 2046 Plura
202 2020 299 2046 eruditi
315 2021 384 2046 inter
395 2019 536 2054 legendum
549 2020 740 2048 observabuut.
754 2019 824 2047 Hac-

48 2066 121 2090 tenus
136 2063 287 2099 Zacagnius
300 2073 326 2092 v.
341 2066 377 2094 cl.

78 2109 144 2138 XIV.
164 2110 203 2138 Nc
219 2118 307 2139 autem
324 2112 429 2139 muneri
445 2116 537 2139 nostro
548 2112 642 2139 deesse
652 2112 766 2139 ‘omnino
781 2113 821 2139 vi-

46 2153 165 2190 deamur,
182 2157 216 2184 iis
232 2156 449 2192 quaelacagnius
465 2158 518 2184 huc
534 2165 618 2192 usque
629 2158 695 2186 satis
709 2158 821 2193 diligen-

46 2204 83 2227 ter
98 2203 251 2236 edisseruit,
266 2203 364 2230 addere
386 2203 514 2230 nonnttlla
528 2209 709 2238 opportunum
725 2205 820 2232 existi-

44 2254 156 2275 mamus.
180 2248 214 2275 Et
238 2250 355 2283 primttm
378 2249 486 2283 quidem
517 2251 550 2276 ad
574 2250 665 2278 sedem
696 2250 820 2278 Archelai

44 2293 219 2328 episcopalem
233 2294 306 2329 qttod
321 2295 426 2327 attinet,
452 2295 479 2321 in
491 2295 571 2322 aliam
587 2303 602 2322 a
619 2295 744 2330 Zacagnii
758 2304 820 2324 sen-

43 2339 122 2366 tentia
138 2348 199 2367 cum
216 2340 363 2375 Lequienio
380 2348 406 2367 ν.
421 2341 455 2367 cl.
471 2341 546 2367 abire
562 2341 625 2368 libet
636 2342 683 2377 (α).
702 2341 820 2370 Cascha-

44 2390 131 2412 rorutn
151 2386 234 2419 enim,
258 2395 311 2414 non
334 2386 510 2420 Charrarum,
537 2387 663 2415 Ecclesiae
678 2388 818 2422 praefuisse

43 2428 210 2465 Archelaum,
237 2440 290 2459 non
314 2433 400 2460 solum
426 2433 523 2460 docent
544 2434 609 2461 Acta
625 2435 818 2468 disputationis

43 2481 119 2509 quam
145 2482 254 2506 sanctus
277 2479 322 2506 ille
344 2480 442 2514 praesul
457 2479 550 2506 habuit
562 2488 623 2507 ctnn
641 2479 746 2508 Manete
761 2480 815 2515 (b);

843 1487 863 1516 C

837 2158 858 2186 D

85 2576 111 2616 ᾳ)
127 2577 173 2616 ον.
189 2578 264 2612 Clin,
280 2583 347 2606 tom.
363 2579 395 2612 ll,
413 2588 491 2616 pagg.
509 2579 578 2607 1002
591 2579 706 2608 et1163.

85 2612 109 2649 ὁ)
126 2614 196 2649 Att.
214 2622 272 2649 cap.
293 2616 316 2641 Ι.

74 2647 108 2679 (c)
125 2647 195 2675 Hier.
213 2647 285 2681 val,
301 2658 376 2677 num.
391 2650 408 2677 5
421 2654 447 2677 et
459 2650 484 2677 7.

85 2682 110 2715 οι)
125 2682 198 2719 _Hist.
212 2684 274 2711 eccl.
292 2685 338 2712 lii).
354 2693 373 2716 ι,
389 2693 448 2719 cap.
462 2685 506 2712 2'2.

84 2725 96 2741 e
125 2717 182 2744 Lib.
198 2726 206 2745 ι
223 2720 283 2747 adv.
303 2719 418 2746 Manich.

84 2720 109 2785 ὅ
125 2752 192 2780 Bibl.
209 2755 302 2780 orient.
320 2760 385 2782 tom.
403 2754 413 2781 Ι

73 2751 109 2786 (Γ)
125 2752 192 2780 Bibl.
209 2755 302 2780 orient.
320 2760 385 2782 tom.
403 2754 424 2786 Ι,
441 2763 468 2789 p.
484 2754 546 2782 555.

73 2787 107 2821 (g)
122 2787 192 2821 Act.,
207 2796 267 2823 cap.
285 2789 312 2816 5.

170 2834 306 2866 Ρηιιοι.
318 2834 375 2864 Gn.
394 2836 434 2867 Χ.

810 86 878 111 Νυτ

882 85 958 111 ΙἮΔ.
1600 91 1667 118 HIS

887 143 933 170 sed
951 147 1085 170 testantur
1098 144 1178 172 etiam
1193 144 1362 181 Epiphanius
1377 147 1423 182 (ε),
1443 147 1568 175 Socrates
1588 149 1626 183 (dl
1641 153 1669 176 et

885 188 1000 216 Photius
1014 189 1049 224 (e)
1068 199 1076 217 :
1095 195 1124 217 ut
1140 196 1282 226 propterea
1297 193 1358 228 jure
1377 198 1473 228 arguat
1494 194 1668 223 doctissimus

885 234 1053 262 Assemanus
1067 235 1111 271 (f)
1128 238 1312 272 statuendum,
1329 239 1355 266 in
1377 240 1458 267 unico
1478 240 1606 268 Actorum
1631 241 1672 269 loc

885 287 918 307 co
930 280 968 316 (g)
984 281 1157 309 librariorum
1173 284 1263 318 petius
1279 292 1372 313 errore
1386 285 1515 313 Charram
1535 287 1669 322 scriptum

885 325 980 358 fuisse,
998 335 1080 362 quam
1095 328 1304 357 existimandum
1320 331 1477 359 mendosam
1494 340 1553 360 esse
1573 333 1668 362 lectio-

886 380 946 400 nem
963 373 1080 400 Casr/tar
1105 375 1182 402 initio
1204 377 1360 404 eorumdem
1383 377 1523 411 Actorum,
1544 385 1571 407 et
1595 382 1667 416 apud

884 420 966 446 modo
992 421 1115 448 laudatos
1143 427 1302 456 praestantes
1325 429 1459 458 auctores,
1473 425 1666 462 Epiphanium,

886 463 1025 493 Socratem
1043 471 1069 494 et
1087 467 1224 495 Photium.
1239 468 1328 504 Atque
1343 471 1398 498 haec
1411 472 1488 505 plane
1504 473 1610 500 diversa
1624 479 1667 502 est

884 518 899 538 a
910 511 1021 539 Charris
1036 513 1092 540 sive
1109 513 1210 547 Haran,
1229 515 1374 548 provincia:
1394 515 1546 545 Osthoencs
1557 519 1666 547 civitate

883 555 966 583 altera
991 557 1064 584 haud
1088 559 1182 593 procul
1196 561 1229 586 ab
1245 560 1381 595 Euphrate
1393 563 1479 596 posita
1494 572 1501 590 :
1520 571 1568 591 nec
1588 565 1666 599 longe

883 601 958 630 abest
973 602 1107 638 Babylone
1119 609 1146 632 et
1163 604 1296 639 Seleucia,
1313 615 1367 634 non
1380 607 1518 636 Amidensi
1532 614 1666 644 metropo-

882 647 936 674 lita:
959 649 1090 683 subjecta,
1117 650 1164 677 sed
1190 652 1312 684 proxime
1338 652 1502 682 Seleuciensi
1516 656 1662 690 catholico,

883 698 911 720 ut
926 699 1032 721 constat
1054 703 1084 722 ex
1110 696 1260 724 Pontiticali
1275 698 1462 727 Chaldaeorum
1488 702 1559 736 apud
1581 701 1660 729 Mori-

881 747 946 766 num
965 740 1002 776 (lt)
1026 746 1053 768 et
1068 741 1247 770 Assemanum
1264 744 1313 778 (i);
1328 745 1372 772 ubi
1385 745 1504 780 juhetur,
1525 752 1554 774 ut
1574 750 1665 775 statim

882 786 913 812 ab
931 786 1004 813 obitu
1023 788 1158 820 catholici,
1185 791 1308 817 mittatur
1325 791 1359 817 ad
1375 793 1523 828 episcopum
1536 793 1663 828 Cascltar,

883 833 905 858 si
925 833 951 858 in
969 833 1032 859 vivis
1047 839 1102 865 est,
1129 839 1216 868 utpote
1238 836 1380 870 principem
1397 838 1582 872 primariumve
1597 849 1665 874 pra:-

883 878 966 904 sulem
979 879 1167 913 patriam/talis
1183 881 1332 914 provinciae,
1347 883 1391 916 qui
1404 882 1537 910 dexteram
1547 887 1666 919 patriar-

883 922 938 949 clne
950 928 1027 956 tenet,
1043 930 1181 959 custosque
1198 926 1269 954 illius
1285 927 1353 954 sedis
1370 933 1476 962 estpost
1486 931 1543 964 ejus
1553 931 1662 960 obitum.

883 967 960 1000 Quod
986 970 1113 996 nimirum
1139 971 1337 1005 accipiendum,
1360 981 1393 1000 ex
1410 981 1464 1008 quo
1479 976 1598 1004 Carchar
1613 978 1664 1006 sub

884 1013 987 1049 Sapore
1003 1024 1065 1052 rege
1090 1017 1116 1043 in
1140 1017 1282 1045 Persarum
1301 1024 1459 1054 potestatem
1476 1023 1558 1051 venit.
1574 1023 1664 1052 Probo

882 1062 954 1088 enim
968 1062 1114 1097 imperante
1126 1063 1255 1092 Romana
1267 1067 1379 1094 ditionis
1396 1075 1464 1101 erat,
1476 1078 1530 1104 quo
1541 1074 1663 1106 tempore

882 1106 974 1135 Manes
989 1115 1004 1135 e
1018 1108 1139 1137 Persidis
1156 1110 1256 1139 linibtts
1273 1111 1388 1148 fugiens,
1417 1115 1443 1141 in
1462 1115 1661 1145 Cascharorum

882 1160 950 1188 pago
961 1161 1040 1188 quem
1053 1154 1224 1184 Diodoridem
1241 1159 1410 1193 appellabant
1422 1161 1471 1195 (j),
1484 1169 1661 1197 congressum

882 1198 956 1225 illum
968 1199 1001 1226 de
1011 1200 1140 1236 religione
1156 1203 1250 1230 habuit
1264 1212 1326 1232 cum
1345 1206 1487 1234 Archelao.
1503 1207 1566 1236 llacc
1576 1209 1662 1238 ferme

881 1240 1057 1276 Lequienius.

916 1285 1001 1315 Porro
1016 1289 1138 1317 eamdem
1154 1293 1312 1320 sententiam
1326 1294 1358 1321 de
1370 1294 1549 1325 Cascharensi
1559 1298 1660 1327 Arche-

881 1331 916 1358 lai
931 1333 994 1360 sede
1008 1334 1130 1369 pluribus
1147 1344 1233 1371 nuper
1256 1339 1442 1373 comprobavit
1468 1349 1493 1368 ν.
1513 1344 1550 1371 cl.
1567 1344 1662 1379 Augu-

881 1376 968 1404 stinus
985 1377 1119 1407 Antonius
1134 1380 1264 1417 Georgius
1275 1385 1387 1411 ercmita
1405 1376 1659 1421 Augustinianus'in

882 1424 1019 1454 praestanti
1035 1431 1116 1459 opere
1125 1427 1195 1460 quod
1210 1428 1381 1462 Alp/tabetum
1397 1430 1549 1459 Tibetanum
1566 1433 1662 1461 inscri-

882 1468 949 1501 psit;
967 1469 1010 1496 ubi
1023 1471 1114 1504 etiam,
1130 1473 1200 1506 quod
1219 1475 1256 1500 rei
1274 1479 1354 1510 caput
1373 1481 1425 1509 est,
1441 1477 1570 1505 Actorum
1586 1479 1661 1514 ejus-

881 1513 941 1540 dem
967 1515 1091 1543 Archelai
1115 1518 1297 1546 sinceritatem
1321 1521 1451 1549 adversus
1465 1513 1659 1552 Beausobrium

880 1559 1030 1588 luculenter
1056 1563 1146 1596 evicit,
1171 1572 1248 1591 suam
1275 1566 1316 1593 his
1339 1567 1428 1595 verbis
1451 1568 1658 1603 disputationem

879 1606 1044 1635 concludens
1058 1608 1093 1643 (lt)
1111 1618 1117 1635 :
1134 1609 1276 1638 Teneamus
1288 1611 1409 1640 Cascbar
1425 1614 1452 1640 in
1469 1614 1659 1650 Mesopotamia

878 1651 1004 1687 Kal/taja:
1017 1662 1026 1680 :
1039 1661 1064 1681 et
1086 1663 1143 1683 ecce
1162 1657 1305 1692 vinculum,
1318 1659 1381 1686 dum
1396 1661 1466 1688 data:
1484 1663 1545 1696 ﬁdei
1561 1672 1659 1691 memor

877 1706 931 1724 esse
949 1699 1008 1726 velit
1036 1699 1224 1736 Beausobrius,
1250 1711 1301 1738 quo
1328 1711 1398 1732 arcte
1420 1709 1609 1744 constringitur
1623 1711 1657 1736 ad

877 1743 943 1770 Acta
955 1746 1040 1772 sancti
1051 1746 1165 1782 episcopi
1180 1749 1302 1776 Archelai
1317 1755 1440 1786 tanquam
1452 1755 1568 1787 pretiosa
1581 1755 1658 1783 Chri-

876 1790 968 1817 stiana:
994 1793 1160 1827 antiquitatis
1182 1802 1349 1824 monumenta
1373 1799 1572 1833 amplectenda;
1599 1810 1656 1836 quis

876 1841 963 1862 tanien
974 1838 1054 1871 paulo
1068 1844 1128 1866 ante
1145 1840 1288 1869 lacerabat.
1308 1843 1441 1871 Nimirum
1456 1845 1488 1872 ad
1501 1854 1532 1872 ea
1548 1848 1658 1882 respicit

875 1886 978 1925 auctor,
988 1891 1047 1917 qua:
1059 1884 1138 1912 habet
1147 1885 1328 1915 Beausobrius
1342 1890 1368 1916 in
1380 1889 1436 1917 haec
1445 1891 1525 1918 verba
1541 1892 1571 1927 (ι)
1583 1902 1589 1919 ;
1599 1893 1656 1920 J‘ai

875 1922 932 1953 bien
949 1930 1045 1962 prouvé
1057 1938 1105 1963 que
1122 1930 1149 1957 la
1168 1931 1271 1966 dispute
1285 1934 1329 1960 n’u
1345 1935 1418 1968 point
1436 1937 1476 1962 έιέ
1488 1944 1519 1963 en
1537 1922 1657 1972 illesupe-

875 1974 964 2001 tamic.
983 1975 1051 2002 Mais
1068 1977 1091 2003 s’i
1110 1985 1175 2008 notis
1195 1977 1222 2005 la
1236 1979 1342 2013 placens
1358 1981 1424 2008 dans
1439 1983 1463 2009 le
1480 1982 1654 2018 Turquestan.

872 2018 922 2045 elle
939 2027 1037 2054 pourra
1056 2029 1083 2048 se
1102 2024 1228 2050 sauteuir.
1241 2024 1310 2052 C'cst
1327 2025 1352 2052 la
1372 2035 1421 2061 quc
1434 2028 1655 2064 l'llérésiurquese

873 2066 960 2098 retire,
974 2067 1045 2093 selou
1062 2068 1099 2095 les
1117 2069 1282 2102 Orientaux;
1303 2073 1367 2106 qu'il
1378 2081 1394 2107 y
1409 2081 1424 2099 a
1440 2081 1489 2100 une
1500 2073 1599 2101 Cascar
1608 2076 1654 2110 qui

872 2112 935 2139 n’est
949 2113 1022 2147 point
1035 2115 1148 2142 soumise
1164 2124 1217 2142 ana;
1232 2117 1335 2149 Perses,
1355 2123 1379 2145 et
1395 2120 1428 2145 ait
1442 2119 1462 2145 il
1474 2128 1570 2153 pourra
1581 2120 1652 2155 plai-

872 2158 918 2185 der
932 2167 962 2185 sa
979 2167 1056 2186 cause
1075 2169 1105 2187 en
1124 2166 1193 2188 route
1211 2163 1306 2190 sureté.
1329 2163 1396 2191 C‘est
1417 2165 1442 2191 lit
1461 2166 1524 2200 qu‘il
1543 2175 1558 2201 y
1578 2176 1593 2193 a
1607 2168 1652 2194 des

871 2204 1016 2237 Cltrétiens,
1039 2206 1083 2233 des
1101 2207 1214 2242 éréques,
1235 2209 1279 2242 qui
1301 2217 1332 2235 ne
1350 2215 1457 2244 peuvent
1477 2219 1602 2246 ntanquer
1620 2213 1652 2240 de

869 2252 972 2279 s'élever
983 2258 1070 2280 contre
1082 2262 1115 2280 un
1129 2254 1269 2289 ltérétique,
1279 2256 1323 2289 qui
1335 2256 1434 2283 detruit
1444 2257 1480 2284 les
1493 2258 1651 2292 principatu:

869 2298 974 2325 articles
993 2298 1025 2325 de
1044 2298 1072 2325 la
1095 2299 1132 2333 [oi
1156 2299 1360 2329 chrétienne...”
1388 2301 1420 2329 Je
1438 2303 1480 2338 n‘y
1504 2303 1576 2330 avais
1602 2312 1649 2338 pas

867 2346 953 2379 pense.
967 2344 993 2371 Il
1011 2345 1068 2380 [aut
1088 2345 1196 2372 rétablir
1212 2352 1277 2373 cette
1290 2347 1392 2382 dispute
1407 2357 1455 2384 que
1469 2350 1520 2383 j'ai
1537 2353 1593 2376 tant
1604 2355 1649 2377 at-

868 2394 968 2427 taquee.
987 2392 1012 2419 Il
1028 2393 1071 2428 n'y
1091 2403 1107 2420 ιι
1122 2393 1181 2428 qu‘a
1196 2393 1222 2420 la
1242 2392 1299 2420 bien
1315 2393 1458 2428 placer.....
1475 2395 1597 2422 Donmms
1613 2404 1648 2423 ait

866 2435 963 2464 lecteur
974 2438 1144 2472 l‘édi/icution
1157 2438 1188 2465 de
1200 2439 1256 2466 voir
1268 2441 1361 2474 q't‘une
1371 2440 1479 2466 ltistoire
1489 2441 1512 2467 si
1525 2441 1649 2468 ancienne

866 2488 903 2509 est
914 2484 1038 2511 ve’ritable
1059 2485 1124 2512 dans
1147 2485 1171 2512 le
1195 2486 1268 2520 fonti.
1297 2485 1430 2513 Caeterum
1451 2493 1484 2514 eo
1502 2487 1560 2521 ipso
1574 2494 1646 2514 anno

901 2579 939 2615 (h)
956 2580 992 2607 De
1004 2589 1074 2608 sacr.
1091 2582 1176 2609 ordin.

899 2618 906 2647 (
918 2617 944 2649 i)
957 2615 1021 2643 Loc.
1036 2618 1082 2645 cit.

900 2651 943 2685 (ᾔ)
960 2652 1030 2683 Act.,
1047 2659 1107 2685 cap.
1121 2652 1166 2679 59.

898 2685 936 2723 (ti)
954 2685 1066 2723 έζριιαιτ.
1083 2686 1178 2723 (ibet,
1193 2695 1253 2723 pag.
1266 2688 1318 2716 565
1330 2689 1395 2716 edit.
1409 2688 1489 2717 Rom.
1505 2689 1584 2721 £762.
1597 2691 1624 2719 ι.

862 2719 929 2783 19ἓο
943 2719 1023 2782 iga“.
1036 2721 1068 2748 de
1090 2720 1182 2749 Manes
1194 2719 1241 2750 ~et”
1256 2724 1291 2751 du
1307 2723 1436 2759 Manich.,
1451 2731 1506 2753 tom
1531 2726 1550 2760 Ι,
1564 2719 1643 2761 pagg.

917 2774 925 2788 ,
945 2774 1003 2782 ιν-.

1446 2828 1486 2872 tit
