1848 3043
172 91 242 120 ΗΜ)

597 88 626 116 S.
644 86 849 115 ARCHELAUS
869 85 1133 114 ΜΕΞΟΡΟΤΛΜῘΕ
1151 86 1346 115 EPISCOPUS.

1727 81 1788 109 “2°

171 158 227 184 tuto
247 148 336 184 prodit
347 147 518 182 Alpltabetum
536 144 700 176 Tibetanum,
724 145 764 171 vir
780 144 847 171 alter
865 143 955 170 erudi-
970 144 990 172 A
1007 150 1076 169 tntts.
1093 141 1147 170 Nec
1162 143 1260 170 morari
1276 150 1325 170 nos
1343 142 1420 170 debet
1439 140 1617 177 parenthesis
1630 139 1769 174 longitudo
1784 149 1790 166 :

171 195 296 222 tissimus
321 192 475 220 eorumdem
502 190 632 217 Actorum
657 189 838 225 integritatem
861 193 954 217 contra

172 239 313 276 praefatum
336 236 529 265 Beausobrium
553 240 663 263 strenue
680 242 866 270 propugnasse
880 242 956 262 com-

172 285 276 320 pet'itur
289 284 337 316 (α).

208 329 266 356 XV.
287 328 353 355 Illud
377 331 506 362 praeterea
527 334 588 353 cum
609 326 668 352 viro
686 325 767 352 docto
783 325 954 352 anitnadver-

174 381 232 402 tere
248 375 369 405 interest,
387 373 400 408 ἓ
415 374 432 400 3
449 373 521 399 illius
545 371 687 406 l‘ragtnenti
707 371 835 398 Actorum
862 371 955 405 dispu-

175 421 286 448 tationis
305 419 439 450 Archelai,
463 418 534 453 quod
551 425 582 445 cx
605 417 697 452 Cyrilli
718 415 955 452 Hierosolymitani

173 465 307 492 catechesi
330 472 356 491 Vl
381 464 554 498 dcsumptutn
583 462 677 489 iisdetn
706 461 777 489 Actis
801 461 954 495 subjicitur,

174 510 418 546 Ilicrosolymitatto
432 509 524 544 potius
541 508 668 542 episcopo
682 515 763 542 quam
776 506 955 534 Cascharensi

173 565 233 584 esse
249 557 364 584 fortasse
381 555 564 583 tribuendum.
578 554 623 581 Sic
636 554 764 581 enimille
777 553 812 588 (ὁ)
829 562 835 580 :
852 563 860 578 ι
879 552 957 580 Tatu-

173 603 223 630 etsi
248 603 315 634 lucc,
338 602 436 636 inquit,
458 601 492 628 ab
515 601 593 628 initio
614 600 774 635 paragraphi
791 599 807 626 5
821 607 906 634 usque
923 599 956 626 ad

174 649 265 679 ﬁnem,
278 648 401 675 Archelai
414 647 503 674 verbis
516 647 631 682 Cyrillus
642 646 732 673 dicere
743 645 880 678 videatur;
893 652 955 672 cum

174 695 209 720 ibi
237 693 363 728 subjiciat
384 702 391 716 :
414 693 573 728 llujusnwdi
597 692 708 727 aliisque
733 691 851 726 pluribus
877 691 956 718 dictis

172 740 336 767 cvertebatur
351 739 430 766 draco
443 746 450 765 :
468 738 565 765 talibus
588 737 731 764 Archelaus
747 737 850 765 Manent
865 736 957 772 conﬂi-

173 784 332 811 ctationibus
351 783 549 819 prosternebat;
569 783 640 810 uttde
659 782 809 817 Zaeagnius
828 782 885 809 btec
898 790 957 809 om-

174 831 218 858 nia
234 831 267 859 ad
285 831 387 859 calcem
402 830 594 865 disputationis
609 829 732 857 Archelai
751 834 879 864 tanquam
894 836 956 864 par-

174 881 228 904 tcm
243 877 302 911 ejus
315 884 406 903 veram
421 875 543 910 appinxit
559 885 565 902 :
583 875 760 902 nihilominus
780 875 807 902 in
830 875 881 902 hoc
897 875 957 902 loco

173 922 298 950 Archelai
314 922 395 949 verba
412 921 548 953 desinere,
565 925 588 947 et
605 924 711 951 eastern,
738 919 772 947 ab
787 920 829 947 his
845 919 954 947 verbis:

175 968 205 996 Si
220 973 317 1000 autem,
331 972 394 1000 etc.,
409 975 494 1002 ttsque
510 967 543 994 ad
561 967 652 998 tinem,
669 973 684 992 a
699 965 800 1000 Cyrillo
812 969 957 1001 parenthe-

174 1015 213 1043 sis
237 1014 307 1045 vice,
333 1013 459 1041 Archelai
488 1012 640 1040 rationibus
668 1012 771 1047 adjecta
802 1018 954 1040 censemus.

175 1061 279 1094 Saltem,
298 1060 415 1088 dubitari
436 1067 490 1087 non
512 1062 601 1094 potest
625 1059 690 1093 quin
719 1058 799 1085 verba
820 1058 904 1084 ταῦτα
925 1057 957 1084 τὰ

174 1107 311 1143 μυστήρια
326 1105 440 1133 inferius
454 1104 652 1140 posita,Cyrilli
669 1104 734 1137 sint,
752 1111 806 1131 non
821 1103 955 1136 Archelai,

174 1153 280 1180 duabus
305 1151 459 1178 rationibus
482 1158 542 1185 qua:
568 1158 647 1178 omne
672 1154 802 1185 punctum
830 1149 956 1177 ali‘crunt.

175 1199 206 1225 1ο
223 1198 294 1225 enini
311 1198 358 1229 ait,
374 1198 504 1233 mysteria
518 1205 579 1232 qua:
592 1204 664 1224 nunc
675 1195 796 1223 audienti
808 1203 822 1222 a
834 1196 958 1223 catechu-

174 1251 317 1271 menorum
337 1247 411 1270 sorte
433 1250 543 1278 egresso
568 1242 686 1278 exponit,
702 1242 804 1269 licitum
822 1249 875 1269 non
898 1248 958 1269 esse

149 1323 152 1326 ἢ
173 1289 322 1325 gentilibus
339 1288 462 1323 aperire;
479 1293 561 1324 atque
578 1288 606 1316 in
624 1288 668 1316 his
683 1287 820 1324 mysteriis
836 1287 958 1315 nominat

173 1335 352 1364 sanctissimae
367 1334 508 1362 Trinitatis
521 1334 684 1362 doctrinam.
701 1334 781 1369 Atqui
797 1338 827 1361 ut
842 1335 898 1360 htec
911 1341 958 1368 ap-

176 1381 263 1415 prime
275 1381 441 1409 eonveniunt
454 1380 548 1415 Cyrilli
562 1379 742 1413 auditoribus,
757 1387 772 1406 e
787 1379 958 1406 catechume-

175 1435 271 1454 norum
286 1431 356 1454 statu
373 1427 398 1453 in
413 1426 533 1454 ﬁdelium
553 1433 650 1454 nomen
667 1433 698 1453 ac
711 1425 824 1461 gradum
840 1425 957 1452 transla-

175 1473 224 1506 tis,
243 1472 347 1500 cateeb.
370 1480 397 1504 ν,
422 1471 480 1508 ςι,
505 1472 604 1507 quibus
630 1471 787 1508 mysterium
817 1470 957 1499 Trinitatis

175 1519 281 1546 catech.
307 1527 333 1546 tv
355 1519 513 1554 planissime
539 1524 700 1554 aperuerat;
727 1519 762 1546 ita
783 1526 836 1545 non
858 1526 957 1546 conre-

177 1565 255 1591 niunt
270 1564 379 1597 Maneti,
399 1565 560 1600 qui,(lyrillo
580 1569 647 1592 teste
662 1565 765 1592 catcch.
780 1572 816 1595 vt,
835 1563 848 1599 §
865 1563 958 1596 2|,ne-

176 1617 229 1645 que
239 1610 410 1638 Christianus
423 1617 553 1644 unquam,
566 1618 652 1645 neque
663 1611 697 1638 ab
709 1610 827 1638 Ecclesia
841 1610 958 1645 rejectus

177 1656 275 1688 iuerat,
293 1655 393 1683 nedum
411 1656 621 1683 catechumcnus
637 1661 683 1683 aut
698 1656 958 1683 catechumenorum

177 1701 290 1734 gradum
316 1707 518 1735 supergressus,
543 1705 625 1735 atque
640 1701 675 1727 ita
689 1700 816 1728 Ecclesia:
831 1701 903 1728 tilius
920 1700 960 1728 fa-

177 1751 238 1774 ctus
253 1750 334 1779 esset,
350 1745 521 1779 Procatech.,
539 1746 553 1782 §
571 1746 611 1774 13.
627 1745 693 1773 Nam
708 1747 917 1774 catechumenos
930 1755 959 1775 re

178 1800 241 1820 vera
255 1793 289 1820 ab
301 1791 422 1820 Ecclesia
437 1793 511 1827 rejici
529 1793 625 1828 probat
640 1792 759 1826 Lucifer,
776 1794 821 1829 qui
845 1795 871 1821 in
891 1794 959 1821 libro

178 1840 217 1867 Dc
233 1847 284 1866 non
294 1839 478 1871 convenientia,
492 1845 555 1872 ctc.,
567 1839 756 1867 Constantium
770 1840 958 1875 imperatorem

177 1891 256 1914 vocat
277 1887 406 1914 hominem
421 1888 537 1914 excisum
555 1896 568 1915 ε
588 1896 694 1923 corpore
707 1895 806 1916 sancta:
825 1889 958 1921 Ecclesia.

217 1942 226 1958 ι
240 1932 284 1959 Ait
296 1931 334 1963 2°,
349 1941 409 1967 qua:
420 1941 492 1960 nunc
506 1934 634 1969 mysteria
649 1934 707 1962 sine
720 1934 867 1962 involucris
880 1944 961 1971 expo-

176 1978 227 2010 nit,
243 1977 319 2005 nefas
333 1985 394 2005 esse
407 1985 499 2005 c0ratn
520 1979 666 2012 gentilibus
688 1980 822 2015 proloqui.
838 1981 917 2016 Atqui
933 1981 960 2008 in

179 2023 318 2058 gentilium
345 2023 481 2050 auditorio
508 2023 668 2057 loquebatur
695 2024 855 2056 Archelaus,
883 2029 913 2051 ut
927 2032 961 2052 ex

178 2068 217 2103 §l
235 2068 377 2104 fragmenti
401 2068 541 2103 Cyrilliani
563 2069 708 2104 colligitur.
731 2070 769 2096 llli
787 2070 868 2105 igitur
886 2071 961 2097 alliu-

179 2115 456 2150 geturcontradicens
466 2115 563 2146 oratio,
576 2123 630 2150 qua
643 2121 720 2150 neget
734 2123 763 2143 se
773 2124 864 2143 eoratn
876 2117 962 2143 ethni-

1005 195 1067 213 nam
1092 188 1274 222 digressiones
1292 193 1319 215 et
1341 189 1524 222 paretttheses
1540 186 1685 221 longiores
1699 185 1793 220 Cyrillo

1007 241 1060 259 non
1075 233 1220 260 inusitatae.
1236 233 1295 260 Viti.
1310 234 1412 261 catech.
1431 241 1488 265 XVI,
1513 232 1526 268 ᾗ
1546 233 1591 264 14,
1610 233 1688 258 hom.
1706 231 1733 258 in
1747 231 1791 259 Pa-

1006 280 1068 311 ral.,
1085 279 1127 314 §8
1139 287 1224 314 usque
1237 280 1269 306 ad
1286 280 1328 306 Η.
1341 279 1474 306 Praterca
1489 281 1530 305 hze
1547 278 1632 305 unius
1650 277 1792 311 Scriptum

1006 325 1059 352 luci
1085 326 1233 353 scentulum
1254 326 1375 353 diversas
1403 326 1554 353 sententias
1584 324 1790 359 explicationes.

1005 371 1064 405 ejus
1078 376 1141 398 suttt
1154 372 1265 407 ingenii,
1284 377 1312 400 ut
1328 373 1418 399 ridere
1432 378 1474 398 est
1487 371 1592 398 catech.
1611 378 1680 402 aut,
1695 370 1725 404 ἐξ
1742 370 1758 396 9
1769 376 1791 396 et

1006 417 1050 449 id,
1065 418 1168 444 eatech.
1182 426 1240 450 χιιι,
1258 417 1271 454 §
1285 418 1330 449 ‘Zl,
1354 422 1405 445 etc.
1425 417 1539 444 Domum
1559 424 1645 452 quam
1660 422 1791 450 postrema

1006 464 1065 490 loco
1084 464 1165 490 tradit
1181 464 1261 498 hujus
1284 463 1334 490 loci
1349 463 1616 497 interpretationem,
1633 470 1734 496 nempe
1756 463 1791 488 in-

1007 511 1098 536 iirmos
1113 509 1208 536 oculos
1232 510 1375 536 veritatum
1399 516 1468 543 quas
1484 515 1582 543 capere
1600 516 1655 534 non
1672 514 1791 542 possunt,

1007 555 1111 589 fulgore
1126 555 1249 587 obtundi,
1263 555 1417 582 continetur
1432 554 1459 580 in
1474 561 1506 581 ea
1521 554 1630 580 ratione
1645 561 1731 588 quam
1741 558 1793 580 rett-

1006 601 1074 628 didit
1088 600 1244 628 Proeatech.
1264 600 1335 636 §12,
1359 608 1408 627 cur
1432 599 1640 627 catechumcuis
1671 599 1791 634 mysteria

1006 647 1145 679 celentur;
1171 646 1234 681 quia
1256 646 1381 673 videlicet
1398 650 1508 673 noceret
1528 645 1598 679 ipsis
1622 652 1717 671 rerum
1732 653 1792 680 quas

1007 693 1126 719 nondnnt
1141 700 1237 727 capere
1254 697 1377 727 possunt,
1406 691 1536 726 cognitio.
1555 700 1565 716 ι
1594 689 1738 718 Hactenus
1758 691 1794 718 sit

1008 739 1052 765 ille
1067 739 1176 766 doctus.

1044 785 1168 812 Nostram
1194 793 1275 820 porro
1294 785 1426 820 ejusmodi
1444 784 1575 812 Actorum
1596 783 1749 811 editionem
1766 785 1793 810 ad

1008 831 1082 858 illam
1099 832 1248 866 exegimus,
1268 839 1349 866 quam
1372 830 1466 857 Rome
1491 829 1615 864 vulgavit
1638 829 1793 857 ann01698

1007 883 1035 903 ν.
1049 876 1082 904 cl.
1103 877 1266 905 Laurentius
1282 876 1433 904 Alexander
1447 875 1602 910 Zacagnius
1623 874 1651 900 in
1668 874 1794 901 Collum-

1007 924 1061 950 neis
1076 928 1301 950 monumentorum
1317 927 1429 949 ceterum
1446 921 1574 949 Ecclesiae
1585 922 1695 949 θηται
1707 930 1739 947 ac
1748 921 1794 948 ιι.

1008 970 1078 996 time.
1095 968 1157 996 Suis
1175 969 1243 996 locis
1264 969 1433 995 restituimus
1447 976 1510 996 cum
1528 969 1660 996 addenda
1678 968 1794 1003 prolego-

1007 1016 1104 1047 menis,
1119 1019 1176 1042 tum
1192 1015 1280 1042 varias
1301 1014 1328 1041 in
1343 1015 1440 1050 primis
1453 1015 1599 1045 lectiones,
1618 1022 1694 1049 quas
1709 1014 1743 1040 ad
1758 1022 1795 1041 ο·

1007 1060 1061 1096 pita
1079 1060 1166 1088 {il—55
1181 1059 1377 1095 Disputationis
1393 1060 1519 1087 Archelai
1543 1067 1610 1087 cum
1638 1059 1758 1092 llanete,
1769 1067 1794 1085 rx

1006 1107 1287 1141 Regio-Alexandrino
1297 1107 1391 1134 codice
1408 1106 1559 1139 descriptas
1574 1106 1612 1132 ad
1635 1113 1698 1133 suae
1711 1105 1797 1132 editio-

1007 1153 1050 1180 nis
1066 1152 1167 1180 calcent
1181 1152 1275 1186 rejecit
1286 1152 1355 1179 idem
1368 1152 1409 1178 vir
1424 1151 1560 1183 eruditus,
1574 1151 1632 1178 hac
1643 1151 1796 1186 prafatiuu—

1007 1199 1067 1226 eula
1083 1205 1149 1225 usus
1165 1197 1199 1233 (c)
1218 1206 1224 1224 ι
1248 1197 1313 1225 Cum
1335 1202 1394 1231 post
1417 1197 1526 1230 editam,
1551 1197 1660 1232 inquit,
1686 1197 1797 1224 Archelai

1006 1243 1211 1278 disputationem
1236 1242 1304 1268 inter
1334 1241 1633 1276 Regio—Alexandrinos
1670 1239 1797 1267 Vaticana

1007 1289 1167 1316 bibliotheca:
1178 1288 1277 1315 codices
1292 1288 1444 1322 reperissem
1457 1287 1647 1322 apographum
1663 1287 1795 1321 cujusdam

1006 1335 1101 1362 vetusti
1114 1335 1222 1366 codicis,
1241 1334 1285 1368 qui
1301 1333 1363 1360 olim
1379 1333 1413 1359 ad
1427 1333 1622 1359 monasterium
1636 1333 1728 1359 sancti
1743 1332 1794 1360 Sol-

1007 1381 1051 1413 vii,
1063 1380 1245 1407 Ambiuuensis
1260 1379 1372 1414 fortasse
1384 1379 1501 1413 episcopi
1513 1384 1538 1404 et
1555 1379 1706 1413 martyris,
1722 1379 1793 1413 perti-

1007 1427 1079 1458 nuit;
1098 1427 1160 1453 etin
1173 1434 1202 1452 eo
1214 1426 1302 1454 codice
1313 1433 1366 1452 una
1380 1432 1439 1451 cum
1458 1425 1545 1451 sancti
1559 1424 1716 1459 Augustini
1727 1425 1796 1452 Con-

970 1492 992 1522 ο
1009 1473 1146 1500 monitorio
1155 1473 1278 1500 adversus
1290 1471 1458 1504 Manio/neos,
1467 1472 1536 1498 inter
1543 1472 1674 1506 ejusdem
1683 1472 1799 1506 epistola

1007 1519 1089 1550 edito,
1111 1518 1268 1544 haberentur
1283 1521 1389 1551 excrpta
1403 1517 1525 1551 quadam
1538 1524 1573 1543 ea:
1590 1517 1675 1543 Actis
1688 1518 1800 1551 disp-ts-

1009 1565 1086 1592 tionis
1113 1563 1234 1590 Archelai
1257 1572 1273 1590 α
1295 1571 1353 1598 cap.
1367 1563 1398 1590 51
1420 1571 1500 1597 usque
1519 1562 1555 1588 ad
1574 1571 1641 1597 cap.
1657 1563 1707 1595 55,
1726 1570 1800 1597 operi

1008 1611 1121 1645 pretium
1136 1610 1224 1637 censui
1237 1610 1325 1636 varias
1341 1616 1374 1635 ea:
1390 1609 1479 1635 eodem
1500 1609 1663 1643 apograplto
1687 1610 1800 1636 lectiones

1009 1657 1093 1686 edere.
1111 1665 1169 1683 cum
1182 1656 1297 1690 ipsorum
1315 1663 1361 1690 ope
1374 1655 1496 1689 qua’dam
1509 1654 1644 1681 Archelai
1658 1655 1724 1681 loca
1736 1656 1799 1682 recte

1010 1707 1127 1729 tuantur.
1145 1700 1207 1729 llrec
1219 1701 1272 1728 ille.
1286 1700 1424 1735 Ejusmodi
1438 1705 1528 1726 autem
1547 1701 1646 1728 varias
1659 1701 1796 1731 lectiones.

1011 1749 1083 1776 haud
1099 1756 1163 1776 sane
1179 1747 1400 1779 contemnendas,
1414 1747 1486 1774 aliud
1501 1754 1586 1782 agens
1606 1748 1745 1780 prmteriit
1755 1747 1799 1775 Fa-

1010 1795 1124 1825 bricius.
1140 1795 1182 1821 vir
1196 1799 1292 1822 caetera
1306 1794 1431 1828 diligens,
1455 1793 1480 1819 itt
1500 1800 1552 1820 suo
1573 1792 1730 1828 Spicilegt'a
1750 1802 1802 1821 su-

1011 1847 1111 1868 ctorunt
1129 1840 1241 1867 Patrum
1263 1839 1353 1867 smuli
1373 1847 1413 1871 Ill,
1433 1838 1552 1873 Operum
1572 1838 1799 1874 llippolyteorum

1012 1888 1115 1914 adnexo
1132 1896 1138 1914 :
1153 1891 1180 1913 at
1193 1887 1252 1913 illas
1263 1886 1328 1913 scite
1341 1885 1455 1912 intexuit
1472 1885 1582 1919 reliquis
1596 1885 1720 1913 editoris
1737 1885 1799 1912 notis

1012 1932 1184 1960 doctissimus
1203 1936 1297 1958 auctor
1313 1929 1494 1964 Supplementi
1509 1930 1543 1956 ad
1556 1930 1677 1957 concilia
1702 1929 1801 1957 Verte»

1012 1977 1152 2004 Labbeatm
1166 1977 1215 2012 (d).
1234 1975 1366 2003 Prteterea
1392 1975 1573 2011 fragmentum
1601 1976 1799 2010 Disputatiouis

1012 2024 1135 2051 Arcltelai
1151 2031 1182 2051 ex
1198 2023 1289 2059 Cyrilli
1305 2022 1541 2058 Hierosolymitani
1559 2024 1703 2050 catechcsi
1718 2030 1745 2050 vt
1759 2023 1799 2049 dc-

1013 2074 1150 2104 sttmptum
1172 2073 1252 2103 atque
1267 2069 1360 2096 iisdem
1381 2068 1456 2095 Actis
1479 2069 1530 2096 sub
1547 2068 1631 2095 tinem
1653 2068 1798 2103 adjectum,

1013 2116 1178 2143 Contulitnus
1193 2123 1254 2143 cum
1278 2115 1426 2143 novissima
1440 2115 1560 2141 editione
1575 2113 1732 2142 Parisiensi
1750 2114 1796 2141 ΒΒ.

178 2161 218 2188 cis
230 2161 313 2196 loqui,
326 2168 395 2196 quos
412 2166 502 2188 tamen
516 2161 833 2196 disceptationisjudices
847 2162 959 2194 habent;
976 2157 999 2186 D
1013 2161 1170 2197 Cyrilliaua,
1186 2162 1393 2196 versionemquc
1408 2161 1611 2192 recensuimtts,
1627 2165 1655 2188 ct
1671 2162 1709 2189 cl.
1724 2162 1799 2188 edito-

181 2206 348 2241 allirmetque
372 2214 400 2234 se
421 2215 452 2233 ea
480 2207 607 2242 mysteria
633 2208 779 2241 explicare,
807 2207 840 2234 dc
863 2208 963 2242 quibus

179 2253 294 2292 qutestio
315 2253 388 2280 nulla
411 2258 479 2280 erat.
496 2253 563 2280 Cum
588 2253 679 2287 itaque
698 2253 790 2286 verba,
816 2253 902 2280 ταῦτα
928 2253 962 2279 τὰ

181 2299 329 2334 μυστήρια,
343 2299 492 2326 certissime
509 2300 564 2326 sint
580 2298 684 2334 Cyrilli,
701 2307 787 2334 eaque
803 2307 864 2326 cum
881 2307 961 2334 supe-

178 2343 300 2372 rioribus
321 2345 474 2372 necessaria
500 2346 668 2372 cottncxione
689 2345 893 2376 devinciantur;
917 2353 963 2372 ue-

179 2389 302 2416 cessat'io
316 2390 485 2424 parenthesis
502 2390 608 2417 initiutn
626 2391 651 2417 in
670 2391 722 2418 hoc
739 2391 799 2418 loco
816 2391 960 2418 collocavi—

217 2479 255 2514 (a)
264 2469 402 2511 'Travasa,
424 2478 496 2507 Stor.
509 2480 569 2507 crit.
582 2480 648 2508 delle
660 2481 710 2507 vite
724 2480 793 2514 dein
803 2488 880 2513 ειη,
894 2485 912 2506 t.
927 2480 958 2510 V,

182 2513 249 2551 pag.
260 2513 312 2551 915
328 2519 355 2551 et
365 2521 448 2551 seqq.

183 2548 397 2620 “(Helenum
413 2548 481 2584 Opp.
505 2549 533 2577 S.
553 2549 644 2585 Cyrilli
667 2549 784 2584 Hieros.,
810 2557 871 2586 pag.
899 2549 959 2582 l05,

1014 2209 1052 2234 ris
1068 2213 1146 2235 notas
1160 2208 1336 2242 subjecimus.
1362 2207 1512 2235 Nonnullas
1537 2208 1660 2242 denique
1676 2209 1798 2235 obseru-

1013 2254 1112 2286 tioncs,
1125 2255 1158 2280 ad
1174 2254 1302 2281 Actorum
1315 2257 1416 2280 textum
1431 2253 1608 2287 potissimum
1623 2255 1796 2288 pertinentes.

1013 2304 1094 2334 prout
1109 2307 1138 2326 sc
1160 2300 1221 2326 tulit
1243 2299 1361 2331 occasio,
1378 2299 1553 2330 addidimus;
1576 2307 1610 2326 ea
1633 2299 1744 2334 quidem
1759 2307 1796 2326 ra-

1015 2344 1087 2370 tione
1104 2351 1184 2378 quam
1208 2344 1234 2370 itt
1251 2344 1311 2370 aliis
1334 2348 1454 2370 veterum
1480 2342 1597 2370 Patrum
1620 2344 1796 2370 monumentis

1015 2389 1145 2416 hactenus
1162 2389 1292 2424 cvulgatis
1310 2388 1411 2424 passim
1427 2389 1563 2416 adhibere
1579 2391 1781 2417 consuevimus.

1061 2478 1084 2512 r)
1101 2476 1229 2512 Zacagn..
1243 2476 1351 2504 Collect.
1366 2484 1484 2503 manum.
1500 2481 1568 2512 ινα..
1588 2481 1660 2505 tom.
1674 2477 1697 2509 I,
1710 2486 1734 2512 p.
1745 2477 1795 2503 τω.

1060 2513 1088 2548 d)
1104 2511 1200 2547 Mansit,
1214 2512 1345 2548 Supplem.
1365 2511 1399 2537 ad
1416 2511 1528 2543 concil.,
1548 2518 1621 2541 tom.
1638 2511 1744 2549 ωδεχ.
1756 2514 1795 2539 tt)

1015 2557 1091 2584 seqq.
