1848 3043
78 121 138 149 tm

660 122 824 150 VETERUM
844 123 1064 151 TESTIMONIA.

1613 128 1682 156 N22

78 232 1676 248 mm

518 313 673 358 VETE
685 314 805 358 RUM
845 314 1215 361 TESTIMONIA

241 405 285 433 DE
302 406 330 433 S.
351 405 524 434 ARCHELAI
543 407 697 453 EPISCQPI
714 408 913 436 DlSPUTAT‘K

920 409 967 435 ‘NE
985 409 1058 437 CUM
1076 410 1218 438 ΜΑΝΕΤΕ
1237 410 1504 440 ΗΕΚΕΞΙΑΒΕΗΔ.

276 626 282 633 .
297 605 412 641 Cyrillus
431 606 699 642 Hierosolymitanus,
716 608 849 636 Cateches.
863 618 899 643 νι,
916 610 930 646 §
944 609 991 643 27,
1006 618 1066 645 pag.
1084 609 1144 644 104,
1155 611 1219 638 edit.
1241 611 1298 640 BH.
1320 612 1409 640 Paris.
1423 614 1502 642 i720.

103 662 194 698 Φεύγει
211 664 244 690 ὲκ
265 664 314 699 τῆς
330 664 450 700 φυλακῆς
468 665 583 701 (Μάνης)
606 666 651 692 καὶ
672 666 780 702 ἔρχεται
802 668 843 699 είς
858 674 879 699 Α

927 667 1009 703 Fugit
1025 675 1040 695 e
1054 675 1163 696 carcere
1179 668 1293 704 (Manes)
1308 674 1335 697 et
1350 670 1375 697 in
1389 671 1608 706 Mesopotamiam
1630 683 1678 703 ve-

71 709 115 744 τὴν
130 709 351 744 Μεσοποταμίαν·
366 709 421 735 ἀλλ’
437 710 542 745 ἀπαντᾷ
561 710 634 745 αὐτῷ
650 711 729 737 ὅπλον
743 711 846 737 δικαιο-

71 754 147 790 σύνης
155 754 190 789 (1)
199 755 340 790 Ἀρχέλαος
349 756 505 787 ἐπίσκοπος,
516 757 562 783 καὶ
573 756 618 783 ἐπὶ
629 757 778 791 φιλοσόφων
792 766 850 793 κρι-

71 800 120 826 τῶν
136 800 253 835 ἐλέγξας,
271 802 450 837 ἀκροατήριον
468 802 621 837 Ἑλληνικὸν
634 803 847 838 συστησάμενος,

71 847 109 872 ἵνα
125 846 160 881 μὴ
177 847 345 882 Χριστιανων
364 847 508 883 κρινόντων
524 847 637 875 δοκῶσιν
651 850 674 875 οἱ
688 850 781 884 κριταὶ
793 857 844 886 χα-

72 891 184 926 ρίζεσθαι
194 901 200 907 ·
214 892 294 927 Λέγε,
313 895 393 929 φησιν
415 894 570 929 Ἀρχέλαος,
588 903 615 920 κ.
630 903 655 920 τ.
670 894 694 920 λ.

898 713 938 740 nit
953 722 960 740 :
978 721 1071 740 verum
1083 714 1188 741 obstitit
1211 715 1235 742 ei
1258 720 1364 743 scutum
1381 717 1493 751 justitite
1504 738 1512 751 ,
1528 717 1680 749 Archelaus

897 759 1051 793 episcopus,
1070 767 1186 794 eumque
1201 768 1292 787 coram
1308 762 1477 797 philosophis
1487 763 1624 796 iudicibus
1639 773 1680 793 re-

899 804 1081 839 prehendens,
1094 806 1206 833 collecto
1218 807 1356 840 gentilium
1370 808 1515 841 auditorio,
1526 817 1559 837 ne
1568 810 1591 837 si
1603 810 1680 837 Chri-

899 850 980 877 stiani
995 851 1101 885 judices
1115 856 1221 883 essent,
1239 852 1395 880 viderentur
1415 853 1531 888 favisse,
1548 855 1603 891 Age
1618 864 1680 891 pro-

900 894 949 928 l'er,
967 896 1004 923 ait
1015 896 1173 930 Archelaus,
1194 902 1257 930 etc.,

325 955 353 977 ut
376 950 448 985 infra
463 950 497 976 ad
519 949 617 977 calcem
629 950 834 984 disputationis;
849 951 942 984 quibus
955 951 1095 984 absolutis,
1105 952 1197 979 statim
1211 953 1300 980 subdit
1315 953 1329 989 §
1343 953 1378 980 50
1395 963 1401 980 :

99 1007 229 1039 Τοιούτοις
245 1009 293 1034 καὶ
311 1004 400 1040 ἄλλοις
421 1008 540 1036 πλείοσιν
557 1009 720 1044 ἁνετρέπετο
739 1010 754 1035 ὁ
777 1009 843 1045 δρά-

69 1060 134 1078 κων·
159 1053 296 1086 τοιαύταις
323 1055 491 1090 συμπλοκαῖς
521 1055 704 1081 κατεπάλαισε
732 1054 770 1090 (‘2)
798 1054 842 1081 τὸν

68 1098 156 1134 Μάνην
167 1099 181 1125 6
200 1099 353 1135 Ἀρχέλαος.
366 1100 462 1135 Φεύγει
476 1100 554 1127 πάλιν
572 1101 619 1127 καὶ
638 1099 762 1127 ἐντεῦθεν
780 1100 794 1126 ὁ
810 1100 843 1126 ὲκ

67 1143 112 1178 τῆς
127 1144 247 1180 φυλακῆς
262 1146 354 1180 φυγών
364 1155 370 1161 ·
387 1146 433 1172 καὶ
453 1147 498 1173 τδν
517 1146 716 1182 ἀνταγωνιστὴν
732 1145 842 1182 διαδρά-

67 1197 121 1220 σας,
130 1189 235 1226 ἔρχεται
250 1191 295 1217 ἐπὶ
308 1191 404 1227 κώμην
420 1193 624 1228 εὐτελεστάτην,
635 1192 705 1219 κατὰ
717 1192 762 1219 τὸν
771 1193 842 1226 ὅφιν,

66 1235 107 1261 τὸν
127 1237 154 1263 ἐν
175 1237 330 1273 παραδείσῳ
350 1238 532 1265 καταλιπόντα
554 1238 598 1265 τὸν
627 1238 720 1273 Ἀδὰμ,
741 1238 788 1264 καὶ
810 1239 842 1273 τῇ

66 1281 118 1317 Εὔα
133 1283 324 1318 προσελθόντα.
350 1284 417 1310 Ἀλλ’
437 1286 451 1311 ὁ
470 1284 550 1316 καλὸς
566 1284 668 1320 ποιμὴν
687 1277 841 1319 Ἇρχέλαος,

932 1009 980 1038 His
992 1010 1106 1046 aliisque
1117 1011 1240 1045 pluribus
1252 1013 1422 1041 sermonibus
1432 1013 1604 1042 evertebatur
1617 1015 1677 1043 dra-

896 1063 939 1089 co,
957 1056 1058 1083 talibus
1072 1057 1221 1085 Archelaus
1233 1057 1479 1086 conﬂictationibus
1491 1058 1596 1091 Manem
1611 1068 1675 1095 pro—

896 1101 1002 1128 stravit.
1036 1101 1134 1129 lterum
1150 1106 1176 1129 et
1191 1102 1253 1130 inde
1265 1102 1350 1138 fugit,
1362 1104 1408 1138 qui
1423 1104 1456 1131 de
1473 1112 1581 1133 carcere
1595 1106 1675 1134 aufu—

896 1150 989 1181 gerat;
1007 1151 1034 1174 et
1045 1148 1156 1183 elapsus
1179 1148 1334 1176 adversario
1345 1169 1352 1180 ,
1371 1149 1445 1177 venit
1466 1150 1500 1177 ad
1513 1151 1675 1179 vilissimum

897 1193 1039 1227 quemdam
1055 1202 1153 1229 pagum
1165 1215 1173 1227 ,
1198 1195 1232 1222 ad
1253 1195 1340 1222 instar
1355 1197 1498 1231 serpentis,
1510 1197 1569 1231 qui,
1582 1198 1676 1225 relicto

896 1238 982 1265 Adam
1004 1238 1032 1265 in
1053 1239 1180 1274 paradiso
1192 1261 1200 1273 ,
1218 1240 1251 1267 ad
1272 1240 1355 1268 Evam
1371 1241 1496 1269 accessit.
1524 1241 1576 1270 Sed
1588 1242 1676 1271 bonus

897 1288 990 1318 pastor
1005 1284 1154 1312 Archelaus
1167 1305 1175 1318 ,
1201 1286 1292 1313 ovium
1305 1286 1384 1314 saluti
1401 1287 1545 1321 providens
1557 1307 1564 1320 ,
1585 1288 1675 1316 audita

65 1326 114 1354 τῶν
130 1329 270 1365 προϐάτων
285 1330 416 1365 προνοῶν,
435 1330 553 1362 ἀκούσας
566 1331 615 1366 τὴν
629 1330 727 1366 φυγὴν,
741 1329 844 1361 εὐθέως
861 1330 882 1359 Β
899 1328 913 1356 fi

920 1337 973 1365 iga,
988 1337 1072 1358 cursu
1085 1331 1178 1364 citato,
1194 1330 1227 1358 ad
1240 1331 1334 1366 lupum
1347 1332 1538 1367 requirendum
1554 1332 1675 1363 festinat.

65 1373 182 1409 δρομαῖος
198 1376 245 1404 ἐπὶ
261 1376 310 1410 τὴν
326 1376 372 1402 τοῦ
389 1376 470 1403 λύκου
493 1377 616 1410 ἐπείγετο
637 1377 760 1412 ζήτησιν.
783 1375 843 1402 Μά-

65 1427 108 1454 νης
123 1420 159 1452 δὲ,
174 1421 236 1448 ίδὼν
255 1421 384 1458 ἐξαίφνης
399 1422 444 1449 τὸν
460 1423 602 1455 ἀντίδικον,
622 1422 782 1458 ἐξεπήδησε,
794 1421 841 1448 καὶ

65 1464 167 1500 ἔφυγεν.

896 1374 988 1404 Manes
1004 1381 1095 1404 autem
1119 1377 1210 1405 statim
1233 1383 1313 1413 atque
1326 1378 1511 1407 adversarium
1523 1381 1674 1416 conspexit,

896 1421 1000 1449 exsiliit
1015 1422 1088 1456 inde,
1105 1427 1187 1458 atque
1200 1423 1314 1459 aufugit.

639 1573 670 1601 S.
690 1573 864 1610 Epiphanius,
882 1571 955 1600 ΗΜ,
970 1582 1041 1606 uvr,
1059 1574 1072 1609 §
1088 1574 1113 1601 7.

94 1619 252 1657 Συμὸἐσηκε
272 1622 326 1657 γὰρ
346 1622 486 1658 Ἀρχέλαον
499 1622 543 1648 τὸν
558 1622 607 1657 τῆς
620 1622 722 1654 πόλεως
732 1622 842 1648 ἐπίσκο-

63 1673 108 1691 πον
123 1666 212 1693 οἴκαδε
230 1666 287 1702 ἅμα
299 1667 372 1703 αὐτῷ
390 1669 505 1694 συνιίναι
522 1669 582 1695 κατ’
596 1668 702 1703 ἐκείνην
714 1667 762 1703 τὴν
775 1668 843 1704 ἡμέ-

64 1718 121 1746 ραν,
141 1709 201 1749 ὲνῇ
223 1712 272 1749 τὴν
293 1713 435 1749 ἐπιστολὴν
457 1713 502 1740 τοῦ
525 1714 674 1748 Μανιχαίου
697 1714 766 1750 μετὰ
787 1716 842 1749 χεῖ-

63 1767 108 1794 ρας
129 1760 240 1796 εἴληφεν
260 1761 274 1787 ὁ
295 1760 341 1788 τοῦ
363 1760 430 1788 Θεοῦ
453 1761 554 1794 δοῦλος.
579 1762 609 1788 '0
631 1761 659 1787 δὲ
685 1761 838 1796 Ἀρχέλαος,

61 1805 135 1838 γνοὺς
158 1807 210 1842 τὴν
235 1807 341 1840 αἰτίαν,
370 1807 419 1833 καὶ
442 1807 491 1842 τὴν
524 1806 667 1841 επιστολὴν
696 1807 838 1840 ἀναγνοὺς,

61 1850 153 1886 ἑϐρυχε
173 1853 238 1884 τοὺς
260 1852 377 1884 ὀδόντας,
400 1852 493 1888 ὥσπερ
514 1852 582 1880 λέων
603 1853 768 1888 ώρυόμενος,
792 1853 839 1879 καὶ

61 1896 134 1932 ζῆλον
150 1898 217 1926 Θεοῦ
232 1898 371 1926 ἀναλαὸὼν
388 1900 516 1934 ἐπειρᾶτο
532 1898 651 1934 ὁρμῆσαι
670 1899 769 1934 μᾶλλον
788 1899 839 1930 ἕως

59 1943 147 1976 αὑτοῦ,
162 1945 210 1971 καὶ
223 1945 403 1980 χειρώσασθαι
413 1945 458 1971 τὸν
473 1944 590 1971 τοιοῦτον
610 1946 648 1977 ὼς
664 1945 790 1972 ὲπίλυτον
808 1947 840 1972 ὲκ

60 1987 212 2026 βαρϐάρων,
233 1990 295 2017 ὅθεν
317 1990 364 2017 καὶ
385 1991 505 2026 ὡρμᾶτο,
529 1990 597 2026 πρὸς
614 1991 764 2026 ἀφανισμὸν
787 1991 841 2018 τῶν

59 2034 121 2061 υἱῶν
135 2035 190 2062 τῶν
206 2034 356 2070 ἀνθρώπων
372 2035 572 2062 ἐπαναστάντα.

930 1621 970 1648 Ac
983 1625 1041 1648 tum
1058 1621 1126 1649 forte
1141 1623 1269 1658 contigit,
1290 1626 1319 1650 ut
1332 1623 1424 1651 eodem
1441 1624 1484 1651 die
1497 1632 1552 1659 quo
1569 1625 1642 1653 illam
1658 1633 1674 1652 ει

895 1667 1044 1695 Manichaeo
1058 1668 1197 1703 epistolam
1211 1668 1259 1696 Dei
1273 1676 1368 1697 servus
1383 1670 1503 1705 accepit,
1526 1670 1675 1699 Archelaus

894 1713 970 1741 urbis
994 1714 1139 1749 episcopus
1162 1722 1216 1742 una
1237 1722 1299 1742 cum
1324 1715 1370 1742 illo
1381 1716 1455 1743 domi
1468 1721 1549 1744 esset.
1579 1716 1631 1750 Qui
1645 1725 1676 1744 re

894 1759 968 1786 omni
985 1765 1125 1794 perspecta
1140 1760 1266 1788 dentibus
1281 1760 1416 1795 fremens,
1440 1762 1571 1797 rugientis
1588 1763 1674 1790 leonis

893 1804 991 1837 instar,
1007 1812 1038 1831 ac
1050 1805 1143 1832 divino
1159 1805 1277 1840 quodam
1288 1806 1385 1833 ardore
1397 1807 1525 1842 percitus,
1545 1808 1578 1835 ad
1589 1806 1675 1835 Mani-

893 1851 997 1877 cbzeum
1019 1850 1111 1885 potius
1132 1850 1266 1885 proﬁcisci
1288 1852 1427 1886 cupiebat,
1453 1852 1645 1888 hominemque
1658 1861 1674 1880 e

894 1896 1026 1928 barbaris,
1039 1897 1112 1924 unde
1123 1897 1147 1924 is
1161 1901 1238 1924 ortus
1251 1902 1319 1930 erat,
1335 1898 1529 1932 advenientem,
1541 1903 1567 1927 et
1577 1899 1611 1927 ad
1623 1899 1674 1926 hu-

895 1944 968 1971 mani
985 1944 1092 1979 generis
1106 1944 1253 1979 perniciem
1267 1944 1451 1980 insurgentem
1468 1953 1573 1981 capere.
1589 1969 1594 1974 .

851 2082 924 2108 ἰδία..
939 2080 953 2108 ε
965 2079 991 2107 8.

762 2082 836 2110 Idem
849 2082 912 2111 ibid.

94 2125 123 2155 '0
139 2128 167 2155 δὲ
186 2128 334 2159 ἐπίσκοπος
353 2127 505 2162 Ἀρχέλαος,
526 2127 595 2162 ἔχων
614 2127 642 2154 ὲν
656 2127 744 2163 ἐαυτῷ
769 2103 871 2162 μειοὰά

965 2080 991 2107 8.

920 2080 957 2153 Ast
973 2125 1122 2153 Archelaus
1135 2125 1289 2161 episcopus,
1301 2129 1399 2160 praeter
1414 2126 1565 2154 doctrinam
1575 2148 1582 2160 ,
1607 2128 1669 2155 ﬁdei

56 2170 99 2197 τὸν
117 2171 195 2206 λόγον
210 2172 257 2199 καὶ
270 2173 298 2199 τὸ
309 2173 455 2208 ζηλωτικδν
465 2172 514 2207 τῆς
531 2172 658 2205 πίστεως,
670 2172 836 2205 ἐϐουλεύετο,

57 2217 81 2243 εἰ
100 2215 133 2253 ἦν
148 2218 269 2251 δυνατὸν,
294 2218 324 2250 ἐξ
343 2219 426 2253 αὐτῆς
444 2218 489 2244 τὸν
510 2217 603 2253 ἄνδρα,
622 2218 715 2253 ὥσπερ
735 2218 838 2254 πάρδα-

57 2261 105 2295 λιν,
126 2264 142 2299 ῆ
165 2263 257 2295 λύκον,
281 2264 298 2299 ἠ
322 2273 348 2290 τι
374 2263 466 2299 ἕτερον
486 2263 540 2289 τῶν
563 2263 664 2299 θηρίων
688 2264 836 2298 ἁγρεύσας,

56 2308 159 2345 θανάτῳ
177 2309 352 2345 παραδοῦναι,
371 2310 415 2336 ἴνα
433 2309 470 2345 μὴ
489 2308 611 2344 λυμανθῇ
627 2309 661 2335 τὰ
681 2309 834 2345 θρέμματα,

53 2355 173 2382 τοιούτου
185 2355 268 2392 θηρὸς
279 2357 321 2390 ἐφ’
333 2354 393 2382 ὁδοῦ
406 2355 454 2390 τὴν
470 2355 571 2382 εἴσοδον
583 2354 731 2381 κατανοῶν.

890 2172 1000 2206 insuper
1011 2171 1109 2198 ardore
1123 2171 1263 2206 praeditus,
1275 2175 1369 2198 auctor
1381 2176 1439 2199 erat
1461 2172 1526 2204 ut,si
1539 2173 1595 2200 ﬁeri
1606 2180 1670 2207 pos-

891 2224 941 2251 set,
966 2218 1048 2245 homo
1060 2217 1105 2244 ille
1122 2216 1198 2251 pardi
1214 2217 1301 2244 instar
1322 2225 1354 2244 ac
1368 2217 1424 2252 lupi
1440 2218 1482 2245 vel
1495 2218 1614 2253 cujusvis
1630 2220 1666 2246 al-

891 2264 975 2291 terius
989 2263 1083 2290 bestiae
1093 2262 1268 2296 interceptus,
1279 2261 1360 2289 morti
1377 2262 1536 2296 traderetur,
1549 2271 1583 2291 ne
1597 2264 1669 2298 ejus-

890 2308 964 2336 modi
980 2307 1043 2335 fem
1057 2307 1214 2334 incursione
1227 2314 1324 2341 pecora
1336 2307 1508 2341 laederentur,
1519 2315 1581 2336 cum
1595 2309 1668 2336 illius

890 2355 1043 2390 ingressum
1056 2357 1240 2388 cognosceret.

748 2422 912 2455 Idem,ibid.,
925 2422 938 2458 §
959 2422 1002 2449 ιο.

92 2466 137 2500 Ὣς
147 2468 176 2496 δὲ
191 2469 276 2496 ταῦτα
296 2467 330 2504 ἦν
346 2469 441 2502 οὕτως,
456 2471 502 2496 xui.
514 2471 544 2496 ὲν
559 2470 707 2506 καταλήψει
723 2471 836 2506 γεγένη-

51 2520 94 2539 ται
114 2514 165 2541 im)
181 2514 227 2541 τοῦ
246 2515 390 2550 Ἀρχελάου
406 2516 445 2547 εἰς
463 2515 513 2551 τὴν
529 2515 669 2550 ἁντιϐολὴν
688 2515 735 2542 τοῦ
752 2515 835 2551 ζητή-

54 2566 147 2592 ματος,
162 2560 333 2596 ἑτοιμότατος
350 2560 478 2595 ὑπάρχων
499 2560 543 2587 διὰ
560 2561 609 2596 τὴν
626 2561 693 2596 πρὸς
707 2560 773 2587 Θεὸν
787 2569 835 2587 πο-

52 2602 205 2632 λυποίκιλον
217 2605 315 2640 γνῶσιν
330 2606 375 2632 τοῦ
391 2606 494 2641 ἀνδρὸς,
512 2606 558 2632 καὶ
572 2606 605 2631 δι’
619 2605 651 2640 ἣν
666 2606 833 2640 προεντεθεί-

52 2656 124 2675 κειτο
144 2649 220 2686 παρὰ
239 2650 286 2677 τοῦ
301 2649 442 2685 Τύρϐωνος
462 2649 582 2686 ἀκριϐῶς
602 2649 767 2685 μεμαθηκὼς
783 2650 833 2685 τῆς

85 2728 123 2762 (1)
145 2728 261 2756 Ὀπλον
275 2729 332 2756 δικ.
361 2729 389 2755 1η
405 2729 483 2756 editis
497 2729 569 2763 ὅπλῳ
585 2728 637 2754 δικ.
663 2737 672 2753 ‹
690 2729 772 2763 armis
786 2729 831 2762 ,ἰυ-

50 2760 141 2789 s'l’itize.
165 2773 174 2789 ι
197 2764 322 2793 Legimus
342 2764 422 2790 ὅπλον
446 2765 472 2790 1η
499 2760 565 2791 mss.
589 2763 671 2790 Cois].
690 2762 763 2793 Roe.
777 2760 829 2791 Ca-

50 2797 128 2832 saub.
145 2797 225 2825 Petro
234 2797 287 2826 Sic.
301 2799 382 2826 Grod.
396 2800 441 2832 qui
453 2800 532 2826 vertit
549 2808 557 2824 ι
570 2798 804 2832 εοιηιιηηυςιίιίω.
817 2809 826 2824 ι

49 2830 168 2860 Omnino
189 2841 222 2861 ex
243 2833 312 2869 stylo
336 2830 437 2866 Cyrilli.
467 2833 534 2861 Vide
556 2834 665 2861 Catech.
685 2830 767 2866 1|,n.
784 2834 827 2860 15.

926 2469 989 2497 Haec
1001 2465 1083 2504 igitur
1098 2476 1159 2496 eum
1172 2469 1208 2496 ita
1221 2476 1250 2496 se
1261 2468 1401 2501 baberent,
1419 2472 1446 2496 et
1458 2468 1606 2496 Archelaus
1619 2477 1666 2505 pe-

888 2515 963 2542 nitus
977 2514 1068 2542 omnia
1087 2519 1244 2549 cognosset,
1264 2517 1294 2541 ut
1309 2513 1342 2541 de
1354 2514 1504 2548 quaestione
1517 2514 1562 2541 illa
1574 2514 1668 2549 dispu-

889 2564 945 2587 tare
970 2565 1079 2594 posset;
1099 2567 1215 2594 cumque
1237 2559 1270 2586 ad
1292 2559 1319 2586 id
1339 2564 1411 2587 esset
1428 2559 1664 2591 instructissimus,

887 2605 986 2639 partim
999 2604 1071 2639 quod
1084 2611 1099 2631 a
1112 2604 1254 2639 multiplici
1277 2603 1430 2631 divinarum
1445 2612 1536 2631 rerum
1552 2605 1665 2632 scientia

886 2649 1076 2685 paratissimus
1086 2653 1153 2681 erat,
1163 2649 1260 2684 partim
1272 2650 1344 2684 quod
1359 2657 1374 2677 a
1388 2648 1512 2685 Tyrbone
1521 2650 1666 2685 perdoctus

884 2728 1182 2798 Τίῖἓίῖτὶἰατεπάλαισσ
1194 2771 1227 2790 ex
1236 2763 1331 2795 Coisl.,
1341 2763 1443 2796 0ttob.,
1459 2763 1526 2798 Roe,
1535 2762 1665 2798 Casaub.,

883 2797 964 2826 στω.
983 2797 1060 2841 Editi
1072 2803 1099 2826 et
1113 2798 1203 2825 caeteri
1217 2798 1391 2826 κατεπάλαιι.
1410 2798 1457 2826 ln.‘
