1848 3043
583 37 644 83 \

57 110 119 137 H25

627 105 794 134 YETERUM
813 107 1034 137 TESTI‘MONIA.

1587 106 1596 132 l
1602 107 1653 134 4⁵26

719 167 802 199 Idem,
818 168 894 199 ibid.,
910 167 923 199 ξ
933 168 977 195 21.

719 167 802 199 Idem,

90 213 152 248 Ἤδη
166 213 192 240 δὲ
210 213 322 249 ἀνδράσι
339 213 466 250 μεγάλοις
489 213 651 250 θαυμαστῶς
666 215 724 242 κατ’
742 215 811 241 αὐτοὶ

933 168 977 195 21.

917 167 968 242 lam
983 223 998 243 a
1011 215 1116 251 magnis
1131 215 1197 242 viris
1212 214 1384 242 admirabiles
1397 213 1429 241 ad
1445 213 1516 241 Illius
1532 212 1655 240 refutau-

55 259 216 295 ἀντιρρήσεις
228 259 274 287 τοῦ
294 259 403 295 ἐλέγχου
421 261 599 297 πεποίηνται·
620 260 756 296 ’Δρχελάω
774 261 811 296 μὲ·

917 269 926 288 s
939 268 1045 288 errores
1062 261 1263 288 lucubrationes
1285 265 1348 288 sunt
1360 260 1437 287 edita:
1449 279 1456 291 ,
1469 259 1542 286 velut
1557 259 1590 286 ab
1604 258 1656 285 Ar-

52 304 91 340 τῷ
110 305 249 342 ὲπισκόπῳ,
264 305 301 338 ὡς
318 306 483 343 προείρηται.

876 307 970 334 chelao
985 307 1123 342 episcopo,
1144 312 1172 334 ut
1187 309 1265 334 antea
1278 306 1379 334 dictum
1395 309 1445 332 est.

777 352 810 379 Et
831 351 844 388 §
865 353 909 380 25.

90 399 159 426 Κατὰ
174 399 245 432 λέξιν
258 400 286 426 δὲ
299 399 416 434 καθεξῆς
442 400 567 433 ὐποτάξω
594 400 783 436 ἀρμοττόντως
795 399 825 426 τὸ

51 443 131 470 αὐτοῦ
142 444 262 479 φρόνημα
275 444 328 470 ἀπὸ
346 444 489 479 Ἀρχελάου
501 445 568 480 πρὸς
578 445 657 471 αὑτὸν
667 453 826 480 πεπραγμα-

49 489 181 523 τευμένων
197 490 224 516 ὲν
253 491 285 524 τῇ
304 489 371 525 πρὸς
398 489 476 516 αὐτὸν
500 490 652 526 ἀντιλογίᾳ,
683 491 720 522 ὡς
744 490 825 522 αὐτὸς

51 533 203 569 ἀπεκάλυψε
231 534 354 571 Τύρϐων,
372 533 411 567 εἷς
437 535 490 561 τῶν
512 535 594 562 αὑτοῦ
610 535 747 572 μαθητῶν,
762 535 826 571 περὶ

50 576 85 605 οὗ
101 580 150 606 ἄνω
174 580 355 616 ἐπεμνήσθην.
395 582 640 618 Ἐπερωτησάντων
668 582 756 608 τοίνυν
772 582 826 608 τῶν

51 625 116 661 περὶ
134 627 271 661 Ἀρχέλαον
295 627 338 654 τὸν
353 627 502 654 ἐπίσκοπον
515 628 561 654 καὶ
586 628 744 664 Μάρκελλον
756 628 827 663 Τύρ-

52 670 124 697 ϐωνα
139 672 196 707 περὶ
209 672 257 707 τῆς
270 672 316 698 τοῦ
329 673 407 708 Μάνη
421 673 602 707 διδασκαλίας,
613 674 627 699 ὀ
641 673 752 710 Τύρϐων
765 674 828 700 ἀπε-

52 716 158 751 κρίνατο
172 717 266 752 λέγων,
283 718 360 745 ἅτινα
374 719 406 745 ὲκ
417 718 463 745 τοῦ
480 718 581 754 βιϐλίου
597 719 764 754 παρεθέμην,
782 718 829 746 καὶ

50 762 110 788 ἐστι
125 762 191 789 τάδε.

912 399 963 427 Sed
981 407 1052 427 nunc
1066 399 1137 427 illius
1150 399 1247 434 dogma
1266 400 1298 426 ad
1317 398 1426 426 verbum
1441 420 1448 432 ,
1463 399 1502 426 uti
1514 403 1657 426 consenta-

878 453 959 472 neum
974 449 1016 472 est
1027 465 1034 476 ,
1050 445 1182 472 ascriham
1196 465 1203 476 ,
1229 453 1260 471 ex
1273 445 1396 472 Archelai
1412 452 1492 479 opere
1504 464 1512 476 ,
1527 445 1597 478 quod
1611 445 1657 472 ad-

878 497 973 517 versus
996 490 1119 516 eumdem
1140 489 1214 516 illum
1228 490 1320 522 edidit,
1338 498 1369 517 ex
1386 490 1420 517 iis
1432 497 1491 524 qua:
1505 498 1519 516 a
1534 489 1658 525 Tyrbone

879 535 1014 570 discipulo
1037 535 1109 563 illius
1123 539 1278 570 acceperat,
1292 536 1326 563 de
1340 543 1394 570 quo
1415 535 1578 562 mentionem
1597 539 1659 562 ante

881 580 1006 608 fecimus.
1024 579 1090 607 Nam
1108 589 1168 608 cum
1185 582 1332 608 Archelaus
1347 582 1498 616 episcopus,
1509 586 1535 608 et
1548 580 1659 610 Marcel-

881 627 923 654 lus
939 626 972 654 de
983 626 1068 654 Manis
1083 627 1255 661 dogmatibus
1270 627 1419 661 Tyrboncm
1437 627 1658 662 interrogassent,

881 674 938 701 hazc
957 674 1000 701 ille
1014 673 1072 708 ipsa
1085 672 1234 707 respondit,
1250 680 1310 706 qua:
1324 680 1373 700 nos
1386 681 1416 699 ex
1431 681 1464 700 eo
1479 673 1546 699 libro
1560 671 1660 699 descri-

883 719 999 754 psimus,
1017 724 1134 753 suntque
1145 718 1288 753 ejusmodi.

89 809 238 844 Sequuntur
248 815 374 845 excerpta
395 819 426 838 ex
442 811 516 838 Actis
540 810 733 845 disputationis
747 810 871 837 Archelai
887 818 948 837 cum
958 809 1072 841 Manete.
1087 817 1145 843 quae
1159 808 1191 836 G.
1208 808 1238 835 L.
1257 808 1391 836 habentur
1403 808 1430 835 in
1443 807 1558 835 editione
1570 811 1661 835 nostra

50 860 112 888 cap.
125 853 176 880 Vll.
189 869 224 874 ——
237 854 308 881 Idem
326 854 492 890 Epiphanius
507 855 533 882 in
549 855 618 882 libro
635 853 672 881 De
689 855 818 882 mensuris
831 859 855 882 et
866 854 1041 888 ponderibus,
1058 855 1071 890 §
1085 854 1129 887 20,
1150 854 1249 882 iterum
1269 853 1393 881 meminit
1411 851 1534 881 Archelai
1550 853 1662 890 ejusque

49 900 237 936 disputationis
250 909 311 928 cum
327 900 440 928 Mancte.

833 947 875 975 Ill.

509 995 538 1023 S.
557 995 743 1031 Hieronymus,
762 995 806 1022 lib.
824 996 855 1022 de
872 995 928 1022 Vir.
942 996 1054 1027 illusit,
1077 1003 1134 1030 mp.
1152 995 1195 1022 '12.

85 1041 242 1069 Ancusuus
258 1041 401 1076 episcopos
412 1041 612 1076 Mesopotamiae
625 1043 722 1069 librum
736 1042 829 1076 dispu-
845 1048 866 1075 Β
880 1043 1028 1070 translatus
1055 1043 1080 1069 in
1105 1041 1228 1070 Graecum
1255 1041 1369 1068 habetur
1391 1049 1404 1067 τι
1429 1041 1530 1068 multis.
1559 1040 1662 1068 Claruit

50 1087 161 1114 talionis
174 1095 229 1114 suae
243 1095 324 1121 quam
346 1087 438 1114 habuit
460 1088 588 1116 adversus
601 1088 776 1115 Manicha‘um
788 1096 833 1115 ex-

48 1137 157 1160 euntem
173 1132 204 1160 de
217 1132 342 1164 Perside,
360 1131 428 1168 Syro
443 1140 568 1160 sermone
590 1134 758 1168 composuit;
784 1134 831 1168 qui

885 1089 935 1115 sub
952 1089 1113 1123 imperatore
1129 1087 1229 1122 Probo,
1246 1087 1291 1123 qui
1305 1087 1448 1114 Aureliano
1461 1092 1488 1115 et
1500 1086 1594 1114 Tacito
1605 1094 1664 1115 sue-
1693 1111 1706 1124 ,

884 1140 1001 1163 cesserat

833 1191 877 1219 IV.

96 1250 270 1278 Ileraclianus
282 1250 497 1278 Chalcedonensis
510 1251 655 1285 episcopus,
668 1252 694 1278 in
710 1251 784 1280 libris
800 1253 922 1280 adversus
938 1252 1106 1280 Manichwos.
1121 1252 1197 1287 Apud
1213 1252 1335 1280 Photium
1350 1251 1476 1279 Biblioth.
1494 1251 1551 1277 cod.
1565 1258 1624 1278 xcv.

90 1310 246 1346 Ἀνατρέπει
273 1310 301 1336 δὲ
321 1311 350 1336 τὸ
383 1310 456 1346 παρὰ
481 1311 639 1346 Μανιχαίοις
667 1311 831 1347 καλούμενον

46 1356 225 1390 Εὗαγγέλιον,
240 1356 285 1382 καὶ
299 1356 347 1391 τὴν
362 1357 515 1390 Γιγάντειον
526 1356 624 1391 βίϐλον,
640 1358 686 1383 καὶ
701 1358 763 1388 τοὺς
779 1357 832 1393 Θη-

47 1401 175 1437 σαυρούς.
193 1401 341 1435 Καταλέγει
353 1402 400 1429 καὶ
411 1403 465 1428 ὅσοι
479 1401 530 1437 πρὸ
541 1402 621 1429 αὑτοῦ
639 1402 708 1429 κατὰ
723 1403 771 1437 τῆς
784 1402 830 1429 τοῦ

46 1447 200 1482 Μανιχαίου
228 1446 398 1482 συνέγραψαν
426 1447 584 1482 ἀθεότητος,
617 1448 773 1483 Ἦγεμόνιόν
802 1456 831 1474 τε

47 1492 98 1519 τὸν
115 1492 164 1524 τὰς
185 1493 331 1528 Ἀρχελάου
351 1494 418 1529 πρὸς
432 1493 509 1521 αὑτὸν
533 1494 685 1529 ἀντιλογίας
714 1495 832 1531 ἀναγρά-

44 1538 148 1572 ψαντα.

920 1313 1018 1340 Evertit
1035 1320 1098 1340 vero
1113 1312 1138 1340 id
1152 1333 1160 1346 ,
1185 1312 1255 1348 quod
1271 1311 1412 1339 Manichmi
1429 1310 1564 1345 appellant
1576 1309 1664 1336 Evan-

885 1359 993 1394 gelium,
1008 1363 1034 1386 ct
1047 1358 1206 1392 Giganteum
1220 1358 1328 1389 librum,
1344 1361 1422 1391 atque
1439 1355 1602 1383 Thesauros.
1612 1354 1665 1381 Be-

885 1407 976 1430 censet
1001 1403 1112 1437 insuper
1134 1410 1198 1434 eos,
1224 1402 1269 1437 qui
1295 1406 1357 1428 ante
1372 1409 1400 1429 se
1416 1402 1442 1428 in
1457 1400 1664 1427 Manichaeorum

886 1449 1050 1484 impietatem
1065 1449 1200 1476 calamum
1214 1449 1398 1480 strinxerunt,
1416 1446 1609 1482 Hegemonium
1626 1445 1666 1472 ni-

886 1494 997 1528 mirum,
1011 1495 1057 1529 qui
1071 1494 1281 1528 disputationem
1293 1492 1418 1520 Archelai
1431 1493 1560 1519 adrersus
1577 1491 1663 1526 ipsum

886 1539 1018 1567 Manetem
1037 1539 1205 1575 perscripsit,
1222 1545 1274 1566 etc.

583 1639 716 1672 Socrates,
736 1640 806 1667 Hist.
819 1641 910 1668 ποίεε.
939 1641 1006 1674 libi,
1019 1649 1076 1676 cap.
1101 1640 1145 1668 22.

81 1683 177 1710 Ταῦτα
189 1683 217 1710 δὲ
228 1685 309 1718 ἡμεῖς
324 1683 354 1710 οὐ
383 1683 534 1716 πλάσαντες
560 1684 684 1720 λέγομεν·
703 1685 769 1712 ἀλλὰ
786 1685 810 1711 δι

918 1685 1007 1720 Atque
1025 1686 1081 1712 hac
1099 1693 1148 1712 nos
1164 1685 1374 1719 haudquaquam
1386 1683 1532 1711 commenti
1547 1691 1643 1711 sumus
1658 1692 1667 1718 ;

42 1730 129 1764 λόγου
160 1729 304 1765 ’Δρχελάου
327 1729 373 1756 τοῦ
402 1729 550 1756 ἐπισκόπου
577 1731 739 1766 Κασχάρων,
769 1731 832 1766 μιᾶς

41 1775 103 1801 τῶν
120 1775 149 1801 ὲν
164 1775 360 1810 Μεσοποταμίᾳ
374 1774 487 1807 πόλεων,
509 1775 664 1809 ἐντυχόντες
680 1776 832 1812 συνηγάγο-

42 1829 114 1857 μεν·
133 1821 213 1852 αὐτὸς
225 1821 278 1856 γὰρ
310 1821 452 1856 Ἀρχέλαος
474 1821 645 1857 διαλεχθῆναι
667 1822 740 1858 αὐτῷ
767 1831 832 1858 φησι

40 1867 94 1894 καὶ
110 1866 146 1894 τὰ
161 1867 393 1903 προγεγραμμένα
409 1868 449 1899 είς
460 1867 504 1894 τδν
522 1867 578 1902 βίον
592 1867 736 1895 ἐκτίθεται.

885 1731 931 1759 sed
945 1738 977 1757 ex
995 1731 1178 1765 disputatione
1193 1731 1309 1765 quadam
1329 1729 1453 1757 Archelai
1469 1728 1667 1757 Cascharorum

887 1776 962 1804 urbis
976 1776 1004 1803 in
1021 1776 1215 1811 Mesopotamia
1240 1776 1377 1811 episcopi,
1392 1783 1407 1803 a
1425 1775 1503 1803 nobis
1517 1775 1585 1802 lecta
1596 1795 1602 1807 ,
1618 1783 1667 1802 ex-

883 1823 1044 1857 cerpsimus.
1055 1821 1103 1849 Hic
1116 1822 1187 1849 enim
1196 1822 1342 1850 Archelaus
1350 1822 1397 1854 ait,
1407 1829 1435 1849 se
1447 1829 1507 1848 cum
1521 1821 1668 1848 Manichaao

884 1869 942 1903 ipso
956 1868 1111 1903 disputasse
1124 1889 1131 1901 ,
1146 1873 1173 1895 et
1186 1876 1217 1895 ea
1230 1876 1290 1903 quae
1311 1868 1435 1903 superius
1461 1875 1476 1895 a
1494 1867 1571 1894 nobis
1584 1867 1668 1894 relata

885 1918 960 1947 sunt,
977 1914 1010 1942 de
1025 1914 1099 1942 illius
1115 1914 1168 1941 vita
1185 1919 1388 1942 commemorat.

834 1972 878 2000 Vl.

84 2014 199 2044 Penus
217 2010 331 2044 Stcuws
345 2016 372 2043 in
387 2016 509 2044 Historia
526 2017 731 2044 Manichaeorum
741 2038 748 2051 ,
775 2025 836 2053 pag.

37 2061 90 2092 25,
107 2061 144 2088 55
157 2067 183 2088 et
195 2061 239 2094 57,
252 2069 284 2089 ea
295 2067 392 2089 cuncta
406 2063 439 2089 ad
453 2063 565 2090 verbum
577 2062 669 2096 refert,
685 2071 745 2098 quae
757 2071 838 2098 supra

37 2115 75 2135 ex
90 2107 198 2143 Cyrillo
211 2106 454 2144 Hierosolymitauo
468 2129 475 2141 ,
501 2107 529 2135 S.
546 2108 698 2144 Epiphanio
716 2109 754 2136 De
765 2117 836 2136 men-

891 2019 961 2046 suris
976 2024 1001 2046 et
1015 2018 1183 2054 ponderibus,
1200 2023 1226 2046 et
1240 2026 1271 2045 ex
1287 2018 1406 2046 Socratis
1421 2017 1540 2044 Historia
1550 2016 1669 2044 ecclesia-

891 2065 967 2096 stica,
981 2064 1014 2092 de
1027 2064 1161 2092 Archelao
1172 2064 1286 2099 ejusque
1297 2071 1358 2091 cum
1370 2062 1474 2090 Manete
1489 2062 1670 2097 disputatione

891 2109 972 2136 modo
988 2109 1139 2136 retulimus.

838 2155 892 2183 νη.

119 2201 246 2236 Photius,
267 2203 313 2231 lib.
328 2211 348 2237 1,
367 2203 490 2231 adversus
504 2203 672 2231 Municlueos.
691 2203 786 2230 Exstat
806 2204 892 2231 editus
909 2205 938 2231 in
956 2204 1081 2231 Biblioth.
1101 2203 1213 2231 Coislin.
1228 2212 1251 2230 υ.
1274 2201 1307 2228 cl.
1331 2201 1477 2236 Montlauc.
1494 2210 1520 2236 ρ.
1536 2199 1599 2228 356.

76 2246 177 2280 Φυγὰς
203 2246 227 2282 (ὁ
250 2247 355 2283 Μάνης)
380 2247 581 2283 καταλαμϐάνει
610 2247 829 2282 Μεσοποταμίαν,

33 2291 90 2318 καὶ
105 2290 233 2326 σπείρειν
247 2291 328 2318 πάλιν
342 2291 493 2327 ἀπάρχεται
508 2292 541 2318 τὰ
553 2292 602 2327 τῆς
615 2292 780 2323 ἀποστασίας
793 2292 832 2324 ξι-

34 2337 137 2369 ζάνια.
165 2337 194 2363 ’0
217 2337 245 2363 δὲ
261 2337 313 2364 τῶν
340 2337 492 2373 Καρχάρων
513 2337 668 2370 ἐπίσκοπος,
691 2337 832 2373 Ἀρχέλαος

921 2248 942 2275 Ε
958 2255 1068 2276 carcere
1090 2247 1196 2282 fugiens
1213 2245 1326 2282 (Manes)
1346 2247 1373 2273 in
1387 2246 1609 2281 Mcsopotamiam
1627 2254 1670 2273 ve-

885 2293 940 2327 nit,
964 2294 1055 2329 ibique
1080 2293 1213 2320 htereseos
1238 2301 1294 2320 sua:
1311 2293 1413 2319 zizania
1429 2293 1524 2320 iterum
1542 2299 1669 2327 spargere

886 2340 978 2374 coepit.
994 2340 1029 2366 At
1040 2340 1239 2367 Carcharorum
1253 2339 1396 2374 episcopus
1408 2339 1450 2366 cui
1463 2346 1560 2365 nomen
1572 2337 1673 2364 Archo-

33 2382 121 2416 αὐτῷ
151 2382 247 2417 ὕνομα,
264 2382 331 2418 ἀνὴρ
361 2383 441 2418 ἰ¹ερὸς,
455 2383 500 2410 καὶ
526 2383 589 2418 περὶ
610 2382 704 2417 λόγους
730 2383 811 2415 τούςπ

917 2394 959 2419 us,
984 2386 1026 2413 vir
1039 2394 1126 2418 sacer,
1154 2391 1180 2413 et
1193 2385 1277 2412 multa
1294 2386 1320 2412 in
1337 2385 1508 2413 sermonibus
1523 2384 1555 2411 de
1570 2383 1670 2411 divinis

33 2427 138 2459 θείους
157 2428 277 2459 καὶτοὺς
294 2427 479 2464 ἀνθρωπίνους
503 2429 661 2465 περιδέξιος,
683 2430 837 2466 Ἑλληνικὸν

32 2473 248 2509 ἀϐροισάμενος
265 2474 452 2511 ἀκροατήριον,
469 2475 511 2501 ἵνα
526 2476 562 2510 μὴ
578 2475 650 2511 δόξῃ,
667 2474 836 2511 Χριστιανῶν

33 2518 210 2553 κρινόντων,
227 2519 365 2556 φιλοτιμίᾳ
377 2520 523 2556 λαμϐάνειν
539 2521 572 2547 τὰ
584 2522 727 2557 νικητήρια
744 2522 760 2557 ἡ
773 2521 836 2557 ἀλή-

32 2564 117 2596 θεια,
132 2564 206 2600 πρὸς
217 2565 263 2591 τὸν
280 2565 328 2600 τῆς
348 2565 444 2601 μανίας
470 2566 620 2602 ἐπώνυμον,
636 2566 681 2593 τδν
694 2567 743 2602 τῆς
759 2567 836 2595 εὐσε-

30 2609 124 2642 σείας
142 2610 312 2646 ἀνακινήσας
327 2611 415 2645 λόγον,
441 2611 512 2638 οὕτω
536 2612 686 2648 κατῄσχυνε
714 2613 760 2639 καὶ
783 2613 836 2640 διέ-

29 2656 126 2690 λεγξε
143 2657 193 2683 τὸν
208 2656 418 2693 τρισαλιτήριον,
435 2657 472 2690 ὡς
489 2658 587 2686 αὐτίκα
602 2667 632 2685 τε
649 2659 744 2693 φυγεῖν
764 2660 836 2685 ἐκεῖ-

30 2703 99 2734 Θεν,
119 2703 174 2730 καὶ
190 2703 257 2738 μηδὲ
269 2703 337 2738 φυὴν
348 2703 438 2730 λαϐεῖν
455 2704 487 2730 τὰ
501 2705 549 2740 τῆς
570 2704 738 2736 ὰποστασίας
752 2703 834 2731 αὐτοῦ

29 2749 211 2784 σπέρματα.
247 2749 314 2775 Ἀλλ’
339 2750 441 2777 ἐκεῖθεν
474 2751 606 2786 ἀποδρὰς,
634 2750 834 2786 καταλαμϐάνει

29 2794 148 2832 κώμην
167 2794 228 2822 τινὰ
240 2794 292 2821 τῶν
305 2794 513 2830 εὐτελεστάτων,
528 2797 607 2824 κάκεῖ
620 2797 700 2824 πάλιν
718 2796 835 2824 ὑποϐάλ-

853 2407 874 2434 1.)

889 2431 1070 2466 humanisque
1107 2432 1188 2459 rebus
1213 2431 1372 2459 dexteritate
1398 2431 1545 2464 pra-ditus,
1575 2434 1670 2457 coacto

888 2477 1058 2504 ethnicorum
1075 2477 1211 2504 auditorio
1222 2497 1228 2509 ,
1247 2485 1279 2504 ne
1295 2477 1317 2504 si
1333 2476 1478 2504 Christiani
1490 2475 1668 2510 iudicassent,

889 2523 997 2550 veritati
1022 2523 1164 2550 victoriam
1184 2523 1305 2558 judicum
1326 2522 1416 2550 favore
1436 2522 1552 2550 cessisse
1563 2521 1669 2548 videre-

889 2572 942 2601 tur,
969 2575 1056 2602 usque
1080 2569 1148 2596 adeo
1163 2568 1355 2603 impiissimum
1369 2568 1442 2595 illum
1461 2566 1596 2601 redarguit
1609 2569 1671 2592 tan-

889 2621 969 2649 toque
984 2614 1087 2648 pudore
1101 2613 1222 2646 sulIudil,
1248 2619 1278 2641 ut
1301 2614 1391 2642 statim
1407 2613 1496 2648 fugam
1512 2611 1668 2647 arripuerit,

888 2664 915 2687 et
931 2660 990 2694 ejus
1003 2660 1138 2687 haereseos
1163 2661 1287 2693 semina,
1314 2664 1457 2693 antequam
1481 2661 1668 2688 nascerentur,

889 2711 1018 2738 oppressa
1031 2703 1143 2731 fuerint.
1170 2704 1256 2731 Porro
1271 2704 1333 2731 inde
1348 2704 1453 2738 fugiens
1466 2702 1567 2734 Manes.
1582 2701 1615 2728 ad
1630 2702 1672 2727 vi»

888 2750 1021 2777 lissimum
1035 2750 1169 2784 quoddam
1185 2749 1312 2785 oppidum
1324 2750 1456 2784 pervenit,
1472 2750 1561 2784 ibique
1575 2755 1670 2774 rursus

888 2795 980 2823 fovere
1004 2799 1086 2831 atque
1109 2795 1236 2830 evulgare
1255 2802 1332 2823 suam
1347 2794 1513 2829 impietatem
1529 2793 1669 2821 machina-
