1848 3043
181 97 250 124 1627
609 92 636 119 3.
656 92 861 121 ARCHELAUS
882 91 1136 120 MESOPOTAMIIE
1155 91 1346 120 EPISCOPUS.
1724 88 1785 115 N28

180 143 275 176 batur;
293 142 341 171 sed
355 143 502 171 acerrimus
512 142 618 177 pietatis
632 147 815 177 propugnator
826 146 853 169 et
866 149 895 169 ne
910 148 957 169 ve-

1050 151 1070 168 ιν
1095 142 1259 177 ἐμηχανᾶτο,
1274 142 1321 168 καὶ
1337 137 1544 174 παραδεικνύειν
1561 136 1592 163 τὸ
1606 135 1707 165 οἰκεῖον
1729 134 1786 160 cur

180 196 211 215 ra
226 193 317 223 pastor
338 188 487 216 Archelaus
507 188 553 223 qui
567 187 686 215 sedulam
701 188 790 214 ovium
808 195 899 214 curam
915 195 957 222 ge-

1050 188 1124 224 ῑημα·
1143 188 1200 215 ἀλλ’
1215 189 1229 214 ὁ
1241 187 1339 223 θερμὸς
1352 185 1400 221 τῆς
1418 183 1560 214 εὐσεϐείας
1575 181 1735 218 ὑπέρμαχος
1748 180 1786 205 u‘t

181 236 276 268 rebat,
299 235 422 262 eumdem
441 235 504 269 lupo
521 235 661 262 steviorem
681 235 708 261 in
729 234 828 261 Christi
840 241 957 269 gregem,

1058 233 1164 269 ἀληθῶς
1191 233 1290 268 ποιμὴν
1311 231 1461 267 Ἀρχέλαος,
1476 231 1507 256 οὐ
1520 229 1571 264 τὴν
1590 226 1725 262 τυχοῦσιν
1741 225 1787 250 τῶν

181 285 210 308 ut
220 288 280 308 eum
299 281 475 315 disperderet,
486 280 631 308 irruentem
647 281 771 316 persequi
787 288 957 315 nequaquam

1050 279 1149 307 séétwv
1179 278 1338 314 ποιούμενος
1361 277 1506 313 πρόνοιαν,
1532 275 1585 301 οὐκ
1612 271 1786 308 ὲνερῤᾳθὺμει

180 325 306 352 cessavit.
1005 325 1113 353 διώκειν
1136 325 1181 352 τδν
1197 325 1355 361 πικρότερον
1369 324 1452 350 λύκου
1478 321 1510 348 τὸ
1526 320 1657 355 ποίμνιον
1680 318 1787 344 διαπα-

1005 371 1114 406 ράσσειν
1131 370 1350 405 ἐπανιστάμενον.

821 415 855 443 Et
865 417 945 451 infra,
958 425 1017 452 pug.
1031 417 1083 445 553
1096 427 1103 445 :

213 456 263 490 llic
290 463 382 497 itaque
404 462 496 490 Manes
521 467 575 490 tam
595 462 684 497 impite
706 462 839 490 haereseos
864 467 958 489 auctor

179 515 252 535 nono
266 515 337 535 anno
352 507 488 535 Valeriani
503 513 531 535 et
543 508 667 541 Gallieni,
684 508 729 543 qui
746 507 895 534 Romanum
910 507 957 534 ob-

177 551 300 578 tinebant
313 551 468 586 imperium,
485 559 517 579 ex
529 551 673 579 Persarum
685 552 839 579 carceribus
853 551 958 587 fugiens

177 596 226 631 (nil
242 596 313 624 enim
328 601 401 624 vetat
412 617 420 629 ,
445 598 593 632 quominus
617 605 648 625 ea
662 605 857 633 persequamur
870 619 878 630 ,
897 605 957 632 quae

177 649 260 676 supra
276 642 399 670 historia:
413 643 542 671 decursus
557 643 737 678 prietermisil)
753 651 813 670 cum
831 643 857 670 in
871 643 960 671 Meso-

176 688 323 722 potamiam
341 689 459 716 venisset
471 709 478 720 ,
495 697 510 716 a
524 689 616 716 divino
630 689 762 716 Archelao
786 687 855 724 (erat
867 693 956 715 autem

177 741 255 761 sacer
268 734 318 761 iste
336 734 377 760 vir
389 733 588 762 Careharorum
613 735 733 770 ejusdem
750 734 866 769 regionis
882 735 957 761 urbis

1050 464 1079 490 '0
1097 463 1145 498 μὲν
1159 461 1204 490 οὖν
1217 463 1312 498 Μάνης
1329 459 1414 494 οὗτος,
1439 462 1453 487 6
1466 460 1516 496 τῆς
1544 458 1717 494 τηλικαύτης
1729 457 1788 483 ἀπο-

1011 508 1122 540 στασίας
1136 508 1256 544 ἔξαρχος,
1287 508 1342 534 ἔτει
1355 508 1404 542 τῆς
1421 505 1561 541 βασιλείας
1581 504 1688 538 ὲννάτῳ
1700 503 1789 528 031):-

1012 553 1102 589 ριανοῦ
1118 554 1164 580 καὶ
1178 552 1335 589 Γαλλιηνοῦ,
1348 553 1372 579 οἳ
1390 552 1498 586 Ῥώμης
1523 549 1598 585 εἶχον
1615 549 1648 575 τδ
1667 548 1790 583 βαςῦειςν

1010 600 1119 635 κράτος,
1136 599 1185 634 τὴν
1205 600 1234 625 ὲν
1261 598 1379 633 Πέρσαις
1402 597 1525 632 φυλακὴν
1542 594 1689 629 διαφυγὼν
1714 593 1790 627 (oi/3'31

1010 644 1064 679 γὰρ
1077 644 1175 671 κωλύει
1190 644 1303 671 διελθεῖν
1315 643 1332 669 ἃ
1344 643 1394 677 τῆς
1409 643 1530 679 ἱστορίας
1543 643 1557 668 ό
1576 641 1682 676 δρόμος
1695 639 1790 672 cupii-

1010 689 1056 716 Θεν
1068 690 1190 725 ἄνωθεν),
1207 690 1253 716 καὶ
1267 689 1335 725 μετὰ
1371 687 1585 723 Μεσοποταμίαν
1598 685 1733 721 γεγονὼς,

1008 735 1037 761 δὲ
1052 735 1098 761 τοῦ
1111 735 1253 762 θεσπεσίου
1274 734 1417 770 Ἀρχελάου
1440 733 1608 769 (Καρχέῳων
1633 732 1664 758 δὲ
1692 731 1740 764 τῆς
1754 731 1795 756 αὖ·

176 779 340 814 episcopus)
367 779 426 813 eius
455 779 578 814 impietas
607 779 712 815 egregie
737 780 957 814 abundanterque

1050 780 1160 817 ςχώρας
1175 778 1251 813 οὗτος
1262 782 1276 808 ὁ
1293 781 1365 816 ἱερὸς
1388 781 1457 816 ἀνὴρ
1475 779 1571 814 ἔφορος
1598 776 1662 813 ἦν),
1689 777 1794 807 ποῦ-ὠς

177 823 316 852 confutata
328 829 378 852 est.
396 824 482 859 Atque
496 825 568 858 inde,
586 824 723 859 insperato
736 825 856 852 suffusus
870 825 957 860 pudo-

178 878 217 902 re,
236 869 350 906 fugiens,
365 870 399 897 ad
416 870 551 897 Dioridem
567 870 766 898 Carcbarorum
782 871 900 905 regionis
913 878 957 905 0p-

178 916 270 950 pidum
284 915 353 942 clam
365 916 480 943 accessit
490 936 498 949 ,
526 915 570 943 ubi
584 915 611 942 in
625 915 797 951 Tryphonem
811 916 955 951 quemdam

177 969 286 988 sacrum
302 961 498 996 probatumque
511 961 598 988 virum
615 956 681 988 etin
700 961 857 997 presbyterii
872 961 956 996 gradu

176 1007 296 1041 positum
314 1006 446 1038 incidens,
460 1014 513 1033 non
529 1006 660 1034 minorem
675 1007 849 1041 ignominiam
866 1012 959 1042 pertu-

176 1053 214 1080 lit.
237 1053 306 1086 Quin
322 1058 349 1081 et
363 1053 421 1088 ipse
432 1053 581 1081 Archelaus
593 1053 726 1081 Manetem
744 1054 807 1081 illuc
816 1054 958 1082 advenisse

136 1100 148 1110 “
175 1106 342 1134 cognoscens
359 1098 426 1134 (erat
439 1099 510 1126 enim
529 1099 571 1125 vir
590 1106 651 1126 acer
664 1103 690 1126 et
705 1099 811 1133 pietatis
825 1099 882 1126 zelo
896 1107 958 1126 suc-

175 1144 294 1179 census),
311 1144 345 1171 ad
360 1144 430 1172 idem
453 1145 581 1179 oppidum
597 1145 729 1177 accessit;
745 1149 771 1171 et
788 1145 958 1179 deceptorem

176 1190 251 1216 illum
267 1190 301 1217 ad
315 1190 422 1218 consilii
437 1190 556 1225 inopiam
569 1190 706 1217 redactum
719 1209 726 1222 .
749 1195 776 1217 et
797 1190 957 1219 confusione

175 1243 257 1270 quam
272 1236 390 1263 maxime
404 1236 514 1269 vitabat,
529 1236 680 1271 perfusum,
697 1237 793 1263 iterum
817 1237 851 1264 iis
871 1238 956 1264 ratio-

175 1282 256 1309 nibus
272 1282 371 1316 quibus
384 1289 465 1309 exosa
484 1283 543 1317 ejus
557 1283 683 1318 dogmata
699 1282 839 1315 subvertit,
851 1287 877 1310 et
890 1290 958 1310 cun-

175 1327 228 1354 ctis
249 1326 395 1354 deridenda
417 1331 498 1362 atque
511 1327 667 1355 detestanda
683 1326 838 1361 proposuit,
865 1327 956 1362 fugam

175 1373 294 1407 arripere
306 1371 402 1407 coegit.

1011 827 1059 862 μὲν
1071 827 1117 853 καὶ
1130 827 1262 862 μεγάλους
1281 826 1407 861 ἐλέγχους
1418 826 1467 860 τῆς
1480 824 1644 855 δυσσεϐείας
1661 822 1795 858 ἀπητὴΘη.

1016 872 1133 899 Ἐκεῖθεν
1144 872 1173 899 δὲ
1183 872 1226 898 διὰ
1245 871 1292 907 τὴν
1307 872 1438 906 ἀδόκητον
1460 870 1595 905 αἰσχύνην
1611 869 1750 904 ἀποδρὰς,
1764 870 1795 899 εἰς

1009 917 1124 953 Διωρίδα
1146 917 1299 953 Καρχάρων
1323 917 1418 952 κώμην
1445 916 1627 952 παραδύεται.
1658 916 1705 942 Ἕν
1720 914 1796 949 ταύτῃ

1008 963 1036 989 δὲ
1052 963 1178 998 Τρύφωνι
1193 972 1246 990 τινι
1260 963 1404 998 σπουδαίῳ,
1438 963 1504 998 ἱερῷ
1532 962 1582 997 μὲν
1597 962 1692 997 ἀνδρὶ,
1711 961 1755 987 τὶν
1774 961 1796 986 δὲ

1009 1009 1056 1036 τοῦ
1072 1009 1257 1045 πρεσϐυτέρου
1272 1009 1389 1036 διέποντι
1405 1008 1518 1044 βαθμὸν,
1541 1009 1680 1043 ἐντυχὼν,
1710 1007 1746 1033 τὰ
1760 1008 1797 1033 ῖςι

1009 1054 1122 1089 ὑπέστη.
1137 1055 1211 1090 Πλὴν
1224 1055 1291 1081 ἀλλὰ
1319 1055 1366 1081 καὶ
1393 1054 1475 1086 αὑτός
1490 1063 1521 1080 τε
1542 1055 1556 1080 ὁ
1585 1052 1741 1088 ’Δρχὲλαος
1756 1054 1797 1086 τὴν»

1009 1100 1097 1126 ἐκεῖσε
1110 1100 1284 1135 παρείσδυσιν
1297 1100 1343 1127 τοῦ
1355 1100 1458 1127 πλάνου
1483 1099 1579 1135 μαθὼν
1598 1099 1679 1134 (ὀξὺς
1703 1099 1758 1134 γὰρ
1770 1097 1797 1133 ἦ*

1009 1147 1055 1172 καὶ
1069 1146 1169 1182 Θερμὺς
1183 1147 1228 1172 τὸν
1246 1146 1344 1181 εὐσεϐῆ
1361 1144 1462 1180 ζῆλον),
1478 1144 1694 1180 καταλαμϐάνει
1706 1143 1738 1170 τὸ
1753 1154 1796 1178 χω-

1009 1192 1075 1228 ρίον·
1094 1193 1141 1218 καὶ
1154 1192 1252 1228 πολλῆς
1278 1192 1420 1228 ἐμπλήσας
1442 1191 1488 1217 τὸν
1514 1191 1619 1217 πλάνον
1635 1192 1797 1226 ἀμηχανίας,

1009 1238 1055 1264 καὶ
1069 1238 1102 1272 ἢν
1116 1237 1228 1272 ἔφευγεν
1240 1239 1380 1274 αἰσχύνης,
1395 1235 1437 1265 οἷς
1446 1237 1530 1263 αὑτοῦ
1545 1236 1581 1262 τὰ
1611 1237 1728 1272 μυσαρὰ
1754 1235 1798 1261 τῶν

1007 1282 1150 1317 δογμάτων
1163 1283 1294 1319 ἀνέτρεπέ
1308 1292 1350 1315 τε,
1367 1283 1414 1309 καὶ
1428 1281 1611 1313 άνεσκεὺαζε,
1629 1282 1682 1308 καὶ
1696 1282 1797 1317 προὶῖῐ-

1010 1327 1051 1354 θει
1080 1329 1146 1355 πᾶσι
1163 1329 1268 1362 γέλωτά
1285 1338 1314 1355 τε
1340 1329 1388 1356 καὶ
1414 1327 1566 1363 βδέλυγμα,
1594 1326 1798 1364 παρασκευάζει

1009 1374 1089 1400 πάλιν
1105 1375 1211 1408 φυγάδα
1227 1375 1362 1409 γενέσθαι.

945 1416 1008 1444 Vill.

657 1464 757 1491 Auctor
776 1472 920 1499 anonymus
939 1463 1032 1492 Libelli
1047 1464 1182 1499 Synodici,
1197 1475 1254 1502 cap.
1274 1467 1318 1494 27.

212 1508 338 1546 Synodus
354 1509 444 1537 divina
467 1513 494 1537 et
514 1516 592 1537 sacra
607 1509 780 1543 particularis
803 1509 915 1536 collecta
931 1509 957 1536 in

1050 1510 1158 1542 Σύνοδος
1173 1511 1232 1538 θεία
1259 1512 1305 1539 καὶ
1325 1511 1386 1548 ἱερὰ
1409 1511 1510 1548 μερικὴ
1525 1511 1763 1547 συναθροισθεῖσα
1776 1512 1796 1537 ὲν

175 1554 369 1590 Mesopotamia
384 1556 418 1582 ab
429 1555 561 1583 Archelao
576 1555 774 1582 Carcbarorum
788 1555 915 1590 episcopo
929 1559 957 1582 et

176 1600 293 1628 Diodoro
321 1600 480 1633 sacerdote,
502 1604 598 1628 contra
622 1599 726 1626 Manent
749 1599 907 1628 infernalem
929 1604 957 1628 et

175 1645 364 1673 Diodoriadem
379 1646 576 1681 presbyterum,
590 1653 650 1680 quae
661 1644 754 1672 multis
765 1645 853 1673 modis
865 1645 956 1673 confu-

176 1695 248 1717 tatos
262 1691 343 1718 hosce
356 1690 500 1718 abdicavit.

947 1737 993 1766 IX.

1007 1557 1039 1591 τῇ
1057 1556 1254 1593 Μεσοποταμίᾳ
1272 1558 1325 1584 ὑπὸ
1346 1557 1492 1593 Ἀρχελάου
1517 1557 1681 1584 ἐπισκόπου
1697 1556 1797 1592 Καρχά-

1009 1609 1062 1636 ρων
1075 1602 1122 1628 καὶ
1134 1603 1265 1639 Διοδώρου
1280 1604 1373 1640 ἱερέως
1390 1604 1459 1630 κατὰ
1474 1603 1619 1634 Μάνεντος
1635 1603 1688 1629 τοῦ
1707 1602 1796 1638 ἐρεϐώ-

1007 1647 1068 1680 δους
1082 1649 1128 1675 καὶ
1142 1650 1317 1686 Διοδωριάδου
1335 1650 1533 1686 πρεσϐυτέρου,
1545 1649 1613 1684 ἥτις
1627 1649 1796 1685 πολυτρόπως

1008 1693 1119 1727 τούτους
1135 1695 1267 1730 ὲλέγξασα
1279 1696 1444 1733 ἀπεκήρυξε.

350 1783 449 1810 Auctor
471 1791 614 1818 anangmus
639 1781 765 1810 Historia:
787 1783 912 1812 Iuereuo;
930 1782 1146 1820 Munia/imorum,
1162 1796 1176 1815 e
1187 1797 1237 1816 mc.
1253 1789 1339 1817 codice
1351 1790 1420 1824 regio
1433 1789 1608 1816 Taurineusi.

212 1842 368 1880 Scythiam:
383 1843 420 1877 (4)
441 1843 550 1878 quidam
573 1843 624 1872 fuit
642 1851 675 1871 ex
696 1851 793 1879 genere
808 1843 957 1871 Saraceno-

177 1897 248 1921 rum,
261 1897 276 1916 a
289 1897 342 1924 quo
356 1889 467 1916 haeresis
477 1888 685 1916 Manicbieorum
709 1894 768 1916 orta
781 1894 820 1917 est
831 1898 838 1923 ;
851 1889 896 1924 qui
909 1889 957 1916 ad-

180 1941 275 1961 versus
289 1941 379 1961 veram
393 1937 550 1968 vectamque
567 1933 645 1961 fidem
662 1939 779 1968 quatuor
793 1934 876 1962 libros
890 1941 956 1961 con-

178 1980 296 2014 seripsit.
314 1986 430 2014 quorum
446 1986 530 2005 unum
547 1979 652 2006 vocavit
665 1978 835 2014 Mysterium,
859 1987 956 2006 secun-

177 2026 240 2053 dum
266 2024 466 2059 Capitutorum,
491 2024 598 2050 tertium
616 2023 807 2059 Evangelium,
830 2029 957 2059 quartum

175 2080 240 2098 vero
251 2070 412 2098 Theraurum
424 2069 583 2105 appellavit:
594 2074 620 2096 et
631 2069 724 2096 habuit
736 2070 898 2104 discipulum
912 2078 960 2096 no-

176 2117 249 2144 mine
262 2115 437 2146 Terebintum,
449 2114 494 2148 qui
507 2113 666 2148 discipulus,
680 2117 788 2140 mortuo
804 2111 956 2146 Scythiam,

176 2171 286 2190 sumens
299 2162 335 2197 (5)
352 2165 516 2188 memoratos
540 2164 657 2194 quatuor
672 2159 756 2187 libros
768 2179 774 2190 .
797 2167 846 2186 nec
860 2166 912 2185 non
930 2162 958 2185 et

176 2209 319 2244 pecuniam
334 2215 388 2234 non
403 2215 525 2242 parvam,
537 2206 665 2240 quoniam
682 2205 732 2232 fuit
747 2205 785 2239 (6)
797 2204 956 2239 Scythinnus

1009 1852 1134 1881 ceperat,
1148 1856 1196 1883 pro
1209 1854 1294 1877 morte
1308 1849 1368 1884 ejus
1389 1849 1512 1884 pecunite
1535 1849 1697 1884 cupiditate
1716 1850 1797 1884 gavisa

1009 1902 1122 1929 puerum
1139 1896 1190 1924 sibi
1212 1904 1261 1931 pro
1275 1896 1422 1923 senectutis
1443 1895 1544 1922 solatio
1558 1896 1742 1930 comparatit
1757 1895 1797 1927 ιη,

1008 1940 1118 1967 nomine
1132 1939 1293 1972 Curbicium,
1304 1948 1384 1975 quem
1395 1945 1422 1968 et
1433 1940 1529 1967 litteris
1546 1947 1605 1966 non
1621 1940 1801 1968 mediocribus

1010 1986 1126 2013 erudivit
1140 1995 1147 2013 :
1165 1991 1226 2021 post
1239 1987 1316 2021 cujus
1328 1990 1441 2012 mortem
1454 1993 1508 2012 non
1521 1985 1618 2012 solum
1633 1986 1723 2013 libros
1738 1992 1797 2020 quas

1013 2029 1165 2059 Terebiutus
1182 2032 1339 2066 reliquerat,
1354 2031 1399 2058 sed
1415 2036 1441 2058 et
1454 2031 1606 2065 pecuniam
1623 2031 1744 2058 Curbicii
1760 2038 1798 2057 sa-

1009 2085 1086 2104 mens
1099 2099 1107 2110 ,
1131 2077 1239 2104 Trembi
1257 2077 1295 2112 (8)
1319 2076 1469 2111 discipulos
1494 2076 1654 2111 acquisivit
1668 2097 1676 2108 ,
1691 2083 1797 2112 quorum

1010 2131 1081 2150 unus
1100 2123 1222 2155 Thomas,
1239 2123 1309 2150 alius
1326 2121 1411 2153 Abda,
1426 2121 1524 2148 tertius
1540 2127 1587 2148 est
1605 2121 1736 2149 Hermas.
1750 2120 1797 2147 llas

1009 2169 1042 2196 ad
1059 2169 1257 2204 przedicandum
1274 2169 1356 2196 libros
1367 2175 1435 2202 quos
1449 2167 1619 2202 Stythianus
1632 2168 1795 2202 conscripse-

1010 2220 1062 2247 rat,
1076 2215 1210 2245 mittebat,
1227 2214 1327 2249 quibus
1342 2213 1380 2247 (9)
1395 2213 1521 2248 plurimm
1536 2214 1698 2248 provinciae
1716 2215 1739 2240 in
1753 2220 1796 2238 me-

175 2255 253 2281 valde
267 2254 418 2280 ditissimus
431 2257 488 2279 erat
500 2261 507 2285 ;
521 2259 586 2286 ergo
597 2272 605 2284 ,
620 2256 649 2278 ut.
661 2251 872 2278 memorabimus
885 2271 892 2283 ,
910 2250 957 2276 Tc-
973 2263 995 2291 ι)
1010 2266 1112 2287 moram
1125 2266 1197 2287 seu“
1210 2260 1320 2287 irrcmm
1331 2263 1404 2286 sum.
1423 2258 1526 2286 Tamen
1545 2264 1574 2286 el
1593 2260 1656 2294 ipse
1670 2260 1794 2287 curiﬁn-ns

176 2299 293 2326 rebiutus
307 2299 413 2326 devenit
434 2299 460 2325 in
475 2297 595 2330 Persida,
620 2301 646 2324 ct
661 2305 676 2324 a
688 2297 805 2331 quadam
817 2297 898 2323 vidua
911 2303 956 2323 so-

175 2347 264 2374 litaria
284 2351 425 2380 susceptus
447 2349 503 2377 est,
526 2352 585 2379 quae
605 2344 661 2371 sola
688 2348 791 2371 secreta
807 2343 866 2376 ejus
886 2343 956 2370 scire

175 2393 271 2428 potuit.
302 2391 351 2418 Hic
371 2391 485 2417 elatione
505 2389 625 2417 tumidus
647 2389 752 2415 diccbat
766 2395 794 2415 se
805 2389 837 2415 de
851 2387 955 2422 virgine

175 2442 287 2470 natum,
310 2441 337 2464 et
358 2436 391 2463 ab
414 2435 508 2470 angelo
523 2435 549 2462 in
565 2435 704 2461 montibus
725 2434 889 2462 enutritum:
908 2432 953 2467 qui

176 2484 256 2510 etiam
269 2505 275 2515 ,
294 2485 396 2509 mutato
410 2481 460 2508 sibi
478 2479 604 2511 nomine,
631 2479 751 2506 Buddam
769 2487 797 2506 se
813 2486 861 2512 pro
878 2477 955 2504 Tere-

176 2527 248 2554 binto
264 2527 416 2562 appellavit.
447 2526 499 2552 Sed
523 2533 584 2552 cum
610 2525 725 2559 quadam
748 2524 791 2550 die
813 2523 839 2550 in
855 2522 954 2550 solario

176 2573 353 2605 ascenderet,
379 2573 414 2599 ab
436 2572 575 2599 immundo
589 2571 698 2605 'spiritu
713 2569 809 2597 exinde
822 2569 953 2603 dejeetus.

176 2623 284 2653 repente
296 2619 420 2654 spiritum
434 2617 633 2645 reddidit.Tum
647 2618 736 2650 vidua,
746 2613 806 2651 quae
818 2623 878 2643 eum
893 2623 955 2643 sus-

212 2686 250 2719 (ι)
271 2685 320 2713 Ms.
340 2695 349 2712 ι
367 2685 514 2713 Scitianus.
530 2694 539 2711 ι

212 2721 251 2754 t5)
274 2730 283 2745 ι
305 2721 442 2747 Sumebat.
461 2729 470 2746 ι

224 2754 252 2787 6)
270 2754 326 2782 Hoc
343 2765 351 2780 ι
372 2755 423 2782 fuit
440 2765 449 2780 ι
466 2755 607 2782 delendum
624 2761 683 2782 esse
698 2754 824 2781 arbitror.

227 2789 253 2825 7)
272 2788 320 2816 Ms.
340 2798 349 2815 ι
365 2790 540 2823 comparabit.
560 2799 569 2814 ι

1008 2311 1068 2341 post
1089 2310 1202 2333 mortem
1218 2306 1315 2337 vidua}.
1338 2306 1482 2332 imtnutato
1505 2305 1560 2332 sibi
1580 2307 1698 2333 nomine
1713 2306 1795 2332 Nam”!

1008 2360 1036 2379 se
1051 2360 1100 2386 pro
1123 2351 1244 2378 Curbicio
1263 2351 1317 2385 (10)
1336 2350 1520 2385 nuncupavit,
1549 2351 1602 2385 qui
1628 2352 1770 2386 aliquando
1783 2357 1795 2375 ι

1008 2405 1069 2432 rege
1082 2396 1225 2424 Persarum
1239 2396 1461 2430 comprehensus,
1473 2395 1521 2422 tali
1537 2398 1683 2424 sententia
1696 2398 1796 2423 damna-

1008 2447 1051 2469 tus
1067 2446 1118 2474 est,
1136 2447 1165 2468 ut
1179 2438 1315 2468 hircorum
1331 2448 1406 2468 more
1422 2441 1610 2471 discoriatus,
1627 2447 1689 2469 uter
1702 2442 1756 2476 ejus
1767 2439 1793 2466 ad

1009 2492 1113 2522 portam
1129 2487 1268 2522 penderet,
1293 2493 1390 2513 carnes
1405 2492 1471 2511 vero
1484 2486 1548 2519 ejus
1564 2487 1727 2513 volucribus
1741 2484 1793 2511 (itii

1008 2534 1040 2560 ad
1063 2542 1153 2561 escam
1175 2534 1345 2568 proficerent.
1379 2531 1444 2558 llmc
1460 2531 1498 2558 ita
1522 2539 1588 2560 esse
1606 2533 1705 2560 melius
1721 2537 1794 2558 uasta

1008 2579 1146 2614 cupientes
1163 2577 1322 2605 Archelaum
1339 2577 1437 2611 legant.

1041 2681 1077 2709 (ω
1098 2680 1208 2706 Videtur
1219 2678 1359 2713 legendum
1378 2687 1387 2703 ι
1404 2682 1471 2705 tres.
1490 2687 1501 2705 ι

1040 2716 1077 2747 (fi)
1099 2715 1146 2741 Ms.
1167 2725 1174 2739 ι
1193 2723 1238 2749 pt'l‘
1252 2714 1361 2748 quibus.
1383 2722 1392 2738 ι

1041 2750 1095 2786 (10)
1115 2750 1163 2777 Ms.
1187 2759 1195 2775 ι
1212 2749 1379 2776 Curbiciuln.
1397 2757 1407 2774 ι
