1848 3043
41 113 101 143 “19

451 99 541 130 ACTA
559 98 642 127 ΝΜ).
662 98 689 125 S.
711 98 855 127 ARCHEL.
878 101 946 128 CUM
966 101 1105 130 MANETE
1125 103 1204 133 BER.

1562 110 1630 137 “30

38 212 1631 225 —___—_——————_—————————————————-————

395 260 603 345 ACTA
667 278 1270 344 DISPUTATIONIS

597 408 656 464 S.
707 400 1059 466 ARCHELAl

150 529 578 578 CASCHARORUM
641 530 704 574 ΙΝ
750 528 1180 574 MESOPOTAMIA
1214 530 1483 577 EPISCOPI

527 624 604 656 CUM
628 624 794 655 MANETE
820 624 1124 655 H/ERESIARCHA.

60 783 80 810 1.
98 782 252 810 Thesaurus
280 789 361 809 verus
373 802 381 814 ,
406 781 462 808 sive
485 780 631 815 disputatio
656 781 746 808 habita
773 782 800 808 in
816 783 838 811 Α
852 782 937 816 pretia
953 782 1095 814 militibus.
1113 789 1162 809 nec
1176 789 1289 809 numero
1301 783 1391 817 aliquo
1408 789 1457 810 nec
1470 782 1631 811 discretione

31 829 139 857 Carehar
161 828 217 863 (11)
240 828 348 856 civitate
383 826 594 862 Mesopotamiae,
614 827 801 862 iudicantibus

31 874 146 908 Manippo
164 873 230 909 (l2).
246 877 272 900 et
287 872 410 908 Egialeo
421 893 428 905 ,
444 878 470 900 et
482 872 604 906 Claudio,
622 877 648 899 et
663 872 799 901 Cleobolo.

31 919 56 946 In
70 928 117 953 qua
132 919 197 947 urbe
213 919 412 953 Mesopotamiae
424 923 482 945 erat
493 919 603 953 quidam
620 919 671 951 vir,
688 918 801 946 Marcel-

31 964 69 991 lus
81 965 196 995 nomine,
210 965 256 999 qui
272 965 325 990 vita
339 968 366 990 et
385 964 481 990 studiis
495 969 522 990 et
536 972 643 999 genere,
661 964 801 998 prudentia

30 1016 128 1044 quoque
140 1013 166 1036 et
177 1009 320 1036 honestate
339 1009 415 1035 valde
428 1009 518 1036 elartts
535 1008 699 1042 habebatur;
714 1008 800 1035 facul-

29 1055 122 1082 tatibus
135 1055 216 1082 etiam
230 1056 366 1089 copiosus,
384 1059 411 1082 et
427 1055 498 1089 quod
513 1055 634 1081 onmium
652 1055 800 1082 maximum

29 1105 81 1133 est,
107 1101 310 1136 religiosissime
333 1100 417 1128 Deum
441 1101 556 1133 timens,
582 1105 608 1127 et
629 1101 671 1128 his
695 1108 755 1136 quae
768 1102 801 1129 de

28 1145 128 1173 Christo
138 1147 309 1178 dicebantur,
319 1154 424 1181 semper
440 1155 501 1174 cum
515 1147 612 1174 timore
625 1148 779 1176 auscultans
792 1157 799 1182 ;

27 1199 71 1218 nec
85 1192 232 1226 quidquam
247 1192 359 1219 omnino
372 1192 435 1218 boni
450 1198 519 1225 erat,
538 1194 608 1228 quod
627 1194 664 1220 illi
680 1194 738 1221 viro
752 1194 800 1221 de-

27 1242 91 1265 esset
108 1247 113 1264 :
131 1238 203 1265 unde
215 1243 242 1265 et
254 1238 358 1265 honore
374 1238 491 1273 plurimo
504 1239 538 1267 ab
554 1240 680 1268 universa
692 1240 800 1268 civitate

27 1283 176 1316 colebatur,
194 1284 375 1318 plurimisque
399 1284 457 1318 ipse
480 1285 614 1312 civitatem
643 1293 720 1312 suam
745 1286 800 1313 frc-

27 1333 131 1362 quenter
156 1328 346 1362 largitionibus
369 1329 609 1362 rcmunerabatur,
636 1330 800 1364 pauperibus

27 1374 137 1401 tribuens
149 1394 156 1405 ,
174 1375 289 1402 afﬂictos
303 1374 424 1402 relevans
437 1395 444 1406 ,
464 1375 598 1402 tribulatis
613 1376 745 1402 auxilium
762 1376 800 1403 fe-

27 1425 91 1445 rens.
120 1419 172 1446 Sed
189 1427 224 1446 ne
238 1419 393 1447 inﬁrmitate
413 1421 557 1447 verborum
581 1421 726 1448 virtutibus
748 1422 797 1447 viri

27 1462 176 1499 derogcmus
204 1465 295 1500 potius
323 1473 404 1500 quam
427 1466 509 1500 digna
536 1466 722 1501 proferamus,
741 1467 798 1495 haec

27 1508 118 1536 dixisse
131 1510 248 1537 suﬂiciat
263 1520 270 1539 :
285 1511 317 1538 ad
329 1518 397 1545 opus
413 1512 483 1546 quod
499 1513 668 1546 propositum
684 1517 734 1545 est,
750 1521 797 1540 ve-

27 1553 100 1580 niant.
128 1554 253 1587 Quodam
272 1556 298 1582 in
314 1560 434 1591 tempore
450 1566 510 1584 eum
529 1558 659 1585 Archelao
671 1559 798 1593 episcopo

27 1599 184 1632 wptivorum
201 1601 347 1629 multitudo
361 1601 457 1629 fuisset
476 1603 565 1630 oblata
582 1612 597 1630 a
610 1604 740 1631 militibus
752 1605 798 1640 qui

27 1644 54 1671 ibi
67 1649 154 1672 castra
173 1647 340 1679 servabant,
366 1653 468 1683 septem
489 1650 571 1677 millia
587 1658 700 1678 numero
714 1656 740 1678 et
753 1659 797 1679 se-

27 1690 155 1725 ptingenti,
175 1699 232 1719 non
249 1694 394 1721 mediocris
416 1702 479 1722 eum
492 1696 644 1724 sollicitudo
661 1698 797 1725 constrin-

27 1741 101 1771 terat,
117 1746 149 1765 eo
167 1739 241 1773 quod
258 1747 306 1774 pro
322 1740 408 1768 salute
426 1741 545 1775 ipsorum
564 1750 659 1769 attrum
676 1751 690 1770 a
705 1744 797 1770 militi-

27 1790 67 1809 uus
90 1791 267 1819 posceretur;
294 1787 339 1820 qui
355 1794 416 1813 cum
432 1787 605 1815 dissimulare
619 1797 672 1815 non
695 1794 796 1824 posset.

27 1835 64 1855 πο
85 1830 217 1865 religione
239 1835 265 1857 et
290 1831 387 1858 timore
402 1831 450 1860 Dei
466 1833 638 1860 vehementer
653 1835 796 1867 aestuabat,

27 1877 43 1899 :t
59 1874 166 1901 tandem
192 1875 226 1902 ad
244 1874 398 1903 Marcellum
417 1884 576 1911 properans.
599 1877 638 1904 rei
654 1883 734 1912 gestae
751 1887 798 1906 ne-

27 1919 117 1952 ;otium
131 1922 256 1956 exponit.
283 1921 394 1954 Verum,
419 1927 449 1949 ut
463 1923 520 1950 haec
536 1924 638 1951 audivit
652 1925 691 1951 vir
707 1925 798 1959 piissi-

27 1972 76 1994 nus
88 1966 253 2002 Marcellus,
276 1969 341 1995 nihil
358 1970 470 1996 omnino
486 1975 623 2003 moratus,
650 1970 798 2006 ingreditur

27 2010 136 2044 lomum,
155 2021 315 2048 praeparans
330 2015 414 2048 pretia
430 2015 610 2049 captivorum,
627 2021 797 2050 quantacun-

27 2062 67 2089 [ue
80 2058 274 2092 poposcissent
289 2061 335 2093 qui
351 2059 518 2087 deduxerant
531 2061 653 2095 vinctos;
671 2066 695 2089 et
713 2062 798 2090 couti-

27 2109 78 2137 IUO,
93 2103 228 2132 reseratis
243 2104 376 2132 bonorum
394 2113 506 2133 suorum
522 2107 657 2135 thesauris
667 2129 674 2141 ,
690 2108 796 2143 pietatis

46 2216 103 2251 (ll)
123 2216 192 2245 Haec
202 2217 297 2254 eadem
309 2217 374 2246 urbs
387 2218 457 2246 infra
471 2226 529 2254 cap.
545 2219 562 2246 5
580 2229 589 2245 ‹
604 2219 704 2248 Charra
724 2231 732 2246 ν
749 2229 797 2249 vo-

27 2256 104 2291 ‘atur‘,
120 2260 178 2291 non
192 2261 205 2291 μ
223 2253 340 2291 Carehar
351 2273 358 2285 ,
378 2263 404 2291 I__
415 2258 462 2281 aut
479 2264 487 2279 ε
501 2254 640 2291 VCasebar,
662 2265 670 2280 ι
691 2262 719 2282 υι
733 2256 798 2291 Epi-

27 2286 131 2325 thanius
151 2288 252 2325 habet;
278 2287 366 2325 Quare
379 2289 525 2325 disputatio
543 2290 591 2316 ista
602 2290 696 2325 habita
713 2286 798 2320 fuisse

31 2321 118 2349 idetur
136 2323 211 2382 apud
232 2322 350 2350 Carrhas
371 2321 572 2350 celeberrimam
599 2324 799 2359 Mesopotamia

33 2356 119 2382 rbem.
167 2358 212 2382 ide
225 2357 301 2382 plura
319 2358 345 2382 in
361 2357 518 2382 nrmfatinne
532 2363 632 2382 nostra,
646 2360 690 2382 ubi
702 2361 735 2382 Λρ
748 2361 797 2382 Διι-

27 2364 119 2384 ηΓῠυῐηι

28 2390 116 2420 helao.

45 2426 102 2464 (ιξ)
124 2427 273 2464 Alcimum;
290 2431 401 2454 vocatur
417 2428 486 2462 apud
503 2427 682 2464 Epiphaniam
696 2431 723 2458 in
736 2430 796 2459 Haa-

27 2467 60 2487 es:
78 2462 295 2489 Manichaeorum
313 2471 384 2495 uvt,
397 2471 472 2490 num.
488 2462 531 2490 £0.

44 2497 102 2530 (15)
126 2497 221 2529 Forte,
239 2506 248 2522 ‹
267 2498 413 2525 distribuit.
433 2508 442 2524 ι

44 2532 103 2565 (14)
125 2532 222 2564 Forte,
240 2541 249 2557 ‹
269 2539 484 2560 commoventur.
503 2542 512 2559 ι

44 2566 111 2605 (15)¹
123 2567 312 2594 Abbot-ruisse
329 2575 344 2594 a
361 2568 454 2595 militia
475 2567 644 2596 Christianos
656 2571 797 2605 primitivze

27 2601 151 2635 iccleSiaz,
169 2610 204 2629 ne
222 2610 386 2636 paganorum
399 2604 561 2631 commercio
573 2601 798 2638 atque-supersti-

27 2637 134 2664 .onibus
161 2640 365 2665 macularentttr
376 2658 382 2669 ,
412 2640 501 2666 notius
517 2645 557 2666 est
574 2637 795 2672 ex’Tertulliano,

27 2673 47 2697 te
62 2680 167 2698 corona
186 2673 285 2701 militis.
294 2682 316 2700 ιτ.
337 2674 365 2699 11
379 2693 386 2705 ,
409 2681 489 2708 quam
507 2679 535 2701 ut
550 2675 672 2708 pluribus
685 2676 796 2702 demon-

27 2709 90 2744 trari
104 2715 181 2744 opus
198 2709 242 2744 sit.
273 2708 323 2735 Sed
333 2709 370 2744 ad
386 2709 573 2735 illustrandum
590 2710 661 2736 hunc
673 2710 796 2744 disputa-

30 2743 91 2769 onis
104 2743 236 2769 Archelai
249 2751 310 2770 cum
330 2743 433 2770 Manele
444 2743 543 2775 locum,
560 2744 704 2778 plurimum
719 2743 796 2778 facit,

27 2777 79 2804 uod
97 2777 204 2804 ibidem
217 2779 253 2804 ait
265 2779 448 2814 fl‘ertulliattus
465 2789 471 2806 :
488 2788 497 2803 ι
511 2777 593 2806 Plane
606 2780 627 2806 si
642 2787 711 2814 quos
724 2777 792 2807 mili!

28 2821 42 2837 a
59 2817 222 2847 praeventus
237 2813 302 2841 fides
317 2815 448 2848 posterior
465 2814 582 2848 invertit,
609 2813 659 2843 alia
674 2816 791 2843 conditio

167 2358 212 2384 ide
223 2357 302 2392 plura
318 2358 345 2385 in
360 2357 518 2392 praefatione
532 2363 633 2392 nostra,
646 2357 691 2387 ubi
702 2361 735 2388 de
746 2361 797 2388 Ar-

851 827 907 854 ulla
924 826 1066 861 distinguit
1083 825 1149 862 (15),
1167 831 1196 853 ιιι
1210 827 1296 861 magis
1310 827 1382 854 dona
1397 835 1477 862 quam
1491 827 1576 862 pretia
1589 827 1630 854 vi-

853 872 990 899 dcrentur.
1004 873 1038 898 At
1054 871 1091 899 illi
1104 872 1228 900 admirati
1240 878 1266 899 et
1279 873 1393 907 amplexi
1407 877 1460 900 tam
1472 873 1631 900 immensam

852 918 903 945 viri
925 918 1051 952 pietatem
1076 918 1360 953 munificentiamque,
1387 923 1413 945 et
1434 918 1496 945 facti
1523 923 1633 953 stupore

853 964 966 998 permoti
979 984 985 996 ,
1003 965 1126 999 exemplo
1140 964 1332 991 misericordiae
1345 968 1551 991 commonentur
1564 965 1630 1000 (14),

852 1016 879 1037 ut
897 1009 1003 1044 plurimi
1018 1018 1049 1036 ex
1066 1010 1131 1044 ipsis
1142 1010 1304 1037 adderentur
1316 1010 1351 1036 ad
1368 1010 1444 1036 Iidem
1460 1009 1568 1037 Domini
1582 1018 1631 1037 no-

852 1056 900 1083 stri
922 1055 984 1084 Jcsu
1008 1055 1125 1088 (.‘ln'isti,
1150 1056 1279 1083 derelicto
1303 1056 1405 1082 militiae
1422 1055 1530 1090 cingulo
1553 1056 1630 1090 (l5);

852 1101 897 1127 alii
915 1109 995 1134 vero,
1012 1101 1055 1128 vix
1078 1106 1173 1136 quarta
1189 1101 1337 1135 pretiorum
1360 1100 1481 1134 portione
1494 1106 1631 1136 suscepta,

852 1147 884 1173 ad
899 1147 1006 1181 propria
1023 1151 1111 1174 castra
1125 1147 1309 1180 discederent;
1325 1147 1412 1174 creteri
1430 1151 1518 1174 autem
1534 1155 1630 1182 parum

852 1193 964 1219 omnino
985 1192 1103 1227 aliquid,
1126 1197 1257 1227 quantum
1280 1192 1377 1220 viatico
1395 1192 1543 1225 sufﬁceret,
1560 1193 1631 1221 acci—

851 1238 956 1273 pientes
968 1238 1083 1265 abirent.

886 1284 918 1311 11.
942 1284 988 1312 llis
1004 1284 1094 1318 itaque
1117 1284 1199 1319 gestis
1223 1284 1300 1311 latus
1318 1283 1459 1311 Marcellus
1475 1290 1532 1311 erat
1544 1284 1629 1317 valde,

850 1335 876 1358 ct
891 1330 977 1358 accito
993 1337 1047 1357 uno
1061 1338 1091 1357 ex
1107 1330 1230 1364 captivis,
1247 1329 1376 1365 Cortynio
1390 1330 1509 1362 nomine,
1523 1330 1631 1364 perqui-

852 1378 928 1405 rebat
945 1377 978 1404 ab
989 1385 1021 1404 eo
1037 1384 1146 1404 causam
1163 1377 1237 1407 belli.
1253 1377 1293 1403 vel
1307 1384 1361 1411 quo
1377 1384 1440 1403 casu
1457 1375 1507 1410 ipsi
1524 1375 1633 1403 inferio-

850 1430 893 1449 res
908 1422 1077 1453 exstiterint,
1104 1429 1134 1448 ac
1149 1421 1264 1448 vinculis
1280 1420 1442 1455 captivitatis
1458 1420 1548 1447 innexi
1566 1420 1629 1447 sint.

813 1457 834 1483 Β
851 1468 950 1500 Atille,
966 1467 1094 1502 loquendi
1114 1467 1165 1494 sibi
1185 1471 1315 1502 potestate
1328 1466 1470 1500 permissa,
1498 1466 1533 1492 ita
1550 1473 1630 1493 exor-

851 1522 898 1541 sus
915 1519 964 1540 est.
983 1513 1047 1548 Nos,
1065 1513 1173 1540 domine
1189 1513 1223 1539 mi
1238 1511 1371 1543 Marcelle,
1387 1512 1485 1538 viventi
1501 1511 1555 1538 Deo
1571 1519 1630 1539 cre-

851 1559 942 1586 dimus
964 1559 1024 1586 soli.
1059 1557 1106 1586 Est
1121 1562 1209 1585 autem
1232 1557 1310 1584 nobis
1329 1565 1388 1584 mos
1405 1557 1559 1591 bujusmodi
1576 1556 1630 1584 fra-

851 1612 921 1633 trum
940 1609 1094 1632 nostrorum
1113 1603 1139 1630 in
1152 1612 1202 1631 nos
1216 1603 1359 1630 traditione
1379 1603 1554 1636 descendens,
1574 1604 1631 1638 qui-

851 1659 904 1686 que
930 1659 944 1678 a
967 1651 1044 1678 nobis
1065 1650 1223 1677 observatus
1241 1653 1282 1676 est
1297 1657 1382 1684 usque
1400 1650 1432 1677 ad
1449 1650 1521 1677 hunc
1535 1650 1605 1677 diem
1621 1658 1628 1676 :

851 1704 898 1732 per
920 1704 1006 1723 anttos
1029 1696 1151 1730 singulos
1172 1699 1246 1722 extra
1264 1695 1356 1721 urbem
1372 1695 1472 1730 egressi
1489 1703 1542 1721 una
1568 1702 1630 1722 cum

852 1742 1012 1776 coniugibus
1030 1748 1061 1769 ac
1073 1741 1164 1768 liberis
1174 1760 1181 1772 ,
1202 1740 1385 1775 supplieamtts
1400 1741 1448 1767 soli
1463 1744 1489 1767 et
1503 1739 1630 1767 invisibili

852 1787 922 1819 Deo,
943 1788 1042 1814 imbres
1065 1787 1099 1814 ab
1114 1794 1146 1814 eo
1162 1786 1227 1813 satis
1243 1786 1344 1813 nostris
1362 1794 1393 1813 ac
1413 1785 1536 1820 frugibus
1550 1786 1629 1812 obse-

851 1838 959 1860 crantes
976 1842 983 1860 :
997 1832 1070 1867 quod
1089 1839 1150 1859 cum
1177 1836 1298 1866 tempore
1324 1839 1355 1858 ac
1376 1839 1450 1858 inore
1467 1831 1547 1858 solito
1561 1831 1631 1858 cele-

851 1879 994 1907 brarcmus
1006 1898 1013 1910 ,
1038 1878 1213 1905 immorautes
1232 1877 1341 1912 jejunos
1355 1885 1448 1911 vesper
1461 1876 1579 1908 obtexit,
1603 1880 1630 1903 et

851 1924 1001 1960 gravabant
1013 1930 1063 1950 nos
1080 1923 1134 1950 dtto
1149 1923 1271 1950 omnium
1287 1922 1441 1949 difficillima
1452 1942 1459 1954 ,
1482 1922 1627 1957 jejunium,

851 1974 878 1997 et
891 1969 998 2004 vigiliae.
1021 1968 1099 1995 Circa
1117 1968 1235 1994 medium
1249 1975 1313 1995 vero
1327 1968 1413 1995 noctis
1428 1968 1537 1994 invidus
1550 1967 1630 1995 nobis

851 2021 878 2045 et
899 2017 1070 2051 importuntts
1093 2022 1206 2042 somnus
1221 2015 1356 2049 obrepsit,
1380 2019 1406 2041 ct
1418 2014 1568 2041 cervicibus
1582 2013 1630 2041 tle-

851 2067 969 2099 gravatts
981 2070 1014 2090 ac
1028 2061 1106 2095 laxis,
1119 2062 1242 2089 demerso
1256 2061 1311 2096 (16)
1333 2061 1431 2095 capite,
1452 2059 1567 2087 frontem
1583 2067 1629 2095 ge-

851 2109 930 2137 nibus
941 2108 1025 2136 elidit.
1042 2107 1098 2135 Hoc
1109 2112 1198 2135 autern
1212 2107 1310 2134 factum
1323 2110 1374 2139 est,
1383 2105 1510 2141 quoniam
1522 2111 1628 2140 tempus

847 2225 905 2254 est,
926 2224 956 2248 ut
979 2220 1176 2255 illorum‘quos
1190 2217 1310 2255 Joannes
1331 2216 1487 2244 admittebat
1507 2215 1627 2255 adllava-

847 2251 938 2287 crum;
957 2251 1183 2282 utcenturionum
1202 2253 1432 2284 fidelissimorum,
1450 2259 1530 2286 quem
1545 2251 1625 2277 Citri-

848 2296 906 2319 stus
921 2291 1026 2325 probat,
1041 2294 1067 2316 et
1078 2287 1265 2325 quent_Petrus
1281 2287 1444 2325 catechizat;
1456 2287 1519 2325 dum
1535 2289 1624 2325 tamen

846 2322 972 2360 suscepta
991 2326 1041 2352 title
1054 2329 1134 2358 atque
1150 2323 1265 2358 signata,
1280 2322 1519 2360 aut_deserendum
1532 2322 1624 2360 statim

847 2363 883 2388 sit
895 2355 952 2387 ut'a
965 2360 1058 2387 mttltis
1072 2355 1162 2385 actum
1174 2355 1188 2390 ξ
1198 2363 1243 2385 aut
1254 2358 1379 2384 omnibus
1397 2356 1485 2383 modis
1495 2355 1623 2383 cavillan-

846 2397 921 2428 dum,
939 2403 972 2422 ne
987 2395 1048 2430 quid
1062 2395 1190 2421 adversus
1203 2393 1285 2420 Dentri
1299 2392 1492 2430 cottirnittatur,
1503 2398 1624 2430 quaenec

846 2439 878 2457 ex
897 2425 1215 2464 niilitia-perntitttmtur;
1242 2432 1298 2464 aut
1311 2427 1457 2454 novissime
1473 2425 1624 2464 pet-petiere-

846 2466 909 2493 dum
926 2473 974 2499 pro
986 2461 1040 2500 Deo
1051 2485 1058 2496 ,
1076 2464 1147 2498 quod
1167 2471 1242 2497 teque
1265 2463 1330 2500 fides
1345 2470 1447 2500 pagana
1461 2461 1589 2488 condixit.
1611 2469 1621 2500 ξ

847 2497 996 2527 (Σοιιοῐιίυιιι
1014 2497 1151 2526 Nietehum
1163 2519 1171 2530 ,
1186 2506 1247 2525 catt.
1264 2497 1297 2524 12
1313 2506 1320 2524 ;
1338 2506 1346 2522 ι
1364 2497 1521 2529 Quicunque
1536 2497 1623 2522 vocati

846 2544 893 2570 per
908 2536 1032 2570 gratiam,
1051 2535 1168 2568 primum
1184 2533 1291 2570 quidem
1311 2532 1438 2570 impetum
1455 2536 1621 2570 monstrave-

847 2567 921 2602 runl,
937 2567 1100 2603 deponentes
1114 2569 1215 2595 militiae
1230 2568 1378 2604 cingulum,
1397 2567 1568 2604 postmodum
1582 2572 1624 2604 ve-

847 2613 877 2632 ro
897 2605 929 2631 ad
946 2604 1083 2638 proprium
1101 2604 1230 2630 vomitum
1248 2607 1310 2629 sunt
1325 2602 1440 2636 relapsi;
1460 2602 1503 2638 ita
1519 2602 1623 2638 utqui—

846 2641 907 2667 dam
932 2637 958 2665 et
975 2639 1104 2672 pecttuias
1118 2638 1282 2670 tribuerent,
1301 2642 1327 2664 et
1345 2637 1481 2663 beneficiis
1499 2637 1621 2662 militiam

846 2671 1016 2707 repeterent:
1032 2674 1057 2699 hi
1077 2674 1168 2700 decem
1193 2680 1279 2699 annos
1305 2676 1365 2706 post
1387 2671 1492 2698 triennii
1517 2677 1622 2704 tempus

845 2718 900 2744 quo
918 2709 1141 2744 inter_:tttdicntes
1170 2713 1264 2744 erunt,
1290 2707 1489 2744 inqalllictiono
1514 2713 1621 2740 perina-

846 2742 936 2772 rieant.
949 2753 958 2769 ι
978 2742 1042 2770 Vide
1057 2743 1161 2777 Lupum
1172 2747 1198 2770 et
1210 2742 1381 2778 Beveregium
1396 2743 1423 2769 in
1437 2743 1560 2769 eumdem
1578 2748 1623 2768 ca-

847 2787 955 2806 nrnem.

881 2815 936 2848 (16)
955 2813 1043 2847 Forte,
1063 2823 1071 2838 ι
1089 2812 1211 2841 dimisso.
1228 2822 1237 2838 ι
