1848 3043
207 91 274 121 H31

207 151 319 183 aderat,
339 156 367 178 ut
389 150 435 178 Dei
454 151 558 184 judicio
570 158 664 186 pcenas
676 158 725 186 pro
739 151 842 178 meritis
857 150 983 186 pendere-

208 204 284 230 mus;
308 196 418 224 forsitan
443 198 514 224 enim
541 201 683 232 peccantes
710 197 923 232 ignorabamus,
941 201 988 223 aut

206 244 286 271 etiam
304 249 479 279 agnoscentes
504 252 557 272 non
571 245 772 272 desinebamus.
800 244 829 271 ln
842 245 886 271 illa
905 245 987 280 igitur

207 291 274 317 liora
289 291 378 317 subito
398 291 512 318 militum
537 298 586 318 nos
604 290 747 318 multitudo
763 290 931 321 circumdat,
956 295 985 317 ut

204 335 309 363 aestimo
320 357 327 369 ,
345 340 469 371 putantes
483 343 532 364 nos
547 344 595 371 pro
609 337 713 363 insidiis
736 336 890 364 consedisse
902 357 909 368 ,
938 341 984 364 aut

204 381 314 407 omnino
339 389 416 408 nsum
440 381 481 408 vel
503 382 620 408 studium
643 382 742 409 habere
770 382 939 417 praeliorum;
955 387 982 409 et

205 425 278 453 nulla
307 433 456 454 conventus
481 427 566 453 nostri
591 435 672 454 causa
700 427 806 461 penitus
832 429 980 462 explorata,

203 470 303 498 bellum
319 472 397 499 nobis
410 473 579 504 denuntiant,
598 480 650 498 non
664 480 798 504 sermone,
812 473 858 500 sed
871 474 979 508 gladio;

203 521 230 543 et
244 517 367 545 homines
381 517 426 552 qui
439 517 564 552 injuriain
579 517 666 544 facere
681 518 806 552 cuiquam
822 526 875 545 non
889 519 982 546 didici-

202 569 274 593 mus,
300 563 360 589 sine
375 563 429 589 ulla
445 563 629 590 misericordia
646 564 824 590 missibilibus
841 564 896 598 (t7)
922 564 977 590 vnl-

202 612 310 640 nerant,
326 608 412 635 hastis
423 608 592 642 confodiunt,
609 609 785 636 mucronibus
796 609 929 644 iugulant.
948 610 980 637 [Ct

202 654 393 680 inteifeccrunt
415 654 523 688 quidem
548 662 578 680 ex
604 654 681 681 nobis
704 655 736 681 ad
752 655 824 681 mille
847 660 978 682 trecentos

200 699 284 732 viros,
300 699 508 726 vulneraverunt
530 703 618 726 autent
634 700 804 734 quingentos.
833 700 899 727 Cum
914 709 977 728 vero

199 743 257 770 dies
273 743 407 776 inclaruit,
423 744 468 778 qui
484 744 672 778 superfuerant
686 752 717 771 ex
733 745 825 776 nobis.
845 745 897 772 huc
913 753 976 780 per-

199 787 334 815 duxerunt
344 790 473 823 captivos,
487 797 535 817 nec
549 790 587 818 sic
601 791 709 826 quidem
723 791 823 826 aliquid
837 792 915 819 nobis
926 793 976 818 iiii-

198 835 356 861 scricordim
379 835 557 863 concedentes
578 845 585 863 :
607 837 721 871 agebant
744 837 815 864 enitn
841 845 891 865 nos
914 843 975 865 ante

197 887 295 915 equos,
306 881 442 909 bastilium
456 883 613 910 verberibus
630 884 793 915 stimulatos,
807 890 833 911 et
842 892 974 919 equorum

197 918 334 954 frontibus
353 927 492 961 impulsos.
522 927 555 954 Et
576 929 730 963 perduravit
744 918 873 964 quidem,
895 930 974 957 sicui

197 971 269 998 vires
291 971 400 1000 fuerunt
414 973 559 1006 tolerandi;
588 974 696 1008 plurimi
711 983 773 1002 vero
786 980 847 1002 ante
862 983 909 1002 ora
923 975 973 1002 do-

197 1018 332 1045 minorum
340 1027 386 1046 cru
392 1019 487 1046 ieiinnt
496 1020 675 1052 concideutcs,
683 1020 787 1047 animas
794 1021 972 1054 cxhalabant;

196 1065 343 1098 pendentes
360 1065 488 1092 uberibus
501 1066 628 1100 parvulos
644 1073 709 1093 suos
723 1071 832 1098 matres,
845 1066 974 1102 defatiga-

195 1109 230 1136 tis
246 1117 277 1136 ac
290 1110 409 1138 dimissis
426 1119 507 1138 onere
523 1111 656 1143 brachiis,
674 1112 749 1139 humi
765 1113 888 1140 decidere
902 1114 973 1140 sine-

195 1155 270 1187 bant,
296 1156 403 1190 agitatze
426 1156 625 1190 insequentium
638 1157 735 1190 minis;
753 1158 843 1185 omnis
856 1166 918 1185 vero
930 1167 972 1186 sc-

193 1200 257 1227 nilis
273 1206 338 1228 mtas
353 1201 422 1228 victa
440 1202 579 1230 laboribus
593 1210 624 1230 ac
640 1203 755 1230 resoluta
777 1211 824 1238 per
841 1204 970 1238 inediam,

193 1248 337 1274 corrui-bat
353 1247 379 1274 in
393 1252 503 1276 terram.
534 1247 647 1283 Superbi
661 1257 725 1276 vero
739 1250 837 1276 milites
854 1250 904 1277 hoc
916 1255 970 1277 tam

192 1297 306 1320 cruento
320 1294 511 1321 collabentinm
525 1294 689 1329 spectaculo,
704 1299 833 1330 tanquam
852 1296 971 1330 volupta-

196 1343 221 1366 te
240 1339 329 1374 aliqua
353 1340 531 1373 fruebantur,
547 1349 608 1368 cum
632 1342 698 1368 alios
717 1341 873 1369 deﬁcientes
885 1342 969 1369 sterni

193 1383 251 1410 solo
265 1389 420 1418 cernerent;
438 1385 464 1412 in
478 1385 538 1412 aliis
552 1386 612 1413 sitis
629 1386 772 1414 ardoribus
786 1386 914 1422 fatigatis,
928 1387 970 1413 in-

192 1433 331 1456 tuerentur
352 1430 432 1457 etiam
456 1431 530 1458 vocis
551 1435 668 1458 meatum
681 1451 689 1464 ,
713 1437 850 1460 arescente
871 1432 969 1468 lingua:

192 1475 294 1510 glutino
305 1495 313 1508 ,
329 1476 489 1511 praepediri;
505 1477 574 1504 alios
587 1485 651 1504 vero
667 1477 804 1511 viderent,
829 1478 968 1506 conversis

190 1526 250 1554 post
265 1525 337 1556 terga
348 1522 443 1554 oculis,
464 1523 659 1557 exspirantium
672 1524 843 1558 parvulorum
855 1532 965 1551 suorum

191 1566 398 1602 ingemiscentes
410 1568 514 1601 exitiis;
530 1576 591 1595 cum
608 1569 644 1596 illi
656 1569 854 1598 infelicissimas
868 1576 968 1598 matres

189 1612 325 1647 vagitibus
354 1613 531 1641 inclamat-ent
543 1635 550 1646 ,
571 1615 622 1641 illa:
641 1622 706 1641 vero
720 1615 874 1648 praedonum
892 1624 968 1644 aecr-

190 1656 321 1684 bitatibus
344 1658 468 1692 agitataa,
495 1659 593 1693 quibus
618 1660 682 1686 solis
699 1660 782 1687 libere
799 1660 836 1686 uti
859 1661 966 1693 licebat,

190 1703 335 1736 gemitibus
355 1705 562 1738 responderent:
584 1713 700 1740 quarum
721 1706 744 1734 si
769 1715 829 1742 qua:
847 1708 966 1736 tenerius

190 1747 306 1783 propriis
335 1748 503 1783 indulgerent
525 1751 694 1785 visceribus,
720 1752 844 1780 interitus
866 1757 965 1780 sortem

189 1798 284 1828 sponte
298 1794 350 1821 sibi
359 1802 449 1829 parem
459 1804 519 1823 cum
530 1796 592 1824 filiis
606 1803 851 1832 praesumpsrrunt;
869 1799 891 1826 si
907 1807 967 1834 qua}

187 1846 252 1867 vero
269 1840 366 1868 habere
388 1841 488 1876 aliquid
511 1843 658 1870 tolerantiae
680 1848 834 1878 potuerunt,
855 1846 966 1880 captiva:

188 1885 242 1914 huc
257 1894 343 1920 usque
368 1889 503 1922 perductze
525 1895 597 1917 sunt.
631 1889 733 1918 Triduo
750 1891 840 1926 itaque
858 1897 964 1925 exacto,

188 1939 249 1959 cum
267 1940 301 1960 ne
317 1934 440 1962 noctibus
455 1935 563 1969 quidem
578 1936 694 1971 aliquam
710 1938 830 1972 requiem
846 1937 965 1972 cepisse-

186 1983 258 2010 mus,
276 1978 308 2004 ad
327 1978 414 2006 locum
433 1980 504 2007 hunc
518 1980 691 2016 perducimnr
701 2001 708 2014 ,
723 1982 749 2008 in
762 1990 816 2017 quo
834 1987 894 2018 post
908 1983 966 2010 hac

183 2022 240 2058 jam
258 2024 322 2058 quid
337 2029 440 2059 gestum
457 2026 500 2058 sit,
520 2027 617 2055 melius
634 2028 690 2062 ipse
706 2029 787 2056 nosti.

222 2068 265 2096 lll.
287 2070 334 2097 His
346 2071 445 2098 auditis
457 2072 499 2098 vir
513 2073 652 2108 piissimus
665 2073 807 2102 Marcellus
818 2077 963 2110 plurimum

185 2114 212 2142 ln
230 2115 362 2151 laerymas
378 2117 506 2152 profusus
523 2123 584 2152 est,
608 2120 735 2149 misertus
763 2126 852 2150 tantos
864 2127 891 2150 et
909 2127 961 2150 tam

184 2161 274 2188 varios
292 2169 389 2195 casus;
418 2163 465 2189 sed
489 2164 554 2190 nihil
580 2169 712 2197 moratus,
729 2166 804 2193 cibos
820 2173 962 2202 praeparat,

184 2204 302 2241 fatigatis
318 2215 365 2241 per
379 2209 553 2243 semetipsum
572 2210 721 2238 ministeria
735 2213 877 2247 exhibens,
902 2214 962 2241 imi-

183 2255 257 2278 tatus
279 2257 381 2286 patrem
408 2259 530 2282 nostrnm
547 2255 682 2284 Abraham
695 2258 878 2292 patriarcham
892 2260 900 2275 ¹
915 2261 961 2294 qui

182 2297 318 2330 quondam
335 2299 437 2334 angelis
453 2308 468 2327 a
485 2308 515 2328 se
530 2301 646 2336 hospitio
661 2305 793 2339 susceptis
804 2324 810 2335 .
827 2313 880 2332 non
899 2314 961 2333 ver-

182 2343 289 2370 naculis
303 2344 445 2379 imperavit
459 2346 573 2374 vitulum
589 2348 693 2376 deferre
705 2349 738 2377 de
752 2351 878 2385 gregibus
891 2360 898 2385 ;
915 2352 962 2379 sed

181 2388 241 2423 ipse
258 2391 349 2417 senior
364 2390 519 2426 impositum
538 2393 658 2422 humeris
675 2396 794 2430 pertulit,
809 2404 841 2423 ac
859 2405 906 2431 per
919 2405 962 2424 se-

182 2440 237 2461 met
250 2441 414 2470 praeparatos
435 2438 512 2465 cibos
527 2440 642 2473 propriis
656 2441 781 2468 manibus
797 2442 899 2477 angelis
914 2450 962 2478 ap-

182 2481 282 2515 posuit.
316 2482 403 2509 Simili
417 2487 444 2510 et
459 2483 600 2512 Marcellus
616 2485 726 2514 functus
742 2486 828 2514 ofﬁcio
841 2509 848 2520 ,
876 2487 961 2516 denos

219 2549 226 2564 ‘
242 2548 310 2576 Gen.
327 2557 404 2576 xvttt.

217 2603 272 2641 (if)
292 2603 411 2641 Barbara
424 2614 473 2633 vox
490 2615 539 2641 pro
559 2617 568 2633 ί
591 2608 750 2637 missilibus.
768 2619 778 2635 ι

216 2637 272 2673 (18)
294 2639 388 2679 habita
405 2646 445 2668 est
460 2637 549 2679 itaque
573 2643 628 2670 haec
649 2645 796 2678 disputatio
810 2646 880 2679 apud
895 2644 961 2672 Car-

183 2671 246 2716 rhas
262 2671 462 2716 celeberrimam
480 2671 678 2712 illesopotamiie
694 2671 960 2716 lurlieni,cujusepi-

182 2713 281 2748 “opus
291 2714 354 2748 erat
366 2710 525 2748 Archelaus,
545 2710 582 2739 uti
599 2722 679 2748 supra
692 2710 891 2742 adnotavimus.

199 2742 273 2780 ,(19)
291 2742 359 2783 Hinc
374 2745 468 2783 incipit
481 2742 542 2783 pars
561 2742 641 2782 hujus
657 2750 746 2782 operis
760 2750 833 2776 edita
851 2758 865 2776 a
882 2749 960 2777 Vale-

183 2779 224 2803 siu
237 2784 268 2803 ex
280 2779 373 2806 codice
386 2779 523 2815 Hobiensi,
539 2783 583 2816 qui
597 2779 711 2811 'nunc-in
727 2784 904 2813 Ambrosiana
920 2786 960 2813 bi-

701 92 790 120 ACTA
808 91 1069 121 DISPUTATIONIS
1089 91 1117 120 Ξ.
1138 91 1305 121 ARCHELAI

1745 90 1792 117 “Si

997 151 1020 180 Δ
1034 150 1155 185 przecipit
1186 158 1235 186 per
1256 150 1377 178 convivia
1405 149 1556 183 reclinari,
1590 144 1792 184 septingentisquz

1037 196 1163 223 omnibus
1175 195 1321 222 exstructis
1330 194 1442 228 mensis,
1456 203 1517 222 cum
1535 194 1641 229 ingenti
1656 194 1739 220 laetitia
1749 193 1789 220 reti-

1034 242 1122 270 ciebat
1143 242 1302 275 universos;
1328 242 1363 269 ita
1379 247 1407 268 ut
1421 242 1467 277 qui
1491 248 1641 275 superesse
1668 246 1791 274 potueranL

1034 288 1196 316 oblivionem
1223 292 1348 323 caperent
1369 288 1506 320 laborum,
1532 295 1565 314 ac
1582 288 1671 314 totius
1686 288 1742 313 mali
1753 288 1792 314 effr

1033 340 1159 362 ccrentur
1173 335 1353 362 immemores.
1377 334 1444 361 Cum
1458 340 1550 361 autem
1563 333 1680 368 quintus
1697 334 1791 360 dcrimns

1032 381 1226 414 transigeretur
1249 381 1322 413 dies,
1338 380 1464 407 Marcello
1487 385 1587 407 cuneta
1606 380 1708 406 affatim
1733 380 1791 405 mini-

1032 431 1133 453 strante
1154 427 1279 460 captivis,
1301 426 1401 461 placuit
1416 426 1455 453 eis
1472 426 1604 453 omnibus
1622 426 1750 452 remeandi
1768 426 1791 452 ad

1030 472 1137 506 propria
1153 472 1233 498 tribui
1253 471 1405 498 facultatem
1417 492 1424 504 ,
1454 475 1554 507 praeter
1567 479 1618 498 eos
1634 479 1704 505 quos
1722 471 1793 497 vuln-3-

1029 524 1089 544 t'um
1107 525 1171 545 cura
1188 517 1328 550 retinebat,
1341 518 1438 552 quibus
1449 522 1610 552 competens
1626 517 1740 543 adhibita
1751 525 1792 543 meo

1029 564 1099 596 dela,
1116 563 1148 590 ad
1164 571 1212 591 sua
1227 567 1339 590 czcteros
1357 563 1430 590 abire
1447 564 1587 597 praecepit.
1603 562 1656 590 Sed
1675 563 1715 589 his
1724 565 1791 588 omni-

1029 608 1080 635 bus
1097 607 1200 643 majora
1218 608 1319 634 addidit
1341 607 1483 635 Marcellus
1497 609 1608 642 pietatis
1621 607 1712 634 eflicia
1728 616 1791 635 :cnm

1029 654 1143 688 plurima
1168 661 1285 688 namque
1305 661 1415 680 suorum
1433 662 1516 680 tnanu
1535 661 1700 688 progressus
1723 659 1755 680 est
1768 654 1791 679 ad

1027 700 1179 735 scpelienda
1188 707 1300 734 corpora
1310 700 1336 726 in
1347 700 1441 726 itinere
1454 705 1675 734 peremptorum,
1687 704 1710 726 el
1722 700 1792 725 omnia

1027 752 1193 780 qua'cunque
1211 745 1332 771 invenire
1345 745 1444 779 potuit,
1467 750 1497 771 ut
1508 744 1622 778 dignum
1639 749 1709 775 erat,
1727 744 1792 769 tradi-

1026 791 1064 818 dit
1078 791 1223 825 srpultura'.
1241 800 1247 818 :
1266 798 1321 825 quo
1336 798 1448 817 munere
1473 791 1606 824 impleto,
1632 791 1667 817 ad
1682 790 1793 818 Chartam

990 828 1011 855 Β
1027 837 1081 871 (18)
1096 837 1184 868 rediit,
1196 841 1277 871 atque
1290 836 1387 863 exinde
1402 841 1561 870 recuperata
1576 836 1707 866 sanitate.
1723 836 1794 863 vulne-

1026 887 1099 909 ratos
1127 883 1160 910 ad
1181 882 1295 917 patriam
1324 890 1444 909 remeare
1473 882 1629 916 permittit,
1658 881 1793 916 largiSsimo

1025 928 1058 956 ad
1073 929 1123 955 iter
1139 929 1236 955 viatico
1252 932 1413 962 praeparato.
1443 927 1478 954 At
1493 935 1560 954 vero
1574 927 1638 954 facti
1654 927 1735 961 hujus
1749 929 1793 962 opi-

1025 976 1070 1002 nio
1084 975 1118 1002 ad
1134 975 1236 1009 reliqua
1255 975 1370 1002 Marcelli
1392 975 1460 1002 bene
1481 979 1556 1008 gesta
1578 974 1743 1001 immensum
1757 983 1793 1001 (ll-

1024 1022 1126 1048 mulum
1153 1021 1283 1054 contulit;
1312 1028 1359 1055 per
1383 1021 1540 1047 universam
1568 1021 1645 1047 enim
1675 1021 1792 1054 regionem

1024 1067 1096 1093 illam
1114 1067 1208 1100 ingens
1221 1066 1290 1093 fama
1307 1066 1434 1093 discurrit
1448 1066 1482 1092 dc
1498 1066 1598 1100 pietate
1612 1065 1751 1095 Marcelli,
1767 1067 1794 1091 ita

1023 1115 1051 1137 ut
1064 1110 1173 1145 plurimi
1185 1118 1216 1137 ex
1232 1110 1344 1138 diversis
1358 1110 1470 1137 urbibus
1488 1109 1598 1137 videndi
1616 1115 1702 1144 atque
1718 1118 1797 1144 cogno-

1023 1156 1114 1183 scendi
1129 1156 1181 1182 viri
1198 1156 1344 1190 cupiditate
1359 1155 1516 1190 ﬂagrarent,
1529 1161 1555 1182 et
1574 1157 1699 1183 maxime
1712 1156 1736 1182 hi
1746 1157 1792 1190 qui-

1022 1202 1073 1229 bus
1090 1202 1159 1229 l'crre
1183 1197 1324 1236 penuriam
1342 1209 1408 1228 usus
1425 1206 1489 1228 ante
1507 1210 1560 1228 non
1580 1202 1688 1234 fuerat,
1713 1203 1795 1236 quibus

1022 1248 1148 1275 omnibus
1164 1248 1204 1274 vir
1219 1248 1342 1282 egregius
1366 1248 1606 1282 indulgentissime
1623 1248 1795 1279 ministrabat,

1021 1293 1138 1320 Marcelli
1154 1294 1252 1320 veteris
1264 1293 1384 1320 imitatus
1398 1293 1522 1327 exempla
1533 1313 1540 1325 ,
1557 1293 1596 1319 ita
1612 1298 1643 1320 ut
1655 1301 1750 1321 omnes
1764 1294 1796 1319 di-

1021 1345 1107 1368 cerent
1124 1340 1174 1367 hoc
1189 1340 1247 1367 viro
1264 1340 1367 1366 nullum
1381 1339 1481 1374 pietate
1493 1340 1731 1374 praestantiorem.
1755 1339 1795 1366 Sed

1019 1392 1046 1414 et
1061 1387 1149 1414 vidum
1171 1386 1303 1413 universae
1329 1386 1356 1412 in
1384 1385 1502 1412 Domino
1528 1386 1677 1413 credentes
1696 1387 1728 1413 ad
1745 1394 1795 1412 eum

1019 1432 1234 1464 concurrebant;
1250 1439 1311 1459 cum
1327 1432 1454 1459 imbecilli
1471 1439 1581 1466 qttoque
1596 1441 1629 1459 ex
1648 1440 1683 1459 eo
1697 1433 1746 1460 sibi
1758 1441 1796 1459 au-

1019 1480 1113 1506 xilium
1149 1478 1329 1506 certissimum
1367 1479 1590 1512 prmsumebant,
1619 1487 1673 1506 nec
1702 1487 1753 1506 non
1776 1484 1796 1505 et

1019 1524 1132 1559 orpliani
1154 1531 1249 1551 omnes
1272 1523 1306 1550 ah
1328 1523 1387 1558 ipso
1412 1523 1625 1555 nutriebantur,
1656 1524 1796 1558 domusque

1017 1571 1077 1606 ejus
1093 1570 1295 1604 peregrinorum
1312 1574 1338 1596 et
1352 1577 1505 1604 pauperum
1526 1570 1682 1604 hospitium
1698 1571 1795 1598 diceba-

1018 1620 1075 1648 tur;
1090 1622 1170 1648 super
1184 1613 1274 1641 omnia
1292 1621 1356 1640 vero
1370 1614 1437 1646 bzec,
1453 1614 1517 1641 tidei
1538 1622 1638 1642 curam
1652 1615 1760 1650 egregie
1772 1622 1795 1641 ac

1017 1659 1191 1695 singulariter
1215 1659 1358 1692 retinebat,
1385 1660 1524 1688 :editicans
1545 1667 1595 1688 cor
1621 1669 1709 1688 suum
1727 1669 1796 1694 super

1017 1705 1181 1732 immobilem
1195 1710 1308 1740 petram.

1053 1751 1095 1778 iV.
1118 1751 1173 1787 (l9)
1195 1752 1278 1788 Igitur
1290 1759 1351 1778 cum
1367 1752 1483 1780 diversis
1507 1752 1535 1779 in
1551 1753 1620 1780 locis
1636 1752 1714 1780 fama
1728 1753 1758 1781 de
1771 1760 1797 1779 ω

1015 1798 1164 1832 smpissime
1180 1801 1363 1833 spargeretnr,
1384 1798 1466 1825 etiam
1484 1798 1602 1833 Stranga
1620 1799 1710 1826 ﬂuvio
1725 1807 1795 1833 supe-

1016 1847 1085 1875 rato,
1103 1842 1247 1870 Persarum
1264 1843 1290 1870 in
1306 1843 1442 1877 regionem
1462 1851 1525 1870 eum
1538 1844 1655 1878 pertulit
1667 1844 1796 1871 admiran-

1015 1888 1078 1915 dum
1090 1908 1098 1921 ,
1122 1889 1148 1916 in
1164 1897 1216 1924 qua
1230 1889 1421 1916 demorabatur
1435 1889 1528 1916 Manes
1543 1890 1679 1923 quidam;
1702 1891 1748 1925 qui
1769 1891 1795 1917 ad

1015 1942 1044 1961 se
1061 1935 1246 1969 hujuscemodi
1263 1935 1313 1961 viri
1330 1935 1457 1969 opinione
1482 1936 1595 1970 perlata,
1617 1937 1740 1970 plurima
1759 1944 1795 1962 se-

1015 1988 1076 2008 cum
1094 1981 1149 2015 ipse
1167 1980 1306 2012 volvebat,
1333 1981 1560 2015 quemadmodum
1584 1989 1652 2008 eum
1676 1982 1796 2009 doctrina

1015 2032 1071 2052 sua:
1095 2029 1186 2059 posset
1207 2025 1311 2060 laqueis
1337 2025 1460 2058 irretire,
1490 2033 1606 2060 sperans
1635 2032 1795 2054 assertorem

1014 2071 1148 2105 dogmatis
1169 2071 1212 2098 sui
1234 2071 1292 2099 ﬁeri
1314 2079 1393 2107 posse
1412 2071 1581 2100 Marcellum.
1614 2073 1797 2101 Prazsumcbat

1015 2118 1086 2143 enim
1103 2116 1256 2144 universam
1273 2125 1303 2145 se
1315 2125 1448 2152 oecupare
1469 2126 1552 2153 posse
1566 2120 1742 2153 prOvinciam
1753 2140 1760 2150 ,
1778 2119 1795 2146 si

979 2167 1001 2196 υ
1016 2163 1091 2198 prius
1104 2163 1183 2190 talem
1196 2163 1284 2190 virum
1297 2164 1404 2191 sibimet
1414 2164 1532 2191 subdere
1543 2166 1702 2199 potuisset;
1713 2167 1739 2192 in
1752 2171 1796 2199 quo

1015 2208 1114 2242 duplici
1140 2209 1303 2243 cogitatione
1330 2209 1437 2236 animus
1464 2210 1621 2243 mstuabat,
1649 2215 1794 2237 utrumme

1015 2254 1073 2288 ipse
1090 2254 1123 2280 ad
1141 2261 1203 2281 eum
1219 2258 1356 2288 pergeret,
1371 2261 1404 2280 an
1421 2253 1520 2281 litteris
1531 2263 1596 2282 eum
1613 2257 1707 2290 primo
1723 2262 1797 2282 tenu-

1013 2305 1056 2326 ret
1071 2299 1186 2331 adoriri;
1205 2300 1345 2326 verebatur
1360 2299 1443 2331 enim,
1462 2308 1496 2326 ne
1513 2300 1588 2327 forte
1616 2302 1797 2336 improviseet

1014 2346 1104 2373 subito
1121 2346 1242 2381 ingressu
1262 2346 1361 2372 malum
1377 2346 1427 2373 sibi
1445 2346 1559 2381 aliquod
1575 2354 1755 2381 nasceretur;
1770 2347 1797 2373 εἴ

1016 2390 1140 2417 ultimum
1155 2391 1350 2418 versutioribus
1361 2391 1485 2418 consiliis
1495 2399 1610 2426 parens,
1624 2394 1748 2420 scribere
1760 2393 1798 2418 de

1014 2437 1098 2463 crevit
1114 2444 1120 2462 :
1139 2437 1310 2470 accitumque
1325 2444 1408 2462 unum
1423 2444 1457 2463 ex
1473 2437 1634 2472 discipulis,
1652 2438 1797 2466 Turbo-teet

1014 2482 1072 2517 (20)
1087 2482 1255 2517 nomine,qui
1274 2490 1320 2516 per
1334 2482 1438 2509 Addam
1454 2482 1547 2510 fuerat
1565 2485 1732 2517 instructus,
1752 2490 1797 2510 tra-

1015 2609 1148 2636 bliotbeca
1163 2616 1217 2634 sem
1225 2612 1294 2634 atur.

1053 2643 1108 2677 (20)
1126 2643 1215 2670 Codex
1230 2642 1369 2671 Bobiensis
1383 2643 1466 2678 legit,
1486 2655 1497 2671 ε
1515 2646 1594 2674 Adda
1610 2646 1774 2674 Turbonem.
1788 2653 1795 2668 ι

1017 2678 1078 2705 Fuit
1088 2683 1180 2715 autem
1193 2679 1268 2715 Adda
1282 2686 1352 2715 unus
1363 2681 1556 2715 csrdiscipulis
1572 2684 1641 2711 suis.
1658 2683 1702 2709 cui
1715 2681 1798 2707 Omn-

1018 2719 1069 2740 tctn
1086 2713 1364 2774 lﬁrssiinliciendutu
1379 2713 1686 2749 Mauesidemandavit,
1699 2722 1726 2743 ut
1737 2718 1796 2742 intra

1018 2757 1076 2774 can.
1162 2753 1250 2774 ιειιυι·.

1018 2757 1076 2783 cap.
1097 2749 1125 2774 ll
1142 2749 1250 2775 dicitur.
