1848 3043
47 119 73 145 Ιι1
80 119 106 144 4‘)
588 119 658 147 CUM
677 120 816 149 MANETE

835 119 1102 147 HERESIARCHA.
1576 123 1644 151 “26

74 175 136 211 Περὶ
166 175 194 202 δὲ
218 175 264 201 τοῦ
297 175 477 211 παραδείσου,
503 177 532 203 ού
557 178 676 205 καλεῖται
701 179 787 214 κόσμο

898 178 932 205 Χ.
951 178 1097 206 Paradisus
1118 182 1207 205 autem
1220 179 1267 213 qui
1281 184 1393 206 vocatur
1407 181 1524 209 mundus
1543 182 1594 216 (8),
1616 187 1642 210 et

44 222 95 248 ἑστι
119 221 146 247 δὲ
166 221 198 247 τὰ
223 221 294 255 φυτὰ
313 222 347 248 τὰ
367 222 396 248 ὲν
418 222 491 258 αὐτῷ
511 223 640 259 ἐπιθυμία
667 225 713 251 καὶ
735 225 812 252 ἄλλαι

43 266 146 298 ἀπάται,
167 266 366 302 διαφθείρουσαι
387 269 449 300 τοὺς
466 269 612 305 λογισμοὺς
634 271 688 297 τῶν
709 271 812 307 ἀνθρώ-

43 321 94 338 πων
109 311 224 338 ἐκείνων.
245 313 280 339 Τὸ
293 314 319 340 δὲ
336 315 364 340 ὲν
376 315 531 351 παραδείσῳ
548 316 637 350 φυτὸν,
655 316 683 349 ἐξ
700 314 729 343 οὗ
741 326 813 351 γνω-

43 358 137 394 ρίζουσι
156 358 184 384 τὸ
208 358 297 390 καλὸν,
322 360 386 386 αὑτό
407 361 478 387 ἐστιν
500 361 515 387 ὁ
540 362 657 396 Ἰησοῦς·
676 363 692 398 ὴ
714 362 813 396 γνῶσις

42 404 126 435 αὑτοῦ,
142 405 157 440 ἡ
175 405 203 430 ὲν
216 404 253 440 τῷ
270 405 379 441 κόσμῳ·
397 407 411 432 ὁ
432 407 459 433 δὲ
473 408 617 442 λαμϐάνων
638 408 768 445 διακρίνει
784 410 813 436 τὸ

42 449 114 476 καλὸν
134 450 179 476 καὶ
195 450 224 476 τὸ
240 451 365 487 πονηρόν.
387 452 415 478 '0
438 453 487 487 μέν
502 462 542 480 τοι
566 454 676 489 κόσμος,
693 455 748 480 οὐδ’
762 456 812 481 αύ-

41 495 79 527 τός
91 496 144 521 ἐστι
155 496 201 522 τοῦ
214 496 289 528 Θεοῦ,
307 498 362 524 ἀλλ’
378 498 393 533 ἢ
406 498 459 524 ἀπὸ
472 499 572 534 μέρους
584 500 632 535 τῆς
649 499 713 535 ὕλης
729 500 812 527 ἐπλά-

41 542 95 576 σθη.
112 541 156 568 καὶ
171 541 213 568 διὰ
229 542 307 569 τοῦτο
322 544 408 570 πάντα
427 544 585 578 ἀφανίζεται
596 554 601 559 ·
614 546 628 572 ὃ
638 546 665 572 δὲ
679 546 812 581 ἐσύλησαν

39 588 59 612 οἱ
75 587 198 622 ἄρχοντες
210 588 263 614 ἀπὸ
279 589 325 614 τοῦ
343 589 449 624 πρώτου
464 590 616 626 ἀνθρώπου,
632 592 696 618 αὐτό
713 593 770 619 ἐστι
782 593 812 620 τὸ

39 632 140 667 γεμίζον
160 632 209 668 τὴν
231 634 354 670 σελήνην,
376 636 405 661 τὸ
429 635 642 671 καθαριζόμενον
664 638 813 674 καθημερι-

38 677 76 704 νὸν
96 679 147 705 ἀπὸ
168 679 214 705 ’τυῦ
237 681 357 715 κόσμου·
381 682 426 707 καὶ
450 681 496 708 ἐὰν
518 681 611 718 ἐξέλθῃ
635 684 650 718 ὴ
673 683 755 719 ψυχὴ,
775 685 811 721 μὴ

38 725 129 760 γνοῦσα
140 726 187 761 τὴν
197 727 336 762 ἀλήθειαν,
352 727 524 763 παραδίδοται
537 730 592 760 τοῖς
605 728 726 764 δαίμοσιν
739 731 812 762 ὅπως

33 768 183 803 δαμάσωσιν
206 769 289 805 αὐτὴν
311 771 339 796 έν
361 772 418 802 ταῖς
438 771 560 805 γεένναις
581 772 627 798 τοῦ
648 773 746 808 πυρός·
766 774 812 800 καὶ

38 814 100 848 μετὰ
119 814 166 849 τὴν
186 815 324 842 παίδευσιν
348 817 540 851 μεταγγίζεται
560 819 600 849 είς
623 817 745 853 σώματα,
768 819 811 846 ἵνα

35 859 161 894 δαμασθῇ,
177 861 223 886 καὶ
239 860 308 887 οὓτω
323 861 445 896 βάλλεται
464 863 503 894 εἰς
524 863 553 889 τὸ
571 863 641 898 μέγα
659 864 807 901 πῦρ,·ἇχρι

34 905 77 939 τῆς
91 905 252 937 συντελείας.
273 906 341 941 Περὶ
365 907 392 933 δὲ
412 907 465 934 τῶν
486 909 549 944 παρ’
573 909 637 943 ὑμῖν
660 910 808 945 προφητῶν

34 950 113 982 οὕτως
130 950 220 985 λέγει·
240 952 349 987 Πνεῦμα
378 951 446 980 εἶναι
466 954 601 986 ἀσεϐείας,
618 955 676 990 ἦτοι
696 956 809 991 ἀνομίας

33 994 73 1021 τοῦ
101 995 222 1028 σκότους,
248 996 294 1023 τοῦ
318 997 365 1024 ἀπ’
387 999 475 1034 ἀρχῆς
495 1000 659 1032 ἀνελθόντος.
682 1001 737 1027 Καὶ
762 1003 807 1030 διὰ

31 1039 105 1066 τοῦτο
117 1041 297 1077 πλανηθέντες
307 1043 356 1069 οὐκ
369 1043 502 1079 ἐλάλησαν
512 1053 518 1059 ·
535 1044 688 1080 ἐτύφλωσεν
700 1047 753 1082 γὰρ
764 1048 809 1074 αύ-

31 1085 79 1112 τὼν
92 1086 105 1112 ό
121 1086 212 1122 ἅρχων
226 1088 276 1123 τὴν
291 1088 423 1116 διάνοιαν
441 1089 487 1116 καὶ
504 1090 530 1116 εἴ
543 1098 584 1122 τις
600 1090 738 1118 ἀκολουθεῖ
754 1093 808 1124 τοῖς

30 1129 112 1174 λργοις
123 1133 224 1165 αὐτῶν,
240 1134 404 1170 ἀποθνήσκει
417 1135 456 1166 εὶς
467 1135 530 1167 τοὺς
546 1135 657 1168 ιιίῶνας,
669 1136 808 1171 δεδεμένος

29 1177 64 1207 tl;
76 1177 123 1212 τὴν
137 1177 233 1213 βῶλον,
250 1178 291 1205 an
304 1179 352 1205 οὐκ
371 1179 454 1215 ἔμαθε
467 1180 515 1215 τὴν
537 1180 637 1215 γνῶσιν
657 1181 703 1208 τοῦ
719 1182 808 1218 Παρα-

29 1222 134 1258 κλήτου.
157 1224 322 1251 Ἐνετείλατο
334 1225 362 1252 δὲ
374 1227 429 1257 τοῖς
448 1225 584 1258 ἐκλεκτοῖς
600 1225 681 1253 αὑτοῦ
707 1227 805 1261 μόνοις,

29 1270 57 1297 ού
83 1269 162 1297 πλέον
188 1270 257 1297 ἑπτὰ
273 1268 330 1298 οὖσι
351 1271 396 1298 τὸν
418 1271 548 1307 ἀριθμόν·
581 1272 643 1298 Ἐὰν
668 1271 805 1306 παύσησθε

29 1314 168 1347 ἐσθίοντες,
193 1315 321 1351 εὒχεσθε,
346 1317 391 1343 καὶ
413 1316 522 1351 βάλλετε
544 1317 590 1343 ἐπὶ
612 1317 661 1352 τῆς
686 1318 805 1352 κεφαλῆς

27 1360 110 1387 ἔλαιον
132 1361 332 1397 ἐξωρκισμένον
355 1362 466 1398 ὀνόμασι
489 1362 596 1394 πολλοῖς
621 1363 687 1398 πρὸς
712 1372 804 1399 στηρι-

27 1406 90 1441 γμὺν
111 1407 161 1443 τῆς
181 1407 298 1439 πίστεως
314 1408 431 1440 ταύτης·
449 1407 483 1434 τὰ
500 1407 528 1434 δὲ
548 1408 667 1442 ὀνόματά
688 1418 732 1444 μοι
756 1410 805 1436 οὐκ

25 1451 179 1488 ἐφανερώθη
191 1461 198 1467 ”
219 1453 292 1488 μόνοι
304 1453 358 1489 γὰρ
372 1455 396 1480 οἱ
410 1453 478 1480 ἑπτὰ
491 1453 595 1484 τούτοις
608 1453 735 1489 χρῶνται.
749 1455 804 1481 Καὶ

863 224 973 251 arbores
988 232 1048 259 qtue
1070 226 1097 251 in
1115 225 1174 259 ipso
1187 229 1260 257 sunt,
1285 226 1511 259 concupiscentia:
1531 234 1603 261 sunt,
1615 234 1641 256 et

863 275 965 297 caetera:
987 271 1158 298 scductiones
1185 276 1391 305 corrumpentes
1413 273 1591 308 cogitationes
1603 274 1641 310 (9)

863 315 1014 342 hominum.
1031 315 1077 342 llla
1097 321 1187 343 autem
1206 317 1287 343 arbor
1303 325 1363 351 qum
1391 323 1430 345 est
1454 318 1482 345 in
1504 320 1641 353 paradiso,

862 365 888 387 et
905 369 957 395 qua
970 362 1124 395 agnoscitur
1138 362 1248 394 bonum,
1262 363 1319 396 ipsc
1329 368 1370 390 est
1384 362 1473 397 Jesus,
1491 368 1518 391 et
1529 366 1641 393 scientia

862 407 933 434 illius
946 407 1001 441 (10)
1015 415 1075 441 qua;
1094 411 1135 434 est
1150 407 1176 434 in
1193 408 1311 439 mundo;
1327 416 1408 442 quam
1430 410 1475 444 qui
1495 411 1639 445 acceperit.

861 451 990 478 discernit
1017 452 1119 479 bonum
1140 460 1155 479 a
1177 452 1258 479 malo.
1272 452 1388 480 Mundus
1401 460 1490 481 autem
1509 463 1558 482 nec
1581 456 1640 491 ipse

862 502 903 523 est
927 497 983 528 Dei,
1005 498 1051 524 sed
1071 505 1105 524 ex
1130 503 1206 531 parte
1232 498 1351 525 materia:
1367 499 1421 533 (ll)
1437 500 1595 534 plnsmatus,
1610 506 1637 528 et.

861 542 921 569 ideo
932 543 1023 569 omnia
1036 543 1258 570 extet-minantur.
1273 543 1350 576 Quod
1363 549 1452 571 autent
1472 545 1554 573 furati
1576 552 1640 575 sunt

861 588 995 622 principes
1023 595 1038 614 a
1067 588 1154 622 primo
1176 589 1293 621 homine,
1312 590 1398 624 ipsuln
1411 595 1452 617 est
1467 592 1538 625 quod
1553 592 1640 619 adim-

861 634 915 668 plet
938 633 1040 666 lunam,
1057 634 1129 668 quod
1146 634 1268 668 quotidie
1292 640 1425 669 purgatur
1441 644 1455 662 a
1474 637 1596 664 mundo:
1613 642 1640 666 et

861 679 883 705 si
899 679 995 706 exierit
1005 679 1094 705 anima
1107 687 1167 713 qua:
1179 686 1231 706 non
1245 680 1401 714 cognoverit
1417 681 1566 714 veritatem,
1583 687 1639 710 tra-

861 723 933 751 ditur
949 724 1004 759 (12)
1025 724 1204 757 daemonibus,
1221 729 1250 751 ut
1264 733 1322 752 eam
1339 726 1449 753 doment
1471 727 1498 753 in
1515 729 1637 762 gebcnna

861 769 952 804 ignis:
968 774 995 797 et.
1024 775 1197 805 posteaquam
1220 777 1340 798 correcta
1365 772 1455 804 fuerit,
1471 773 1638 801 transfundi-

861 819 905 841 tur
919 815 974 849 (15)
995 815 1021 841 111
1035 815 1088 842 alia
1108 823 1231 850 corpora,
1252 821 1281 843 ut
1301 817 1436 850 domctur,
1453 822 1480 845 et
1495 818 1532 846 ita
1550 819 1638 854 injici-

827 848 846 877 B
861 864 905 887 tur
931 860 958 886 in
978 860 1053 887 illum
1068 868 1193 895 magnum
1208 862 1295 896 ignem
1315 871 1404 897 usque
1415 864 1447 890 ad
1461 872 1638 892 consumma-

860 906 971 932 tionem.
986 907 1023 933 De
1032 906 1171 940 prophetis
1187 911 1277 934 autem
1289 908 1421 943 qui'apud
1434 917 1481 936 vos
1495 914 1559 936 sunt
1569 910 1636 945 (14),

859 951 917 978 hinc
932 951 1016 978 dicit:
1031 952 1149 986 Spiritus
1162 961 1222 980 esse
1236 954 1381 988 impietatis
1403 955 1459 982 sive
1486 956 1638 991 iniquitatis

860 996 1031 1023 tenebrarum
1042 997 1162 1029 illarum,
1176 1006 1235 1033 qua:
1245 998 1278 1025 ab
1288 999 1365 1026 initio
1374 999 1554 1028 ascenderunt
1568 1001 1635 1036 (l5),

858 1049 873 1068 a
883 1041 982 1076 quibus
996 1041 1111 1076 decepti,
1125 1050 1178 1069 non
1194 1047 1257 1069 sunt
1269 1043 1351 1070 locuti
1365 1043 1391 1070 in
1403 1044 1532 1079 veritate;
1545 1053 1633 1074 excae-

858 1086 929 1114 cavit
943 1087 1015 1113 enim
1031 1088 1158 1122 princeps
1171 1087 1215 1115 ille
1229 1093 1333 1115 mentes
1350 1089 1468 1123 ipsorum
1483 1089 1557 1126 (16);
1571 1095 1598 1118 et
1612 1092 1635 1119 si

858 1131 920 1166 quis
936 1132 1060 1166 sequitur
1077 1132 1159 1159 verba
1185 1132 1317 1167 ipsorum,
1335 1134 1466 1161 morietur
1481 1135 1507 1161 in
1523 1137 1632 1167 smeula,

857 1178 999 1205 devinctus
1014 1177 1069 1212 (17)
1085 1177 1155 1205 intra
1172 1186 1302 1211 massam,
1319 1179 1447 1213 qttoniam
1471 1187 1525 1207 non
1540 1181 1635 1209 didicit

857 1224 997 1251 scientiam
1011 1223 1153 1251 Paracleti.
1167 1223 1297 1259 Praecepit
1309 1229 1398 1252 autem
1413 1225 1504 1253 electis
1515 1227 1572 1254 suis
1585 1235 1632 1255 so-

856 1269 899 1302 lis,
917 1269 963 1304 qui
983 1276 1037 1296 non
1053 1273 1116 1296 sunt
1129 1269 1183 1304 (18)
1204 1269 1321 1304 amplius
1343 1278 1424 1305 quam
1450 1276 1553 1306 septem
1581 1281 1632 1300 nu-

855 1321 941 1347 mero,
961 1319 991 1341 ut
1014 1322 1075 1342 cum
1100 1315 1254 1343 desinerent
1270 1315 1326 1351 (19)
1351 1317 1555 1350 manducantes,
1571 1327 1629 1346 ora»-

856 1365 924 1390 rent,
948 1364 974 1386 et
993 1359 1131 1387 mitterent
1157 1360 1247 1388 oletun
1275 1369 1355 1396 super
1373 1368 1463 1397 caput,
1480 1364 1631 1392 exorcidia-

855 1409 912 1432 tum
929 1404 995 1440 (20),
1011 1405 1143 1433 invocatis
1162 1406 1317 1434 nominibus
1333 1407 1465 1442 plurimis,
1487 1409 1521 1436 ad
1536 1410 1633 1438 conﬁr-

854 1449 998 1477 mationem
1013 1450 1073 1477 ﬁdei
1086 1451 1183 1485 hujus:
1201 1451 1310 1479 nomina
1326 1452 1380 1486 (21)
1393 1457 1481 1480 tamen
1494 1454 1559 1481 mihi
1575 1463 1629 1483 non

26 1496 100 1524 πάλιν
119 1497 149 1524 τὸ
165 1499 230 1534 παρ’
246 1499 309 1533 ὑμῖν
327 1499 414 1534 τίμιον
430 1499 476 1525 καὶ
497 1498 566 1533 μέγα
584 1498 669 1533 ὄνομα
680 1497 789 1526 Σαὸαὼθ

876 1495 1056 1530 tuttifestavit;
1072 1497 1123 1524 soli
1136 1496 1207 1524 enim
1223 1497 1279 1532 (22)
1294 1497 1332 1524 illi
1347 1502 1449 1532 septem
1461 1503 1574 1527 utuntur
1587 1501 1630 1529 bis

25 1542 86 1569 αὐτὸ
103 1541 234 1580 εἶναιτὴν
253 1544 332 1578 φύσιν
346 1544 392 1571 τοῦ
404 1543 556 1579 ἀνθρώπου,
571 1544 616 1570 καὶ
634 1543 738 1579 πατέρα
754 1544 802 1579 τῆς

25 1587 167 1623 ὲπιθυμίας
178 1597 186 1604 ·
201 1589 249 1615 καὶ
260 1588 303 1615 διὰ
322 1588 400 1615 τοῦτο
418 1589 543 1624 ἁπλάριοι
560 1588 740 1624 προσκυνοῦσι
754 1589 802 1625 τὴν

24 1632 177 1668 ἐπιθυμίαν,
189 1634 249 1660 θεὸν
264 1633 346 1669 αὐτὴν
357 1633 509 1669 ἡγούμενοι.
528 1633 595 1669 Περὶ
607 1633 635 1660 δὲ
651 1633 696 1660 τοῦ
720 1634 803 1670 Ἀδὰμ

24 1678 76 1710 πῶς
99 1679 224 1714 ἐκτίσθη,
239 1679 312 1713 λέγει
323 1679 424 1712 οὕτως,
438 1680 490 1712 ὅτι,
512 1679 526 1705 ὁ
540 1678 632 1711 εἰπὼν,
644 1679 739 1711 Δεῦτε,
753 1681 801 1707 καὶ

54 1747 92 1782 (8)
112 1747 182 1774 llinc
206 1752 279 1782 patet
296 1747 366 1781 apud
394 1747 573 1782 Epiphanium
597 1746 647 1781 legi
662 1747 760 1775 debere
772 1748 801 1780 ὃς

24 1781 138 1822 καλεῖται
153 1781 274 1822 156693;:
286 1781 455 1822 nouantem.
471 1782 500 1822 οὐ
517 1782 637 1822 διαλεῖται
655 1783 769 1822 κόσμοςῶ

54 1818 94 1850 (9)
112 1816 212 1844 Codex
228 1818 368 1844 Bobiensis
379 1837 387 1848 ,
410 1826 418 1842 1
431 1817 631 1851 cogitationem.
646 1826 655 1842 1
684 1816 800 1851 Epiplia-

24 1851 80 1878 rius
99 1852 194 1885 habet,
211 1861 219 1876 1
233 1853 411 1886 cogitationes
422 1852 562 1878 hominum
578 1852 696 1878 illorttm.
711 1852 800 1880 Arbor

24 1892 141 1922 tutem.r
154 1887 207 1914 Sed
221 1889 316 1922 melior
327 1886 529 1922 vitletquatini
544 1887 796 1922 interpretislectio.

51 1921 106 1955 (ιθ)
125 1921 220 1949 Codex
233 1921 384 1954 Bobiensis,
401 1931 409 1946 1
421 1921 565 1948 etscientia
576 1921 645 1955 ejus.
662 1930 670 1946 1
684 1921 799 1955 Epipha-

26 1956 89 1987 nius,
103 1957 218 1991 γνῶσις,
235 1957 393 1991 «eognitio,»
409 1957 450 1983 vel
466 1957 546 1983 etiam
564 1956 716 1983 «scientia.»
732 1956 799 1984 llinc

24 1996 106 2027 nutent
131 1996 209 2027 patet
230 1992 372 2026 legendum
399 1999 458 2018 esse
484 1992 553 2026 apud
569 1991 703 2024 eumdem,
718 1992 797 2027 καὶὴ

24 2026 116 2058 (vam;
131 2026 227 2058 αὑτοῦ,
243 2036 252 2052 1
261 2027 373 2061 ejusque
385 2026 512 2060 cognitio.
524 2036 533 2052 1

48 2062 105 2095 (11)
125 2061 166 2088 Ita
183 2062 252 2095 apud
266 2060 456 2096 Epiphanium,
469 2062 534 2089 etin
547 2061 640 2089 codice
659 2060 795 2089 Bobiensi.

24 2099 43 2123 lt
57 2096 234 2126 Casincnsis,
256 2106 265 2122 1
275 2105 306 2123 ex
321 2097 441 2124 materia.
455 2106 464 2121 1

45 2131 102 2165 (12)
121 2131 216 2158 Codex
232 2131 384 2164 Bobieusis,
403 2136 445 2157 «et
460 2131 482 2158 si
504 2131 609 2163 exierit,
621 2131 797 2166 animamque

24 2174 64 2205 ton
82 2166 247 2214 cngoverit
262 2167 369 2214 veritas,
382 2167 512 2214 tradetur.
525 2176 535 2206 r_
552 2166 604 2194 Sed
619 2167 722 2194 eddicis
738 2167 791 2194 (Δε-
807 2185 830 2214 D

24 2201 130 2228 inensis
147 2201 289 2228 lectionem
302 2203 390 2228 lit-mat
407 2201 581 2235 Epiphanius.

43 2236 102 2271 (l3)
116 2236 213 2271 codex
226 2235 375 2267 Bobiensis,
394 2245 403 2261 1
417 2241 540 2269 correpta
553 2235 790 2268 fuerit,transfun—

25 2275 97 2297 etur.
112 2280 122 2295 1
142 2270 310 2302 Casinensis,
330 2280 338 2296 1
351 2276 472 2304 correpta
504 2270 594 2303 fuerit,
627 2271 791 2298 transfundi-

24 2313 59 2331 π.
75 2314 84 2330 1
105 2304 167 2332 Nos
195 2310 293 2338 tamen,
310 2315 319 2332 1
332 2311 453 2333 correcta
475 2304 584 2338 fuerit,»
602 2305 735 2333 edidimus
757 2314 790 2333 ex

24 2340 178 2372 Lpiphanio.

29 2348 193 2410 liliiiaii'ﬁc
215 2379 287 2410 patet
312 2374 382 2409 apud
408 2373 586 2409 Epiphanium
602 2381 650 2409 pro
661 2376 723 2410 ὑμῖν
735 2382 789 2402 11011

24 2417 64 2436 sse
72 2409 222 2444 legendum
232 2411 305 2445 ἡμῖν,
313 2415 342 2436 ut
351 2409 474 2445 Petavius
483 2411 508 2436 in
518 2411 636 2444 margine
645 2409 791 2437 emendan-

24 2452 68 2471 ttm
89 2453 157 2472 esse
171 2444 289 2478 monuit;
304 2453 364 2471 nam
378 2445 435 2472 hinc
446 2444 536 2472 Turbo
547 2445 652 2471 videtur
664 2452 790 2472 narrasse

24 2485 159 2514 illequam
179 2481 300 2507 ltaercsim
311 2480 488 2514 deposuisset.
511 2480 575 2506 Vide
590 2479 660 2506 inl‘ra
675 2485 730 2507 not.
742 2481 787 2506 24.

37 2515 98 2549 (15)
113 2514 210 2541 Codex
235 2515 385 2546 Bobiensis,
399 2524 408 2541 1
420 2515 607 2547 ascenderunt,
624 2515 723 2548 quibus
741 2515 790 2541 de-

24 2551 101 2583 aptis.
117 2559 128 2575 1
159 2549 338 2584 Epiphanius,
360 2559 369 2575 1
381 2556 407 2576 et
421 2550 456 2576 ob
475 2550 501 2576 id
513 2552 678 2576 aberrantes.
691 2559 700 2575 1
719 2550 788 2576 lllale

25 2589 93 2611 Item
113 2584 158 2620 ibi
173 2586 375 2620 expungendam
387 2593 448 2612 esse
465 2585 788 2620 negativaurparlieulam

24 2620 113 2646 insuit
141 2618 280 2651 Petavius,
302 2628 360 2646 eam
381 2620 452 2646 cnim
472 2618 598 2654 antiquus
619 2618 730 2646 Latinus
746 2620 788 2646 in-

25 2662 110 2689 rpres
123 2655 243 2688 retinet;
258 2655 303 2689 qui
317 2659 404 2681 tamen
421 2655 517 2687 legisse
530 2655 636 2682 videtur
650 2654 679 2681 in
693 2654 787 2682 Graeco

27 2695 74 2715 ιω
94 2690 152 2716 οὐκ
171 2689 303 2724 ἐλάλησαν
319 2691 347 2716 ὲν
363 2689 485 2724 ἀληθείᾳ.

33 2725 94 2757 (16)
113 2725 213 2751 Codex
236 2725 387 2757 Bobiensis,
416 2733 426 2750 1
439 2729 555 2752 mentem
583 2725 722 2752 illorum.»
743 2725 783 2751 Ita

31 2758 224 2794 Epiphanius.

28 2793 93 2829 ((7)
109 2794 207 2830 codex
222 2793 372 2824 Bobiensis.
390 2802 400 2820 1
411 2794 540 2828 devictus,
552 2804 561 2821 1
580 2795 652 2830 quod
665 2799 707 2822 est
719 2803 784 2823 con-

24 2839 34 2857 1
49 2829 150 2857 Grati
168 2833 255 2857 textus
267 2836 387 2857 sensum.

855 1539 1020 1569 nominibus.
1035 1540 1069 1568 Et
1085 1541 1182 1568 iterum
1201 1541 1235 1568 ho
1268 1541 1335 1576 (25),
1345 1543 1416 1576 quod
1432 1542 1502 1577 apud
1514 1550 1562 1571 vos
1571 1544 1629 1579 (24)

854 1594 980 1622 magnum
1006 1591 1033 1614 et
1057 1587 1215 1614 honorabile
1227 1591 1267 1614 est
1285 1587 1353 1622 (25),
1369 1596 1468 1615 nomen
1494 1588 1626 1622 Sabaoth,

852 1632 896 1659 ille
912 1632 977 1659 dicit
997 1635 1122 1659 naturam
1144 1639 1205 1660 esse
1221 1632 1350 1665 hominis,
1362 1637 1389 1660 et
1401 1638 1504 1668 patrem
1524 1642 1628 1662 11011011-

853 1678 1008 1714 piseenliaa;
1031 1683 1058 1706 et
1084 1685 1236 1714 propterea,
1260 1679 1357 1715 inquit,
1376 1679 1555 1715 simpliciores
1571 1681 1627 1717 (26)

900 1746 940 1781 18)
957 1746 1028 1773 Idem
1039 1747 1132 1778 codex.
1152 1756 1161 1773 1
1174 1747 1219 1781 qui
1234 1751 1307 1778 sunt,
1320 1756 1329 1772 1
1347 1747 1417 1774 mala
1432 1747 1521 1775 lectio.

901 1782 942 1815 l9)
955 1781 1045 1809 Codex
1061 1782 1211 1812 Bobiensis,
1236 1791 1245 1807 1
1255 1783 1413 1809 desilierint.
1426 1792 1435 1807 1

887 1815 943 1849 (20)
957 1816 1051 1843 Oleum
1082 1825 1091 1841 1
1103 1817 1298 1844 exorcidiatum
1311 1826 1320 1842 1
1335 1817 1382 1849 ait,
1409 1825 1458 1851 pro
1486 1819 1624 1847 exorciza-

851 1853 919 1883 tum,
932 1857 1024 1878 contra
1041 1859 1122 1885 quam
1144 1857 1247 1878 veteres
1265 1852 1399 1878 interdum
1420 1853 1539 1880 scribere
1554 1855 1624 1881 sole-

850 1886 914 1912 bant
927 1895 933 1912 :
946 1886 989 1913 hic
1011 1887 1087 1922 enim
1105 1886 1209 1922 syllaba
1223 1895 1253 1912 zu
1268 1887 1294 1913 in
1320 1887 1365 1913 dia
1388 1888 1570 1921 convertitur;
1587 1889 1624 1917 1111

850 1925 939 1947 autem
954 1921 1170 1955 praepositionem
1191 1921 1311 1948 Grzecam
1334 1922 1386 1952 διὰ.
1401 1923 1452 1956 etj
1469 1930 1625 1952 consonans

849 1956 987 1982 vocalibus
997 1957 1151 1989 adjunctum
1162 1957 1187 1982 in
1203 1965 1217 1982 z
1229 1956 1385 1988 mutabant;
1398 1957 1437 1984 sic
1449 1968 1457 1981 1
1470 1956 1599 1990 Zabulus,
1609 1968 1620 1985 I

850 1998 897 2024 pro
914 1999 922 2015 1
935 1990 1073 2021 Diabolus,
1088 2000 1097 2016 1
1113 1995 1139 2017 et
1153 1991 1260 2018 similia.
1276 1991 1341 2018 Vide
1355 1991 1492 2018 Barthium
1508 1993 1536 2020 in
1551 1995 1623 2021 notis

848 2025 881 2062 ad
898 2024 1164 2062 Pltwliatlium,_cap.
1184 2027 1210 2062 l.
1222 2040 1257 2045 ——
1270 2025 1345 2062 Quod
1361 2026 1455 2062 attinet
1467 2027 1500 2053 ad
1518 2035 1548 2054 ea
1563 2037 1622 2062 (pun

849 2059 892 2086 hic
904 2060 1028 2086 observat
1044 2060 1078 2087 cl.
1096 2059 1256 2095 Zaeagnius.
1279 2061 1377 2088 videsis
1406 2061 1532 2089 adnotata
1554 2059 1622 2090 infe-

848 2095 906 2121 rius
921 2094 953 2121 ad
968 2095 1192 2122 Commodianum
1207 2095 1288 2121 Inslr.
1301 2103 1381 2127 xxxv,
1393 2103 1419 2122 v.
1437 2096 1499 2122 515.

884 2130 940 2163 (21)
957 2129 1045 2156 Codex
1060 2130 1210 2161 Bobiensis,
1230 2140 1238 2155 1
1251 2131 1283 2156 ad
1297 2130 1529 2157 conﬁrmationem
1545 2131 1617 2159 ﬁdei.

847 2162 934 2198 Hujus
960 2165 1079 2191 nomina.
1092 2175 1101 2190 1
1118 2165 1284 2197 Casinensis,
1305 2174 1314 2190 1
1328 2165 1360 2191 ad
1384 2166 1617 2193 conﬁrmationem

845 2199 918 2236 ﬁdei.
933 2198 1033 2226 llorum
1046 2201 1165 2226 nomina.
1179 2209 1188 2225 1
1198 2199 1254 2226 Nos
1264 2200 1339 2236 juxta
1355 2200 1434 2226 Iidem
1444 2200 1535 2236 Graeci
1547 2202 1618 2236 apud

843 2233 1023 2268 Epiphanium
1046 2239 1137 2262 textus
1157 2235 1371 2266 emendavimus,
1398 2235 1450 2261 «ad
1474 2233 1618 2263 conﬁrma-

841 2269 940 2295 tionem
958 2270 1019 2296 ﬁdei
1038 2270 1127 2303 hujus.
1143 2269 1258 2296 Nomina
1272 2273 1434 2300 tamen,clc.
1459 2280 1468 2297 1

887 2304 931 2335 22)
945 2304 1036 2331 Codex
1051 2304 1216 2336 Casinensis,
1232 2313 1241 2329 1
1254 2304 1303 2331 soli
1318 2309 1418 2330 autem.
1432 2312 1442 2328 1

886 2339 931 2373 25)
949 2339 1088 2366 Bobiensis
1102 2340 1197 2370 codex,
1215 2348 1225 2364 1
1239 2339 1336 2365 iterum
1351 2339 1435 2372 quod.
1448 2347 1457 2363 1

878 2372 935 2406 (24)
951 2373 1018 2400 Hinc
1032 2379 1105 2408 patet
1124 2374 1195 2408 apud
1211 2373 1391 2408 Epiphanium
1405 2372 1548 2408 legendum
1563 2381 1616 2401 non

839 2416 898 2437 esse
909 2409 982 2443 ἡμῖν,
999 2413 1027 2435 111
1037 2410 1116 2443 paulo
1132 2413 1194 2435 ante
1206 2409 1372 2436 monuimus.

886 2443 932 2477 25)
949 2443 1036 2470 Codex
1053 2444 1205 2478 Bobiensis,
1223 2453 1232 2468 1
1243 2448 1323 2470 esset.
1337 2452 1347 2468 1

886 2445 932 2477 25)
949 2445 1036 2470 Codex
1053 2445 1205 2478 Bobiensis,
1223 2453 1232 2468 1
1243 2448 1323 2470 esset.
1337 2452 1347 2468 1

875 2445 932 2513 (26)
951 2478 1020 2510 Quid
1036 2478 1189 2506 Manichaeis
1215 2478 1353 2512 ἁπλαρίων
1373 2486 1422 2505 vox
1439 2477 1614 2513 signiﬁcaret,

839 2512 952 2541 eruditis
964 2513 1159 2546 explorandum
1175 2514 1283 2548 reliquit
1298 2512 1433 2541 Petavius.
1447 2512 1545 2539 Verum
1563 2513 1614 2540 hoc

839 2549 949 2575 nomine
963 2548 1128 2580 Cutholicos,
1142 2549 1219 2582 quasi
1240 2558 1249 2573 1
1262 2548 1450 2582 simpliciores,
1462 2557 1472 2573 1
1493 2552 1523 2574 ut
1540 2548 1615 2574 1111ιὶ-

838 2591 909 2618 quos
928 2582 1041 2610 Latinus
1064 2583 1196 2617 interpres
1212 2584 1359 2615 transtulit,
1376 2583 1410 2609 ab
1424 2583 1526 2609 eisdem
1538 2583 1613 2610 desi-

858 2623 934 2645 natos
957 2617 1042 2644 fuisse
1066 2626 1099 2645 ex
1122 2618 1365 2648 anathematismis,
1383 2625 1452 2652 quos
1463 2617 1527 2644 olitn
1542 2618 1613 2651 apud

858 2627 934 2645 uaros
957 2627 1042 2644 ruisse
1066 2627 1099 2645 ex
1122 2627 1365 2648 anatnemattsnus,
1383 2627 1452 2652 quos
1463 2627 1527 2644 onm
1542 2627 1613 2651 apuu

838 2627 945 2680 Era-cos
963 2653 1068 2685 publice
1086 2653 1244 2679 emittebant
1255 2653 1367 2680 Manetis
1387 2653 1506 2684 asseclae,
1525 2653 1556 2678 ad
1572 2660 1615 2678 ca-

838 2688 963 2714 tholicam
976 2688 1053 2714 ﬁdem
1064 2688 1208 2718 venientes,
1223 2689 1318 2722 probat
1330 2687 1484 2722 Ducangius
1499 2687 1525 2714 in
1538 2686 1614 2714 Glos-

838 2723 907 2749 δαν-111
931 2723 1022 2748 mediw
1045 2726 1070 2748 et
1093 2723 1191 2756 inﬁmae
1206 2722 1368 2750 firmitatis.
1386 2722 1455 2749 Male
1474 2727 1563 2749 autem
1584 2723 1611 2748 in

837 2757 966 2784 Caesareae
983 2757 1152 2784 bibliotheca:
1162 2758 1262 2792 scripto
1273 2758 1377 2790 codice,
1390 2765 1422 2784 ex
1435 2765 1490 2792 quo
1503 2757 1612 2792 eosdem

837 2792 1076 2819 anathemalismos
1101 2801 1116 2820 a
1143 2791 1293 2820 clarissimo
1311 2793 1370 2819 viro
1396 2791 1497 2819 Jacbbo
1525 2791 1613 2819 'l'ollio

838 2827 1032 2855 humanissime
1046 2827 1194 2862 descriptos
1208 2827 1306 2862 habeo,
1314 2835 1363 2862 pro
1371 2827 1529 2863 ἀπλαρίους,
1543 2827 1612 2855 scri-
