1848 3043
163 66 228 93 “3|

665 64 755 92 ACTA
775 61 1036 96 DISPUTATIONIS
1055 66 1085 93 S.
1111 65 1281 93 ARCIIELAI

1716 66 1774 92 I43!

162 125 224 150 vehi
251 123 278 150 in
294 131 355 150 cum
381 123 472 150 animo
498 123 643 157 urgebatur
669 131 702 150 ex
727 123 786 157 ipso
809 123 901 149 habitu
914 131 946 150 ac
960 132 981 159 Α
997 124 1131 151 discerent
1157 131 1210 150 non
1232 123 1476 158 blasphemarc';n
1495 123 1532 150 ita
1563 127 1590 149 et
1617 130 1666 150 vos
1686 130 1772 149 omnes

162 170 252 204 specie
275 170 348 204 ejus,
365 174 391 195 et
413 169 530 195 maxime
552 169 661 203 quidem
681 169 748 203 (61),
762 169 833 202 quod
848 174 874 195 et
887 177 947 203 quat

160 213 292 242 .Turbone
322 213 453 240 referente
484 218 664 246 cognoverat;
686 214 818 239 secretius
846 215 946 240 factum

162 261 234 295 apud
255 252 429 293 semetipsum
458 264 661 291 retractaverat,
678 264 706 285 et
718 260 861 294 diligenter
883 267 948 293 prie-

163 312 275 341 paratus
309 306 465 331 advenerat.
494 304 529 330 At
546 313 609 331 vero
632 306 859 339 prudentissimus
876 305 948 331 Mar-

163 353 248 379 cellus
262 351 336 378 omni
364 351 574 378 contentionum
599 351 689 377 studio
712 351 829 382 sublato,
847 356 949 377 utrum-

165 405 218 432 que
240 397 335 423 audire
354 397 476 423 decernit
491 396 557 431 (6:2),
580 397 700 424 invitatis
725 397 790 424 viris
810 397 947 431 primariis

163 443 298 474 civitatis;
317 450 348 469 ex
365 443 465 476 quibus
480 443 586 476 judiccs
604 443 693 477 elegit,
712 443 841 477 religione
865 443 948 477 genti-

164 491 214 521 les,
237 494 354 523 quatuor
375 496 500 519 numero.
523 496 640 522 quorum
658 489 714 515 ha:c
738 489 924 522 suutnomina
940 511 946 516 .

167 536 311 569 Mauippus
325 535 508 569 grammaticae
519 535 586 561 artis
598 539 624 561 et
640 535 790 568 disciplina:
802 534 945 569 rhetorica:

163 582 356 617 peritissimus.
377 580 518 616 Aigialeus
536 580 591 615 (65)
607 581 743 608 archiater
760 581 946 608 nobilissimus

161 635 187 655 et
204 628 302 655 litteris
318 628 441 662 apprime
457 627 590 659 eruditus,
604 627 736 654 Claudius
754 633 781 654 ct
802 627 948 656 Cleobulus

161 675 216 701 duo
227 674 327 700 fratres
348 673 448 709 egregii
472 674 595 699 rhetores
613 673 681 707 (64).
702 673 744 700 Fit
758 681 822 708 ergo
840 675 947 709 magni-

162 722 230 747 Ilcus
255 724 422 752 conventus;
438 719 473 746 ita
496 725 525 746 ut
548 721 647 746 domus
661 719 790 751 Marcelli,
807 728 868 754 quae
890 724 949 747 erat

162 767 308 798 immensa,
333 766 483 801 repleietur
500 775 531 793 ex
548 766 590 793 his
603 766 649 800 qui
666 766 699 792 ad
713 766 874 793 audiendum
888 765 947 793 fue-

998 178 1139 204 pienarum
1161 169 1276 204 principi
1299 169 1454 201 trademini,
1469 177 1519 203 pro
1542 176 1576 195 eo
1593 169 1667 203 quod
1686 177 1773 195 manus

998 216 1130 250 injecistis
1146 217 1172 242 in
1187 216 1294 242 Patrem
1309 215 1419 247 Christi,
1442 223 1503 241 cum
1526 223 1588 240 cum
1610 215 1701 242 dicitis
1720 224 1774 241 cau-

998 270 1057 288 sam
1075 270 1135 289 esse
1157 262 1279 288 omnium
1305 262 1449 293 malorum,
1465 266 1492 288 et
1513 261 1685 287 conditorem
1713 261 1775 294 inju-

997 308 1085 340 stititc,
1104 312 1134 334 et
1155 308 1239 334 totius
1267 307 1418 340 iniquitatis
1447 313 1611 338 creatorem,
1640 315 1676 332 et
1690 307 1774 333 eodem

1002 352 1076 380 fonte
1089 352 1195 380 dulcem
1206 357 1233 379 et
1248 360 1366 379 amaram
1382 353 1561 386 producentes
1576 361 1676 386 aquam
1691 362 1697 378 :
1712 354 1774 386 quod

997 398 1055 424 ﬁeri
1080 402 1126 425 aut
1146 398 1258 432 intelligi
1281 398 1355 424 nulla
1384 398 1489 424 ratione
1513 398 1645 432 possibile
1670 398 1774 424 est.Cui

997 443 1067 469 enim
1080 446 1186 477 oportet
1199 443 1293 469 credi?
1308 443 1444 477 magistris
1456 443 1555 470 vestris
1573 443 1644 474 istis,
1662 444 1708 476 qui
1725 451 1776 469 car-

998 489 1078 516 nibus
1090 493 1237 516 vescuntur
1250 494 1277 515 et
1290 487 1503 516 aIIluentissiinis
1516 489 1624 516 deliciis
1639 490 1777 523 perfruun-

1000 540 1044 562 tur
1059 543 1068 563 :
1088 539 1136 561 aut
1150 534 1283 561 Salvatori
1297 535 1406 561 Christo
1418 534 1481 561 Jrsu
1500 535 1614 567 dicenti,
1629 536 1701 562 sicut
1718 537 1777 562 scri-

998 585 1072 614 ptum
1092 585 1133 607 cst
1151 580 1179 606 in
1204 580 1409 614 Evangeliorum
1426 581 1494 607 libro
1511 589 1517 606 :
1533 590 1544 606 ι
1557 580 1617 607 Non
1637 587 1725 615 potest
1739 590 1777 608 ar-

998 628 1047 653 bor
1066 627 1135 653 bona
1153 627 1240 653 malos
1257 625 1362 652 fructus
1385 625 1484 657 facere,
1509 635 1600 661 neque
1620 627 1703 654 arbor
1715 629 1776 654 mala

999 673 1086 698 bonos
1113 671 1215 699 fructus
1242 671 1378 703 facere”;
1393 681 1403 697 ›
1425 677 1452 698 et
1476 672 1531 698 alio
1546 673 1573 698 in
1591 672 1664 704 loco,
1683 678 1776 706 patrem

999 718 1141 749 diaboli“,
1160 717 1316 744 mendacem
1334 722 1360 744 et
1390 717 1554 744 homicidam
1577 718 1612 744 ab
1631 718 1710 744 initio
1725 727 1778 745 esse

1000 763 1142 790 confirmat
1155 772 1162 795 ;
1179 771 1288 789 rursum
1301 763 1466 790 desideiium
1480 762 1568 790 fuisse
1582 764 1706 790 tenebris
1717 765 1777 799 (70).

167 817 227 838 i-ant
251 811 339 838 vocati
361 811 415 846 (65)
431 820 437 836 ;
453 817 479 838 et
504 819 565 838 cum
591 811 618 838 in
648 817 794 846 conspectu
824 813 945 839 omnium
963 807 983 836 Β
999 813 1026 835 ιιι
1043 809 1249 843 insequerentur
1267 809 1343 839 illml,
1360 809 1432 843 quod
1456 809 1490 836 de
1515 810 1576 836 luce
1598 809 1681 836 initio
1696 810 1779 837 fuerat

162 856 349 883 constitissent
374 857 392 882 ii
418 857 464 890 qui
491 857 634 883 adversum
651 864 680 883 se
697 857 787 883 dicere
814 865 947 891 propone-

163 902 238 933 baut,
263 906 328 928 tunc
350 901 388 927 illi
414 901 491 928 electi
516 901 622 935 judices
637 902 800 928 excelsiores
820 903 947 929 omnibus

162 948 355 980 consederunt,
375 953 456 982 atque
482 946 567 973 Mante
594 947 701 974 dicendi
730 947 835 974 initium
853 948 945 975 datum

163 998 213 1021 est.
231 993 343 1020 Silcntio
354 993 435 1028 igitur
451 992 532 1024 facto,
548 993 665 1027 primum
682 991 737 1027 (66)
749 1000 892 1027 aggressus
906 998 947 1020 est

163 1039 214 1066 hoc
226 1039 316 1066 modo:

198 1085 265 1112 XIII.
285 1086 341 1121 (67)
356 1085 423 1120 Ego,
440 1084 489 1112 viri
506 1085 614 1115 fratres.
637 1085 737 1112 Christi
761 1085 869 1120 quidem
885 1094 945 1113 sum

163 1132 322 1166 discipuius,
340 1131 480 1166 apostolus
496 1140 560 1158 vero
576 1130 656 1163 Jcsu;
674 1139 722 1165 pro
747 1131 830 1157 nimia
854 1136 945 1158 autem

163 1180 331 1206 humanitate
361 1177 479 1206 Marcelli
507 1178 602 1204 adesse
632 1177 768 1210 festiuavi,
786 1178 946 1213 utqualitcr

166 1229 293 1260 oporteat
313 1225 458 1251 observare
476 1224 585 1251 modum
607 1224 704 1250 di\iu:e
720 1225 869 1259 religionis,
884 1232 945 1250 cum

162 1270 289 1297 edoceam
305 1278 311 1295 :
326 1278 359 1296 nc
377 1270 448 1296 sicut
465 1275 537 1296 mula
563 1270 703 1302 animalia,
725 1278 786 1305 qua:
808 1270 945 1297 intellectu

162 1319 257 1339 carent
270 1321 318 1339 nec
332 1313 396 1346 quid
414 1318 498 1347 agunt
513 1314 667 1345 advertunt.
686 1315 722 1340 ita
738 1315 818 1341 etiam
831 1314 946 1341 Marcel-

163 1359 215 1389 lus.
231 1359 276 1394 qui
291 1368 362 1386 nunc
387 1368 416 1387 se
438 1361 510 1388 velut
531 1361 682 1388 dedititium
700 1362 831 1389 doctrina:
846 1362 946 1388 Arche-

163 1405 198 1432 lai
213 1405 377 1440 subjugarit,
391 1406 424 1432 ad
439 1407 564 1433 ultimum
581 1407 682 1434 damno
703 1407 800 1434 animae
823 1408 945 1438 feriatur,

162 1460 223 1478 cum
248 1453 430 1486 pra-parame
453 1453 537 1479 divini
563 1454 653 1481 cultus
675 1454 857 1480 observantiae
875 1454 944 1479 ultra

163 1505 216 1524 non
230 1497 354 1524 habuerit
371 1497 536 1525 facultatem.
554 1498 616 1526 Scio
627 1504 716 1526 autrm
732 1504 758 1525 et
769 1505 857 1526 certus
873 1507 944 1530 sum,

165 1538 238 1579 quod
263 1545 406 1572 cmendato
435 1544 490 1579 (68)
516 1544 652 1578 Marcello,
674 1545 754 1571 etiam
777 1553 826 1572 vos
854 1553 946 1571 omnes

163 1593 228 1619 salvi
247 1600 307 1620 esse
331 1593 469 1627 poteritis;
488 1591 573 1625 ipsius
597 1591 668 1617 enim
681 1590 785 1624 judicio
811 1598 945 1624 suspensa

163 1638 258 1673 pcmlct
274 1638 338 1664 urbs
354 1642 442 1664 vestra
459 1636 547 1671 :qnod
562 1637 584 1663 si
597 1636 631 1663 ab
645 1643 807 1670 unoquoque
826 1640 944 1661 vestrum

163 1682 306 1718 abjiciatur
322 1691 392 1710 vana
415 1682 601 1718 przesumptio,
616 1685 643 1708 et
665 1689 697 1708 ea
711 1689 772 1715 quae
789 1681 913 1707 dicentur
930 1689 945 1707 a

164 1737 217 1761 me,
237 1729 291 1755 veri
308 1736 401 1755 amore
420 1728 576 1759 audiantur,
592 1726 675 1753 futuri
692 1727 782 1753 smculi
803 1727 946 1753 haeredita-

162 1780 228 1806 tem,
240 1774 370 1801 cwlorum
389 1781 471 1808 regna
487 1773 609 1807 capietis.
624 1773 689 1799 Sum
702 1773 811 1806 quidem
827 1780 876 1807 ego
893 1772 944 1798 Pa-

165 1819 292 1850 raclctus,
311 1818 357 1853 qui
378 1818 411 1845 ab
426 1817 489 1844 Jcsu
505 1817 573 1844 tnitti
591 1817 735 1851 prmdictus
751 1825 823 1848 sum,
834 1817 883 1843 vad
903 1825 946 1843 ar-

163 1865 297 1899 gueudum
308 1865 437 1890 mundum
447 1864 479 1891 de
488 1869 600 1898 peccato
609 1868 632 1890 et
645 1863 677 1889 de
686 1863 816 1897 iujustitia
830 1864 839 1878 ⁷
848 1864 914 1898 (69).
930 1873 939 1889 ι

163 1910 276 1937 Sicutet
291 1910 338 1945 qui
359 1913 421 1936 ante
436 1917 479 1936 me
495 1909 595 1936 missus
610 1914 651 1936 est
667 1909 780 1942 Paulus,
797 1919 806 1934 ι
817 1917 849 1936 ex
867 1914 945 1943 parte

162 1956 242 1988 scire,
256 1961 285 1983 et
300 1963 333 1982 ex
349 1960 424 1990 parte
439 1955 619 1989 prophetare3
635 1965 644 1981 ›
662 1963 692 1982 se
705 1955 783 1988 dixit,
805 1955 872 1981 mihi
901 1963 944 1982 re—

162 2009 275 2029 servans
290 2002 362 2036 quod
379 2000 528 2036 perfectura
545 2005 596 2033 est,
613 2005 643 2028 ut
656 2001 708 2028 hoc
727 2001 799 2035 quod
815 2009 845 2027 ex
870 2005 946 2035 parte

160 2052 203 2075 est
218 2048 367 2075 destruam.
386 2047 506 2073 Tertium
530 2054 595 2081 ergo
619 2047 805 2073 testimonium
820 2047 944 2081 accipite,

161 2094 315 2128 apostolum
333 2101 375 2119 me
386 2100 446 2120 esse
460 2092 560 2119 Christi
573 2093 689 2119 electum
700 2102 705 2118 ι
716 2096 742 2119 et
756 2093 777 2120 si
791 2093 871 2119 vultis
886 2100 944 2118 mea

999 856 1133 890 prolatum
1146 854 1276 888 Verbum,
1291 860 1318 882 et
1334 855 1475 882 inimicum
1500 855 1642 882 hominem
1663 856 1776 882 zizanio-

999 909 1058 927 rum
1083 901 1273 927 svminatorcm
1288 901 1319 932 “,
1343 905 1371 927 ct
1394 901 1545 935 principem
1573 901 1670 928 saeculi
1692 903 1778 927 mutuli

999 946 1079 980 hujus
1095 945 1178 972 Deum
1191 946 1222 975 ".
1238 946 1284 980 qui
1309 946 1449 972 hominum
1477 950 1584 973 mentes
1613 951 1743 978 cxczecat,
1755 953 1779 972 ut

998 992 1024 1018 in
1050 991 1195 1025 Evangelio
1221 991 1322 1018 Christi
1349 991 1523 1018 deserviant?
1555 991 1651 1019 Bonus
1669 997 1711 1019 est
1735 993 1779 1019 iste

999 1037 1079 1069 Deus,
1095 1037 1140 1070 qui
1166 1044 1231 1063 suos
1256 1036 1380 1063 homines
1406 1037 1506 1063 salvari
1533 1044 1589 1063 non
1606 1037 1684 1063 vult?
1698 1037 1738 1066 Et.
1755 1043 1778 1063 ut

998 1091 1031 1110 ne
1047 1084 1130 1110 multa
1148 1083 1199 1109 alia
1221 1083 1357 1109 revolvam
1370 1087 1398 1109 et
1417 1084 1536 1117 spatium
1553 1084 1689 1118 temporis
1705 1084 1774 1110 Oble»

997 1137 1066 1161 ram,
1093 1136 1164 1156 verte
1187 1129 1319 1155 doctrina:
1348 1128 1475 1155 diiTerens
1498 1129 1554 1164 (Ἠ)
1585 1134 1705 1164 tempus,
1731 1130 1780 1155 hac

997 1175 1099 1201 dixisse
1111 1174 1235 1205 sufficiat,
1251 1178 1278 1201 ct
1290 1174 1324 1201 ad
1341 1175 1511 1209 propositum
1529 1175 1654 1207 redeam,
1669 1181 1698 1202 ut
1710 1182 1780 1201 com-

997 1223 1117 1254 petenter
1129 1220 1269 1246 ostendam
1293 1220 1408 1246 istorum
1427 1220 1575 1246 absurdam
1592 1228 1656 1247 esse
1681 1220 1780 1247 doctri-

998 1273 1071 1297 nam,
1095 1273 1144 1292 nec
1170 1266 1317 1300 quidquam
1345 1265 1399 1292 Deo
1415 1270 1442 1292 et
1468 1265 1542 1293 Patri
1573 1266 1684 1294 Domini
1701 1268 1779 1294 nostri

998 1312 1147 1339 Salvatoris
1167 1313 1368 1344 ascribendum,
1395 1313 1442 1340 sed
1466 1314 1601 1339 malorum
1627 1318 1779 1340 nostrorum

997 1365 1107 1385 causam
1133 1359 1255 1393 accipere
1281 1358 1408 1386 Satanam
1424 1367 1431 1384 :
1446 1360 1472 1385 in
1497 1360 1587 1393 ipsum
1603 1361 1705 1386 etenim
1720 1361 1781 1394 reji-

997 1404 1134 1437 ciendum,
1147 1405 1218 1439 quod
1242 1405 1332 1431 omnia
1360 1405 1551 1439 hujuscemodi
1571 1406 1644 1432 mala
1669 1406 1704 1432 ab
1727 1407 1780 1440 ipso

998 1456 1168 1486 generentur.
1182 1453 1233 1479 Sed
1245 1457 1271 1479 ct
1285 1460 1315 1479 ea
1331 1461 1392 1487 qure
1408 1453 1434 1479 in
1448 1453 1589 1486 prophetis
1603 1459 1629 1480 et
1649 1453 1708 1488 lege
1721 1454 1781 1480 scri-

998 1502 1042 1532 pta
1060 1502 1133 1530 sunt,
1161 1497 1213 1532 ipsi
1238 1498 1417 1525 nihilominus
1441 1499 1603 1525 ascribeuda
1629 1505 1712 1532 sunt;
1730 1500 1782 1534 ipse

997 1550 1038 1571 est
1054 1544 1138 1577 enim,
1151 1545 1196 1578 qui
1221 1545 1246 1570 in
1265 1545 1403 1578 prophetis
1417 1549 1482 1571 tunc
1505 1545 1615 1572 locutus
1628 1551 1683 1578 est,
1701 1547 1783 1581 pluri-

998 1595 1056 1614 mas
1076 1588 1116 1614 eis
1134 1588 1166 1614 de
1193 1587 1247 1615 Deo
1269 1589 1434 1623 ignorautias
1457 1597 1618 1624 suggerens.
1645 1596 1674 1618 et
1700 1597 1784 1618 tenta-

997 1633 1095 1665 tiones,
1108 1639 1134 1660 et
1145 1635 1391 1668 concupiscentias.
1406 1634 1458 1661 Sed
1477 1641 1504 1662 et
1518 1636 1712 1663 devoratorem
1725 1646 1783 1664 eum

997 1680 1139 1714 sanguinis
1149 1685 1176 1706 et
1192 1681 1282 1708 carnis
1295 1682 1458 1715 Ostendunt;
1474 1691 1536 1716 qua:
1551 1684 1646 1710 omnia
1665 1684 1699 1710 ad
1725 1693 1784 1711 eum

999 1725 1131 1759 pertinent
1145 1725 1274 1752 Satanam
1288 1732 1314 1753 et
1328 1727 1359 1754 ad
1371 1729 1466 1762 prophi
1478 1733 1520 1755 tas
1537 1730 1608 1763 ejus,
1618 1738 1681 1763 qua:
1695 1735 1785 1757 trans-

998 1769 1116 1797 formare
1137 1772 1222 1798 voluit
1237 1773 1262 1798 in
1280 1772 1387 1800 Patrem
1406 1774 1520 1806 Christi,
1536 1781 1562 1801 ct
1578 1776 1702 1804 scribere
1721 1785 1787 1811 prtu-

996 1824 1027 1843 ca
1045 1818 1167 1851 qua-dam
1191 1826 1264 1850 vera,
1284 1824 1312 1845 ut
1338 1827 1385 1854 per
1410 1820 1467 1847 haec
1491 1822 1574 1847 etiam
1602 1827 1702 1849 caetera
1729 1831 1787 1858 qua:

997 1866 1061 1888 suut
1083 1861 1162 1894 falsa,
1187 1863 1372 1891 crederentur.
1390 1863 1467 1891 Unde
1479 1866 1582 1892 bonum
1600 1867 1683 1894 nobis
1699 1873 1786 1895 estex

996 1907 1123 1935 erunibus
1139 1916 1200 1942 qua:
1221 1917 1307 1943 usque
1324 1910 1356 1936 ad
1373 1909 1507 1937 Joannem
1522 1912 1626 1946 scripta
1648 1919 1728 1943 sunt.
1748 1915 1787 1939 ui-

997 1955 1035 1981 hil
1058 1955 1169 1982 omnino
1188 1957 1337 1991 suscipere,
1357 1965 1371 1984 a
1389 1957 1487 1984 diebus
1510 1966 1575 1985 vero
1591 1959 1653 1993 ejus
1673 1968 1788 1995 evange-

997 2000 1106 2027 lizatum
1126 2009 1238 2036 regnum
1264 2003 1395 2029 ccelorum
1414 2003 1503 2030 solum
1520 2004 1649 2038 amplecti
1667 2015 1674 2031 :
1689 2012 1789 2032 semei-

997 2046 1071 2080 ipsos
1087 2047 1159 2073 enim
1183 2047 1338 2080 irriscrunt,
1354 2049 1469 2075 ridicula
1487 2054 1513 2075 et
1532 2050 1638 2076 ludicra
1658 2051 1787 2077 introdu-

996 2097 1098 2123 ceutes,
1111 2093 1217 2127 exiguis
1233 2094 1396 2127 quibusdam
1410 2095 1500 2121 verbis
1513 2096 1539 2121 iu
1559 2096 1617 2129 Ie-ge
1636 2097 1789 2123 adumbra-

161 2141 241 2166 wrha
266 2139 413 2174 suscipere.
430 2139 573 2165 invenietis
589 2139 722 2171 salutem;
748 2139 871 2165 nolentes
894 2146 943 2164 au-
960 2146 979 2172 ι)
996 2137 1040 2170 tis,
1055 2137 1211 2172 ignorantes
1236 2140 1299 2172 quia
1323 2140 1402 2166 malis
1416 2141 1438 2166 si
1458 2141 1682 2169 admiscerentur
1703 2143 1786 2174 bona,

161 2190 225 2216 tem,
238 2193 286 2212 vos
302 2190 420 2211 aeternus
435 2184 505 2219 ignis
516 2185 660 2211 absumere
673 2185 763 2211 habet.
780 2184 857 2211 Sicut
869 2185 940 2211 enim

160 2231 321 2266 Hymcmeus
340 2235 368 2257 et
391 2230 543 2257 Alexander
559 2239 568 2255 ι
582 2231 672 2257 traditi
692 2235 757 2257 sunt
778 2230 895 2262 Satanae,
912 2233 940 2256 ut

193 2291 204 2306 ⁷
216 2290 295 2317 Joan.
309 2298 362 2320 xvi.
379 2290 404 2317 8.
457 2290 468 2305 ⁸
485 2290 493 2316 I
508 2290 570 2317 Cor.
585 2298 644 2323 xm,
657 2291 683 2318 9.

157 2333 219 2358 xui,
235 2326 281 2353 ‘25.
320 2325 341 2340 "
354 2325 453 2360 Ephcs.
466 2333 503 2357 vr,
518 2326 561 2353 I2.

193 2385 249 2421 (6|)
263 2386 352 2421 Codex
369 2385 512 2421 Bobiensis
527 2393 580 2411 non
597 2385 688 2417 habet,
704 2395 713 2410 ι
725 2386 846 2420 quidem.
860 2395 869 2411 ι

194 2421 250 2456 (62,
267 2420 356 2447 Codex
372 2420 530 2456 Casiueusis
544 2421 624 2451 male,
642 2430 651 2445 ι
663 2422 758 2447 cernit.
773 2430 782 2446 ι

194 2455 250 2491 (ϋῦ)
270 2456 360 2482 Codex
373 2455 525 2485 Bobiensis,
547 2465 556 2480 σ
569 2456 764 2491 grammaticus
778 2462 804 2482 ct
820 2455 943 2489 discipli-

159 2499 199 2518 na:
214 2491 356 2517 rhetorica:
371 2490 437 2517 artis
456 2491 648 2524 peritissimus,
669 2496 695 2517 et
711 2490 849 2525 Egidius.
865 2500 873 2514 ι
889 2491 943 2517 Ilo-

158 2535 218 2552 rum
236 2531 327 2553 autem
351 2525 475 2559 judicuni
496 2526 626 2559 prirnutn.
652 2528 792 2559 gentilium
818 2526 940 2559 philoso-

160 2562 231 2595 phite
261 2561 365 2595 profess
377 2569 453 2592 tl‘L‘Ill,
482 2561 631 2586 secundum
658 2562 802 2592 ini-dmum,
833 2566 941 2587 tertium

160 2597 381 2629 grammaticum,
399 2600 526 2630 quartum
542 2596 678 2622 rhetorem
696 2597 758 2622 facit
776 2595 941 2630 Epiphanius

157 2638 232 2657 num.
250 2632 292 2657 10.

194 2666 249 2699 (64)
265 2665 354 2692 Codex
368 2665 536 2697 Casineusis,
560 2674 569 2690 ε
582 2671 712 2692 rectores.
728 2675 736 2689 ν

192 2701 249 2733 (65)
267 2700 357 2727 Codex
372 2700 523 2732 Bobiensis,
544 2709 553 2724 ι
563 2701 715 2727 convocati.
727 2710 735 2725 I

193 2735 247 2769 ltiti)
264 2735 355 2762 Codex
369 2736 538 2765 Casinensis,
559 2744 568 2759 ‹
581 2735 709 2769 plurima.
724 2744 733 2759 ι

184 2766 247 2804 (07)
264 2769 322 2797 Huc
351 2777 438 2805 usque
469 2766 590 2797 Valesius
617 2769 700 2797 edidit
718 2778 749 2796 ex
776 2770 869 2798 codice
883 2769 936 2796 Bo-

740 2291 750 2306 ⁸
766 2289 776 2316 1
792 2289 863 2316 Tim.
878 2298 926 2322 vn,
944 2289 989 2317 50.

997 2184 1128 2210 malorum
1148 2186 1322 2219 corruptione
1335 2185 1418 2211 etiam
1435 2193 1497 2219 qum
1512 2187 1585 2213 bona
1600 2194 1678 2218 sunt,
1692 2195 1786 2215 exter-

996 2230 1142 2255 minautur.
1160 2230 1190 2256 lit
1207 2230 1229 2257 si
1252 2231 1361 2264 quidem
1383 2236 1424 2258 est
1450 2231 1609 2266 quisquam,
1628 2235 1678 2267 qui
1700 2236 1788 2268 passit

1043 2290 1063 2304 ¹⁰
1079 2288 1173 2316 Matth.
1188 2290 1293 2322 vu,18.
1357 2291 1377 2306 ¹¹
1393 2289 1471 2318 Joan.
1486 2299 1545 2323 vui,
1557 2292 1604 2319 Η.
1652 2293 1675 2309 ¹¹
1690 2293 1785 2321 Matth.

997 2383 1094 2412 bienst.

1032 2421 1087 2454 (68)
1104 2419 1132 2446 In
1147 2421 1240 2448 codice
1258 2420 1409 2451 Casinensi.
1430 2430 1440 2446 ι
1452 2422 1526 2448 enim
1539 2421 1615 2448 dato.
1629 2431 1639 2448 ι

1032 2457 1088 2490 (b9)
1104 2455 1216 2483 Videtur
1231 2457 1273 2483 hic
1289 2457 1364 2482 locus
1376 2463 1390 2494 a
1403 2456 1518 2489 Maucte,
1536 2457 1578 2483 vel
1600 2458 1636 2484 ab
1657 2458 1787 2494 imperito

995 2491 1107 2527 librario
1123 2496 1282 2525 corruptus;
1301 2499 1362 2517 nam
1380 2491 1413 2527 in
1422 2499 1504 2518 sacro
1519 2497 1607 2523 textu,
1625 2501 1635 2517 ί
1646 2491 1785 2527 justitua.»

995 2526 1124 2552 scribitur
1135 2526 1272 2552 contrario
1290 2533 1382 2552 sensu.
1395 2525 1473 2552 Varia
1492 2532 1586 2553 autem
1611 2525 1700 2556 sacra:
1711 2529 1787 2555 Seri-

995 2565 1080 2597 ptura:
1108 2562 1167 2587 loca
1191 2561 1286 2587 dolose
1312 2562 1507 2597 interpolasse,
1525 2566 1609 2596 atque
1625 2566 1787 2597 corruptae

995 2595 1127 2632 Manetcni
1145 2596 1517 2632 diserterArcheausasserit
1531 2595 1602 2623 infra
1615 2606 1679 2632 cap.
1695 2595 1744 2630 33,
1761 2604 1786 2625 α

994 2638 1026 2657 ex
1044 2631 1195 2665 Epiphanio
1206 2631 1340 2665 colligitur
1355 2631 1381 2656 in
1393 2630 1518 2664 ejusdem
1535 2632 1632 2659 hauesi
1651 2630 1782 2660 inun.56.

1030 2665 1085 2701 [70)
1108 2664 1220 2692 Videtur
1235 2664 1369 2699 respicere
1387 2669 1481 2692 manes
1492 2667 1526 2694 ad
1544 2667 1590 2694 illa
1605 2667 1687 2694 Joan.
1705 2677 1727 2701 ι,
1741 2668 1759 2696 5
1775 2677 1783 2694 :

996 2709 1006 2724 ι
1018 2699 1050 2726 Et
1066 2701 1183 2726 tenebrae
1197 2708 1257 2727 cum
1275 2708 1327 2726 non
1347 2701 1629 2735 comprehenderunt.
1644 2713 1654 2728 ι

1028 2735 1081 2770 (71)
1097 2735 1124 2761 In
1140 2736 1233 2763 codice
1245 2735 1399 2767 Casinensi,
1421 2745 1431 2760 ι
1442 2736 1585 2764 disserens
1595 2747 1606 2763 ι
1622 2738 1730 2774 legitur.
