1848 3043
65 87 133 116 M55

630 87 704 116 CUM
721 86 864 114 MANETE
884 87 1157 116 HA'L'RESIARCHA.

1623 87 1693 114 ΗΜ

64 148 216 181 ostendere,
240 148 326 182 legem
356 148 424 175 recti
455 151 592 175 tenentem
611 155 683 181 esse,
702 148 780 175 debet
796 156 848 175 cu-
865 151 888 178 Α
902 149 1021 177 dicimus
1037 149 1225 176 monarehiam
1243 149 1324 176 unius
1335 153 1449 180 naturae,
1463 153 1490 175 et
1504 148 1594 175 omnia
1610 147 1691 175 Deum

64 194 174 226 stodiri;
191 194 234 221 sin
256 199 347 221 autem
370 194 469 220 malam
496 194 650 226 ostendere,
668 194 847 221 interimenda

63 244 105 267 est
116 243 142 267 et
160 240 325 274 abjieienda,
347 240 448 274 quippe
463 248 524 274 quae
536 240 634 267 mortis
651 239 706 275 (72)
725 240 849 268 ministe-

65 285 134 313 rium
165 285 287 312 continet
315 285 614 320 informatuin”,qum
637 286 727 313 vultus
764 286 848 322 Moysi

62 330 186 366 gloriam,
204 335 360 366 contegens,
377 331 521 359 destruxit.
541 331 597 359 Non
626 338 668 360 est
689 334 771 369 igitur
788 335 849 362 sine

62 376 182 410 periculo
195 376 322 411 cuiquam
337 382 456 404 vestrum
476 378 578 411 pariter
593 386 656 405 eum
673 379 730 412 lege
744 385 771 406 et
786 387 849 414 pro-

62 422 148 455 phetis
173 429 274 447 novum
292 420 509 454 Testamentum,
538 428 667 458 tanquam
686 424 742 458 (75)
767 425 849 452 unius

60 468 116 494 sitit
138 472 263 502 utraque,
287 468 402 500 docere,
421 469 520 503 quippe
541 477 602 496 cum
632 476 744 497 renovet
760 471 793 497 de
806 471 849 498 die

61 514 87 540 in
114 514 184 541 diem
211 513 361 540 Salvatoris
377 515 463 541 nostri
476 515 607 548 eruditio;
625 516 670 542 illa
692 524 757 543 vero
774 523 848 543 vete-

62 568 173 586 i'asceiis
186 566 212 586 et
226 567 373 587 senescens
392 569 476 596 prope
489 561 680 588 exterminium
694 561 750 588 fiat.
769 561 848 595 Quod

60 606 237 633 manifestum
256 611 298 634 est
319 607 372 637 his,
392 608 437 641 qni
459 607 650 634 discretionem
670 608 769 635 habere
785 617 849 643 pos-

60 656 142 684 sunt;
159 652 223 686 quia
251 652 322 679 sicut
347 652 455 679 arboris
471 660 532 678 eum
550 653 692 679 sentiet-int
711 654 791 686 rami,
807 654 848 680 vel

59 704 171 725 truncus
185 698 301 724 fructum
316 698 386 725 ultra
406 707 459 725 non
477 698 564 729 affert,
577 698 621 724 sed
640 699 847 732 abscinduntur,

58 750 84 771 et
103 745 222 772 membra
240 753 386 779 COI'pOlUlll
405 753 466 772 etim
482 750 613 779 corrupta
626 745 737 778 fuerint,
753 754 849 780 ampu-

57 795 153 817 tnntur
170 799 176 816 :
192 791 377 825 corruptionis
393 791 465 817 enim
488 791 563 817 virus
586 799 619 817 ex
647 791 776 818 membris
802 800 850 826 per

58 842 141 861 omne
156 842 256 869 corpus
274 835 437 867 infunditur,
456 840 482 862 et
500 835 554 863 nisi
576 835 689 863 artiﬁcis
709 837 849 870 diligentia

58 881 211 907 remedium
223 881 336 907 morbus
350 882 495 915 acceperit,
511 889 611 916 corpus
626 881 706 909 omiie
718 883 848 915 vitiatur;

59 927 97 953 ita
114 934 177 961 ergo
193 931 220 953 et
235 927 397 961 recipientes
412 927 510 962 legem,
530 928 582 955 nisi
597 930 781 963 cognoveritis
800 938 849 956 cu-

55 973 103 1007 jus
116 973 161 1005 sit,
174 973 281 999 animus
305 981 367 1000 cum
384 974 472 1000 salute
489 975 616 1008 perdetis.
640 985 648 1001 ι
663 975 717 1001 Lex
732 977 804 1002 enim
823 981 850 1003 et

56 1020 197 1054 propheta:
213 1027 299 1054 usque
313 1020 345 1046 ad
359 1018 492 1046 Joannem
505 1019 655 1055 Baptistam
669 1022 701 1053 ⁸⁵,
718 1031 727 1046 ι
742 1029 755 1047 a
766 1021 850 1048 Joan-

56 1073 94 1093 ne
108 1073 172 1093 vero
187 1066 230 1092 lex
248 1067 381 1098 veritatis,
398 1067 440 1093 lex
457 1067 682 1102 promissionum,
698 1068 739 1094 lex
765 1068 849 1095 caelo—

57 1121 135 1144 rum,
153 1113 196 1139 lex
214 1118 393 1140 annuntiatur
412 1113 533 1141 humano
553 1115 646 1148 generi
662 1123 741 1142 nova.
765 1114 849 1150 Equi-

55 1159 121 1187 dem
137 1159 222 1186 donec
236 1167 290 1186 non
317 1165 377 1186 erat
391 1161 437 1194 qui
449 1160 618 1187 verissimam
644 1161 784 1188 scientiam
797 1161 850 1188 Do-

55 1207 127 1234 mini
153 1207 239 1233 nostri
260 1206 324 1234 Jesu
351 1206 429 1233 vobis
451 1207 618 1239 ostenderet,
636 1211 779 1242 peccatum
793 1215 847 1233 non

55 1252 202 1280 habebatis
221 1262 227 1279 :
244 1261 317 1280 nunc
333 1257 424 1279 autem
438 1257 465 1279 et
480 1253 587 1284 videtis,
608 1258 634 1280 et
645 1252 757 1285 auditis,
774 1258 801 1280 et
820 1253 847 1279 in

55 1300 184 1327 iiiscitias
201 1299 257 1336 (ἷιῐ)
270 1301 308 1327 ire
325 1300 419 1332 vultis,
432 1304 462 1326 ut
479 1300 565 1334 legem
580 1308 640 1335 qua:
655 1301 793 1327 destructa
807 1304 849 1327 est

54 1351 86 1373 et
99 1346 203 1378 relicta,
216 1346 272 1381 (75)
291 1347 361 1374 sicut
377 1345 477 1373 Paulus
489 1346 535 1381 qui
551 1346 622 1380 apud
644 1353 694 1373 vos
711 1346 848 1380 probatis-

55 1393 148 1419 simus
167 1392 293 1425 habetur,
316 1393 355 1419 ait
380 1392 406 1419 in
432 1392 550 1426 quadam
578 1391 698 1426 Epistula
727 1399 776 1419 sua
796 1392 848 1419 hoc

56 1438 141 1465 modo
158 1445 166 1464 :
187 1447 196 1463 ι
212 1437 239 1464 Si
254 1438 326 1465 enim
341 1446 402 1473 qua:
418 1438 539 1464 destruxi
563 1438 620 1465 lia'e
634 1438 732 1465 iterum
749 1438 846 1464 rezedi-

55 1483 122 1516 lico,
142 1484 379 1518 praevaricatorem
396 1492 439 1511 mc
455 1484 595 1511 constituo
609 1484 640 1511 '6.
651 1494 660 1509 ι
680 1483 737 1511 lloc
752 1488 843 1510 autem
865 1511 883 1519 Α

900 196 1016 230 replere,
1029 200 1054 223 et
1067 195 1170 222 nullum
1189 202 1250 222 esse
1263 199 1339 221 extra
1362 202 1424 221 eum
1445 194 1546 224 locum.
1560 194 1622 228 quis
1642 193 1695 222 erit

900 245 1031 268 creaturae
1055 240 1216 275 susceptor?
1234 240 1278 267 iihi
1299 240 1422 274 gelienna
1444 239 1532 273 ignis?
1549 239 1594 266 ubi
1619 244 1695 266 tene-

900 286 955 314 hrze
969 287 1137 314 exteriores?
1153 287 1198 313 ubi
1215 285 1315 313 ﬂetus?
1329 285 1356 312 ln
1383 285 1442 319 ipso
1466 285 1575 312 dicam?
1596 285 1692 318 Absit;

899 332 1019 366 alioquin
1038 332 1121 358 ctiam
1137 332 1195 366 ipse
1211 332 1238 358 in
1259 331 1300 358 his
1316 331 1417 365 pariter
1435 330 1612 357 cruciabitnr.
1633 329 1694 357 Non

900 379 951 404 ista
968 378 1092 405 sentiatis
1110 385 1267 412 qmcuiique
1281 377 1377 404 salutis
1394 381 1490 403 vestra:
1508 384 1599 403 curam
1623 377 1695 410 geri—

900 426 951 457 tis;
970 425 1123 459 cxemplum
1147 425 1219 450 enim
1239 423 1313 450 vobis
1330 423 1430 455 dicam,
1446 427 1474 449 iit
1491 423 1598 457 plenius
1614 422 1693 449 intel-

900 471 999 505 ligatis.
1016 470 1106 497 Unum
1125 478 1171 496 vas
1186 475 1227 496 est
1243 470 1376 502 mundus;
1393 469 1464 503 quod
1482 468 1527 495 Dei
1542 469 1694 496 substantia

900 522 986 544 totum
1014 517 1066 543 hoc
1088 524 1135 544 vas
1159 516 1288 550 replevit,
1315 515 1453 550 quomodo
1473 515 1528 548 jam
1555 519 1643 549 potest
1667 516 1693 541 in

901 562 960 597 ipso
977 569 1040 588 vase
1056 561 1159 596 aliquid
1175 561 1293 595 amplius
1311 561 1423 595 reponi?
1439 560 1468 587 Si
1487 560 1618 594 repletum
1640 565 1692 592 est,

899 607 1037 642 qtiomodo
1069 607 1199 640 suscipiet
1225 607 1297 641 quod
1325 607 1444 641 ponitur,
1472 606 1525 633 nisi
1547 611 1694 633 evacuetur

899 654 933 681 de
949 662 1011 681 vase
1029 661 1090 688 pars
1111 654 1220 687 aliqua?
1242 653 1295 680 Λιιι
1320 661 1375 687 quo
1398 653 1520 687 proficiet
1543 653 1614 687 quod
1632 660 1695 679 eia-

899 701 1036 732 cuuhitur,
1062 707 1124 726 cum
1147 700 1222 726 locus
1244 707 1300 726 neti
1319 699 1372 725 sit?
1390 699 1437 726 Ubi
1459 699 1549 726 terra?
1570 699 1616 725 ubi
1636 707 1693 726 ρω-

900 747 976 773 luiii?
997 747 1043 773 ubi
1061 746 1196 781 ahyssus?
1210 746 1254 772 ubi
1272 746 1374 772 stellze?
1394 746 1440 773 ubi
1458 746 1554 773 sedes?
1578 746 1624 772 uhi
1644 754 1693 780 po-

900 792 1030 819 testates?
1055 793 1100 820 ubi
1129 792 1282 827 principes?
1306 791 1351 818 uhi
1381 792 1498 819 tenebrae
1525 793 1695 820 exteriores?

865 827 886 854 Β
901 839 963 874 quis
979 843 1021 866 est
1036 839 1082 873 qui
1097 839 1195 865 horum
1212 839 1303 873 posuit
1319 838 1505 870 fundamenta,
1517 843 1544 866 et
1558 839 1622 866 ubi?
1633 839 1692 866 Non

900 889 990 919 potest
1011 883 1110 918 aliquis
1129 884 1230 914 dicere,
1253 884 1305 910 nisi
1323 883 1392 910 forte
1417 884 1595 919 blasphemet.
1621 884 1695 917 Quo-

901 930 983 957 modo
995 934 1087 956 autem
1102 933 1128 956 et
1140 930 1258 956 condere
1275 929 1362 964 potuit
1377 934 1516 957 creaturas
1531 938 1585 957 non
1603 931 1694 958 subsi-

900 980 989 1002 stente
1003 973 1174 1001 materia?Si
1192 974 1264 1000 enim
1280 974 1313 1001 de
1327 982 1380 1000 non
1397 975 1578 1008 exstantibus,
1596 983 1695 1002 consc-

900 1026 1000 1055 quetur
1022 1020 1078 1055 (76)
1098 1020 1146 1047 has
1177 1020 1299 1047 visibiles
1316 1024 1455 1048 creaturas
1475 1022 1601 1048 meliores
1621 1030 1693 1054 esse,

899 1073 926 1094 et
943 1066 1071 1094 omnibus
1086 1066 1232 1093 virtutibus
1249 1066 1353 1100 plenas.
1379 1066 1456 1099 Quod
1475 1067 1498 1094 si
1515 1068 1619 1094 malitia
1640 1072 1692 1099 est,

899 1118 926 1140 et
941 1121 1015 1140 mors
1039 1113 1066 1139 iii
1083 1111 1134 1144 eis,
1156 1116 1182 1138 et
1198 1113 1348 1146 corruptio,
1368 1117 1395 1139 ct
1410 1113 1433 1139 si
1455 1114 1519 1147 quid
1541 1113 1613 1141 bono
1628 1121 1695 1141 cou-

900 1161 1013 1187 trarium
1037 1164 1096 1191 est;
1115 1158 1254 1194 quomodo
1280 1166 1312 1185 ex
1338 1159 1390 1186 alia
1412 1164 1508 1186 natura
1529 1160 1614 1187 factas
1635 1168 1695 1187 esse

899 1215 946 1234 cas
960 1206 1096 1233 dicimus?
1119 1206 1148 1232 Si
1173 1213 1236 1232 vero
1252 1205 1429 1232 consideretis
1454 1207 1592 1240 quomodo
1612 1214 1694 1240 gene-

900 1257 997 1280 rentur
1014 1252 1061 1279 filii
1077 1252 1231 1284 hominum,
1246 1251 1390 1279 invenietis
1405 1260 1459 1278 non
1473 1259 1534 1279 esse
1549 1251 1694 1280 Dominum

900 1299 1020 1326 hominis
1035 1303 1204 1330 creatorem;
1222 1298 1268 1325 sed
1285 1298 1378 1328 alium,
1392 1298 1438 1332 qui
1453 1302 1480 1325 et
1498 1298 1555 1333 ipse
1569 1299 1695 1333 ingenita-

899 1350 940 1371 est
959 1348 1074 1376 naturae,
1093 1344 1172 1377 cujus
1186 1343 1312 1370 conditor
1329 1343 1430 1374 nullus,
1447 1351 1496 1370 nec
1510 1348 1628 1375 creator,
1644 1351 1692 1371 nec

900 1390 985 1418 factor
1000 1395 1052 1422 est,
1068 1390 1115 1417 sed
1132 1390 1189 1416 sola
1207 1389 1310 1415 malitia
1330 1396 1378 1416 sua
1393 1389 1473 1415 talem
1490 1397 1550 1416 eum
1567 1389 1692 1424 protulit.

899 1436 947 1463 Est
967 1435 1049 1470 igitur
1068 1436 1144 1462 vobis
1166 1435 1324 1462 hominibus
1347 1436 1501 1462 coniniistio
1518 1443 1579 1462 cum
1600 1437 1694 1463 uxori-

900 1481 951 1508 bus
964 1480 1073 1512 vestris,
1091 1483 1124 1506 de
1142 1479 1331 1514 hujuscemodi
1349 1480 1493 1507 occasione
1512 1481 1692 1508 descendens.

55 1529 136 1561 dicit,
154 1530 269 1564 gentiles
283 1537 331 1557 eos
350 1530 487 1564 judicans,
509 1535 618 1564 propter
636 1530 709 1564 quod
728 1531 779 1557 sub
793 1531 848 1558 cle.
862 1514 883 1541 C
900 1526 968 1553 Cum
989 1526 1051 1560 quis
1071 1530 1190 1553 vestrum
1211 1525 1366 1566 carnalibus
1384 1526 1499 1561 aliisque
1523 1527 1592 1554 cibis
1611 1526 1694 1554 fuerit

55 1577 159 1604 mentis
181 1577 276 1603 mundi
306 1582 399 1603 essent
411 1577 444 1609 ”,
463 1585 622 1611 priusquam
640 1577 744 1604 venerit
765 1577 850 1611 pleni-

56 1622 129 1649 tudo
145 1622 218 1654 tidei,
233 1622 376 1650 credentes
387 1622 413 1648 in
432 1622 490 1657 lege
505 1626 531 1648 et
546 1622 696 1657 prophetis.

93 1667 164 1694 XlV.
183 1667 292 1694 Iudices
318 1667 441 1694 dixerunt
456 1675 465 1693 :
488 1667 516 1693 Si
541 1668 606 1702 quid
626 1668 715 1695 adhuc
733 1667 850 1695 manife-

55 1713 130 1740 stius
151 1713 245 1745 habes,
267 1713 311 1740 die
336 1714 369 1740 de
393 1712 523 1740 doctrina:
546 1717 599 1739 tuae
624 1713 714 1745 modo,
740 1718 767 1740 et
789 1713 849 1740 fidei

55 1759 149 1787 titulo.
166 1759 258 1786 Manes
276 1760 367 1786 dixit:
388 1759 444 1794 Ego
467 1759 535 1786 duas
560 1763 672 1786 naturas
694 1767 756 1786 esse
777 1760 848 1790 dico,

55 1813 143 1832 unam
164 1806 274 1838 b0iiain,
297 1810 324 1833 et
344 1806 455 1832 alteram
477 1804 593 1838 malam;
612 1811 638 1832 et
656 1813 716 1832 eam
740 1806 849 1839 quidem

54 1859 123 1887 quae
147 1852 217 1879 bona
240 1856 292 1883 est,
317 1851 343 1878 in
367 1852 531 1886 quibusdam
557 1851 681 1885 partibus
708 1851 848 1884 habitare;

55 1898 160 1926 malam
177 1905 242 1925 Vero
257 1905 318 1925 esse
331 1902 385 1925 tam
403 1898 535 1924 mundum
555 1897 638 1929 hunc,
655 1905 736 1932 quam
758 1898 850 1924 omnia

54 1953 122 1980 qua:
140 1945 166 1971 in
184 1953 217 1972 eo
233 1949 306 1977 sunt,
327 1952 387 1979 qum
401 1944 479 1979 quasi
497 1944 632 1979 ergastula
647 1943 673 1970 in
695 1947 770 1978 parte
790 1951 850 1970 ina-

54 1990 126 2025 ligiii
143 1990 229 2025 posita
244 1994 318 2020 sunt,
337 1990 409 2017 sicut
427 1989 465 2016 ait
479 1988 618 2017 Joannes:
641 1998 650 2015 ι
670 1988 756 2017 Totus
769 1997 850 2015 mun-

53 2037 112 2064 dus
139 2037 166 2063 in
189 2037 308 2072 maligno
326 2041 368 2063 est
391 2036 497 2071 positus
514 2035 546 2068 ⁸⁸,
568 2045 577 2061 ι
598 2040 626 2062 et
648 2043 702 2062 non
730 2036 757 2062 in
784 2035 847 2062 Deo.

53 2082 206 2117 Propterea
223 2083 278 2109 duo
293 2083 352 2110 loca
367 2090 427 2109 esse
440 2082 570 2115 diximus,
590 2090 673 2109 unum
694 2082 807 2115 bonum,
824 2087 852 2109 et

53 2129 144 2156 alium
160 2129 206 2163 qui
222 2133 299 2156 extra
313 2136 375 2155 eum
390 2133 445 2161 est,
457 2133 486 2155 ut
501 2129 527 2154 in
546 2128 587 2156 his
602 2129 718 2163 spatium
735 2129 850 2160 habens,

901 1573 1026 1603 satiatus,
1043 1577 1107 1598 tunc
1121 1572 1144 1598 ei
1162 1571 1389 1605 cuneiipiseentiie
1410 1572 1534 1599 oboritur
1558 1573 1692 1606 incitatio,

901 1624 928 1647 et
954 1620 989 1646 ita
1009 1618 1157 1653 generandi
1180 1618 1228 1644 lilii
1256 1618 1363 1645 fructus
1383 1623 1507 1653 augetur,
1532 1624 1562 1646 ut
1585 1627 1639 1646 non
1658 1628 1693 1647 ex

901 1668 1001 1695 virtute
1016 1668 1119 1702 aliqua,
1137 1674 1188 1694 nec
1202 1674 1234 1693 ex
1253 1666 1434 1701 philosophia,
1450 1675 1501 1695 nec
1516 1675 1549 1695 ex
1570 1669 1624 1695 alio
1638 1669 1694 1696 ullo

902 1714 1059 1746 intellectu;
1077 1713 1125 1740 sed
1138 1720 1170 1740 ex
1186 1713 1243 1739 sola
1269 1712 1393 1740 ciborum
1409 1713 1543 1746 satietate,
1563 1719 1589 1741 et
1604 1715 1694 1742 libidi-

902 1768 946 1793 ne,
967 1765 994 1786 ct
1020 1759 1211 1787 fornicatione.
1236 1759 1269 1786 Et
1291 1760 1429 1794 quomodo
1455 1761 1521 1787 mihi
1547 1762 1693 1796 quisquam

901 1806 982 1838 dicet,
998 1805 1061 1840 quia
1079 1804 1113 1831 ad
1130 1805 1275 1840 imaginem
1288 1804 1335 1832 Dei
1352 1805 1439 1832 factus
1454 1810 1496 1832 est
1509 1811 1584 1840 pater
1600 1814 1694 1834 noster

901 1853 999 1885 Adam,
1013 1858 1038 1879 ct
1057 1852 1090 1878 ad
1114 1851 1334 1885 similitudinem,
1360 1857 1388 1879 et
1411 1852 1507 1879 similis
1534 1858 1575 1880 est
1600 1853 1624 1880 ei
1646 1854 1694 1887 qui

901 1898 966 1926 fecit
1000 1898 1082 1925 eum?
1107 1899 1249 1931 Quomodo
1276 1906 1371 1926 omnes
1391 1898 1496 1932 qui,“
1519 1906 1551 1925 eo
1574 1900 1694 1934 generati

901 1952 1008 1978 sumus,
1027 1944 1130 1971 similes
1144 1945 1168 1971 ei
1184 1945 1298 1971 sumtis?
1312 1945 1366 1971 imo
1381 1952 1446 1971 vero
1460 1946 1617 1972 econtrario
1632 1945 1694 1980 plu-

902 1991 979 2018 rimae
1003 1990 1084 2018 nobis
1106 1994 1170 2017 sunt
1195 1990 1307 2022 ferme,
1332 1990 1433 2017 diversi
1461 1991 1552 2018 vultus
1577 1991 1694 2019 ferentes

901 2036 1036 2071 elligicm?
1050 2035 1129 2068 Quod
1146 2043 1229 2070 quatit
1249 2043 1344 2061 verum
1365 2036 1417 2068 sit,
1436 2035 1629 2063 demonstrabo
1647 2044 1695 2063 vo-

902 2082 944 2109 bis
959 2082 986 2108 in
1003 2081 1151 2116 parabolis.
1174 2080 1319 2107 Intuemini
1336 2081 1401 2107 mihi
1422 2081 1540 2115 aliquem
1559 2081 1693 2109 volentem

903 2129 1062 2156 thesaurum
1077 2133 1123 2154 aut
1135 2127 1237 2162 aliquid
1252 2127 1326 2153 aliud
1344 2127 1452 2162 signare
1464 2127 1530 2162 (77),
1546 2132 1572 2154 et
1583 2133 1693 2162 accepta

52 2179 154 2210 p0ssct
174 2175 202 2202 in
224 2183 254 2202 se
270 2175 408 2210 suscipere
425 2180 578 2202 creaturam
600 2174 704 2201 mundi.
730 2174 758 2201 Si
779 2175 850 2201 enim
867 2184 889 2211 ι)
904 2183 977 2207 cera,
1000 2174 1041 2201 vel
1066 2174 1123 2201 luto
1147 2174 1216 2201 velle
1239 2174 1330 2200 vultus
1359 2173 1401 2199 sui
1425 2173 1594 2206 signaculum
1619 2174 1694 2208 quod

364 2247 385 2263 ”
398 2246 464 2274 Luc.
480 2255 535 2279 xw,
550 2247 593 2273 16.
633 2246 655 2263 ¹⁶
672 2246 730 2274 Gal.
748 2255 777 2280 ii,
793 2247 837 2275 18,

93 2248 120 2265 ³³
134 2248 156 2274 ll
168 2248 231 2275 Cor.
247 2256 285 2281 γι,
299 2247 325 2274 7.

93 2317 153 2352 (7;))
168 2317 218 2344 llic
233 2325 303 2344 unus
316 2325 348 2344 ex
364 2317 416 2344 illis
432 2324 518 2344 sacra:
536 2316 683 2351 Scripturze
698 2318 766 2345 locis
781 2326 842 2346 esse

50 2353 177 2384 videtur,
192 2361 260 2387 quos
271 2352 374 2385 Manes,
391 2352 525 2379 Archelao
541 2357 608 2379 teste
625 2354 652 2379 in
669 2361 728 2387 cap.
743 2353 777 2379 55
789 2354 842 2380 liu-

50 2390 104 2424 jiis
115 2388 362 2424 iiisputationis,ad
376 2396 454 2415 stiam
467 2387 629 2414 fulciendain
647 2387 844 2424 lizpresiiiimr—

53 2423 135 2458 rupit
149 2432 156 2450 :
170 2432 230 2450 nam
247 2423 383 2450 diversum
404 2430 514 2449 sensum
532 2430 586 2456 pra:
608 2430 637 2449 se
665 2423 753 2450 ferunt
769 2423 846 2450 Pauli

51 2460 144 2486 verba
167 2460 200 2485 ad
222 2466 283 2493 quae
308 2459 428 2492 respicit,
452 2463 506 2484 tam
537 2459 562 2484 in
578 2458 686 2491 vulgata
715 2459 845 2491 editione,

53 2502 144 2529 quatit
159 2493 231 2528 apud
244 2493 408 2520 Archelaum
423 2498 546 2529 nostrum
562 2493 632 2519 infra
645 2500 706 2527 cup.
723 2494 768 2521 45.

94 2529 156 2564 (75)
169 2531 205 2555 Ita
219 2529 321 2555 codicis
334 2529 492 2556 Casiuensis
506 2528 648 2554 lectionem
662 2529 842 2560 correximus,

54 2566 85 2591 in
116 2571 173 2597 quo
201 2565 332 2598 scriptum
347 2568 399 2598 est,
420 2573 429 2590 ι
444 2571 544 2590 novum
569 2564 765 2596 testiinonium,
788 2569 846 2590 tuiii

52 2605 204 2632 tauquam.
217 2609 228 2624 ι
631 2620 635 2625 .

94 2634 153 2670 (74)
174 2633 263 2670 Locus
280 2638 444 2668 corruptus:
459 2633 538 2664 forte,
553 2642 563 2658 ι
581 2637 606 2659 et
619 2633 734 2670 inficias.
751 2642 761 2659 ι

95 2669 156 2704 (75)
177 2669 257 2697 Deest
277 2669 404 2702 fortasse,
422 2678 432 2694 ι
453 2669 614 2700 observetis,
628 2677 638 2693 ι
663 2669 703 2694 vel
724 2669 789 2703 quid
812 2669 849 2696 si-

53 2705 135 2733 mile.

93 2739 155 2778 (th)
174 2738 205 2778 l_n
220 2739 313 2778 codice
327 2739 470 2778 Casiiiensi
489 2742 540 2778 est,
560 2748 574 2778 ι¹
589 2744 813 2778 eonscquentem.
836 2749 845 2765 ι

93 2774 154 2810 (77)
174 2775 309 2810 Antiquos
323 2776 430 2802 aiiiiiilis
447 2774 537 2801 omnia
554 2774 686 2810 signasse,
697 2782 757 2809 qua:
770 2782 785 2801 a
800 2776 848 2801 do-

53 2808 282 2840 mestieorum'et
295 2817 436 2838 servorum
459 2809 562 2844 rapinis
585 2808 721 2837 vindicare
742 2816 848 2846 satage-

876 2249 897 2264 ¹⁷
917 2248 977 2276 Gal.
993 2247 1068 2279 μηδ.
1107 2246 1130 2262 ¹⁸
1150 2245 1160 2272 l
1181 2245 1261 2272 Joan.
1280 2253 1307 2278 v,
1326 2245 1369 2272 l9.

893 2319 970 2350 bant,
999 2324 1088 2348 arcas,
1115 2316 1245 2347 armaria,
1271 2315 1436 2350 amphoras,
1461 2323 1560 2348 penum
1584 2315 1693 2350 aliaque

894 2353 968 2380 furto
983 2360 1014 2379 ac
1029 2352 1131 2386 rapina:
1144 2352 1273 2383 obnoxia,
1293 2358 1340 2377 res
1351 2351 1496 2377 notissima
1511 2355 1553 2377 est
1570 2352 1692 2386 antiqui-

897 2389 961 2415 tatis
982 2388 1111 2414 llomaiim
1130 2392 1157 2413 et
1177 2386 1278 2413 Grmcaa
1297 2386 1438 2416 studiosis,
1464 2386 1551 2420 deque
1575 2393 1606 2412 ca
1631 2391 1693 2421 post

899 2423 966 2450 alios
974 2424 1026 2449 late
1039 2423 1094 2456 agit
1103 2421 1303 2448 Kirchinanuus
1312 2420 1352 2447 De
1359 2421 1477 2452 (inutilis,
1492 2421 1688 2456 0.10.7Anituli

897 2459 931 2485 ad
948 2459 1000 2485 hoc
1015 2455 1090 2487 facti,
1104 2457 1255 2492 signatorii‘.
1268 2461 1295 2482 et
1315 2456 1481 2490 sigi‘latarii,
1498 2460 1525 2482 et
1541 2463 1555 2482 a
1571 2455 1691 2490 Vopisco

899 2494 926 2519 in
941 2492 1251 2527 AURELI.\N0£lgtHdllIll
1266 2496 1473 2525 nuncupantur;
1486 2491 1550 2525 quin
1565 2496 1591 2518 et
1603 2492 1694 2526 signa-

901 2529 972 2560 cula,
988 2535 1017 2554 ut.
1034 2528 1156 2554 Archelai
1175 2527 1364 2561 disputationis
1386 2527 1519 2560 interpres
1535 2526 1624 2557 vertit,
1637 2527 1692 2554 dici

901 2571 982 2598 posse
998 2563 1064 2590 scite
1084 2563 1166 2598 tradit
1183 2561 1334 2598 Salmasius
1353 2560 1390 2587 De
1401 2561 1595 2598 rsuba'ignamlis
1612 2567 1694 2588 trita-

903 2597 1013 2631 nicntis,
1041 2605 1102 2632 cap.
1128 2597 1172 2624 l9.
1196 2597 1264 2624 Cera
1286 2602 1376 2632 autem
1400 2597 1426 2622 in
1454 2597 1524 2632 hunc
1547 2604 1607 2632 rem,
1627 2604 1693 2625 usos

902 2633 987 2660 fuisse
1004 2630 1108 2660 veteres
1133 2633 1186 2659 late
1210 2633 1306 2666 probat
1330 2630 1444 2658 Vossius
1467 2631 1505 2657 De
1525 2631 1692 2664 idololatria,

905 2668 952 2694 lib.
968 2676 1004 2698 iv,
1020 2676 1080 2702 cap.
1095 2668 1139 2694 9i.
1157 2667 1194 2694 De
1206 2673 1292 2697 creta,
1307 2674 1388 2701 quam
1406 2669 1488 2692 lutum
1504 2666 1574 2693 idem
1589 2667 1694 2693 Arche-

904 2703 939 2729 lai
961 2703 1095 2736 interpres
1124 2707 1219 2733 vocat,
1248 2703 1324 2728 testis
1350 2707 1390 2728 cst
1413 2702 1524 2728 Senius
1548 2702 1573 2728 in
1597 2702 1643 2728 lib.
1667 2709 1692 2728 tv

901 2737 1043 2768 At'neidos,
1058 2738 1091 2764 ad
1111 2737 1155 2764 illa
1172 2738 1253 2764 verba
1268 2747 1274 2764 ε
1289 2737 1421 2771 ιοιιῃαξυα
1435 2738 1569 2769 sacerdos,
1589 2738 1634 2764 ubi
1651 2736 1693 2763 Si-

902 2773 978 2809 bylla:
993 2773 1066 2809 apud
1087 2773 1189 2809 Cumas
1209 2774 1300 2807 agenti
1320 2773 1355 2799 ab
1377 2772 1531 2809 Erythraeis
1546 2773 1688 2807 epistolam

901 2807 1014 2837 missam
1030 2807 1115 2836 fuisse
1134 2807 1234 2841 refert,
1251 2816 1260 2834 ι
1275 2808 1390 2843 antiquo
1413 2807 1489 2844 more
1510 2807 1654 2843 signatam.
1671 2816 1682 2833 ι
