1848 3043
162 87 229 114 Ἰξῖῑῖί

656 87 746 115 ACTA
783 87 1048 115 DlSl‘UTATtOXIS
1069 88 1099 116 S.
1125 88 1298 115 AllCllELAl

1731 86 1784 112 “3-6

160 148 238 183 gerit,
255 148 423 183 exprimere;
440 151 511 182 quod
529 149 550 176 si
575 149 644 175 alius
666 158 774 184 quoque
797 150 887 177 vultus
908 151 949 176 sui
968 155 985 180 Α
1003 150 1123 178 cessatio
1137 155 1244 184 ex-petet
1261 150 1331 185 lsi).
1354 150 1459 176 interea
1485 147 1639 182 aliquando
1665 146 1784 181 respondit

162 196 276 230 ligatam
292 194 416 220 similiter
427 195 602 228 expressrrit,
617 195 739 229 nunquid
757 196 847 223 simile
856 197 950 230 signa-

160 240 252 266 culum
271 238 430 273 apparebit?
446 237 634 272 Nequaquam,
654 240 760 266 etiamsi
779 249 826 267 vos
846 241 949 271 nolitis,

158 286 230 320 quod
249 291 340 310 verum
359 288 409 315 est,
425 285 558 311 conliteri.
583 285 659 317 Quod
683 286 705 312 si
726 294 779 312 non
802 294 899 313 smnus
914 287 950 313 si-

159 331 236 358 miles
262 330 287 356 in
312 329 464 365 signaculo,
491 331 536 357 sed
562 335 603 357 est
630 331 656 358 in
685 332 764 359 nobis
788 333 948 363 differentia,

158 376 297 411 quomodo
316 384 368 402 non
388 375 519 410 probatur
537 377 689 411 principum
708 386 769 408 nos.
788 383 814 405 et
830 379 950 405 Inateriw

157 431 216 450 esse
235 423 388 450 facturam:
405 423 554 450 secundum
578 424 650 450 enim
671 424 726 459 (78)
751 425 871 459 ipsorum
895 426 950 453 tor-

158 478 241 502 mam,
253 475 280 496 et
293 470 509 502 similitmlinetn,
522 475 549 497 et
566 470 709 504 imaginem
722 471 803 497 etiam
816 479 865 499 nos
879 472 951 499 exsi-

158 517 256 543 stitnns
273 515 367 542 l‘orm:c
388 516 512 543 diversat.
527 516 604 548 Quod
624 516 646 543 si
663 523 722 543 eam
737 525 799 551 qua:
818 525 848 544 ex
870 517 949 544 initio

158 561 228 588 facta
255 561 412 588 commislio
436 566 486 593 est,
505 566 532 588 et
556 561 675 596 qualiter
704 562 773 589 facta
800 563 844 594 sit,
869 564 949 590 \nltis

157 608 289 638 ediscere,
305 607 420 634 edicam.

193 653 249 679 XV.
270 652 377 679 Jutlices
393 653 514 679 αἰτίη-11111
530 663 539 680 ;
556 653 613 680 Non
632 654 706 688 pritts
726 655 858 689 quaeritur
879 663 948 688 quo-

157 701 238 726 modo
255 699 324 726 facta
350 699 385 726 sit
408 700 494 733 printa
518 700 685 732 connnistio,
703 700 755 727 nisi
779 701 855 735 prius
871 701 950 727 detur

157 748 237 779 ratio,
252 747 306 774 duo
324 756 384 774 esse
400 747 532 781 principia
549 747 696 773 naturalia.
717 747 786 774 Cum
804 748 876 774 enittt
894 748 950 774 cla-

158 794 241 821 ruerit
260 797 314 820 duo
331 802 392 820 esse
415 794 543 828 ingenita,
561 798 625 821 tunc
646 793 726 820 etiam
745 795 850 829 reliqua
870 794 948 821 tidem

156 840 275 875 capient,
292 840 372 867 etiaut
394 841 415 867 si
435 848 496 874 pars
516 841 605 874 aliqua
629 849 682 867 non
703 841 950 868 accommodaverit

158 894 300 914 assensum
317 886 474 919 :judicandi
487 887 560 913 enim
577 886 656 913 nobis
672 892 803 921 potestate
816 888 948 922 permissa

157 934 289 963 dicemus,
315 933 386 967 quod
414 939 513 959 “(ISIHU
537 933 659 967 opinioni
685 934 825 961 clartterit.
849 934 949 961 Demus

158 983 247 1006 tatnett
269 983 295 1005 et
312 979 444 1006 Archelao
464 979 570 1006 dicendi
596 979 753 1006 facultatem
779 980 811 1006 ad
835 979 902 1012 lure,
921 986 949 1007 ut

156 1033 217 1060 qme
233 1025 267 1051 ab
285 1029 399 1059 utroque
413 1025 484 1051 dicta
501 1024 601 1051 fuerint
616 1030 819 1059 comparantes,
836 1033 885 1059 pro
904 1033 935 1052 ve

158 1072 236 1098 ritate
251 1071 387 1106 possimus
409 1071 479 1097 t'crre
500 1071 674 1098 sententiam.
693 1072 837 1098 Archelaus
856 1071 924 1098 dixit
939 1080 948 1098 :

158 1116 276 1144 Tametsi
293 1117 409 1152 ingentis
423 1117 554 1149 audacia),
575 1122 601 1144 et
617 1117 793 1152 blasphemiae
814 1119 891 1152 plena
909 1124 949 1144 est

158 1163 271 1190 intentio
296 1163 455 1189 adversarii.
481 1162 573 1189 Manes
599 1163 687 1190 dixit:
704 1163 811 1196 Audite,
832 1164 947 1198 judiccs,

157 1208 220 1243 quid
236 1208 335 1234 dixerit
356 1208 423 1240 (79;,
449 1207 620 1234 adversarii?
641 1207 711 1241 Ergo
731 1208 791 1234 (luat
809 1216 851 1234 res
875 1215 947 1235 sunt.

157 1253 300 1280 Archelaus
327 1253 394 1279 dixit
417 1261 425 1279 :
450 1254 563 1280 Insania:
586 1254 672 1288 magis
694 1263 776 1288 quant
801 1255 949 1289 prudentiae

157 1300 264 1326 videtur
278 1298 343 1325 mihi
365 1298 461 1332 plenus
477 1298 537 1330 iste,
554 1297 600 1332 qtti
617 1298 683 1324 mibi
697 1299 775 1325 holie
791 1304 950 1325 controver—

158 1346 227 1373 siam
245 1349 345 1375 movet,
362 1345 424 1379 qttia
443 1345 538 1371 dixero
556 1345 718 1375 adversarii,
736 1345 782 1372 sed
799 1345 886 1371 ablata
901 1346 947 1372 tibi

156 1396 198 1419 est
214 1391 240 1418 in
258 1391 364 1418 modico
377 1398 502 1418 sermone
519 1391 636 1425 objectio
648 1400 655 1418 ε
669 1392 776 1418 tametsi
793 1391 900 1425 quidem
916 1399 948 1417 ex

159 1438 209 1464 hoc
226 1438 373 1464 arbitratus
389 1445 419 1463 cs
434 1444 476 1463 me
493 1436 689 1463 allirmaturnm
716 1435 771 1470 (80)
796 1436 865 1463 duas
889 1444 949 1463 esse

159 1487 280 1510 naturas.
298 1481 436 1517 Ingentem
454 1481 607 1508 doctrinam
623 1481 711 1508 ferens
726 1481 805 1514 ades;
821 1487 947 1508 neutrum

157 1529 230 1556 enim
256 1537 351 1556 eorum
376 1536 436 1562 qua:
454 1528 565 1560 asseris,
581 1533 643 1555 stat.
663 1527 755 1556 Potest
769 1528 839 1554 cnim
857 1528 880 1555 is
903 1528 949 1562 qui

158 1583 210 1602 non
228 1578 335 1607 natura,
356 1575 403 1601 sed
429 1574 568 1608 proposito
591 1573 763 1601 adversarius
778 1578 830 1607 est,
845 1573 950 1601 atnicus

156 1622 279 1653 etchtns,
294 1628 349 1647 non
375 1627 436 1647 esse
463 1619 647 1652 adversarius,
663 1624 691 1646 et
714 1621 750 1647 ita
773 1628 836 1646 cutn
856 1620 950 1646 altere

157 1668 237 1695 nobis
254 1667 332 1694 alteri
349 1666 526 1701 acquievcrit,
546 1674 630 1692 unum
649 1670 730 1700 atque
751 1666 821 1692 idem
838 1671 950 1700 uterque

157 1711 316 1748 apparebit;
331 1719 392 1745 qua:
404 1718 486 1737 causa
505 1710 607 1737 indicat
621 1714 760 1736 creaturas
775 1709 950 1737 rationabiles

157 1759 243 1786 libero
256 1757 370 1785 arbitrio
385 1764 444 1783 esse
455 1755 614 1790 permissas,
633 1755 704 1782 unde
715 1759 742 1782 et
758 1755 950 1782 conversiones

158 1804 302 1839 recipiunt,
326 1808 352 1830 et
372 1803 433 1830 ideo
451 1802 577 1836 ingenita:
597 1805 702 1828 natura:
718 1809 778 1828 esse
805 1809 858 1828 non
885 1810 949 1836 pos-

158 1855 222 1878 sunt
236 1850 303 1885 (8|).
331 1849 400 1882 Quid
418 1856 482 1884 ergo
507 1848 567 1874 ais?
588 1848 646 1874 dua:
664 1848 722 1875 ista:
736 1852 839 1874 natura:
854 1848 949 1874 incon-

158 1897 297 1925 vertibilcs
321 1901 400 1926 sunt,
422 1904 456 1922 an
479 1895 682 1927 convertibilcs,
708 1900 754 1921 aut
782 1903 833 1921 una
855 1902 948 1921 eorum

159 1943 344 1972 convertitur?
370 1942 404 1969 At
429 1950 492 1969 vero
521 1941 612 1968 Manes
638 1946 791 1969 remoratus
812 1945 868 1973 est,
896 1949 948 1967 non

159 1988 322 2016 inveniendo
336 1996 517 2023 responsum;
541 1987 697 2014 intuebatur
720 1988 791 2014 enim
817 1987 889 2021 quod
916 1995 949 2013 ex

159 2040 275 2070 utroque
292 2035 513 2066 concluderetur,
526 2038 678 2061 retraetans
697 2033 784 2066 :Quia
812 2033 833 2060 si
860 2033 948 2059 dicam

159 2081 282 2109 converti
298 2089 352 2113 cas,
372 2080 547 2115 respondebit
561 2079 628 2106 mihi
643 2079 719 2112 illud,
734 2079 807 2114 quod
823 2079 850 2105 in
862 2078 950 2106 Eran-

159 2128 228 2163 gelio
241 2128 370 2162 scriptum
384 2131 424 2154 est
437 2127 470 2153 de
481 2126 626 2153 arboribus
637 2135 644 2159 ;
658 2126 730 2161 quod
744 2126 766 2152 si
782 2133 876 2160 negem
889 2133 950 2153 esse

968 829 986 857 Β

1004 197 1095 222 Manes
1109 206 1114 222 :
1133 196 1348 223 im-onvertibilcs
1360 196 1470 230 quidem
1485 199 1553 222 sunt
1571 198 1701 226 ntrchue,
1713 200 1784 227 quam

1003 249 1059 269 tum
1079 247 1181 276 spectat
1207 242 1262 276 (εὖ)
1290 241 1322 268 ad
1338 241 1496 268 contraria:
1513 238 1708 266 eonvcrtibilcs
1722 246 1784 269 rem,

1003 288 1074 322 quol
1098 292 1201 322 spectat
1220 287 1252 313 ad
1275 287 1395 322 propria.
1416 286 1568 313 Archelaus
1593 285 1662 311 dixit
1688 293 1696 310 :
1718 283 1785 310 Vide-

1005 335 1041 361 ris
1055 334 1120 360 tnihi
1137 334 1239 360 delirus
1256 340 1328 365 esse,
1345 337 1372 359 et
1389 333 1560 359 oblivisccns
1583 331 1784 365 propesitionum

1003 386 1127 413 tuarum;
1144 380 1190 407 sed
1206 387 1239 406 ne
1254 378 1347 406 eorum
1369 379 1479 414 quidem
1505 386 1569 413 qua:
1591 377 1708 404 didicisti
1730 377 1786 409 (Str,

1004 427 1149 454 verborum
1165 427 1278 453 virtutes
1294 427 1334 452 vel
1351 425 1500 460 qualitates
1524 432 1687 460 agnoscere.
1708 423 1786 457 Nmpe-

1002 474 1073 499 enitn
1088 473 1231 499 conversio
1253 472 1316 507 qttid
1344 472 1379 498 sit
1400 471 1541 506 agnoscis,
1565 477 1656 504 neque
1682 461 1743 504 quid
1760 474 1788 495 stt

1002 519 1161 553 ingenitum,
1177 523 1223 545 attt
1239 518 1303 553 quid
1320 517 1449 549 dualitas,
1467 525 1522 544 non
1537 516 1603 551 quid
1621 515 1787 550 prmteritatr,

1002 565 1043 592 vel
1063 565 1128 599 quid
1146 572 1275 599 pra‘sens,
1291 565 1389 600 quidve
1405 564 1529 591 futurum
1556 564 1603 594 sit,
1623 562 1694 589 sicut
1709 570 1738 588 ex
1754 562 1787 587 ilia

1001 620 1062 646 quae
1078 620 1092 638 a
1109 617 1134 638 Ie
1151 619 1222 637 nunc
1239 611 1310 638 dicta
1333 616 1406 643 sunt.
1429 609 1544 636 adverti.
1563 608 1788 636 lucom‘ertibilrm

1001 657 1073 683 enim
1097 665 1156 684 esse
1177 656 1316 683 :tllirntasti
1335 661 1479 690 utratnque
1501 660 1641 687 naturam,
1666 659 1788 688 quantum

1001 704 1034 730 ad
1067 703 1203 730 contraria
1232 707 1335 736 spectat
1361 702 1439 736 (85;;
1475 701 1685 728 convcrlitilem
1718 708 1787 729 vero,

1001 753 1133 782 quantum
1155 748 1188 774 ad
1215 749 1334 782 propria.
1358 747 1414 781 Ego
1437 755 1502 774 vero
1521 747 1594 779 dico,
1618 746 1686 780 quia
1708 746 1752 780 qui
1769 745 1789 770 it.

1002 794 1119 828 propriis
1150 795 1273 824 vertitur,
1305 802 1356 820 non
1382 793 1491 820 excmlit
1515 801 1529 819 a
1555 801 1601 822 se.
1630 792 1679 818 sed
1703 797 1743 817 est
1769 792 1790 817 in

1001 841 1116 873 eisdem,
1133 840 1234 878 quibus
1252 848 1357 874 semper
1371 844 1412 866 cst
1425 838 1664 868 inconvertibilis;
1678 837 1725 871 qui
1736 844 1791 862 vrrn

1001 887 1094 920 teeipit
1109 886 1374 917 eunvertibilitatnm,
1390 886 1433 913 hic
1450 890 1528 912 extra
1545 885 1658 919 propria
1675 883 1790 911 eﬂ‘ectus.

1000 933 1108 958 devrnit
1128 932 1153 958 in
1169 933 1268 959 aliena.

1037 977 1105 1004 XVI.
1126 977 1235 1004 Italicos
1251 979 1373 1004 (tia'm'mtt
1390 985 1398 1003 :
1423 976 1653 1003 Convertibilitas
1669 976 1743 1002 illttm
1755 975 1791 1001 cui

1001 1024 1108 1056 accidit,
1129 1024 1257 1051 transfert
1274 1025 1299 1050 iu
1317 1024 1418 1053 alium;
1440 1024 1504 1050 utsi
1521 1023 1662 1054 dicamus,
1680 1021 1790 1051 Judmus,

1002 1070 1022 1095 si
1047 1070 1111 1096 velit
1134 1069 1191 1096 lteri
1213 1069 1397 1101 Christianus,
1421 1075 1468 1095 aut
1490 1069 1514 1095 si
1540 1067 1720 1094 Christianus
1739 1067 1793 1092 velit

1000 1123 1060 1142 esse
1083 1114 1201 1149 gentilis,
1228 1115 1285 1141 hzec
1308 1115 1414 1149 species
1439 1119 1480 1141 est
1506 1113 1792 1140 convertibilitatis.rt

1001 1169 1094 1188 causa.
1112 1160 1204 1195 Neque
1221 1169 1283 1187 vero
1296 1161 1317 1187 si
1335 1161 1455 1195 gentilis,
1469 1168 1532 1187 eum
1551 1161 1578 1186 in
1593 1160 1724 1186 munibus
1739 1166 1793 1193 pro-

1002 1209 1068 1243 priis
1083 1209 1141 1236 suis
1156 1214 1275 1241 maneat,
1293 1216 1325 1234 ac
1340 1208 1393 1235 diis
1411 1208 1469 1235 suis
1488 1207 1596 1234 hostias
1611 1206 1723 1238 ol'lerat,
1735 1211 1793 1232 tctu-

1001 1255 1106 1289 plisque
1126 1263 1159 1281 ex
1188 1262 1263 1281 more
1287 1253 1445 1285 deserviat,
1472 1254 1562 1280 dorice
1587 1257 1746 1288 perseverat
1771 1251 1792 1276 iu

1002 1301 1129 1335 ptopl‘iis,
1149 1308 1180 1327 ac
1196 1300 1310 1334 prolicit,
1328 1299 1452 1334 nunquid
1469 1299 1523 1326 dici
1543 1304 1637 1333 potest
1662 1306 1724 1325 esse
1738 1306 1795 1324 C02!-

1002 1347 1114 1374 vcrsus?
1133 1347 1203 1380 Quid
1222 1347 1303 1381 igitur
1322 1346 1412 1373 dicis?
1429 1346 1567 1380 recipiunt
1583 1345 1794 1372 cottvettibtlila-

1002 1400 1053 1420 tetu
1070 1402 1103 1421 an
1119 1393 1190 1420 non?
1215 1393 1247 1419 Et
1270 1393 1428 1419 inmtoranlr
1450 1391 1529 1418 Mane
1541 1412 1549 1424 ,
1573 1391 1727 1418 Archelaus
1742 1392 1794 1417 ait:

1003 1440 1030 1466 Si
1048 1439 1156 1474 quidem
1179 1437 1370 1465 convertibiles
1393 1444 1455 1463 esse
1477 1436 1544 1463 dicit
1567 1441 1705 1471 utrasque
1725 1442 1795 1463 unln-

1003 1492 1057 1517 ras,
1075 1483 1139 1519 quid
1163 1488 1202 1510 est
1223 1482 1295 1518 quod
1325 1483 1464 1516 impediat.
1489 1483 1528 1508 uti
1551 1490 1586 1509 ne
1608 1490 1698 1509 unum
1724 1487 1794 1516 atque

1002 1532 1072 1559 idem
1088 1539 1134 1558 eas
1150 1538 1212 1558 esse
1238 1530 1398 1564 opinemur?
1422 1529 1449 1556 Si
1476 1529 1549 1555 enim
1575 1529 1797 1556 inconvertibilis

1001 1582 1081 1611 sunt,
1106 1585 1159 1604 non
1181 1581 1222 1604 est
1244 1577 1270 1603 in
1299 1577 1341 1604 his
1358 1577 1464 1603 naturis
1484 1584 1547 1611 qua:
1560 1577 1694 1604 similiter
1710 1578 1798 1604 incon-

1002 1624 1139 1652 rertibiles
1157 1629 1218 1651 sunt
1237 1627 1263 1649 et
1277 1623 1405 1650 sitniliter
1419 1623 1558 1657 ingeniun,
1577 1623 1632 1649 ulla
1660 1623 1795 1652 discretio,

1002 1678 1089 1705 neque
1112 1669 1195 1696 altera
1219 1677 1253 1696 ex
1284 1668 1326 1695 his
1358 1668 1428 1694 bona
1463 1668 1625 1702 agnoscitur
1650 1673 1701 1695 aut
1723 1669 1796 1694 ninia.

1001 1716 1078 1749 Quod
1095 1716 1116 1743 si
1134 1714 1325 1743 convcrtibiles
1336 1719 1409 1746 sunt,
1423 1713 1530 1740 scilicet
1543 1714 1694 1747 provenire
1705 1719 1797 1748 potest,

1001 1767 1027 1788 rt
1043 1762 1143 1788 bonutn
1157 1759 1225 1786 elIici
1245 1759 1358 1790 malum,
1375 1762 1402 1785 et
1417 1759 1519 1785 malttm
1544 1759 1664 1786 bonum.
1681 1758 1709 1786 Si
1732 1760 1797 1786 enim

1002 1808 1052 1834 hoc
1071 1806 1213 1841 provenire
1229 1805 1356 1840 |).2ssiliile
1371 1809 1423 1837 est,
1440 1813 1527 1838 quare
1545 1813 1601 1831 non
1621 1813 1710 1831 unum
1728 1805 1798 1831 dire:

1002 1861 1062 1879 mus
1077 1852 1238 1886 ingenitum,
1255 1850 1327 1885 quod
1347 1851 1499 1886 intelligere
1525 1851 1614 1885 magis
1629 1851 1748 1886 dignum
1764 1856 1800 1877 est

999 1900 1076 1934 juxta
1090 1899 1220 1925 rationetn
1237 1897 1378 1923 veritatis?
1391 1897 1492 1923 lntttcri
1508 1897 1583 1923 enim
1599 1903 1724 1932 oportet.
1738 1905 1801 1932 qvo-

1002 1944 1082 1970 modo
1099 1943 1187 1970 malus
1203 1943 1247 1970 ille
1267 1943 1347 1970 fuerit
1368 1943 1402 1968 ab
1424 1943 1514 1974 initio,
1533 1947 1581 1970 aut
1603 1943 1630 1969 in
1653 1951 1726 1977 quos
1747 1951 1800 1969 ma-

1001 1990 1085 2016 litiam
1100 1990 1254 2016 exercuerit
1276 1994 1338 2016 ante
1359 1989 1454 2016 mundi
1476 1989 1722 2017 constitutionem.
1737 1989 1799 2016 Cum

1001 2036 1099 2063 coelum
1115 2035 1236 2062 nondum
1254 2035 1415 2066 ex~titissrt,
1428 2039 1454 2061 et
1480 2035 1604 2061 nomium
1622 2039 1698 2062 terra
1715 2035 1800 2062 subsi—

1001 2086 1093 2110 stet'et.
1109 2088 1161 2107 non
1176 2081 1267 2112 homo,
1289 2088 1343 2106 non
1363 2080 1481 2111 animal;
1508 2080 1535 2106 in
1560 2089 1635 2114 quos
1660 2082 1798 2107 exerceYJt

1002 2126 1152 2153 malitiam?
1164 2134 1244 2160 quem
1261 2126 1434 2160 opprimebat
1446 2126 1568 2160 injuste?
1580 2134 1666 2160 quem
1682 2127 1798 2161 spol‘ats

158 2174 363 2207 eonverlibiles,
389 2172 574 2208 permistiouis
597 2178 697 2200 statum
722 2177 748 2199 et
770 2180 881 2199 causam
898 2179 946 2199 ne-
965 2173 987 2201 D
1001 2171 1115 2199 occidit?
1131 2171 1250 2204 Quod-si
1270 2171 1327 2198 suis
1348 2179 1410 2197 eum
1436 2171 1513 2198 dicas
1533 2171 1679 2199 exstitisse
1690 2173 1798 2203 malum,

161 2241 283 2268 Meminit
305 2240 458 2267 Herodotus
478 2240 503 2266 in
524 2239 652 2273 Euterpe,
677 2239 728 2274 γῆς
754 2239 947 2274 σημαγτρίδος,

162 2287 171 2302 ι
189 2281 269 2303 terra:
287 2276 457 2310 signati-teis;
475 2285 483 2300 ›
499 2279 525 2302 et
542 2275 648 2306 (.Iieeto,
661 2273 730 2300 orat.
751 2282 776 2300 Iv
792 2277 818 2300 in
833 2273 948 2310 Verrem,

158 2311 281 2346 epistolae
296 2311 396 2337 cretula
411 2312 540 2346 signata;
551 2310 637 2343 Cujus
651 2315 742 2346 autem
757 2309 865 2346 generis
877 2314 950 2336 esset.

161 2345 218 2373 hiec
234 2351 316 2377 terra,
339 2353 370 2372 cx
398 2345 655 2372 eo‘leut'Cicetoue
679 2345 763 2378 liquet
786 2345 811 2370 in
836 2351 876 2370 or.
902 2352 949 2378 pro

160 2381 270 2412 Flacco,
284 2381 328 2407 ubi
344 2381 384 2406 sic
400 2381 437 2406 ait
453 2389 459 2406 :
477 2389 485 2404 ι
505 2379 564 2406 Ιὶευυ
577 2387 638 2414 qua:
652 2387 665 2405 a
680 2380 759 2405 nobis
774 2379 876 2413 prolata
890 2380 949 2405 latt-

159 2418 233 2443 datio
256 2416 399 2449 obsignata
421 2420 479 2441 erat
497 2420 571 2440 creta
594 2416 636 2440 illa
656 2415 787 2444 Asiatica.
811 2422 871 2448 qua:
894 2415 950 2441 fere

161 2457 203 2479 est
222 2451 350 2478 omnibus
375 2455 436 2476 uota
456 2450 545 2479 nobis,
566 2457 619 2483 qua
645 2455 759 2476 utuntur
779 2457 874 2476 otnncs
897 2458 948 2475 non

162 2487 243 2513 tuodo
260 2487 286 2513 in
307 2486 432 2520 publicis,
450 2485 494 2511 sed
511 2489 537 2511 ct
557 2485 583 2510 in
599 2485 712 2518 privatis
733 2485 839 2520 litteris.
857 2494 866 2509 1
887 2484 950 2510 Pin-—

162 2523 222 2554 guis
234 2519 319 2552 enim,
333 2521 404 2547 lenta
421 2525 447 2546 et
461 2520 598 2554 glutinosa
610 2525 652 2546 est
672 2525 743 2547 creta
760 2520 813 2546 illa.
829 2519 949 2554 Denique

160 2558 193 2584 de
209 2557 308 2590 proprii
322 2556 412 2582 vultus
424 2555 576 2589 imagincin
592 2556 699 2581 annalis
710 2556 842 2581 interdum
853 2562 949 2589 1⁸011111·-

160 2589 276 2622 scutata,
291 2593 365 2618 locus
383 2596 423 2617 est
439 2590 525 2616 Plauti
539 2591 564 2616 in
584 2589 723 2620 Pseudolo,
741 2598 815 2617 seen.
830 2598 836 2616 t
852 2598 858 2614 :

231 2626 270 2652 [Cu
284 2634 364 2652 causa
380 2625 453 2651 miles
468 2625 509 2651 lu'c
524 2626 627 2660 reliquit
642 2625 797 2659 symbultuu,

233 2661 390 2695 Expressa";
404 2662 429 2686 iu
442 2669 501 2687 cera
517 2668 549 2686 ean
560 2660 640 2686 anulo
653 2668 727 2688 suam
739 2660 890 2694 imaginem.

196 2695 327 2723 Caeterum
339 2697 459 2722 thesauri
472 2696 562 2730 sigillo
573 2696 706 2728 obsignati
717 2701 819 2721 tnentto
827 2700 869 2721 est
879 2696 949 2730 apud

162 2728 361 2758 Theodoretum
378 2731 405 2757 in
421 2735 490 2757 orat.
500 2728 524 2756 ’Β
544 2730 581 2756 De
596 2731 772 2765 providentia,
793 2731 864 2757 haud
884 2728 949 2765 pro-

158 2766 204 2793 cnl
220 2765 254 2791 ab
267 2766 355 2795 initio.
369 2766 413 2791 ubi
428 2766 460 2792 de
473 2766 578 2799 apibus.

199 2800 254 2835 (78)
275 2801 302 2827 In
316 2801 407 2827 codice
419 2801 562 2828 Casiuensi
573 2805 642 2834 erat,
657 2809 666 2826 (
682 2801 727 2828 sed
739 2801 823 2828 Deum
838 2801 921 2833 enim,
937 2810 946 2826 1

1003 2238 1076 2265 nullo
1094 2245 1175 2265 sensu
1192 2246 1261 2265 :nos
1282 2245 1314 2264 ex
1338 2237 1459 2273 ingenio,
1485 2242 1514 2264 ut
1537 2238 1646 2265 editum
1672 2243 1726 2272 est,
1745 2246 1798 2266 cer-

1002 2281 1134 2300 l'CXllllllS.

1050 2309 1093 2343 '79)
1114 2308 1203 2339 Forte,
1221 2318 1230 2333 1
1246 2308 1317 2342 quod
1338 2307 1448 2339 dixerit.
1465 2318 1474 2334 1
1490 2308 1533 2334 vel
1550 2318 1559 2333 ι
1577 2309 1645 2343 quia
1666 2310 1794 2336 dixerim

1051 2312 1082 2335 Ἡ)
1114 2312 1203 2339 Forte,
1221 2318 1230 2333 1
1246 2312 1317 2342 quod
1338 2312 1448 2339 dixerit.
1465 2318 1474 2334 1
1490 2312 1533 2334 vel
1550 2318 1559 2333 ι
1577 2312 1645 2343 quia
1666 2312 1794 2336 dixerim

1037 2312 1093 2379 isei
1115 2343 1152 2370 Ita
1168 2343 1240 2370 ltunc
1258 2344 1347 2370 locum
1360 2343 1553 2379 restitutmus;
1578 2353 1642 2370 nam
1667 2346 1694 2371 iu
1711 2346 1797 2371 eodm

1002 2379 1150 2413 legebatur,
1167 2388 1175 2403 ι
1193 2384 1247 2405 tam
1263 2379 1285 2405 si
1301 2378 1410 2413 quidem
1429 2386 1461 2405 ex
1481 2379 1536 2405 hoc
1550 2380 1706 2407 arbitratus
1723 2386 1763 2406 est
1774 2391 1798 2405 δι’

1002 2415 1214 2446 allirnmturutn;
1231 2423 1240 2438 1
1255 2414 1302 2440 sed
1322 2421 1404 2447 supra
1423 2421 1519 2441 vocem
1537 2420 1605 2445 tant,
1624 2416 1753 2449 quaedam
1771 2415 1799 2440 l2-

1002 2450 1079 2476 neola
1104 2450 1199 2475 littera:
1222 2457 1235 2475 ε
1256 2449 1353 2475 similis
1375 2449 1537 2482 apparebat,
1556 2458 1643 2484 quain
1665 2451 1799 2485 partimin:

1002 2489 1027 2510 et
1040 2484 1228 2518 compendium
1242 2491 1302 2511 esse
1314 2485 1480 2518 putavimus.

1037 2520 1092 2554 (8|)
1113 2519 1202 2550 Forte,
1218 2528 1226 2544 1
1243 2524 1270 2545 ct
1289 2519 1350 2546 ideo
1373 2519 1434 2546 dua:
1456 2520 1589 2554 ingenita.-
1615 2526 1722 2548 natura:
1745 2527 1798 2547 05w

1002 2563 1054 2580 litill
1071 2560 1194 2588 |t05§llllL
1212 2564 1220 2579 1

1038 2590 1094 2623 (81’)
1115 2589 1143 2625 tu
1158 2589 1250 2616 codice
1262 2588 1405 2615 Casiuensi
1421 2595 1491 2616 erat.
1507 2599 1516 2614 1
1536 2591 1653 2625 expetit.
1670 2601 1680 2617 ›

1037 2625 1093 2659 (85)
1114 2624 1141 2650 In
1158 2628 1252 2650 eodem
1265 2625 1357 2649 eoutce
1370 2630 1423 2650 tam
1441 2625 1467 2650 in
1488 2626 1543 2652 hoc
1558 2624 1708 2659 coturnate,
1719 2633 1797 2661 quam

1001 2660 1027 2686 in
1042 2660 1177 2696 sequenti,
1190 2667 1333 2696 perperam
1346 2660 1454 2693 legitur,
1470 2669 1480 2684 ι
1495 2667 1653 2696 exspectat.
1671 2673 1680 2687 ι

1035 2695 1091 2730 (84)
1114 2695 1202 2730 Forte.
1219 2704 1227 2719 1
1244 2694 1346 2721 dixisti.
1363 2703 1372 2719 1

1037 2730 1093 2764 (85)
1114 2729 1147 2755 Et
1171 2730 1214 2756 hic
1238 2731 1306 2757 male
1329 2729 1429 2764 legitur
1454 2730 1483 2757 in
1508 2731 1608 2760 codice
1637 2730 1794 2760 Casinensi.

1004 2774 1013 2790 ε
1028 2769 1175 2799 exspectat.
1191 2775 1199 2791 ι
