1848 3043
55 141 124 168 “57

615 141 686 169 CUM
706 140 847 167 MANETE
866 139 1132 168 lldiliESlARtlllA.

1614 145 1622 169 l
1629 145 1680 170 338

52 201 208 232 sinedubio
220 209 285 236 ergo
301 202 454 230 ostenditur
479 199 554 229 illum
578 202 656 229 bona:
681 209 740 229 esse
763 207 841 230 natu-
858 210 876 234 Α
894 204 966 235 quod
981 203 1064 233 dit-is;
1083 204 1105 228 si
1121 203 1192 228 enim
1217 211 1287 229 unus
1302 204 1458 235 cessaverit,
1474 209 1520 230 aut
1537 204 1617 236 alius,
1633 211 1680 233 aut

50 255 98 275 rm.
128 247 155 274 Si
183 255 247 274 vero
271 253 297 275 et
324 248 361 274 illi
387 255 483 275 omnes
509 247 573 274 mali
593 253 675 280 sunt,
703 248 841 282 quomodo

50 298 138 328 potest
155 293 284 320 Satanam
300 298 327 320 et
341 293 458 320 Satanas
480 293 596 328 ejicere?
618 293 669 320 Sed
695 294 840 321 conclusus

48 348 175 367 sermone
189 340 327 367 convertis
339 340 406 375 (86),
424 345 453 367 ut
469 341 555 374 dicas,
568 340 659 368 Bonus
675 341 727 367 rim
744 348 840 375 passus

47 392 89 414 est
105 395 120 414 a
135 387 216 414 malo.
236 387 288 414 Sed
305 395 355 414 nec
374 388 426 415 hoc
441 387 550 422 quidem
567 393 609 415 est
624 387 671 414 tabi
691 387 750 414 sine
767 387 838 421 peti-

48 433 110 460 culo
123 434 225 466 dicere,
248 438 276 460 ut
293 434 380 460 lucem
400 434 497 461 victam
514 442 574 461 esse
590 435 750 466 conﬁrmes;
766 433 838 468 quod

46 480 120 506 enim
135 480 263 512 vincitur,
279 480 398 508 vicinum
414 481 496 507 habet
510 482 660 509 interitum.
677 481 747 514 Quid
765 481 836 508 enim

46 524 85 550 ait
100 532 192 551 sermo
207 525 335 552 divinus?
350 535 359 550 ί
382 525 449 558 Quis
473 525 546 552 enim
570 530 660 561 potest
683 527 795 554 introire
810 527 837 553 in

45 569 156 596 domum
175 569 264 601 fortis.
285 575 312 598 ct
336 571 460 606 deripere
486 579 549 599 vasa
572 572 642 606 ejus,
665 573 717 599 nisi
736 573 782 600 illo
803 573 838 600 sit

45 615 143 641 lortior
157 616 195 641 '9?
211 626 219 640 ι
236 615 314 648 Quod
332 616 354 643 si
370 617 525 644 hominibus
549 625 610 646 eum
637 618 739 645 malum
755 619 837 645 exsti-

44 660 111 687 tisse
127 660 240 695 dixeris,
255 666 283 688 et
298 670 331 689 ex
349 670 381 689 eo
394 663 504 690 malitia:
521 671 578 690 sua:
602 663 701 690 indicia
724 664 836 690 demon-

41 710 146 733 strasse
159 715 165 732 :
179 714 244 741 ergo
258 711 320 734 ante
336 707 386 734 hoc
399 707 487 734 bontts
509 707 569 739 fuit,
581 712 606 734 et
622 707 836 734 eonvertibilita-

42 756 97 778 tem
114 752 209 786 recipit
224 761 257 779 ex
270 760 314 785 eo,
327 753 400 787 quod
413 753 497 780 creati
509 753 626 780 hominis
637 753 691 788 (87)
701 761 783 780 causa
795 753 837 779 in—

40 796 150 823 venitur
158 797 296 824 cxstitissc
304 798 423 825 malitiw.
434 798 486 824 Sed
497 803 632 832 postremo
643 797 787 833 dicatquod
795 803 835 825 est

41 842 156 874 malum,
172 851 205 870 ne
226 843 294 870 forte
307 851 404 870 nomen
418 844 506 870 solum
523 844 647 871 defendat
659 849 707 871 aut
718 848 832 871 astruat.

39 887 118 920 Quod
131 889 154 916 si
167 897 220 916 non
233 898 330 916 nomen
343 890 417 921 mali,
431 890 476 917 sed
489 890 654 923 substantia;
669 890 774 917 fructus
786 897 835 917 no-

39 933 82 960 bis
94 934 204 961 malitiae
213 938 239 961 et
251 935 378 969 nequitia:
398 935 479 969 hujus
490 940 617 970 exponat,
633 936 761 970 quoniam
775 944 828 963 non

37 980 196 1014 agnoscitur
211 989 330 1016 unquam
345 981 450 1009 arboris
465 987 560 1009 natura
574 982 634 1009 sine
648 981 737 1009 fructu
750 983 782 1009 '°.

78 1025 159 1053 XVII.
182 1026 273 1054 Manes
290 1028 380 1055 dixit:
401 1028 512 1055 Constet
530 1029 601 1063 apud
616 1032 643 1055 te
658 1029 744 1064 prius,
765 1029 828 1064 quia

37 1076 83 1099 est
100 1073 175 1100 radix
192 1073 244 1100 alia
261 1074 382 1106 malitiae,
407 1082 489 1109 quam
514 1082 566 1101 non
592 1075 722 1109 plantavit
745 1075 827 1106 Deus,

34 1123 66 1145 et.
85 1123 150 1146 tunc
171 1119 218 1146 tibi
240 1120 329 1146 dicam
354 1119 459 1148 fructus
478 1121 548 1156 ejus.
571 1121 713 1148 Archelaus
739 1122 806 1149 dixit
819 1130 828 1148 :

34 1162 98 1190 Non
116 1164 167 1191 hoc
188 1165 244 1192 veri
266 1166 368 1200 expetit
382 1167 466 1199 ratio;
491 1174 577 1201 neque
597 1167 669 1194 enim
694 1168 828 1195 assentiar

33 1210 86 1236 tibi
110 1210 228 1238 radicem
255 1218 316 1239 esse
344 1212 421 1239 mala:
447 1213 556 1240 arboris
583 1213 673 1245 illius,
694 1214 727 1241 de
748 1214 827 1249 cujus

34 1256 172 1284 fructibus
192 1265 333 1292 nunquam
358 1258 430 1286 ullus
455 1259 612 1294 gustaverit.
642 1259 784 1294 Tanquam
804 1261 826 1288 si

31 1304 102 1330 velit
123 1304 224 1338 aliquid
245 1305 307 1339 quis
329 1313 439 1338 emere;
463 1305 515 1333 nisi
535 1306 611 1340 prius
627 1307 761 1341 gustando
785 1307 827 1334 di-

31 1352 105 1380 scat,
121 1353 212 1375 utrum
230 1348 306 1376 arida
323 1349 360 1376 sit
373 1350 478 1384 species
492 1355 539 1377 aut
554 1351 665 1386 liquida,
683 1352 825 1386 pecuniam

32 1402 90 1420 non
107 1395 227 1428 profert;
247 1395 283 1421 ita
301 1403 389 1431 neque
401 1404 452 1430 ego
466 1396 512 1423 tibi
529 1397 662 1424 assentiar
675 1406 735 1425 esse
747 1399 827 1425 arbo-

31 1447 92 1466 rem
111 1440 209 1467 malam
227 1446 254 1467 ct
278 1442 435 1476 pessimam,
458 1443 510 1469 nisi
534 1444 610 1477 priris
629 1444 746 1478 qualitas
769 1444 827 1472 iru~

29 1490 129 1512 ctuum
151 1487 210 1521 ejus
231 1487 313 1515 fuerit
333 1488 525 1517 manifestata:
540 1490 671 1525 seriptum
687 1496 728 1519 est
739 1491 823 1524 enim,

27 1532 98 1566 quia
127 1532 160 1559 de
186 1533 319 1562 fructibus
341 1535 423 1562 arbor
448 1536 664 1570 cognoscitur“.
692 1538 738 1565 Dic
760 1546 825 1573 ergo

28 1579 125 1612 nobis,
140 1586 157 1606 ο
170 1579 272 1612 Manes,
289 1582 370 1608 arbor
381 1590 442 1617 qum
456 1583 555 1610 dicitur
567 1583 649 1616 mala,
663 1592 744 1619 quem
759 1585 825 1612 atte-

27 1630 75 1652 rat
94 1625 227 1658 fructum,
244 1632 291 1654 ant
307 1628 386 1662 cujus
407 1633 511 1656 naturae
525 1629 572 1661 sit,
594 1638 677 1664 quam
697 1631 823 1658 virtutem

26 1673 144 1704 habeat,
167 1678 197 1699 ut.
219 1673 267 1700 tibi
290 1674 444 1706 credamus,
471 1676 550 1702 etianl
576 1676 694 1704 radicetn
719 1678 825 1705 arboris

26 1717 121 1751 ipsius
131 1725 192 1746 esse
207 1719 306 1746 talem?
319 1719 410 1746 Manes
422 1720 511 1747 dixit:
523 1720 609 1749 Radix
621 1722 728 1757 quidem
742 1723 823 1756 mala,

25 1763 117 1790 arbor
141 1767 231 1790 autem
252 1765 381 1798 pessima,
406 1765 602 1795 incrementum
629 1775 693 1795 vero
715 1777 768 1796 non
791 1778 824 1797 cx

25 1809 104 1841 Deo;
122 1808 229 1837 fruetus
243 1814 332 1837 autem
347 1810 550 1845 fornicationes,
569 1814 710 1846 adulteria,
735 1816 824 1843 homi-

23 1856 114 1888 cidia,
129 1856 243 1884 avaritia
258 1861 285 1884 ct
301 1865 397 1885 omnes
414 1859 478 1885 mali
494 1863 571 1886 actus
589 1861 671 1888 mala:-
687 1861 760 1889 illius
776 1870 821 1889 ra-

22 1903 110 1930 dicis.
131 1904 274 1931 Archelaus
287 1905 355 1931 dia‘it
368 1914 377 1932 .'
395 1905 429 1933 Ut
449 1906 498 1934 tibi
520 1907 674 1940 credamus,
690 1909 753 1943 quia
776 1910 821 1936 isti

21 1953 94 1974 sunt
126 1947 232 1976 fructus
261 1950 340 1977 mala:
367 1951 440 1978 illius
463 1951 577 1982 radicis,
608 1957 718 1987 gustum
744 1954 822 1981 nobis

20 2001 126 2020 o'ul‘llm
150 1995 259 2028 profer;
280 1996 461 2023 substantiam
484 1998 555 2024 enim
591 1998 738 2032 ingenitam
762 2008 822 2027 esse

21 2041 213 2075 pronuntiasti
243 2042 324 2076 hujus
350 2043 466 2074 arboris,
490 2043 568 2078 cujus
594 2043 699 2071 fructus
723 2053 821 2072 secuti-

21 2087 92 2113 dum
113 2086 157 2114 sui
178 2087 384 2115 similitudinem
408 2089 595 2123 proferuntur.
620 2090 711 2118 Manes
731 2092 819 2119 dicit:

21 2132 90 2160 Ilaec
110 2133 170 2168 ipsa
187 2134 319 2169 iniustitia
336 2143 396 2170 qute
414 2136 441 2162 in
459 2136 613 2165 hominibus
628 2143 679 2171 est,
698 2139 820 2166 testimo-

21 2181 104 2207 nium
122 2180 221 2213 reddit,
234 2185 261 2208 et
279 2182 392 2208 avaritia
412 2182 446 2209 de
465 2188 546 2218 gustu
566 2184 638 2210 illius
653 2185 730 2211 mala:
748 2185 819 2212 radi—

21 2226 74 2252 ris.
94 2225 240 2252 Archelaus
256 2226 346 2253 dixit:
363 2226 443 2262 Ergo,
468 2233 497 2254 ut
513 2229 616 2260 dixisti,
636 2229 740 2257 fructus
755 2235 819 2258 sunt
835 2235 856 2262 D

21 2271 135 2298 arboris
163 2271 245 2307 hujus
271 2273 429 2308 iniquitates
453 2274 526 2306 istic,
548 2284 609 2310 qua:
634 2281 764 2310 geruntur
784 2278 818 2304 ab

21 2317 197 2345 hominibus.
213 2318 305 2346 Manes
317 2320 385 2346 dixit
400 2327 409 2346 :
425 2319 460 2346 Ita
477 2321 564 2355 plane.
575 2322 718 2349 Archelaus
735 2324 817 2351 dixit:

21 2363 50 2389 Si
71 2362 183 2390 fructus
200 2364 244 2390 isti
259 2369 333 2396 sunt,
358 2365 384 2391 id
406 2372 459 2397 est,
482 2370 559 2394 actus
583 2367 724 2395 hominum
742 2370 816 2401 mali,

21 2409 75 2443 qusi
93 2417 162 2443 ergo
176 2409 300 2438 homines
315 2412 414 2439 radicis
430 2412 518 2439 locum
535 2418 615 2448 atque
626 2415 732 2443 arboris
745 2417 814 2443 obti-

22 2457 147 2488 it-bunt;
172 2457 245 2491 ipsos
261 2458 332 2484 enirn
352 2459 534 2492 pronuntiasti
551 2459 656 2488 fructus
676 2462 746 2490 ferre
768 2463 817 2490 hn-

27 2502 191 2529 usccmodi.
212 2503 302 2530 Manes
319 2504 386 2530 dixit
398 2513 408 2531 :
423 2504 461 2532 Ita
475 2505 546 2534 dico.
566 2507 709 2535 Archelaus
723 2509 791 2536 dixit
807 2518 815 2536 :

22 2548 92 2575 llale
110 2547 191 2582 dicis,
208 2549 244 2576 Ita
262 2549 340 2583 dico;
366 2559 420 2577 non
445 2552 517 2579 enim
537 2553 573 2579 ita
597 2554 676 2587 dicis,
695 2555 814 2590 alioquin

22 2603 84 2621 -nm
107 2595 235 2623 homines
263 2597 430 2625 cessaverint
456 2606 577 2632 peccare,
602 2601 683 2628 arbor
706 2603 815 2631 malitiae

25 2641 196 2670 "fructuosa
212 2644 360 2678 apparebit.
375 2644 466 2671 Manes
480 2646 547 2672 dia-it
562 2654 571 2672 :
587 2645 755 2681 Impossibile
771 2654 813 2676 est

54 2699 77 2714 "
98 2698 188 2727 Marc.
203 2707 243 2733 ut,
256 2700 300 2726 Ἥ.
339 2700 362 2716 ¹⁰
383 2700 476 2728 Matth.
490 2710 539 2734 vn,
558 2703 601 2730 18.
641 2705 661 2719 ²¹
679 2705 747 2733 Ibid.
769 2707 810 2733 16.

51 2756 114 2785 (καὶ)
140 2756 232 2788 Forte,
248 2766 256 2782 ι
271 2765 425 2784 sermonem
441 2759 586 2786 convertis.
604 2769 613 2785 ι

51 2792 115 2822 (δῗ)
141 2791 232 2823 Forte,
249 2802 257 2817 ι
273 2793 374 2818 creatio
389 2793 519 2820 hominis.
536 2804 545 2820 ι

51 2828 114 2859 (SS)
137 2826 229 2853 Prima
248 2827 317 2854 facie
333 2827 376 2854 hic
389 2828 464 2856 locus
483 2830 624 2857 videbatur
639 2839 699 2858 esse
716 2840 812 2860 corru-

22 2868 91 2896 itus,
109 2863 159 2890 sed
176 2862 281 2889 modica
300 2870 394 2890 vocum
408 2865 618 2899 transpositione
631 2866 702 2894 clare
717 2875 812 2895 sensus

894 249 1002 282 plures;
1019 248 1063 274 alii
1089 254 1179 274 autem
1204 249 1255 275 hoc
1278 253 1397 283 agt-rent.
1423 249 1565 276 Archelaus
1587 249 1656 278 dixit
1670 259 1680 279 .'

893 293 920 320 Si
942 295 1054 320 tuunino
1070 294 1200 328 possibile
1218 299 1258 321 cst
1275 302 1370 326 untnn,
1386 299 1413 321 et
1425 295 1518 327 alium,
1532 301 1559 322 et
1572 296 1678 330 plures,

891 339 961 366 sicut
985 340 1042 372 ais,
1071 348 1124 367 non
1150 348 1279 374 precare,
1305 341 1433 375 pessihile
1458 345 1500 368 est
1523 341 1605 368 etiam
1628 342 1681 370 hoc

890 393 986 412 omnes
1005 394 1102 419 agere;
1120 386 1200 413 unius
1218 386 1290 412 enim
1309 387 1457 413 conditoris
1474 392 1546 417 sunt.
1561 392 1587 414 et
1600 387 1680 416 unius

890 438 988 457 massae
1004 431 1129 458 homines
1149 438 1260 464 omnes;
1276 436 1301 458 ct
1326 440 1359 458 ne
1383 432 1470 459 otiose
1494 440 1540 466 per
1565 433 1680 467 ineptias

890 484 999 511 Sequar,
1018 484 1048 503 ea
1065 485 1126 511 qua)
1143 477 1282 504 incondite
1299 479 1444 512 protulisti,
1462 479 1542 505 certis
1556 479 1680 511 priescri-

890 522 1028 556 ptionibus
1043 523 1197 549 excludam.
1214 524 1260 551 Ais
1277 523 1381 550 fructus
1395 525 1471 551 malae
1489 524 1586 551 radicis
1598 530 1680 559 atque

890 568 967 594 mala:
984 567 1090 594 arboris
1108 575 1168 595 esse
1186 573 1263 595 actus
1278 569 1429 600 hominum,
1442 569 1466 595 id
1487 574 1537 600 cst,
1561 569 1680 596 fornica-

888 613 985 643 tiones,
1013 613 1161 644 adulteria,
1191 613 1325 648 perjuria,
1352 615 1496 642 homicidia
1522 621 1548 641 et
1575 615 1678 650 reliqua

889 658 931 684 his
953 658 1052 685 similia
1071 659 1082 684 ?
1108 658 1198 685 Manus
1227 660 1294 687 dixit
1315 668 1324 686 :
1348 660 1396 687 Ila.
1424 661 1567 687 Archelaus
1586 661 1655 687 dixit
1669 669 1678 687 :

888 703 959 738 Ergo
987 704 1010 730 si
1038 704 1188 731 humanum
1217 713 1302 739 genus
1335 706 1444 733 interire
1479 707 1629 741 pervrnerit
1663 715 1678 733 a

887 750 956 776 facie
972 755 1060 781 terrae,
1079 751 1115 778 ita
1142 757 1170 778 ut
1195 752 1264 778 ultra
1278 753 1332 786 jam
1349 760 1461 785 pet-care
1479 761 1531 779 notl
1557 753 1676 786 possint,

887 796 986 829 periret
1006 797 1112 823 arboris
1142 797 1223 831 hujus
1253 798 1422 829 substantia,
1457 798 1573 825 fructum
1606 799 1675 825 ultra

886 849 939 866 non
947 841 1070 868 aﬂ‘erens.
1081 841 1171 868 Manes
1185 843 1252 869 dixit
1261 851 1270 869 :
1282 843 1311 870 Iit
1323 844 1442 878 quando,
1451 845 1521 878 quod
1529 845 1606 875 dicis,
1614 845 1658 871 liel
1665 844 1678 871 ζ)

854 883 1032 912 Exire/relatis
1069 886 1136 913 dixit
1167 895 1175 914 :
1207 887 1341 920 Quoniam
1374 889 1446 923 quod
1482 889 1602 916 futurum
1634 893 1677 915 est

882 931 990 965 nescio,
1013 932 1095 959 homo
1117 934 1190 960 enim
1218 942 1296 967 sum;
1323 943 1376 961 non
1402 940 1491 962 tamen
1518 942 1673 962 sermonem

881 977 963 1004 istum
990 979 1173 1007 indiscussunt
1198 981 1361 1015 relinquam.
1385 982 1455 1014 Quid
1479 983 1548 1009 dicis
1569 982 1602 1009 de
1625 982 1675 1009 lut-

881 1031 961 1051 mano
984 1032 1093 1059 genere,
1119 1026 1268 1061 ingenitum
1291 1031 1343 1059 est,
1368 1032 1414 1054 aut
1437 1028 1560 1054 factura?
1582 1027 1674 1056 Manes

879 1070 949 1096 dixit
964 1079 972 1096 ι
989 1070 1105 1098 Fac-tura
1126 1077 1176 1099 est.
1193 1073 1339 1099 Arrhcluus
1365 1074 1432 1100 dixit
1445 1082 1454 1100 .’
1471 1074 1498 1100 Si
1516 1073 1619 1101 Iactura
1633 1079 1675 1102 est

880 1117 972 1150 homo,
989 1118 1051 1152 quis
1067 1123 1107 1145 est
1123 1119 1264 1152 adulterii,
1286 1124 1313 1146 ct
1335 1119 1534 1152 fornicationis,
1559 1125 1586 1147 et
1609 1121 1672 1146 reli-

878 1170 994 1196 quorum
1011 1163 1103 1190 talium
1122 1165 1215 1198 pater?
1229 1165 1309 1199 cajus
1323 1165 1366 1192 hic
1381 1170 1422 1192 est
1435 1165 1559 1192 fructus?
1573 1165 1668 1192 Prius—

879 1217 958 1242 quam
981 1208 1057 1236 tit-ret
1079 1210 1170 1241 homo,
1187 1211 1248 1245 quis
1260 1215 1318 1237 crat
1342 1211 1387 1245 qui
1409 1210 1598 1243 l'ornicaretur,
1621 1215 1670 1237 aut

878 1255 1052 1286 adnlteraret.
1064 1260 1109 1282 aut
1122 1256 1267 1283 homicidia
1281 1256 1462 1291 perpetraret?
1475 1255 1564 1282 Manes
1575 1256 1643 1282 dixit
1658 1263 1667 1281 :

879 1299 931 1327 Sed
965 1301 1048 1328 homo
1085 1309 1098 1328 a
1126 1302 1195 1328 tnala
1229 1307 1325 1329 natura
1351 1302 1517 1337 plasmatus,
1557 1301 1670 1328 manife-

877 1351 949 1373 stum
971 1351 1027 1379 est,
1049 1347 1112 1382 quia
1134 1348 1191 1382 ipse
1208 1348 1244 1375 sit
1265 1347 1380 1379 fructus,
1409 1348 1489 1375 etiam
1521 1348 1543 1374 si
1566 1351 1668 1382 peccet,

877 1393 956 1419 etiam
979 1393 1002 1420 si
1019 1401 1072 1420 non
1094 1400 1204 1428 peccet:
1224 1394 1295 1421 unde
1320 1394 1405 1421 semel
1429 1393 1552 1420 absolute
1569 1401 1667 1419 nomen

877 1437 1019 1465 hominum
1040 1443 1066 1465 et
1083 1447 1168 1474 genus
1184 1440 1237 1466 tale
1257 1444 1308 1471 est,
1334 1439 1439 1466 etiamsi
1456 1439 1530 1473 justa
1555 1439 1670 1473 gesserit

877 1488 925 1511 aut
942 1484 1053 1520 injusta.
1071 1486 1215 1512 Archelaus
1234 1486 1303 1512 dld‘tl
1319 1493 1328 1511 :
1344 1486 1396 1513 Sed
1419 1491 1446 1513 et
1469 1486 1541 1513 illius
1566 1485 1603 1513 rei
1626 1485 1668 1512 fa-

876 1530 982 1559 ciamus
998 1532 1175 1559 mentionem.
1197 1531 1225 1559 Si
1241 1532 1307 1566 ipsc.
1332 1537 1362 1559 ut
1378 1532 1429 1565 ais,
1452 1532 1590 1559 hominem
1605 1531 1670 1559 fecit

878 1576 1024 1610 malignus,
1041 1585 1126 1611 quare
1144 1577 1274 1604 malLtiam
1289 1583 1397 1604 exercet
1414 1577 1546 1604 adversus
1559 1577 1634 1604 cum?

912 1621 1006 1648 XVIII.
1027 1623 1135 1649 Indices
1151 1623 1273 1649 dia-erunt
1287 1631 1294 1649 :
1308 1623 1363 1649 lloc
1378 1623 1502 1650 volumus
1519 1623 1588 1650 seire
1603 1631 1617 1650 a
1631 1627 1666 1653 te.

877 1668 1034 1702 Manichtee,
1059 1670 1197 1705 quomodo
1216 1669 1291 1696 illum
1312 1669 1451 1696 aﬂirmasti
1470 1670 1569 1696 malum
1584 1670 1668 1697 esse?

876 1716 914 1743 Ex
940 1724 984 1747 eo,
1010 1724 1063 1750 quo
1085 1716 1210 1743 homines
1234 1716 1297 1742 facti
1316 1720 1389 1747 sunt,
1417 1719 1465 1742 aut
1485 1716 1581 1742 antea?
1597 1715 1666 1749 Quia

875 1763 948 1789 enim
964 1771 1075 1790 necesse
1091 1768 1131 1790 est
1147 1767 1171 1789 te
1189 1763 1298 1790 malitia:
1315 1763 1374 1796 ejus
1392 1771 1460 1797 opus
1475 1763 1616 1790 ostendere
1633 1772 1665 1790 ev

874 1816 908 1835 eo
924 1813 1045 1843 tempore
1060 1816 1092 1835 ex
1109 1816 1163 1843 qtto
1179 1809 1280 1835 tualtttn
1301 1816 1362 1835 cum
1382 1809 1465 1835 fuisse
1481 1809 1596 1840 asscris;
1609 1818 1667 1836 ('cr-

875 1859 919 1880 tus
932 1859 1002 1886 esto,
1026 1854 1090 1888 quia
1106 1862 1194 1888 neqttc
1207 1854 1383 1889 cognoscitur
1400 1854 1454 1880 vini
1470 1855 1597 1889 qualitas,
1613 1855 1664 1881 nisi

875 1901 950 1934 prius
972 1901 1122 1935 gustaverit
1142 1900 1213 1935 quis,
1234 1901 1344 1927 sicutct
1360 1909 1392 1927 ex
1413 1900 1501 1927 fructu
1516 1901 1605 1927 onmis
1623 1908 1666 1927 ar-

874 1947 923 1973 bor
943 1947 1124 1982 dignoscitur.
1139 1946 1210 1980 Quid
1227 1955 1292 1982 ergo
1314 1947 1400 1974 dicis?
1422 1955 1454 1974 ex
1473 1954 1527 1981 quo
1545 1951 1665 1982 tempore

869 1994 962 2026 ,Inalus
981 1998 1022 2020 est
1039 1993 1100 2020 hic?
1122 1995 1276 2020 necessaria
1291 1994 1364 2021 cuitu
1384 1994 1462 2021 nobis
1482 1994 1587 2021 videtur
1607 1994 1665 2021 hare

874 2041 951 2067 ratio.
965 2040 1056 2066 Manes
1066 2040 1152 2066 dixit:
1165 2040 1287 2075 Semper.
1302 2040 1447 2068 Archelaus
1461 2041 1529 2067 dixit
1542 2049 1550 2066 .'
1565 2039 1663 2067 Osten-

872 2087 933 2113 dam
950 2087 1031 2113 etiam
1047 2087 1108 2118 hoc,
1131 2087 1226 2121 optimi
1249 2087 1300 2113 viri
1320 2091 1346 2113 ct
1362 2087 1564 2120 prudentissimi
1586 2086 1664 2112 audi-

872 2139 955 2164 tores,
981 2133 1111 2168 quoniam
1135 2140 1226 2160 sermo
1249 2133 1308 2166 cjns
1326 2133 1438 2159 omnino
1462 2141 1515 2159 non
1539 2137 1661 2162 constat;

872 2187 933 2205 nam
948 2184 974 2206 et
991 2179 1093 2206 ferrum
1109 2187 1161 2205 non
1178 2183 1218 2205 est
1228 2186 1336 2212 semper
1359 2178 1471 2211 malum,
1488 2178 1538 2204 nisi
1561 2186 1593 2205 ex
1608 2186 1663 2212 quo

873 2225 954 2251 homo
971 2229 1021 2256 est,
1045 2229 1071 2251 et
1090 2225 1234 2252 artitiriunt
1259 2226 1319 2259 ejus
1336 2225 1362 2251 in
1387 2224 1460 2251 malo
1487 2232 1661 2256 conversum,

871 2271 972 2297 utendo
989 2278 1021 2297 ex
1037 2279 1070 2297 eo
1089 2279 1232 2305 pcru-rse;
1253 2279 1334 2298 omne
1355 2275 1495 2305 peccatum
1513 2270 1615 2297 exstitit
1628 2278 1660 2297 ex

869 2324 924 2350 quo
951 2316 1033 2343 homo
1057 2322 1107 2343 est.
1130 2317 1182 2343 Sed
1211 2325 1260 2344 nec
1274 2317 1318 2343 ille
1339 2316 1447 2350 quidem
1467 2317 1524 2350 ipse
1546 2325 1660 2351 magnus

869 2370 1000 2396 serpens,
1035 2363 1122 2390 malus
1159 2367 1220 2390 ante
1249 2363 1386 2390 hominem
1424 2362 1489 2395 fuit;
1520 2363 1566 2390 sed
1599 2368 1661 2397 post

870 2409 1025 2441 hominem,
1045 2411 1070 2436 in
1098 2417 1153 2446 quo
1170 2410 1279 2437 malitia:
1296 2418 1352 2437 stne
1380 2409 1498 2437 ostemlit.
1527 2409 1657 2443 fructum,

868 2455 932 2488 quia
947 2455 1004 2491 ipse
1018 2457 1112 2483 voluit.
1132 2457 1160 2484 Si
1173 2464 1238 2492 ergo
1255 2457 1334 2484 nobis
1349 2460 1410 2491 post
1426 2456 1563 2484 hominem
1575 2464 1659 2492 appa-

869 2506 909 2527 ενι-ι
933 2502 1083 2529 scentulum
1115 2502 1270 2537 Seripturas
1285 2503 1396 2530 malitia:
1423 2507 1514 2537 pater;
1542 2509 1657 2537 quomo<

867 2547 902 2573 do
920 2547 1055 2582 ingenitus
1074 2549 1140 2581 erit,
1166 2550 1211 2582 qni
1235 2555 1296 2584 post
1320 2549 1457 2576 hominem
1479 2549 1525 2584 qui
1552 2549 1656 2576 factura

866 2596 926 2624 cst,
947 2594 1036 2619 malus
1057 2593 1169 2621 eﬂ‘eetus
1196 2595 1256 2621 est?
1278 2594 1329 2622 Sed
1351 2602 1384 2621 ex
1402 2594 1520 2621 hominis
1538 2599 1658 2629 tempore

868 2647 882 2665 a
899 2646 928 2665 se
943 2640 1026 2666 creati
1052 2640 1120 2674 (88),
1153 2649 1200 2668 cur
1228 2642 1316 2668 malus
1335 2641 1515 2669 ostendatur?
1542 2641 1613 2674 Quid
1630 2642 1656 2669 in

866 2764 925 2796 ejus
940 2763 1088 2801 constabit,
1106 2769 1134 2791 ut
1147 2765 1182 2792 sit
1199 2774 1204 2791 :
1218 2767 1264 2791 sed
1281 2773 1315 2792 ex
1334 2771 1455 2801 tempore
1487 2765 1587 2793 ominis
1600 2774 1615 2792 a
1627 2774 1656 2793 se

866 2799 960 2836 rrrati,
976 2799 1027 2836 hoc
1040 2804 1097 2836 est.
1111 2807 1166 2834 quo
1183 2801 1319 2827 hominem
1337 2799 1397 2836 ipse
1407 2804 1518 2835 creavit,
1533 2810 1582 2828 cur
1599 2810 1656 2828 mar-

866 2834 906 2860 Ius
923 2834 1100 2861 ostendatur?
