1848 3043
174 119 187 145 1
194 118 243 146 3'59

684 119 778 146 ACTA
796 119 1063 147 DlSPU'l'ATlONlS
1083 120 1113 148 S.
1130 119 1305 148 ARCHELAI

1729 121 1786 149 “60

172 187 205 207 eo
230 178 401 214 concupivit?
423 178 446 206 si
464 185 544 206 omne
566 186 667 214 corpus
692 187 749 206 suae
769 179 880 207 facturae
894 185 962 212 erat,
979 187 1000 214 Α
1016 187 1132 214 persona
1150 180 1283 207 subsistit.
1306 177 1364 206 Non
1375 177 1450 206 enim
1469 183 1595 204 animam
1610 178 1721 207 dicimus
1733 181 1787 207 sub-

172 227 238 262 quid
251 227 354 254 zelatus
370 226 430 254 est?
442 226 494 260 Qui
507 227 579 254 enim
599 227 702 254 zelatur
718 232 765 254 aut
782 227 962 261 concupiscit,

172 272 284 299 meliora
302 275 328 298 et
350 271 436 298 aliena
457 272 636 306 concupiscit.
655 271 683 298 Si
704 279 769 307 ergo
785 279 864 299 exeo
879 272 962 299 immo

172 323 223 350 est,
241 318 311 344 mala
327 322 434 351 natura,
446 319 653 345 demoustratur
665 320 803 353 quomodo
817 326 884 345 suus
900 318 961 350 fuit,

172 363 243 390 sicut
267 362 424 397 frequenter
448 364 566 396 ostendi,
584 363 675 390 homo.
693 363 721 390 Si
733 363 804 390 enim
822 372 889 391 suus
902 368 962 390 erat

170 408 264 440 homo,
282 409 368 435 malus
383 413 441 435 erat
452 410 533 436 etiam
549 409 616 443 ipse,
629 415 757 443 tanquam
778 410 838 437 talis
854 410 961 438 arboris

170 454 276 482 fructus
290 463 297 487 ;
313 455 383 481 mala
395 455 467 482 enim
486 455 578 488 arbor,
594 456 664 483 sicut
678 457 729 487 ais,
747 457 833 483 malos
853 456 960 484 fructus

168 499 244 527 facit.
263 500 330 527 Cum
344 509 439 528 omnes
453 501 524 528 enim
543 502 606 528 mali
623 506 723 534 essent,
740 502 804 536 quid
822 503 959 529 desidera-

168 545 216 576 vit,
231 548 277 570 aut
293 545 365 572 unde
381 546 486 572 initium
514 546 624 573 malitiae
649 548 777 579 ostendit,
802 548 824 575 si
839 556 871 574 ex
890 552 957 574 teru-

167 597 233 624 pore
246 589 370 624 plasmati
384 591 504 618 hominis
517 592 626 620 malitia:
640 592 699 627 ejus
712 593 794 620 homo
806 601 887 620 causa
900 594 960 620 est?

167 634 238 670 Lege
258 641 348 662 autem
375 645 407 663 ac
427 643 562 672 pra-cepto
587 639 638 665 sibi
654 639 729 672 dato,
751 639 833 666 homo
851 644 958 674 poterat

166 689 339 716 nequaqnaru
357 683 545 718 obtemperare
566 686 684 720 serpenti
697 691 724 712 et
743 686 784 712 his
799 694 861 720 qua:
877 687 911 713 ab
925 694 957 714 eo

165 725 337 759 dicebantur,
354 728 397 754 cui
410 728 432 755 si
448 736 500 755 non
516 730 731 764 obtemperasset
746 731 839 764 homo,
856 739 909 766 qua
923 740 957 758 ex

165 778 247 798 causa
264 773 351 800 malus
365 773 479 801 fuisset?
490 775 567 807 Quod
584 776 607 802 si
619 777 768 811 ingenitum
785 782 827 804 est
842 778 955 810 malum,

164 820 191 842 ct
204 816 343 850 quomodo
355 817 490 846 interdum
513 820 594 847 homo
621 820 716 848 fortior
739 822 787 848 illo
802 822 956 849 invenitur?

164 860 362 898 Obtemperans
388 865 460 891 enim
489 866 618 894 mandato
630 867 677 894 Dei
694 867 851 903 frequenter
865 869 954 896 vincet

164 916 273 936 omnem
290 911 400 938 malitia:
417 912 556 941 radicem:
583 919 610 941 et
635 914 779 941 ridiculum
792 920 844 948 est,
862 916 885 943 si
903 917 954 944 iste

162 956 210 990 qui
227 955 330 984 factura
342 962 393 990 est,
416 958 513 985 fortior
538 959 692 987 inveniatur
717 962 848 996 ingenito.
867 963 953 998 Cujus

163 1007 307 1030 autemest
326 1003 367 1030 lex
383 1009 410 1031 et
426 1005 595 1038 mandatum,
610 1006 675 1033 illud
690 1007 764 1039 dico,
777 1009 849 1042 quod
865 1009 953 1036 homi-

163 1047 190 1073 ni
206 1048 299 1074 datum
317 1049 376 1076 est?
393 1049 457 1077 Siue
473 1051 557 1078 dubio
571 1052 745 1079 confitebitur
768 1053 815 1080 Dei
830 1062 900 1082 esse.
919 1054 953 1082 Et

161 1095 300 1127 quomodo
321 1101 410 1130 potest
432 1096 489 1123 dari
516 1099 558 1124 lex
574 1099 674 1132 alieno,
700 1104 747 1126 aut
762 1100 873 1127 inimico
890 1102 952 1136 quis

161 1146 249 1174 potest
261 1143 326 1169 dare
346 1144 532 1177 prteceplnm?
546 1144 600 1171 Aut
621 1145 665 1172 ille
680 1146 726 1180 qui
739 1146 837 1181 accipit
849 1155 950 1182 praece-

160 1193 247 1222 ptum,
271 1189 410 1222 quomodo
431 1195 521 1224 potest
543 1191 675 1219 adversus
689 1192 838 1226 diabolum,
857 1195 882 1221 id
898 1199 949 1226 est,

160 1233 292 1260 adversus
304 1239 453 1262 creatorem
468 1244 546 1263 suum
558 1245 688 1272 pugnare,
699 1243 827 1274 tanquam
843 1241 866 1267 si
879 1241 951 1268 lilius

159 1278 240 1311 patri,
261 1285 323 1305 cum
340 1279 534 1307 beru-(iciorum
555 1282 662 1308 debitor
676 1283 721 1315 sit,
751 1284 871 1319 irrogare
887 1285 951 1312 velit

159 1323 293 1358 injurias?
310 1324 348 1351 ita
375 1326 401 1352 iu
417 1327 466 1353 hac
482 1332 556 1361 parte
576 1328 749 1364 inutilitatem
770 1329 888 1357 hominis
901 1331 948 1358 de-

159 1372 262 1405 signas,
288 1371 310 1399 si
338 1380 385 1406 per
411 1373 495 1408 legem
519 1379 545 1401 et
564 1375 723 1403 mandatum
740 1377 870 1405 adversus
886 1386 947 1405 eum

157 1421 204 1455 qui
221 1420 408 1456 plasmaverit,
425 1422 510 1456 dicat,
528 1429 609 1459 atque
621 1433 682 1452 eum
699 1426 808 1454 vincere
824 1432 947 1455 conetur.

159 1466 186 1493 In
208 1473 313 1494 tantum
327 1469 399 1496 enim
414 1470 572 1498 stoliditatis
589 1479 764 1506 progressum
780 1481 841 1500 esse
858 1474 946 1508 ipsum

156 1514 296 1541 diabolum
322 1515 489 1549 putabimus,
507 1517 577 1551 quod
597 1518 740 1545 adversmn
759 1527 788 1546 se
809 1519 946 1547 hominem
961 1530 981 1558 ς

157 1559 254 1588 fecisse
273 1569 326 1587 non
352 1562 479 1594 senserit,
503 1571 551 1590 nec
568 1564 864 1600 animadverteritquid
878 1565 948 1592 futu-

156 1614 218 1632 rum
241 1611 325 1639 esset,
352 1615 401 1634 nec
424 1608 573 1642 providerit
595 1610 660 1644 quid
679 1610 860 1644 sequebatur;
885 1619 946 1638 eum

156 1651 238 1678 etiam
255 1651 282 1678 in
299 1651 377 1679 nobis
391 1653 437 1687 qui
465 1653 569 1681 factura
597 1663 703 1688 sumus,
731 1656 766 1682 sit
791 1656 880 1690 aliqua
905 1658 947 1684 vel

156 1705 239 1731 parva
253 1698 377 1730 scientia,
392 1698 462 1726 inest
478 1705 505 1726 et
520 1700 621 1734 aliquid
637 1701 797 1735 prudentiat,
812 1707 839 1729 et
853 1703 947 1730 existi-

155 1743 286 1770 mationis
302 1752 499 1781 nonnunquam
515 1751 606 1774 cerne.
623 1747 656 1775 Et
671 1749 809 1783 quomodo
825 1750 946 1784 ingenito

156 1797 189 1816 ne
213 1790 341 1825 exiguum
359 1791 467 1825 quidem
488 1793 666 1827 providentia:
688 1794 773 1822 fuisse
797 1796 944 1828 crediturus,

156 1844 245 1870 neque
260 1836 481 1871 existimationis,
507 1843 553 1865 aut
568 1839 738 1873 intellectus;
755 1842 801 1868 sed
817 1842 944 1869 brutissh

154 1889 217 1908 mes
235 1890 333 1915 sensu,
350 1888 376 1910 et
393 1884 561 1912 obtusissimi
573 1886 674 1918 cordis,
693 1892 718 1913 et
738 1892 841 1915 natura:
862 1896 942 1922 peco—

153 1928 192 1955 ris
204 1929 352 1962 invenitur,
364 1931 514 1958 secundum
525 1932 702 1959 assertionem
719 1934 841 1961 videlicet
853 1935 944 1961 tuam?

153 1973 230 2007 Quod
253 1975 275 2002 si
289 1976 325 2002 ita
339 1983 390 2009 est,
413 1978 552 2011 quomodo
574 1977 657 2005 homo
668 1979 713 2014 qui
736 1980 844 2014 ingenio
861 1985 942 2015 atque

152 2021 267 2048 scientia
283 2030 336 2049 non
356 2031 451 2057 parum
475 2024 569 2058 pollet,
597 2025 631 2052 ab
647 2033 680 2052 eo
696 2026 741 2060 qui
757 2027 868 2060 ignarus
883 2036 942 2053 om-

150 2067 226 2094 nium
248 2073 330 2102 atque
354 2068 436 2095 hebes
453 2077 535 2096 sensu
556 2075 607 2103 est,
621 2071 709 2105 potuit
725 2072 862 2107 accepisse
877 2074 942 2100 sub-

150 2113 297 2140 stantiam?
310 2113 452 2147 Quomodo
469 2116 658 2151 hujuscemodi
670 2119 789 2145 auctoris
801 2127 869 2154 opus
882 2128 941 2146 esse.

150 2158 287 2185 homineru
305 2160 416 2187 audebit
431 2161 530 2196 aliquis
553 2162 694 2190 confiteri?
717 2163 795 2196 Quod
813 2166 835 2192 si
858 2166 939 2194 homo

148 2205 239 2231 anima
252 2209 293 2232 est
305 2211 331 2233 et
348 2214 457 2242 corpus,
479 2212 505 2234 et
522 2217 576 2235 non
596 2210 684 2236 solum
697 2218 797 2245 corpus
808 2213 866 2239 sine
878 2214 938 2240 aui-
955 2210 977 2238 D

148 2257 204 2284 ma,
223 2259 284 2285 qua:
301 2253 359 2279 sine
373 2262 401 2280 se
417 2255 568 2282 subsistere
585 2265 638 2283 non
656 2263 791 2291 possunt;
809 2266 893 2293 quare
905 2267 936 2286 ca

147 2295 258 2323 inimica
283 2298 393 2326 sibimet
415 2300 489 2327 dices
509 2307 536 2328 et
560 2303 716 2330 contraria?
738 2303 848 2331 Videtur
862 2306 934 2332 enim

145 2342 212 2369 mihi
229 2342 362 2372 Dominus
375 2350 467 2372 uoster
480 2345 559 2373 Jcsns
571 2346 696 2375 Christus
711 2349 744 2375 de
767 2350 810 2376 his
833 2350 936 2378 dixisse

144 2395 193 2422 per
207 2389 364 2422 parabolas:
382 2400 390 2415 ‹
402 2389 489 2418 Nemo
503 2397 590 2426 potest
602 2395 694 2420 vinum
708 2402 806 2421 novum
819 2395 845 2421 in
862 2401 935 2424 utres

144 2438 249 2461 veteres
262 2434 378 2469 mittere,
395 2436 515 2471 alioquin
528 2443 689 2473 rumpantur
705 2447 789 2473 utres,
801 2446 828 2468 et
843 2442 936 2469 vinum

143 2485 297 2514 cﬂuudetur
313 2488 346 2514 ²’.
367 2497 376 2513 ι
404 2488 456 2515 Sed
474 2489 566 2516 vinum
583 2499 682 2518 novum
708 2492 735 2518 in
761 2497 835 2520 utres
851 2502 936 2521 novos

142 2537 305 2564 mittendum
323 2541 376 2570 cst,
388 2539 517 2573 quoniam
533 2540 642 2574 quidem
659 2541 729 2569 idem
747 2541 880 2571 Dominus
895 2550 936 2572 est

142 2589 210 2616 utris
221 2593 247 2616 et
266 2589 331 2622 vini,
354 2598 417 2617 nam
440 2593 491 2619 etsi
512 2592 620 2620 diversa
648 2594 801 2621 substantia
821 2596 866 2628 sit,
888 2597 933 2623 sed

140 2636 327 2666 dominatione
344 2644 370 2667 et
386 2640 565 2670 observantiae
585 2651 636 2671 usn
654 2652 685 2671 ex
704 2645 747 2672 his
758 2646 864 2674 duabus
878 2656 931 2675 una

176 2707 198 2721 ²²
208 2707 303 2735 Matth.
323 2717 361 2743 Ix,
382 2711 422 2739 l7..
475 2713 575 2741 "Ibid.
595 2715 636 2742 Hi.
687 2717 709 2731 "
724 2716 803 2744 lCor.
829 2727 877 2750 xu,
899 2721 941 2747 l8.

175 2799 230 2832 (RQ)
253 2800 342 2833 Forte,
362 2813 370 2827 ε
387 2804 425 2831 sic
436 2806 508 2832 enim

178 2835 234 2871 (9U)
257 2837 284 2863 ln
296 2838 389 2866 codice
406 2835 557 2875 Casinens'i,
578 2853 587 2868 ι
607 2835 730 2871 lie-umis

1015 226 1123 252 stantia:
1144 226 1225 252 unius
1241 231 1300 252 esse
1312 231 1373 252 eum
1389 231 1518 259 corpore,
1531 224 1580 251 sed
1595 224 1692 252 habere
1703 232 1786 252 unum-

1014 271 1143 306 quodque
1162 271 1318 306 qualitatem
1343 278 1438 303 suam;
1456 275 1483 297 et
1512 274 1646 305 tanquam
1669 271 1699 297 ad
1716 279 1785 298 unum

1013 324 1099 351 genus
1110 323 1190 352 atque
1204 324 1286 344 unam
1298 316 1413 350 speciem
1427 316 1584 347 hominum,
1598 321 1658 343 uter
1667 324 1696 343 ac
1708 316 1785 344 riuum

1013 369 1198 398 comparatur,
1223 363 1260 390 ita
1275 363 1309 390 ah
1326 371 1378 389 uno
1395 362 1450 389 Deo
1465 362 1606 388 hominem
1621 363 1717 389 editum
1730 364 1787 389 ratio

1011 411 1115 444 expetit
1131 411 1252 437 veritatis
1269 420 1275 437 :
1294 410 1391 445 gaudet
1415 409 1488 435 enim
1513 409 1608 435 anima
1633 416 1747 443 cerpore,
1764 415 1786 436 et

1011 455 1131 489 diligitet
1141 455 1296 487 coiitillud;
1310 453 1488 480 nihilominus
1501 453 1692 487 ctiamcorpns
1705 455 1787 488 gaudet

1010 502 1045 528 ab
1056 501 1144 527 anima
1161 508 1190 527 se
1207 500 1383 526 vivilicatum.
1397 498 1474 530 Quod
1487 498 1511 525 si
1521 498 1635 533 maligni
1649 507 1715 532 opus
1727 500 1788 526 dicat

1009 554 1070 573 esse
1093 546 1155 580 quis
1175 552 1292 579 corpus,
1313 551 1374 570 eum
1400 543 1435 569 sit
1459 547 1486 569 et
1510 542 1688 576 corruptibile
1707 550 1735 568 ac
1750 550 1787 569 ve-

1011 596 1115 618 tustum
1130 596 1210 625 atque
1227 590 1414 620 deterrimum,
1429 595 1483 615 non
1502 593 1592 622 potest
1608 587 1680 615 ferre
1691 589 1789 622 spiritus

1009 638 1148 668 virtutem,
1166 644 1215 663 rrec
1233 636 1331 662 anima:
1354 635 1570 662 commotionem
1589 639 1617 661 et
1636 634 1696 668 ejus
1711 635 1787 669 spicu-

1008 683 1178 711 didissimam
1196 686 1363 710 creaturam.
1389 681 1466 708 Sicut
1481 682 1556 707 enim
1571 681 1595 707 si
1613 686 1787 707 assumentuni

1007 730 1090 764 panni
1105 730 1181 756 rudis
1198 734 1292 756 assnat
1308 730 1371 763 quis
1385 729 1550 756 vestimento
1565 728 1652 755 veteri
1664 727 1696 759 “,
1716 727 1789 760 major

1007 775 1125 802 scissura
1150 774 1195 807 tit;
1214 775 1249 801 ita
1266 774 1347 801 etiam
1361 782 1472 809 corpus,
1485 773 1508 800 si
1523 773 1791 808 praaclarissimoope.

1007 821 1041 852 ri,
1058 821 1156 848 anima:
1178 820 1342 848 associatum
1367 819 1458 853 fuerit,
1475 819 1608 846 interiret.
1628 819 1757 846 Similiter
1769 825 1790 846 et

972 860 992 886 Β
1007 867 1029 894 si
1041 867 1102 901 quis
1118 866 1216 893 inferat
1228 867 1346 893 lucerna
1357 866 1447 893 lumen
1464 867 1491 892 in
1509 866 1600 892 locum
1613 865 1789 896 tenebrosum,

1006 913 1133 948 fugantur
1151 914 1281 940 continuo
1296 913 1424 944 tenebrat,
1435 920 1485 940 nec
1498 918 1650 947 apparent;
1672 913 1708 938 ita
1722 912 1791 938 intel—

1004 959 1142 994 ligendum
1162 963 1213 991 est,
1229 960 1317 986 anima
1342 959 1451 993 corpori
1470 959 1585 990 inserta,
1610 958 1742 985 continuo
1758 963 1791 986 te-

1005 1005 1104 1033 nebras
1118 1004 1261 1040 etfugatas,
1286 1010 1314 1032 et
1338 1013 1421 1032 unam
1434 1005 1490 1040 jam
1506 1005 1630 1032 eti‘eetam
1647 1012 1709 1031 esse
1723 1009 1791 1031 nate-

1005 1058 1073 1082 rarn,
1089 1055 1170 1085 atque
1188 1058 1271 1077 unum
1292 1051 1433 1077 hominem
1450 1050 1476 1077 ir.
1495 1057 1579 1077 unam
1597 1050 1718 1084 speciem
1735 1058 1789 1077 cer;—

1004 1096 1128 1122 stitutum
1145 1104 1152 1122 :
1167 1100 1194 1122 et
1212 1095 1247 1122 ita
1262 1096 1405 1123 conveniet
1425 1100 1609 1122 consonanter
1633 1095 1728 1122 vinum
1747 1104 1777 1122 no

1003 1150 1066 1169 vum
1083 1151 1144 1170 esse
1167 1143 1282 1170 missum
1299 1143 1325 1169 in
1342 1149 1418 1170 utres
1436 1150 1534 1175 HOVOS,
1557 1147 1585 1169 Cl
1608 1148 1789 1170 assumentum

1002 1189 1084 1223 panni
1109 1189 1185 1216 rudis
1209 1193 1331 1216 assutum
1350 1196 1404 1215 non
1425 1195 1486 1214 esse
1509 1188 1595 1214 veteri
1623 1188 1789 1214 vestimento.

1003 1232 1056 1259 Sed
1070 1241 1103 1260 ex
1123 1233 1174 1260 hoc
1191 1233 1334 1260 ostendere
1348 1240 1496 1267 possumus
1512 1233 1727 1259 consonantiam
1739 1240 1791 1259 esse

1001 1279 1132 1306 virtutum
1150 1279 1177 1306 iu
1194 1284 1318 1314 utraque,
1337 1278 1361 1306 id
1376 1283 1429 1309 est,
1457 1278 1584 1312 corporis
1599 1285 1684 1312 atque
1701 1279 1791 1305 anime

1001 1325 1163 1359 substantia,
1181 1325 1207 1352 in
1220 1333 1271 1360 qua
1280 1325 1318 1351 ait
1333 1323 1538 1358 Scripturarum
1555 1325 1655 1351 doctor
1664 1325 1790 1351 maximus

1001 1369 1112 1402 Paulus,
1130 1370 1213 1398 Deum
1244 1371 1270 1397 in
1295 1377 1410 1405 corpore
1425 1369 1459 1402 ",
1484 1371 1556 1397 sicut
1579 1371 1680 1403 voluit,
1702 1378 1790 1396 unum-

1000 1416 1129 1451 quodque
1147 1415 1300 1442 membrum
1318 1414 1453 1449 posuisse.

1035 1459 1106 1486 ΧΙΧ.
1128 1459 1206 1492 Quod
1225 1459 1247 1486 si
1266 1459 1314 1485 tibi
1333 1459 1359 1485 id
1375 1458 1484 1486 diflicile
1509 1458 1622 1485 videtur
1648 1459 1788 1489 intellectu,

1000 1513 1050 1532 nec
1062 1505 1214 1539 acquiescis
1233 1505 1275 1532 his
1292 1504 1383 1537 dictis,
1402 1505 1497 1531 saltem
1516 1504 1655 1538 exemplis
1668 1505 1718 1531 tibi
1729 1504 1790 1531 air—

1000 1551 1091 1578 mabo.
1118 1551 1223 1578 intuere
1248 1551 1386 1578 hominem
1409 1551 1540 1585 templum
1562 1558 1627 1577 esse
1645 1551 1790 1585 quoddam,

998 1597 1070 1624 sicut
1084 1597 1216 1631 scriptum
1227 1601 1269 1624 est
1280 1597 1318 1630 '5;
1333 1597 1447 1631 spiritus
1460 1602 1552 1624 autem
1565 1597 1611 1631 qui
1628 1598 1657 1623 in
1673 1597 1735 1632 ipso
1745 1602 1790 1627 est,

997 1642 1098 1669 referat
1113 1644 1172 1677 ejus
1187 1642 1315 1675 ferulam,
1330 1644 1376 1678 qui
1393 1643 1528 1670 inhabitat
1540 1643 1695 1677 templum;
1712 1651 1791 1678 neque

997 1696 1061 1724 ergo
1073 1688 1201 1723 templum
1213 1689 1342 1716 constitui
1357 1693 1456 1723 potest,
1475 1696 1530 1714 non
1543 1689 1640 1723 agnito
1659 1690 1737 1723 prius
1750 1689 1793 1715 ba-

997 1735 1114 1761 bitatore
1141 1735 1246 1770 templi,
1270 1743 1360 1769 neque
1384 1734 1554 1761 inhabitator
1577 1735 1746 1767 coliocatur,
1773 1735 1793 1762 si

999 1781 1129 1815 templum
1145 1789 1198 1808 non
1218 1781 1254 1808 sit
1268 1786 1447 1808 exstructum.
1473 1781 1542 1807 Cum
1559 1788 1628 1815 ergo
1648 1788 1793 1816 utrumque

997 1835 1049 1853 una
1067 1835 1098 1854 ac
1115 1828 1217 1862 pariter
1237 1827 1394 1859 dedicetur;
1420 1827 1562 1861 quomodo
1584 1827 1611 1854 in
1641 1828 1686 1855 his
1706 1828 1794 1854 inimi-

996 1881 1057 1899 cum
1076 1873 1179 1908 aliquid
1195 1877 1244 1900 aut
1262 1874 1432 1900 contrarium
1449 1873 1567 1900 inveniri
1581 1878 1686 1908 potest,
1702 1878 1733 1900 et
1745 1882 1793 1900 non

995 1919 1085 1953 potius
1100 1919 1134 1946 ab
1152 1919 1249 1946 amicis
1272 1924 1354 1953 atque
1376 1919 1446 1946 idem
1471 1919 1631 1946 volentibus
1647 1925 1795 1954 utrumque

994 1963 1101 1990 videtur
1115 1963 1259 1991 effectum?
1273 1963 1306 1990 Et
1322 1969 1351 1990 ut
1375 1964 1457 1996 scias,
1477 1964 1611 1998 quoniam
1628 1969 1658 1991 et
1674 1965 1794 1992 amicitia

993 2015 1020 2037 et
1036 2018 1135 2044 genere
1157 2011 1295 2045 conjuncti
1312 2015 1386 2043 sunt,
1402 2011 1449 2045 qui
1467 2012 1520 2038 scit
1540 2016 1569 2038 et
1592 2011 1674 2038 audit
1689 2022 1698 2039 :
1719 2022 1729 2038 ι
1748 2011 1794 2038 Fa-

994 2055 1099 2083 ciamus
1111 2056 1260 2088 hominem,
1276 2065 1285 2081 )
1301 2060 1328 2083 et
1343 2057 1458 2091 reliqua,
1477 2058 1632 2091 respondit.
1654 2057 1709 2085 Hic
1724 2059 1793 2085 enim

993 2102 1039 2135 qui
1053 2102 1182 2136 templum
1200 2102 1316 2129 exstruit
1330 2101 1398 2136 (89),
1417 2102 1570 2137 interrogat
1586 2104 1668 2130 illum
1686 2105 1739 2139 qui
1755 2106 1790 2130 in-

993 2146 1093 2174 format
1115 2148 1306 2180 simulacrum,
1333 2155 1534 2183 mensurasquc
1548 2150 1634 2176 etiam
1655 2152 1792 2186 magnitu-

993 2192 1064 2220 dinis
1082 2200 1114 2219 ac
1137 2193 1290 2220 latitudinis
1308 2193 1500 2228 vastitatisqne
1525 2196 1674 2230 perquirit,
1706 2203 1736 2223 ut
1760 2198 1791 2223 ira

991 2238 1229 2265 fundamentorum
1254 2238 1340 2273 spatia
1368 2240 1521 2273 describat;
1552 2249 1646 2276 neque
1667 2244 1746 2270 enim
1768 2243 1789 2268 ia

990 2291 1090 2310 vanum
1106 2284 1168 2318 quis
1183 2285 1313 2319 templum
1328 2287 1455 2319 exstruit,
1472 2287 1527 2313 nisi
1540 2295 1693 2316 mensuras
1710 2289 1789 2316 collo.

989 2331 1067 2356 candi
1089 2330 1376 2359 didiceritsimulacri.
1394 2332 1527 2360 Similiter
1543 2334 1630 2369 igitur
1653 2337 1789 2370 perquiri-

989 2379 1033 2402 tur
1053 2377 1150 2404 rnodus
1171 2377 1293 2411 corporis
1309 2383 1390 2412 atquc
1407 2387 1549 2413 mensura,
1575 2386 1605 2407 ut
1621 2385 1715 2416 pes-sit
1732 2387 1788 2416 apte

991 2420 1017 2447 in
1030 2428 1062 2447 eo
1075 2421 1164 2448 anima
1181 2422 1309 2449 collocari
1320 2425 1354 2449 ab
1367 2424 1473 2451 artiﬁce
1486 2426 1613 2452 omnium
1629 2426 1700 2454 Deo.
1713 2427 1786 2459 Quod

990 2467 1012 2493 si
1027 2467 1101 2494 dicat
1119 2469 1180 2502 quis
1204 2469 1346 2497 inimicum
1371 2478 1433 2498 esse
1447 2479 1524 2503 cum,
1542 2473 1590 2508 qui
1607 2474 1786 2508 plasmavcrit

989 2519 1104 2547 corpus;
1130 2513 1201 2540 Deus
1223 2514 1278 2548 (90)
1303 2514 1350 2549 qui
1374 2521 1483 2543 creator
1513 2523 1556 2545 est
1578 2519 1680 2546 anima:
1713 2526 1785 2548 mea,

988 2559 1127 2592 quomodo
1144 2567 1210 2592 non,
1223 2561 1287 2587 dum
1303 2561 1380 2587 alteri
1398 2561 1513 2595 invidet,
1530 2563 1646 2591 alterius
1660 2564 1741 2598 operi
1754 2565 1775 2589 ιτ

988 2604 1093 2638 rogavit
1110 2604 1262 2637 infamiam,
1282 2611 1310 2632 ut
1323 2612 1369 2632 aut
1382 2607 1426 2634 ille
1434 2609 1482 2642 qui
1504 2610 1640 2644 templum
1657 2608 1784 2640 exstruit,

987 2655 1132 2684 angustum
1147 2651 1240 2684 faciat,
1256 2653 1292 2678 ita
1310 2657 1339 2679 ut
1352 2661 1452 2688 capere
1466 2663 1521 2682 non
1538 2657 1629 2691 possit
1645 2654 1776 2693 quodeo!

1004 2722 1026 2737 ³³
1040 2723 1048 2748 l
1064 2723 1127 2750 Cur.
1148 2732 1188 2756 nl,
1205 2724 1252 2756 i7;
1273 2724 1292 2750 li
1306 2724 1370 2752 Cor.
1386 2735 1425 2759 vr,
1445 2727 1490 2755 16.

522 2808 568 2847 qui
584 2809 712 2850 templum
725 2813 851 2840 exstruit.
870 2823 878 2839 ι
896 2813 922 2841 In
943 2815 1036 2843 codice
1052 2816 1122 2843 enim
1137 2823 1206 2850 erat,
1230 2827 1238 2842 ι
1253 2819 1380 2846 exstruis.
1398 2829 1409 2846 ι
