1848 3043
64 141 125 170 1161

614 138 688 167 CUM
708 135 852 164 MANETE
872 133 1140 163 HERESIARCHA.

1612 128 1684 159 (ιθξ

63 201 178 230 locatur!
188 205 236 227 aut
247 200 290 227 ille
302 198 349 235 qui
363 199 539 227 simulacrum
553 198 626 230 fecit,
641 197 779 233 quomodo
791 204 843 222 non
860 199 880 226 Α
896 203 977 229 quam
988 194 1086 222 audeat
1096 193 1197 224 dicere,
1209 192 1281 227 quod
1293 191 1381 226 ipsum
1397 197 1451 221 nos~
1462 189 1577 216 docebat
1588 195 1682 222 orare,

62 255 139 283 grave
159 246 261 281 aliquid
284 245 394 280 pertulit
415 249 443 272 et
466 245 662 280 ponderosum,
686 252 740 279 quo
758 244 844 271 intro-

62 295 152 327 misso,
176 293 307 328 templum
333 292 464 320 continuo
491 291 664 319 concideret?
688 291 843 318 Secundum

62 339 122 370 hoc,
146 338 219 374 quod
242 337 368 365 novimus
388 344 449 365 esse
468 336 642 363 inimicorum
660 334 762 367 studia,
779 342 846 361 con—

62 385 217 419 templemur
233 383 300 415 haec,
318 383 340 410 si
362 390 415 410 non
440 382 477 409 ita
500 389 529 409 se
553 381 672 413 habent;
690 380 732 408 sin
754 384 844 407 autem

61 435 163 465 oportet
188 429 280 457 omnia
307 429 403 456 iisdem
430 427 577 460 mensuris,
598 426 693 453 eadem
718 427 845 461 aequitate

61 477 174 511 disponi,
192 476 330 510 Similique
345 475 429 510 gloria
442 474 531 502 efferri
543 483 550 506 ;
564 473 630 508 quid
645 473 733 500 adhuc
747 473 780 500 de
794 472 846 498 hoc

61 522 231 550 dubitamus?
242 521 374 548 Addimus
390 524 508 554 tantum,
527 521 550 547 si
567 520 665 554 placet,
683 519 765 546 etiam
780 519 845 545 illud

60 569 208 603 exemplum
227 577 233 594 :
252 567 351 595 similis
375 567 483 594 videtur
508 574 570 593 esse
592 565 675 592 homo
695 566 769 596 navi,
785 573 846 600 quae

60 614 190 641 instructa
212 613 246 639 ab
268 612 382 645 artilice,
408 616 489 646 atque
517 612 544 638 in
570 618 645 638 mare
661 610 776 638 deducta
792 615 845 642 est,

59 667 193 695 quantque
204 659 331 693 navigare
342 658 509 692 impossibile
519 663 561 685 est
571 658 630 685 sine
641 657 844 692 gubernaculis,

59 707 157 741 quibus
174 706 230 740 regi
248 710 275 732 et
289 705 360 733 ﬁecti
383 704 470 739 possit
493 704 519 731 in
534 711 704 739 qutueunque
724 704 781 730 loca
799 711 846 730 vo-

59 753 140 779 luerit
159 753 324 788 gubernator
345 751 415 786 ejus.
434 751 467 778 Et
488 751 553 786 quia
573 751 670 777 eodem
687 750 790 777 artiﬁce
805 750 846 777 in—

58 799 147 832 digeat
159 804 258 831 corpus
283 796 541 832 gubernaculorum,
556 803 612 830 quo
623 800 649 822 et
660 795 744 822 totius
756 796 844 827 navis,

60 843 128 870 nulli
143 843 257 870 dubium
274 847 334 875 est;
355 843 414 869 sine
428 842 619 877 gubernaculis
634 842 706 869 ettim
724 842 843 869 otiosum

897 248 985 276 neque
998 241 1071 268 enim
1086 238 1263 267 descenderat
1277 236 1368 269 Jesus,
1385 240 1415 263 ut
1428 236 1553 267 homines
1569 235 1684 269 conjun~

896 293 980 323 geret,
1003 292 1030 314 et
1053 285 1244 314 reconciliaret
1265 283 1384 315 Satanae,
1399 282 1465 317 quin
1483 281 1574 316 potius
1590 285 1683 315 conte-

896 333 1009 360 rendum
1025 340 1088 359 eum
1106 331 1157 359 sub
1170 329 1284 364 pedibus
1299 328 1418 355 ﬁdelium
1433 334 1545 354 suorum
1563 326 1683 353 tradidit.

898 379 951 407 Sed
977 387 1026 414 ego
1050 378 1185 406 beatiores
1209 377 1277 402 istos
1293 375 1382 402 dicant
1406 381 1467 401 esse
1487 373 1611 408 gentiles,
1636 372 1683 407 qui

896 426 998 453 multos
1018 426 1130 460 quidem
1148 424 1324 452 introducunt
1339 423 1417 454 deos,
1434 420 1578 448 unanimes
1592 423 1684 446 tamen

897 477 980 506 atque
997 472 1101 499 amicos
1116 478 1165 498 cos
1178 469 1356 501 conﬁtentur;
1378 469 1423 495 ltic
1436 474 1500 494 vero
1515 466 1583 493 duos
1598 465 1685 492 intro-

896 518 1009 549 ducens,
1024 517 1182 544 inimicitias
1203 516 1272 543 inter
1289 523 1336 542 eos
1354 509 1560 547 discordemque
1574 515 1684 538 senten-

896 564 961 590 tiam
974 571 1028 590 non
1044 562 1181 590 erubescit
1195 565 1329 588 astruere.
1343 559 1419 592 Quod
1433 559 1454 586 si
1468 558 1612 585 simulatos
1628 555 1683 591 (94)

897 609 948 637 sub
960 608 1149 644 huiuscemodi
1160 608 1316 635 conditione
1329 604 1531 644 introducerent
1540 603 1596 637 (95)
1607 602 1683 632 deos.

896 657 990 684 lttdum
1000 656 1056 691 jam
1070 655 1263 690 gladiatorium
1276 654 1348 680 inter
1361 659 1409 679 eos
1419 655 1477 678 erat
1489 650 1591 681 videre,
1608 648 1684 675 innu-

896 710 986 730 meras
1002 702 1132 728 habentes
1145 705 1258 727 naturas
1271 698 1448 731 diversasque
1461 695 1619 723 sententias.

933 748 1005 775 XXI.
1026 747 1085 774 Jatn
1110 754 1174 774 vero
1192 747 1225 772 dc
1243 744 1372 772 interiore
1393 748 1474 777 atque
1487 740 1621 768 exteriore
1636 739 1684 766 ho-

897 796 971 823 mine
994 794 1060 829 quid
1084 801 1127 820 me
1142 799 1253 819 necesse
1269 795 1312 817 est
1329 790 1428 821 dicere,
1440 795 1514 820 (cum
1535 786 1684 813 Salvator-is

898 849 964 868 voce
980 841 1088 868 dicatur
1107 839 1140 866 ad
1160 846 1207 865 eos
1227 837 1272 872 qui
1298 836 1431 863 camclum
1453 834 1569 875 glutinnt
1593 837 1620 859 et
1636 832 1685 858 dc-

58 889 111 916 erit
132 897 211 916 omne
232 889 309 916 navis
323 896 402 923 opus,
419 895 520 922 corpus
534 887 598 914 illud
616 887 790 914 itntnensum.
806 886 844 913 lta
862 885 881 911 Β
898 887 963 914 foris
983 886 1131 922 hypocrita:
1144 889 1218 914 suttt,
1233 882 1424 910 blandimentis
1439 879 1685 915 atqueadulatione

57 942 125 970 ergo
143 934 261 961 animam
287 934 411 968 corporis
436 932 619 968 gubernacula
643 932 776 965 dicimus;
802 940 846 959 re-

58 986 159 1015 guntur
178 986 269 1007 autem
291 985 407 1014 utraque
430 979 535 1006 arbitrii
558 983 639 1014 atque
654 978 752 1005 anima:
767 979 848 1005 liber-

58 1032 124 1058 late,
138 1034 190 1061 quo
207 1026 279 1053 velut
302 1025 484 1060 gubernatore
506 1025 627 1057 utimur;
643 1032 705 1059 qua:
716 1032 778 1052 cum
798 1032 846 1059 per

55 1072 279 1106 coniunctionem
308 1071 363 1106 (91)
394 1078 480 1098 unum
507 1070 613 1102 eﬂ'ccta,
639 1070 845 1097 consonantiam

56 1117 139 1146 omnii
162 1117 205 1144 sui
224 1117 365 1144 continent
378 1116 410 1142 ad
425 1123 507 1143 omne
523 1123 601 1150 opus,
615 1115 797 1150 quodcunque
814 1123 846 1142 ex

57 1162 213 1196 semetipsis
228 1161 358 1194 ciliciunt,
375 1161 423 1187 uni
442 1160 548 1188 auctori
570 1164 596 1187 ct
615 1160 748 1187 conditori
771 1165 846 1187 test.-

56 1207 180 1234 tnonium
195 1207 296 1234 ferunt.

94 1252 154 1279 XX.
175 1252 223 1279 llis
235 1252 348 1284 auditis,
364 1251 450 1279 turbae
460 1258 521 1286 qua:
537 1251 660 1285 aderant,
672 1251 847 1278 vehementer

55 1298 158 1333 gavisa:
175 1302 249 1331 sunt,
267 1298 303 1324 ita
319 1301 349 1324 ut
374 1304 442 1331 pene
465 1303 564 1323 mattus
588 1295 731 1331 injicerent
752 1296 848 1323 inMa-

55 1353 133 1376 nem,
154 1353 222 1380 quos
249 1345 294 1371 vix
319 1343 469 1371 Archelaus
493 1343 624 1370 cohibens
641 1348 667 1370 et
684 1343 845 1377 reprimens,

54 1391 254 1425 conquiescere
280 1391 353 1418 fecit.
380 1390 490 1416 Iudices
512 1389 660 1416 dixerunt:
677 1389 848 1417 Sullicientcr

54 1437 176 1465 ostendit
199 1437 350 1464 Archelaus
377 1436 497 1463 hominis
524 1440 552 1462 et
578 1443 678 1470 corpus
692 1435 846 1462 elanimatn

55 1485 141 1511 unius
157 1491 218 1510 csse
234 1483 354 1514 factoris,
374 1490 407 1510 eo
425 1483 497 1517 quod
520 1490 671 1509 consonare
687 1483 714 1508 in
730 1481 846 1516 conjun-

53 1530 149 1556 ctione
167 1536 220 1555 uon
241 1529 328 1564 possit
342 1536 412 1563 opus
426 1528 518 1560 unius,
536 1527 558 1554 si
576 1527 744 1562 proposittttn
762 1528 847 1554 artili—

51 1577 97 1602 cis
114 1583 130 1601 a
146 1582 175 1602 se
194 1574 350 1601 diSsentiret
372 1573 494 1601 alterius.
513 1573 589 1606 Quod
605 1574 627 1600 si
640 1573 746 1600 dicatur
760 1581 844 1600 unum

51 1620 195 1655 explicare
207 1625 353 1655 utrutnque
369 1620 482 1646 tninimc
506 1620 636 1653 valuisse,
659 1620 845 1646 inﬁrmitatem

51 1666 314 1697 ostenditartiﬁcis;
329 1666 393 1700 quia
408 1670 435 1692 et
450 1665 473 1692 si
485 1666 557 1693 dicat
571 1666 633 1700 quis
650 1666 769 1692 anituam
782 1666 845 1692 boni

51 1713 103 1740 Dei
118 1720 188 1745 esse,
202 1713 319 1739 otiosum
333 1720 402 1746 opus
418 1712 554 1739 invenitur
567 1712 686 1739 hominis
698 1712 751 1739 nisi
764 1712 845 1738 ctiatn

49 1766 159 1793 corpus
175 1759 319 1792 acceperit.
339 1758 416 1790 Quod
432 1758 454 1785 si
472 1765 582 1784 rursum
598 1765 698 1792 corpus
719 1758 784 1784 mali
799 1757 846 1784 Dei

49 1805 166 1832 dicatur
182 1812 243 1832 esse
263 1805 433 1839 ﬁgmentum,
453 1805 570 1831 otiosum
588 1803 765 1830 nihilominus
783 1804 845 1835 erit,

51 1852 79 1878 si
103 1851 226 1877 animam
251 1858 304 1876 non
331 1850 465 1885 acceperit
484 1859 490 1876 :
506 1857 567 1884 qua:
583 1850 677 1884 utique
698 1850 750 1876 nisi
773 1858 847 1877 cont-

49 1897 187 1925 utislione
202 1903 283 1931 atque
298 1896 349 1923 sibi
367 1896 481 1923 invicent
501 1896 584 1923 fuerit
597 1896 698 1923 inserta
713 1903 774 1922 cum
786 1903 847 1923 cor-

47 1951 134 1979 pore,
147 1943 230 1970 homo
241 1950 289 1969 nec
299 1943 361 1974 erit,
378 1949 428 1969 nec
437 1942 552 1969 dicetur.
569 1941 644 1968 Unde
658 1941 751 1968 multis
760 1949 848 1969 exem-

47 1990 108 2024 plis
131 1988 291 2023 approbavit
314 1988 474 2021 Archelaus,
502 1988 586 2015 totius
616 1987 734 2015 hominis
763 1996 846 2014 unum

45 2040 139 2068 atque
166 2033 291 2060 eumdem
321 2041 382 2061 esse
409 2033 550 2061 factorem.
581 2033 724 2060 Archelaus
755 2034 846 2060 dixit:

46 2081 135 2107 Scire
151 2084 178 2107 te
195 2087 248 2107 non
266 2080 372 2112 dubito,
389 2079 493 2111 lllanes,
516 2079 578 2112 hoc,
604 2079 675 2114 quod
693 2080 847 2115 generantis

43 2131 101 2154 aut
112 2127 235 2154 creantis
248 2126 320 2153 filius
338 2126 437 2153 dicitur
447 2126 502 2157 ille,
518 2126 564 2160 qui
580 2130 660 2152 natus
675 2130 717 2153 est
728 2130 755 2152 et
770 2134 847 2153 crea-

44 2179 97 2199 tus
115 2171 185 2206 (9'2).
213 2171 290 2204 Quod
316 2172 339 2199 si
361 2172 495 2206 malignus
510 2172 648 2198 hominem
664 2171 752 2203 ﬁnxit,
771 2177 848 2206 pater

41 2219 114 2252 ejus
129 2225 191 2245 esse
204 2218 284 2244 debet
297 2218 447 2248 secundum
464 2221 601 2244 naturam.
620 2217 653 2243 Et
667 2218 711 2244 cui
728 2225 792 2252 ergo
806 2218 846 2244 di-

39 2265 134 2292 cebat
153 2263 285 2291 Dominus
298 2263 389 2297 Jesus,
403 2264 503 2291 docens
518 2271 596 2290 orare
611 2263 737 2290 homines
751 2273 758 2290 :
776 2273 785 2290 ι
801 2265 846 2291 Sic

39 2311 137 2338 dicite
149 2318 212 2336 cttm
224 2311 310 2336 oratis
327 2319 333 2337 :
348 2311 426 2337 [’ater
442 2314 545 2342 noster,
560 2310 606 2344 qui
619 2317 649 2336 es
665 2310 691 2336 in
707 2310 842 2337 cadis“.-

38 2354 80 2381 Et
96 2355 202 2382 iterum
216 2364 222 2381 :
240 2364 248 2380 ι
262 2353 342 2381 Orate
357 2354 463 2380 Patrem
477 2359 597 2381 vestrum
612 2354 680 2388 (95),
701 2354 747 2389 qui
763 2360 804 2382 est
818 2355 845 2382 in

37 2400 164 2428 occulto
176 2400 208 2427 ³⁷.
225 2410 234 2426 ι
254 2400 290 2427 De
305 2400 404 2427 Sntana
418 2405 507 2427 autern
526 2400 594 2427 dixit
605 2400 706 2428 vidisse
722 2408 750 2428 se
764 2409 825 2428 eutn
839 2411 845 2428 ι

39 2458 51 2474 ‹
75 2446 162 2474 Sicut
181 2446 271 2481 fulgur
291 2447 432 2474 cadentem
448 2447 481 2474 de
503 2447 573 2474 caelo
583 2447 617 2479 ’⁸,
637 2457 646 2473 ι
667 2447 705 2474 uti
722 2455 755 2474 ne
769 2447 846 2482 quis-

97 2505 125 2522 ³⁸
148 2505 243 2532 Matth.
264 2515 302 2539 vt,
324 2507 355 2538 9;
386 2506 449 2534 Luc.
466 2515 504 2537 xr,
518 2507 545 2533 '2.
615 2508 635 2523 "
657 2507 750 2536 Matth.
764 2516 801 2539 vt,
819 2508 845 2536 6.

35 2543 64 2558 ³⁸
85 2541 161 2569 Luc.
179 2549 217 2574 xu,
236 2542 281 2569 48,
333 2543 352 2557 ³¹
366 2541 431 2569 Luc.
454 2550 501 2575 xx,
527 2543 578 2574 Mi;
593 2542 688 2570 Matth.

74 2613 146 2653 (91)
170 2612 198 2640 ln
212 2614 305 2641 codice
319 2613 461 2641 Casinensi
482 2619 532 2646 est,
552 2624 560 2639 ε
578 2622 639 2648 quae
652 2623 714 2642 cum
729 2617 844 2651 conjun-

31 2654 186 2676 ctione-nt.
204 2659 213 2675 ι

80 2683 147 2718 (92)
170 2683 199 2719 in
211 2685 305 2712 eodem
318 2685 410 2712 codice
423 2685 531 2719 legitur,
544 2696 553 2712 (
566 2692 644 2713 natus
656 2692 698 2714 est
707 2692 825 2714 creatus.
834 2698 842 2713 ι

79 2718 146 2753 (95)
170 2718 266 2747 Melius
295 2721 322 2747 in
349 2718 472 2755 Vulgata,
502 2731 510 2746 (
530 2730 577 2748 ora
596 2722 702 2749 Patrem
724 2728 799 2750 tuum
817 2724 844 2749 in

31 2754 227 2780 abscondito.
244 2765 252 2780 ι

79 2789 148 2826 (Dii)
170 2789 199 2826 lu
216 2790 309 2826 codice
321 2790 473 2823 Casincnsi,
493 2801 501 2816 ι
520 2792 591 2826 quod
605 2793 757 2820 simulatos.
779 2802 788 2818 ι

79 2824 145 2858 (95)
170 2823 198 2850 1η
226 2825 368 2852 Casinensi
394 2827 487 2853 codice
513 2823 564 2859 e'st,
592 2837 600 2853 ι
623 2828 815 2855 introduceret.
833 2838 841 2853 ι

32 2857 100 2886 Sed
123 2859 172 2887 hic
194 2859 227 2888 de
244 2861 387 2895 gentilibus
412 2862 484 2896 loqui
504 2857 593 2897 palam
611 2868 651 2891 est
670 2872 675 2890 :
698 2871 782 2900 quare
807 2864 845 2891 le-

745 2552 821 2577 ntu,
837 2545 869 2578 6;
888 2544 969 2572 Marc.
987 2553 1036 2579 XII,
1048 2546 1092 2572 58.

897 933 1071 965 circumdati,
1088 932 1121 958 ad
1139 939 1208 966 quos
1224 930 1304 958 Jesus
1321 931 1358 957 ait
1374 939 1381 956 :
1400 938 1409 954 (
1427 927 1471 954 Vae
1485 926 1563 954 vobis
1583 924 1686 952 Scriba:

897 983 923 1006 et
938 978 1068 1006 Pharisaei
1083 977 1229 1013 hypocrita:
1242 986 1248 1010 ;
1266 984 1361 1012 qttare,
1374 974 1447 1010 quod
1466 973 1568 1000 deforis
1583 975 1625 998 est
1641 978 1687 998 ca-

898 1025 958 1056 tini,
975 1029 1003 1051 et
1021 1024 1115 1051 calicis
1137 1023 1255 1055 lavatis;
1272 1022 1347 1056 quod
1367 1026 1456 1048 autem
1475 1020 1550 1046 intus
1565 1023 1617 1050 est,
1631 1017 1684 1043 itu-

898 1070 1031 1097 munditia
1058 1070 1166 1105 plenum
1188 1069 1248 1096 est?
1261 1067 1451 1102 Anulescitis,
1469 1067 1532 1100 quia
1550 1065 1596 1101 qui
1610 1063 1684 1095 fecit,

898 1116 969 1150 quod
983 1116 1050 1143 foris
1064 1120 1115 1146 est,
1128 1119 1155 1141 et
1173 1114 1245 1149 quod
1259 1113 1293 1141 de
1306 1114 1379 1140 intus
1393 1117 1444 1146 est,
1463 1111 1575 1138 fecit"?
1589 1120 1596 1135 ι
1613 1109 1685 1137 Nun-

899 1161 963 1196 quid
980 1161 1013 1188 de
1030 1161 1131 1193 catino,
1155 1165 1180 1187 et
1201 1159 1235 1186 de
1257 1160 1340 1186 calice
1364 1155 1542 1194 loquebatur"
1557 1155 1686 1195 Nunquid

898 1207 1037 1234 vitriarius
1053 1211 1112 1234 erat
1128 1208 1175 1241 qui
1188 1207 1245 1233 haec
1257 1206 1374 1238 dicebat,
1389 1210 1436 1232 aut
1453 1204 1561 1239 ﬁgulus,
1576 1211 1610 1230 ex
1628 1203 1686 1230 luto

898 1254 1002 1288 [ingens
1021 1253 1102 1280 vasa?
1114 1252 1210 1280 Nonne
1224 1253 1257 1280 de
1269 1260 1384 1287 corpore
1405 1256 1487 1286 atqtte
1512 1251 1604 1277 anima
1629 1250 1686 1277 evi-

899 1300 1060 1327 dentissime
1077 1299 1259 1334 loquebatur?
1274 1299 1408 1331 Quoniam
1429 1297 1538 1332 quidctn
1555 1296 1686 1323 Pharisaei

899 1345 970 1372 aucti
985 1350 1011 1372 et
1028 1345 1123 1372 cimini
1144 1345 1265 1372 decimas
1278 1348 1466 1379 exspectantes
1479 1343 1511 1376 ³⁸,
1530 1350 1590 1377 qua:
1609 1347 1687 1371 erant

898 1390 1023 1426 graviora
1039 1392 1106 1427 legis
1120 1391 1320 1426 relinquebant,
1339 1395 1366 1417 et
1384 1390 1426 1417 his
1439 1389 1494 1425 (96)
1508 1397 1571 1424 quae
1583 1389 1688 1416 extrin-

899 1446 979 1465 secus
1004 1443 1082 1465 crant
1105 1437 1265 1464 adhibentes
1280 1436 1459 1471 diligentiam,
1477 1435 1687 1462 contemnebant

898 1491 929 1511 ea
950 1492 1010 1518 qua:
1032 1484 1065 1510 ad
1086 1484 1200 1510 salutem
1223 1483 1321 1510 animm
1343 1482 1528 1517 pertinebant;
1545 1486 1686 1515 exspecta-

898 1530 963 1557 bant
979 1530 1061 1557 ctiam
1078 1530 1255 1557 salutationes
1269 1529 1295 1556 in
1315 1529 1415 1560 foro“,
1432 1534 1458 1555 et
1472 1529 1575 1563 primos
1591 1529 1684 1555 discu-

897 1576 970 1604 bitus
997 1577 1025 1603 in
1049 1576 1146 1608 caenis,
1171 1583 1241 1610 quos
1268 1576 1357 1602 sciens
1383 1574 1515 1601 Dominus
1535 1573 1685 1609 (97)Jesus

896 1621 1016 1656 perditos
1030 1628 1101 1652 esse,
1120 1619 1228 1647 dicebat
1243 1620 1293 1649 eis.
1308 1620 1372 1654 quia
1388 1619 1430 1646 his
1448 1619 1512 1646 solis
1530 1619 1611 1646 rebus
1623 1627 1685 1654 qua

896 1666 997 1694 deforis
1022 1671 1111 1699 erant,
1138 1666 1298 1693 adhiberent
1320 1665 1496 1700 diligentiam,
1521 1670 1548 1692 et
1569 1673 1600 1692 ea
1624 1672 1686 1699 qua:

897 1713 1063 1740 intrinsecus
1079 1716 1157 1738 erant
1176 1716 1384 1738 contemnerent
1400 1711 1473 1738 velut
1490 1711 1588 1739 aliena.
1608 1710 1686 1745 igno-

897 1765 988 1787 rantes
1012 1760 1143 1794 quoniam
1169 1759 1215 1794 qui
1236 1766 1337 1793 corpus
1358 1759 1469 1791 fecerat,
1487 1757 1545 1792 ipse
1569 1757 1635 1784 fecit
1660 1762 1686 1784 ct

898 1806 1027 1832 animam.
1045 1805 1077 1832 Et
1094 1805 1155 1840 quis
1171 1805 1207 1832 ita
1222 1805 1344 1839 lapideus
1360 1809 1401 1831 est
1414 1809 1440 1831 et
1451 1803 1575 1835 stolidus,
1591 1807 1621 1830 ut
1632 1811 1687 1830 non

899 1853 931 1879 ad
948 1852 1039 1879 omnia
1058 1852 1082 1878 ei
1097 1852 1149 1879 iste
1166 1858 1257 1878 sermo
1275 1850 1407 1877 sufﬁciat?
1423 1850 1473 1877 Cui
1489 1850 1608 1877 sermoni
1621 1857 1687 1876 cou-

899 1905 1001 1926 sonans
1015 1897 1117 1925 Paulus
1133 1897 1181 1930 ait,
1198 1897 1381 1931 interpretans
1394 1904 1425 1923 ea
1439 1904 1500 1931 qua:
1512 1896 1538 1922 in
1551 1896 1608 1930 lege
1619 1896 1688 1922 scri-

898 1949 943 1979 pta
961 1948 1035 1977 sunt,
1057 1944 1109 1970 hoc
1123 1943 1204 1970 modo
1220 1953 1225 1969 :
1242 1952 1251 1968 ε
1270 1942 1330 1969 Νοη
1345 1942 1495 1970 infrenabis
1512 1950 1542 1969 os
1559 1942 1621 1969 bovi
1636 1943 1686 1969 tri-

899 1990 1010 2017 turanli.
1031 1989 1159 2025 Nunquid
1174 1990 1207 2016 de
1222 1989 1310 2016 bobus
1329 1996 1395 2016 cura
1409 1994 1452 2016 est.
1465 1987 1519 2017 Deo
1527 1989 1538 2015 ‘.’
1554 1989 1607 2016 Aut
1624 1997 1687 2024 pro-

898 2041 956 2071 pter
969 2044 1019 2064 nos
1032 2036 1087 2071 (98)
1098 2037 1192 2071 utique
1207 2036 1273 2063 dicit
1284 2035 1325 2062 a".7
1338 2045 1347 2061 ι
1363 2035 1416 2062 Sed
1432 2035 1496 2070 quid
1509 2035 1687 2062 immoramur

898 2082 1169 2116 nlterius?adjiciam
1187 2087 1276 2108 tamen
1294 2089 1381 2116 pauca
1394 2081 1426 2107 de
1438 2080 1572 2115 pluribus.
1589 2079 1616 2106 Si
1633 2078 1688 2107 duo

898 2133 962 2156 sunt
974 2128 1094 2163 ingenita
1107 2133 1134 2155 et
1145 2128 1187 2155 his
1203 2129 1262 2155 loca
1274 2134 1345 2154 certa
1361 2127 1544 2159 decernimus,
1556 2126 1688 2154 dividitur

897 2175 980 2206 Deus,
997 2174 1020 2201 si
1037 2174 1107 2201 intra
1121 2178 1227 2201 certum
1243 2174 1333 2201 locum
1351 2178 1392 2200 est
1408 2177 1503 2200 etnon
1519 2173 1619 2208 ubique
1633 2172 1688 2200 dif-

900 2219 1031 2252 funditur,
1053 2225 1080 2246 et
1093 2220 1143 2247 erit
1159 2220 1245 2247 multo
1256 2220 1369 2246 inferior
1381 2219 1442 2246 loco
1454 2219 1480 2246 in
1492 2226 1547 2254 quo
1565 2224 1606 2247 est
1618 2219 1688 2254 (ma-

895 2266 941 2301 jus
954 2266 1010 2301 (99)
1032 2267 1104 2293 enim
1119 2265 1191 2300 quod
1207 2265 1331 2292 continet.
1346 2273 1454 2299 semper
1472 2273 1504 2292 eo
1523 2273 1604 2300 quem
1621 2273 1687 2293 con-

899 2313 988 2346 tinet),
1003 2316 1030 2339 et
1042 2312 1158 2339 efﬁcitur
1169 2311 1242 2339 Deus
1253 2311 1313 2346 ejus
1329 2312 1535 2346 magnitudinis,
1550 2312 1629 2347 cujus
1645 2317 1687 2340 est

897 2358 974 2384 locus
989 2357 1015 2383 in
1028 2365 1081 2392 quo
1094 2357 1259 2390 continetur,
1274 2357 1345 2384 sicut
1359 2357 1451 2389 homo,
1464 2357 1487 2384 si
1498 2357 1533 2384 sit
1550 2357 1576 2383 in
1593 2357 1684 2384 dotno.

899 2402 1001 2430 Deinde
1017 2403 1086 2430 ratio
1103 2403 1228 2438 requirit,
1242 2403 1305 2438 quis
1320 2409 1371 2437 est,
1383 2405 1431 2439 qui
1444 2405 1514 2431 inter
1527 2412 1575 2432 eos
1587 2405 1687 2432 divise-

899 2449 943 2482 rit,
965 2454 1013 2476 aut
1024 2450 1085 2484 quis
1099 2450 1139 2477 eis
1153 2456 1243 2477 certos
1263 2451 1395 2478 terminos
1418 2451 1558 2484 statuerit;
1572 2456 1599 2479 et
1613 2452 1689 2479 inve-
1707 2465 1708 2468 η

909 2509 1008 2536 “Luc.
1040 2519 1068 2538 κ.
1083 2510 1126 2537 18.
1176 2510 1197 2525 ’⁸
1211 2509 1306 2539 Matth.
1333 2519 1410 2544 utri,
1434 2511 1486 2545 36;
1515 2511 1621 2544 Lue.xt,
1641 2510 1686 2539 39.

1131 2545 1174 2572 “l
1192 2546 1255 2573 Cor.
1271 2554 1309 2578 tit,
1327 2547 1354 2573 9.

899 2617 1026 2653 gendum,
1044 2627 1053 2642 (
1071 2618 1285 2646 introducerent.
1304 2629 1314 2645 ›

935 2652 990 2687 (96)
1011 2652 1039 2678 1η
1054 2653 1150 2680 eodem
1167 2654 1271 2686 codice,
1288 2664 1300 2679 ι-
1312 2662 1344 2681 ex
1360 2654 1414 2682 his.
1435 2664 1444 2680 ι

936 2687 992 2723 (97)
1014 2687 1062 2724 llic
1088 2688 1155 2715 mire
1172 2689 1333 2724 depravatus
1350 2694 1392 2717 est
1414 2689 1498 2717 Codex
1519 2691 1686 2724 Casinensis,

899 2722 1064 2763 legit_eni_ut,
1083 2732 1092 2748 ‹
1111 2722 1215 2763 primos
1237 2725 1386 2763 discipulos
1412 2726 1519 2752 subims
1540 2727 1565 2753 in
1587 2722 1688 2760 omnis,

899 2759 973 2799 quod
990 2758 1106 2798 scientes
1122 2758 1263 2787 Dominus.
1282 2770 1291 2786 ι
1307 2758 1367 2788 Nos
1382 2769 1446 2790 eum
1461 2770 1491 2790 cx
1513 2769 1593 2790 sacro
1613 2758 1691 2790 textu

899 2799 1082 2820 restttunnus.

933 2829 990 2867 (ἓξ)
1011 2829 1247 2867 illeliusVulgata,
1265 2841 1273 2857 (
1290 2840 1324 2858 an
1341 2839 1450 2867 propter
1465 2841 1525 2861 nos.
1545 2843 1554 2859 ι

934 2864 990 2900 (99)
1010 2864 1038 2892 lu
1054 2864 1206 2898 (insint-nsi,
1224 2875 1232 2892 ι
1248 2864 1349 2900 malus,
1370 2876 1379 2893 ›
1392 2864 1472 2895 ἰιυιιυ
1488 2877 1582 2899 sensu.
