1848 3043
173 125 241 154 “63

690 126 781 154 ACTA
801 126 1071 154 DISPUTATIOMS
1089 129 1117 156 S.
1138 129 1319 163 ARCIIELAI,

1731 131 1787 157 ΗΘὶ

172 187 247 214 nitur
259 186 316 221 jam
333 190 446 221 uterque
467 186 552 213 multo
566 186 679 213 inferior
696 186 804 214 virtutis
820 186 961 214 humanae.
977 188 1000 216 A
1014 187 1088 215 ciens
1106 188 1152 216 lux
1177 190 1312 220 manebat,
1329 196 1391 216 cum
1408 189 1514 216 nullum
1529 196 1634 224 corpus
1650 189 1789 221 exsisteret,

171 232 354 268 Lysimachus
366 233 438 259 enim
454 236 481 259 et
494 232 646 259 Alexander
663 233 748 260 totius
764 233 859 260 nmndi
873 233 960 268 impe-

139 276 142 279 λ
172 281 242 307 rium
260 283 415 312 tenuerunt,
429 287 580 314 onmesque
594 280 718 307 nationes
732 280 863 308 barbaras
879 285 960 315 atque

142 327 144 330 '
171 334 253 353 omne
275 333 360 359 genus
381 326 522 352 hominum
546 326 682 360 subjicere
704 331 860 360 potuerunt,
878 327 913 354 ita
932 332 961 354 ut

170 380 224 398 non
239 376 312 399 esset
327 372 396 398 alius
419 372 568 406 imperator
584 379 631 406 per
651 371 716 398 illud
734 376 841 407 tempus
863 377 960 407 prteter

169 418 244 452 ipsos
258 418 309 445 sub
325 418 404 445 ctelo.
424 417 456 444 Et
473 419 609 452 quomodo
622 419 731 445 audebit
750 419 894 454 quisquam
915 419 959 445 di-

168 471 239 495 cere,
254 471 308 490 non
328 464 428 498 ubique
441 471 501 490 esse
514 464 611 497 Deum,
631 465 677 499 qui
694 469 736 492 est
752 465 843 492 lumen
865 473 958 492 verum

169 507 337 540 indelieiens.
354 509 433 543 cujus
445 513 486 536 est
501 517 613 544 regnum
627 515 753 536 sanctum
774 514 801 537 et
816 510 959 545 sempiter-

169 561 245 585 nam,
268 562 316 581 ceu
335 554 373 589 (l)
391 555 551 590 nequissimi
571 555 650 582 istius
675 555 812 590 impietas,
838 556 884 591 qui
909 564 958 583 nec

169 601 299 635 :cqualem
321 601 430 635 quidem
455 601 494 636 (2)
522 609 585 628 eum
615 601 773 629 hominibus
796 607 957 636 potestatem

169 645 347 679 omnipotenti
362 645 418 673 Deo
433 646 546 673 tribuit?

203 691 283 718 XXII.
304 691 560 725 Judicasﬂixerunt
585 700 593 718 :
614 691 717 719 Lumen
742 693 769 719 in
795 696 851 720 tota
875 692 957 720 domo

167 739 258 765 lucere
273 738 387 771 scimus,
404 743 431 766 ct
443 746 497 765 non
512 739 538 765 in
556 746 608 765 una
630 738 721 773 aliqua
739 743 827 773 parte,
844 739 915 766 sicut
932 744 958 766 et

165 783 246 812 ‘Jesus
262 783 338 815 dicit,
354 785 419 818 quia
441 794 450 809 ι
464 792 544 811 nemo
561 784 700 812 lucernam
719 785 870 812 accendens
883 785 958 820 ponit

169 829 219 857 sub
234 830 335 862 modio,
350 831 396 858 sed
413 838 495 865 super
511 831 719 864 candelabrum,
744 836 773 858 ut
787 831 877 858 luceat
898 840 957 858 om-

1013 233 1085 267 quod
1115 234 1239 261 umbram
1263 235 1305 262 sui
1327 234 1480 269 objectione
1504 239 1666 269 generaret;
1692 238 1718 261 et
1740 235 1790 262 ideo

1013 286 1149 313 nusquam
1168 280 1303 313 tenebras,
1327 288 1462 314 nusquam
1489 285 1600 307 noctem
1615 279 1701 307 fuisse
1723 281 1792 315 proﬁ-

1012 325 1123 352 tendum
1150 330 1201 352 est.
1224 325 1291 353 Nam
1309 326 1344 359 si,
1363 326 1436 352 verbi
1463 326 1563 361 gratia,
1584 327 1692 361 placeat
1709 327 1731 353 ei
1756 327 1791 354 cui

1011 375 1131 405 potestas
1146 376 1187 398 est
1200 372 1333 405 muttiant,
1357 372 1463 407 plagam
1480 380 1542 406 qua:
1560 372 1595 399 ad
1610 380 1738 399 occasum
1749 377 1792 405 est,

1011 417 1119 445 auferre
1133 418 1165 444 de
1183 417 1290 451 medio;
1305 426 1358 444 non
1375 423 1471 453 agente
1487 418 1544 446 sole
1561 418 1596 445 ad
1615 418 1690 445 illam
1703 424 1792 453 partem

1010 470 1133 494 cursum,
1152 470 1288 497 nusquam
1313 463 1359 489 lict.
1385 468 1496 498 vespera
1522 468 1571 490 aut
1596 464 1734 494 tenelme:
1756 464 1793 490 sed

1009 509 1061 536 crit
1083 509 1124 536 sol
1147 516 1254 543 semper
1276 509 1302 535 in
1321 517 1415 541 cursu,
1432 517 1483 536 nec
1500 518 1627 544 unquam
1652 510 1761 541 occidet,
1773 516 1794 537 et

1009 554 1128 581 medium
1149 555 1306 590 coelifaxem
1328 563 1396 589 pene
1424 563 1533 590 semper
1549 556 1669 587 tenebit.
1695 564 1742 583 nec
1754 557 1794 583 ali~

1009 601 1121 635 quando
1135 601 1242 628 desinet
1256 609 1387 636 apparere
1400 610 1407 628 :
1423 606 1448 628 et
1463 610 1511 635 per
1524 602 1579 629 hoc
1592 603 1648 629 erit
1663 602 1793 630 universas

1009 647 1084 674 orbis
1101 651 1238 674 terrarum
1258 647 1411 674 clarissimo
1426 647 1532 674 lumine
1552 647 1694 678 radiatus,
1710 656 1740 675 ex
1751 656 1794 682 quo

1009 700 1059 720 nec
1074 693 1126 719 ulla
1148 693 1208 727 ejus
1225 701 1288 728 pars
1303 693 1522 725 obumbrabitur,
1542 694 1591 720 sed
1611 695 1735 721 manebit
1749 695 1795 721 ubi-

1008 746 1061 772 que
1091 739 1172 766 unius
1193 738 1305 766 Imninis
1334 738 1487 773 aequalitas.
1515 738 1694 767 Occidentali
1719 746 1794 767 autem

1010 785 1087 820 plaga
1103 790 1205 812 statum
1226 793 1306 812 suum
1324 791 1458 819 servante,
1473 791 1499 812 et
1519 786 1579 813 sole
1594 794 1712 814 cursum
1728 795 1795 814 suum

1009 831 1096 858 tribus
1111 831 1206 858 mundi
1224 832 1347 865 partibus
1363 832 1558 864 ministrante;
1584 832 1614 859 bi
1636 833 1746 867 quidem
1759 833 1795 866 qui

168 877 250 904 nibus
271 877 359 911 quiin
382 877 463 905 domo
490 883 554 905 sunt
569 878 601 904 ³³.
619 887 627 904 ι
651 877 680 904 Si
699 886 763 913 ergo
789 879 880 905 lumen
905 883 957 910 est,
976 879 994 906 Β
1010 877 1061 904 sub
1086 878 1143 904 sole
1166 883 1241 910 sunt,
1269 878 1370 905 clarius
1387 879 1514 905 videntur
1527 879 1700 910 illuminari,
1722 878 1755 905 ita
1773 885 1795 906 ut

169 930 280 950 necesse
300 928 342 950 est
359 923 424 950 illud
446 923 480 958 (si
497 927 588 950 tamen
601 923 680 951 Jesus
702 923 833 959 creditur)
854 925 956 951 mundo

167 970 296 997 universo
319 970 418 1003 lucere,
441 975 468 997 et
492 978 545 997 non
568 978 616 1004 per
636 975 746 1004 partes;
771 978 784 996 a
809 970 911 1005 quot5)
933 970 955 997 si

168 1015 327 1042 universum
345 1016 448 1042 obtinet
464 1015 608 1047 mundum.
636 1015 681 1042 ubi
700 1015 757 1050 jam
778 1016 904 1050 ingenitae
921 1020 956 1043 te-

167 1061 268 1092 nebrae.
282 1061 335 1088 nisi
358 1061 428 1088 forte
450 1061 616 1094 accidentes,
641 1061 845 1096 intelligantur?
860 1062 956 1088 Are/te-

166 1107 226 1134 laus
240 1107 309 1134 dixit
326 1115 335 1134 :
350 1107 484 1140 Quoniam
501 1107 611 1142 quidem
630 1108 716 1135 multo
728 1109 825 1136 melius
842 1117 858 1136 a
881 1110 956 1138 vobis

168 1153 327 1188 intelligitur
344 1161 434 1181 sermo
451 1154 634 1188 evangelicus,
652 1162 733 1189 quam
750 1155 784 1181 ab
801 1155 852 1182 isto
867 1156 913 1190 qui
927 1163 956 1182 se

167 1200 334 1234 paracletum
356 1207 416 1228 esse
430 1201 583 1234 profitetur,
600 1208 681 1236 quem
697 1209 748 1236 ego
769 1201 858 1235 magis
878 1209 956 1236 para-

167 1245 248 1272 silum
270 1253 353 1280 quam
375 1245 542 1280 paraeletum
567 1245 694 1278 dixerim,
711 1245 798 1272 dicam
822 1254 872 1281 ego
887 1254 956 1281 quo~

167 1291 248 1319 modo
276 1292 425 1319 acciderint
447 1292 575 1319 tenebrae.
602 1291 671 1318 Cum
696 1291 742 1318 lux
764 1297 836 1319 esset
855 1292 957 1327 ubique

166 1337 276 1370 dill'usa,
303 1339 434 1366 mundum
461 1339 541 1374 coepit
563 1339 634 1366 Deus
657 1338 783 1371 condere,
811 1339 918 1366 initium
941 1347 956 1366 a

167 1384 237 1412 cutio
251 1389 279 1412 et
301 1389 371 1411 terra
394 1392 516 1417 sumens,
544 1385 571 1412 in
589 1393 643 1420 quo
659 1385 693 1412 ita
712 1387 780 1413 ratio
803 1387 904 1419 evenit,
927 1391 956 1414 ut

167 1430 300 1457 medietas
314 1438 374 1464 quae
387 1435 428 1458 est
446 1435 525 1458 terrae
546 1431 622 1460 locus
642 1431 738 1458 umbra
758 1432 892 1464 obtectus,
908 1433 956 1460 ob-

165 1477 238 1511 jectu
256 1477 293 1513 (4)
320 1477 445 1504 videlicet
470 1486 564 1505 carum
582 1486 643 1513 qua:
669 1478 746 1506 facta:
763 1485 827 1507 sunt
850 1485 957 1507 creatu—

169 1529 271 1554 rarum,
293 1523 459 1550 ἱιιγθηὶιϊιιιι·
480 1523 625 1555 obscurus,
645 1523 680 1550 ita
701 1531 731 1551 ut
756 1533 800 1552 res
816 1529 954 1560 expeteret

1007 931 1075 958 pene
1100 924 1226 956 dixerim,
1244 924 1442 951 dormientibus
1453 925 1544 951 adhuc
1561 925 1598 951 iis
1611 925 1661 959 qui
1676 933 1691 952 e
1703 925 1794 951 divam

1007 970 1085 1004 plaga
1101 970 1266 1003 consistunt,
1280 971 1323 998 isti
1336 971 1440 1004 priorrs
1452 970 1505 998 diei
1519 971 1676 998 exordium
1690 976 1794 999 sumant.

1008 1013 1084 1041 Sicut
1100 1019 1188 1042 autent
1206 1020 1269 1042 ante
1292 1024 1340 1043 eos
1356 1017 1402 1050 qui
1425 1016 1451 1042 in
1471 1022 1548 1050 parte
1563 1017 1687 1043 occidua
1699 1017 1794 1050 iacent,

1008 1059 1061 1086 illis
1076 1060 1167 1086 lumen
1183 1061 1314 1092 exoritur,
1335 1061 1371 1087 ita
1387 1061 1507 1088 velocius
1519 1061 1706 1095 obscuratur,
1720 1067 1745 1089 et
1755 1063 1794 1089 soli

1006 1106 1127 1132 omnium
1145 1107 1191 1141 qui
1210 1107 1236 1133 in
1255 1107 1330 1134 orbis
1346 1108 1491 1134 medietate
1508 1109 1685 1140 consistunt,
1699 1109 1793 1143 equali.

1007 1157 1088 1178 tatem
1101 1159 1208 1186 semper
1219 1153 1340 1179 sentiunt
1354 1153 1434 1180 luris.
1451 1154 1520 1180 Cum
1536 1154 1617 1181 enim
1632 1154 1751 1181 nit-dium
1763 1155 1795 1181 sol

1007 1197 1125 1223 tenuerit
1147 1197 1258 1230 C(EIIUI),
1275 1198 1366 1224 nullus
1382 1202 1424 1224 est
1446 1198 1524 1225 locus
1543 1199 1596 1232 qui
1625 1204 1676 1226 aut
1695 1199 1795 1226 lucidior

1006 1246 1053 1268 aut
1077 1242 1222 1270 obscurior
1244 1250 1305 1270 esse
1336 1244 1474 1276 videatur;
1503 1244 1552 1271 sed
1582 1252 1686 1272 omnes
1716 1245 1795 1272 mundi

1006 1291 1097 1322 partes
1112 1295 1144 1314 ex
1161 1296 1240 1323 atquo
1257 1293 1283 1315 et
1297 1289 1372 1323 justo
1388 1289 1438 1323 (7),
1454 1290 1521 1316 solis
1539 1289 1654 1325 fulgore
1672 1291 1795 1317 luminati-

1007 1338 1060 1360 tur.
1083 1333 1111 1361 Si
1127 1342 1203 1368 ergo,
1226 1339 1256 1361 ut
1280 1335 1407 1369 superius
1422 1335 1556 1366 diximus.
1575 1337 1707 1363 occiduae
1727 1337 1796 1371 plaga:

1005 1387 1069 1414 pars
1090 1381 1259 1408 auferaturc
1283 1381 1382 1413 medio,
1400 1381 1471 1408 ultra
1490 1382 1550 1416 jam
1570 1391 1630 1409 non
1646 1383 1795 1410 obsecrabi-

1006 1431 1049 1453 tur
1065 1434 1127 1461 pars
1144 1434 1205 1461 qum
1221 1427 1246 1453 ei
1262 1427 1377 1461 adjacet.
1400 1427 1432 1454 Et
1448 1428 1507 1454 bene
1520 1428 1641 1462 quidem
1659 1429 1727 1456 mihi
1741 1430 1795 1456 sint.

1006 1471 1103 1505 plicius
1116 1471 1187 1498 dicta
1206 1471 1270 1503 sint,
1292 1479 1353 1499 cum
1369 1472 1472 1506 possim
1497 1478 1525 1499 ct
1551 1473 1704 1500 zodiacum
1722 1475 1797 1501 cireu-

1007 1517 1061 1544 lum
1086 1517 1239 1544 describere
1263 1526 1270 1544 :
1298 1518 1343 1544 sed
1369 1525 1423 1544 non
1449 1517 1519 1544 intui
1545 1526 1624 1545 nunc
1650 1518 1711 1545 Iieri
1734 1523 1797 1545 ratus

166 1568 300 1596 introduci
317 1569 405 1596 lucem
424 1569 487 1596 lmic
504 1569 555 1604 ipsi
578 1569 604 1595 in
622 1570 766 1598 medietate
779 1557 868 1605 posito
885 1572 953 1599 loco.
969 1557 992 1588 ϐ
1008 1571 1067 1591 sum
1088 1563 1137 1598 is):
1163 1568 1271 1598 9"”me
1294 1563 1366 1598 (ἶυοά
1386 1563 1419 1590 de
1444 1563 1487 1590 ωδ
1505 1564 1608 1595 Silt‘b”.
1634 1570 1662 1591 Cl
1683 1565 1719 1590 a-l
1742 1565 1797 1591 “bid

167 1614 245 1642 Unde
256 1615 320 1641 etin
333 1614 430 1641 Genesi
444 1614 549 1649 Moyses
559 1623 691 1642 enarrans
703 1615 836 1643 facturam
848 1618 953 1650 mundi,

167 1668 340 1695 nequaquam
359 1661 423 1688 facit
436 1661 609 1688 tenebrarum
626 1661 804 1694 mentionem,
818 1666 865 1689 aut
877 1664 954 1696 quasi

167 1705 246 1733 facta:
259 1706 323 1738 sint,
340 1711 384 1732 aut
405 1713 458 1732 non
474 1705 570 1739 factae;
592 1706 639 1733 sed
662 1707 719 1740 ipse
734 1707 828 1739 tacuit,
848 1707 890 1735 bis
908 1709 953 1742 qui

168 1752 275 1786 possint
290 1752 440 1783 advertere,
459 1751 652 1787 derelinquens
668 1753 802 1780 rationem
821 1753 903 1788 hujus
917 1754 955 1780 in-

168 1798 310 1831 tellectus;
333 1806 393 1832 qute
412 1798 521 1832 quidem
549 1806 599 1825 nec
611 1799 678 1826 satis
695 1803 736 1825 est
765 1800 849 1826 ardua
873 1804 954 1834 atque

167 1843 363 1871 dillicilis:cui
393 1843 465 1870 enim
493 1851 546 1870 non
577 1844 622 1870 fiat
649 1843 841 1877 manifestum,
868 1845 952 1871 solent

166 1890 250 1916 istum
272 1888 417 1919 visibilem,
431 1896 493 1915 cum
511 1888 545 1914 ab
559 1888 662 1916 oriente
685 1888 767 1916 fuerit
790 1895 910 1922 exortus,
928 1895 954 1917 et

165 1934 306 1962 t::tenderil
320 1935 370 1961 iter
384 1942 464 1961 suum
475 1933 509 1961 ad
523 1934 702 1966 occidentem,
716 1944 777 1962 cum
790 1936 841 1962 sub
854 1941 952 1963 teriam

167 1980 238 2012 ierit,
254 1984 281 2007 et
297 1980 409 2007 interior
423 1980 536 2008 effectus
558 1980 640 2007 fuerit
661 1988 693 2007 ca
711 1989 771 2016 qua:
791 1982 862 2015 apud
880 1982 953 2009 Gne-

166 2035 214 2055 cos
231 2027 338 2062 sphmra
358 2031 482 2059 vocatur,
500 2026 574 2061 quod
590 2031 654 2053 tunc
674 2027 781 2061 objectn
801 2027 840 2062 (ὃ)
855 2035 954 2062 corpo-

166 2080 226 2100 rum
248 2072 426 2100 obumbratus
453 2080 507 2099 non
530 2073 676 2106 appareat?
699 2071 752 2099 Sed
773 2073 882 2100 obtecto
903 2081 951 2105 co,

165 2120 292 2146 obstante
310 2123 388 2146 terrae
401 2126 525 2153 corpore.
550 2118 742 2152 superducitur
760 2118 866 2151 umbra,
892 2127 953 2153 quae

164 2174 198 2193 ex
216 2173 245 2193 se
259 2165 339 2192 cllicit
355 2165 500 2198 tenebras;
517 2173 659 2200 usquequo
673 2172 793 2196 rursum,
814 2165 952 2192 inferioris

165 2210 245 2245 spatii
259 2219 340 2238 cursu
357 2219 404 2245 per
418 2217 524 2238 noctem
541 2215 690 2243 transacto,
707 2211 741 2238 ad
760 2212 892 2238 orientem
910 2219 951 2238 rc-

164 2258 264 2289 volvat,
284 2262 365 2292 atque
382 2258 408 2284 in
430 2258 497 2285 locis
515 2258 603 2285 solitis
619 2258 733 2286 obortus
747 2261 885 2291 appareat.
904 2256 951 2284 Est

165 2311 229 2338 ergo
241 2303 344 2330 umbrae
357 2307 436 2337 atque
453 2304 540 2330 noctis
558 2311 652 2336 causa,
672 2303 795 2337 corporis
811 2307 888 2329 terrtr.
904 2310 951 2329 so-

164 2350 269 2382 liditas;
297 2350 370 2384 quod
393 2350 474 2377 etiam
503 2358 536 2376 ex
562 2350 662 2376 suimet
687 2350 774 2384 ipsius
799 2348 894 2375 umbra
909 2349 950 2384 (6)

164 2397 245 2424 homo
260 2396 410 2429 intelligere
426 2400 522 2430 potest.
547 2396 615 2422 Ante
632 2396 730 2423 ctelum
755 2394 828 2421 enim
851 2400 877 2421 et
894 2399 950 2421 ter-

165 2451 222 2470 ram
241 2448 322 2477 atque
337 2450 432 2470 omnes
448 2443 516 2469 istas
530 2449 676 2476 corporeus
696 2445 837 2468 creaturas
855 2440 951 2467 indeii-

201 2514 223 2529 “
234 2513 329 2540 Matth.
356 2520 380 2543 ν,
404 2511 446 2538 16.

200 2583 235 2617 (I)
254 2582 282 2608 In
304 2581 398 2609 codice
412 2580 554 2607 Casinensi
578 2583 629 2612 est,
651 2588 659 2604 ‹
675 2586 720 2609 eu,
737 2587 745 2603 ι
766 2578 838 2612 quod
855 2578 947 2611 legen-

163 2617 227 2643 dum
241 2617 406 2651 putavimus,
426 2626 435 2641 ‹
453 2623 512 2643 cett.
529 2625 538 2640 ›

199 2647 295 2685 (ΞΥΗΑ
314 2653 491 2690 depravatum
519 2651 612 2690 locum
634 2648 802 2690 exuingcnio
821 2647 945 2690 restitui-

163 2682 240 2719 ειιιὶές
255 2695 316 2713 nam
329 2682 355 2713 iii
367 2687 459 2713 codice
472 2685 614 2713 (Iasinensi
626 2684 755 2711 scribitur
769 2692 775 2709 :
794 2692 802 2708 ι
821 2682 875 2710 Nec
887 2691 947 2716 qu;c

164 2722 256 2748 vellem
275 2722 393 2756 quidem.
412 2731 420 2746 ι

197 2758 235 2791 (5)
256 2756 344 2789 Forte,
359 2766 368 2782 ι
383 2757 467 2790 atqui.
484 2765 493 2781 ι

198 2791 235 2826 (ἄν)
256 2792 283 2818 In
295 2792 436 2819 Casinensi
451 2791 553 2823 codice,
575 2790 717 2817 tbbtectu.
735 2799 744 2814 ι

199 2824 237 2861 (5)
259 2827 285 2853 In
304 2826 446 2853 Casincnsi
461 2830 512 2855 est,
531 2836 539 2850 (
555 2826 626 2860 quod
646 2824 845 2861 nunroblcctu.
865 2833 873 2861 ξ

200 2858 237 2898 (6)
258 2861 295 2888 Ita
314 2862 516 2888 etnendavimus
534 2858 664 2895 scriptum
681 2860 812 2891 calicem,
831 2859 875 2892 qui
897 2858 944 2884 has

1006 1615 1087 1645 caput
1104 1617 1241 1637 recurram
1259 1609 1332 1644 quod
1347 1609 1448 1644 objccit
1459 1609 1655 1642 adversarius,
1670 1610 1798 1637 alIirmaus

1005 1656 1079 1683 omni
1104 1656 1165 1682 nisu
1182 1656 1232 1689 (9),
1264 1655 1390 1681 tenebras
1414 1661 1475 1681 esse
1499 1654 1664 1689 ingenitas;
1689 1657 1761 1690 quoi
1778 1660 1798 1681 ει

1006 1701 1106 1734 ipsum,
1119 1703 1250 1734 quantum
1267 1699 1413 1730 valuimus,
1425 1698 1482 1732 jam
1504 1699 1691 1727 confutatum
1708 1706 1759 1728 est.

1038 1745 1135 1772 XXIII.
1151 1745 1259 1772 Iudices
1274 1745 1398 1772 dixerunt
1412 1753 1421 1772 :
1435 1745 1464 1771 Si
1479 1745 1702 1773 consideremus
1720 1747 1798 1773 lucem

1005 1791 1090 1819 fuisse
1103 1796 1166 1819 ante
1177 1791 1359 1818 conditionem
1372 1795 1577 1822 creaturarum,
1589 1795 1620 1818 et
1637 1783 1711 1819 nihil
1725 1792 1799 1818 fuisse

1004 1839 1140 1874 Ulle‘ClUIll
1158 1839 1229 1873 quod
1249 1846 1282 1865 ex
1305 1846 1334 1864 se
1356 1837 1482 1864 umbram
1505 1843 1669 1872 generaret,
1697 1846 1801 1865 necesse

1004 1889 1046 1912 est
1067 1885 1154 1912 lucem
1178 1884 1278 1918 ubique
1295 1884 1380 1911 fuisse
1402 1883 1545 1914 dilfusam,
1571 1888 1600 1911 et
1625 1886 1725 1911 omnia
1749 1885 1801 1911 loca

1005 1931 1109 1966 fulgore
1127 1931 1196 1958 lueis
1215 1930 1377 1961 illuminata,
1395 1929 1468 1956 sicut
1482 1934 1632 1956 ostensum
1650 1936 1695 1958 est
1718 1938 1752 1957 ex
1766 1931 1802 1956 liis

1003 1985 1064 2012 qua:
1084 1985 1098 2004 a
1116 1981 1142 2004 te
1160 1984 1246 2011 nuper
1266 1976 1338 2002 dicta
1356 1979 1436 2007 sunt;
1459 1975 1486 2002 in
1503 1975 1610 2009 quibus
1633 1984 1731 2002 veram
1748 1984 1802 2002 esse

1004 2023 1136 2049 rationem
1159 2022 1292 2054 videntes,
1318 2021 1416 2048 damus
1437 2021 1558 2055 palmam
1587 2021 1802 2056 allegationibus

1002 2068 1140 2095 Archelai.
1171 2067 1199 2094 Si
1221 2067 1295 2094 enim
1317 2067 1480 2093 divisionem
1508 2067 1635 2101 accipiat
1661 2068 1802 2094 universus

1003 2114 1132 2147 mutulos,
1152 2113 1235 2140 veluti
1252 2120 1331 2139 muro
1348 2112 1467 2146 quodam
1482 2120 1530 2146 per
1554 2113 1684 2139 medium
1708 2114 1801 2139 instru-

1003 2166 1058 2191 cto,
1073 2164 1098 2186 ct
1113 2167 1145 2186 ex
1166 2166 1217 2184 una
1235 2163 1309 2192 parte
1327 2157 1448 2184 habitent
1467 2158 1602 2188 tenebras,
1621 2167 1656 2185 ex
1676 2159 1731 2185 alia
1745 2165 1800 2184 vero

1005 2206 1068 2237 lux;
1090 2205 1250 2239 intelligitur
1270 2203 1458 2235 nihilominus,
1472 2203 1539 2237 quia
1565 2211 1599 2230 ex
1618 2212 1654 2231 co
1673 2204 1750 2238 quod
1767 2203 1801 2229 in-

1005 2257 1137 2279 structum
1153 2255 1195 2277 est
1207 2249 1362 2282 aedificium,
1379 2249 1475 2275 umbra
1490 2254 1641 2283 generata,
1657 2251 1800 2278 acciden‘nt

1005 2299 1123 2326 tenebrae
1138 2308 1144 2325 :
1161 2302 1187 2325 et
1215 2304 1324 2324 rursum
1353 2296 1431 2323 nobis
1445 2297 1635 2330 qua-rendum
1663 2302 1724 2329 est,
1746 2297 1799 2331 quis

1002 2345 1178 2372 aediﬁcaverit
1201 2351 1309 2370 murum
1335 2342 1361 2368 in
1388 2341 1478 2368 medio
1503 2342 1644 2374 duorum,
1671 2343 1695 2369 si
1720 2348 1799 2369 taurea

1003 2391 1165 2418 redilicatum
1195 2390 1298 2420 lateris,
1315 2397 1330 2414 o
1346 2387 1506 2415 Manichmc.
1532 2387 1563 2414 Si
1583 2396 1652 2415 vero
1679 2389 1724 2415 illa
1741 2387 1798 2413 ratio

1003 2436 1202 2467 consideretur,
1218 2434 1298 2469 quasi
1317 2441 1412 2460 mttrus
1431 2441 1485 2459 non
1503 2433 1538 2460 sit
1555 2433 1731 2466 instructus;
1747 2441 1798 2459 rur-

1001 2575 1091 2605 bebat,
1108 2583 1116 2599 (
1134 2578 1214 2600 exuet
1230 2573 1314 2606 ipsius
1327 2572 1434 2598 umbra.
1452 2581 1462 2597 ι

1036 2610 1074 2643 (7)
1095 2609 1122 2636 In
1135 2608 1228 2635 codice
1243 2607 1385 2635 Casinensi
1402 2607 1516 2642 legitur,
1538 2616 1548 2632 ε
1567 2616 1603 2634 ex
1616 2616 1649 2635 ea
1666 2616 1737 2643 quo,
1752 2616 1761 2633 ι
1776 2611 1796 2633 et

1000 2653 1073 2676 mox,
1093 2654 1102 2669 ι
1116 2645 1231 2677 fulgure.
1249 2653 1257 2668 ι

1036 2680 1072 2714 (8)
1094 2679 1182 2706 Locus
1196 2677 1337 2705 manifeste
1352 2683 1515 2713 corruptus,
1529 2679 1616 2714 cujus
1629 2679 1700 2706 mihi
1712 2684 1798 2705 emcn-

999 2715 1072 2742 datio
1091 2722 1143 2740 non
1162 2714 1291 2740 Occurrit.

1034 2750 1071 2785 (tl)
1092 2750 1118 2775 In
1132 2749 1273 2776 Casinvttsi
1293 2752 1360 2785 erat,
1387 2757 1396 2772 ι
1414 2749 1491 2775 omni
1516 2750 1588 2781 nisi;
1611 2761 1620 2775 ι
1645 2750 1693 2777 sed
1715 2749 1797 2785 legen-

998 2782 1071 2815 dum,
1091 2795 1099 2810 ‹
1115 2785 1189 2811 otnni
1205 2784 1275 2815 nisu,
1293 2793 1302 2808 ι
1319 2783 1371 2809 hoc
1381 2789 1434 2815 est,
1450 2785 1528 2811 omni
1543 2790 1666 2817 conatu;
1684 2782 1795 2811 formula

998 2820 1103 2847 dicendi
1132 2820 1194 2846 huic
1222 2818 1360 2855 interpreti
1387 2820 1504 2846 usitata.
1530 2819 1600 2849 γωδ
1625 2828 1689 2855 cap.
1707 2819 1751 2850 .IU,
1774 2821 1795 2843 et

997 2855 1144 2890 prxsertim
1161 2863 1219 2889 cap.
1238 2854 1280 2881 I7.
