1848 3043
35 146 102 174 Ηῦό

599 149 671 177 CUM
690 149 830 176 MANETE
849 148 1119 176 HERESIARCHA.

1595 149 1662 178 “.66

35 212 80 232 sus
95 205 155 232 sine
168 206 259 241 aliqua
281 208 440 242 exceptione
455 217 525 236 unus
541 217 602 237 esse
620 209 765 237 universus
778 210 822 236 in—
837 214 859 240 Α
875 209 939 236 tiam
956 209 1056 236 habent
1070 209 1181 244 pariter,
1195 214 1276 244 atque
1287 209 1500 237 imbecillitatem
1515 210 1558 237 sui
1570 214 1663 238 osten-

33 250 163 284 telligitur
179 251 266 284 locus,
282 260 314 279 ac
333 253 383 279 sub
397 261 449 280 una
468 259 599 288 potestate
614 255 735 289 positus;
751 255 823 282 unde

34 303 65 322 ex
84 296 160 323 omni
177 303 255 331 parte
276 299 395 326 tenebrae
417 299 564 334 ingenitam
579 305 703 327 naturam
723 302 822 328 habere

32 350 84 368 non
99 348 227 376 possunt.
244 345 389 372 Archelaus
403 346 472 373 dixit
485 354 493 373 :
507 346 583 373 Dicat
593 347 660 374 mihi
675 347 756 374 etiarn
771 347 822 374 hoc

33 389 108 415 adea
122 397 184 423 quae
197 391 333 424 proposita
351 396 425 418 sunt.
441 391 495 419 Deo
514 393 539 419 in
559 400 643 428 regno
659 400 710 420 suo
722 393 820 427 posito,

33 437 59 460 et
73 434 196 469 maligno
217 436 344 463 similiter
368 438 394 464 in
417 445 468 464 suo
486 446 580 473 regno,
594 439 656 473 quis
677 439 747 465 inter
763 446 820 465 tne-

33 481 104 508 dimn
120 481 244 516 ipsortttn
263 484 448 511 construxerit
472 486 596 512 murum?
612 485 669 511 Non
687 485 759 512 enim
774 492 821 519 po—

32 531 82 554 test
99 527 222 556 dividere
245 530 310 563 quid
327 531 395 558 duas
422 531 601 564 substantias,
621 531 673 558 nisi
692 531 763 565 qttod
786 530 821 558 sit

33 573 175 609 utriusque
196 575 285 610 majus
299 577 368 611 (10),
385 577 455 604 sicut
473 578 540 604 dicit
562 577 588 604 in
611 577 724 604 Genesis
738 577 818 608 libro,

33 620 92 654 quia
111 629 120 646 ‹
137 621 231 648 divisit
245 622 314 650 Deus
330 623 401 650 inter
412 624 499 650 lucem
514 628 541 650 et
553 624 678 650 tenebras
694 623 725 649 ⁵³.
744 633 752 648 ι
769 622 820 649 Ta-

33 665 81 692 letu
99 674 161 694 esse
178 668 296 702 aliquem
315 677 426 697 necesse
440 676 481 697 est
495 674 521 696 et
536 670 606 696 muri
624 670 702 696 istius
719 670 820 696 instru-

33 717 151 739 ctoretn:
170 721 269 741 murus
287 715 359 742 cuitu
382 716 515 743 terminos
537 716 755 750 uniuscujusque
777 716 820 742 de-

32 763 174 790 monstrat,
198 759 269 787 sicut
288 761 359 788 iutcr
379 769 427 789 eos
448 762 495 797 qui
520 770 583 789 rura
599 762 819 796 ittcoltuit,,lapis

32 805 96 831 solet
114 806 268 840 portionem
296 807 515 843 uniuscujusque
537 807 672 841 dividere;
695 815 756 842 quae
777 812 818 834 ta—

31 859 89 877 men
114 859 158 879 res
179 853 267 887 magis
284 853 450 883 intellectum
472 855 537 889 dat,
556 855 665 890 quando
690 855 817 890 hujusce—

874 255 952 282 dunt.
968 254 1020 282 Sed
1042 263 1076 282 ne
1091 255 1157 283 illud
1172 257 1281 291 quidem
1298 264 1313 283 a
1330 256 1408 283 nobis
1424 256 1591 284 reticendum
1608 262 1660 289 est,

873 301 938 335 quin
955 302 1045 336 potius
1061 303 1087 329 in
1113 303 1232 330 medium
1255 302 1460 338 proferendum,
1482 307 1512 329 ut
1530 307 1556 329 et
1574 304 1659 330 multa

873 347 1055 374 assertionum
1078 348 1164 382 copia,
1191 347 1425 374 machinationum
1450 347 1600 375 adversarii
1619 348 1662 375 di-

873 393 988 420 versitas
1012 394 1183 426 destruatur,
1206 394 1338 421 auxilium
1366 394 1444 421 nobis
1465 393 1567 421 ferente
1588 394 1661 420 veri-

872 443 936 466 tate.
951 439 1133 466 Coueedimus
1146 445 1309 467 structuram
1324 441 1422 468 factam
1434 448 1495 468 esse
1507 441 1588 474 muri,
1601 449 1661 476 qua

872 485 905 511 ad
920 484 1111 512 discretionem
1126 490 1197 513 esset
1212 487 1428 521 uniuscujusque
1441 487 1517 522 regni
1535 496 1541 513 :
1557 487 1660 521 impos-

872 530 950 557 sibile
964 530 1036 557 enim
1048 536 1089 558 est
1104 533 1163 559 sine
1180 532 1232 559 hoc
1249 540 1304 559 uno
1319 533 1418 559 habere
1436 541 1660 568 unumquemque

872 577 1013 611 propriutn
1035 585 1168 612 regnum;
1184 578 1278 605 eodem
1300 587 1365 606 vero
1387 580 1468 606 modo
1491 580 1660 614 impossibile

871 627 923 654 est,
944 628 971 650 et
988 623 1136 657 malignum
1164 632 1305 658 egressum
1329 625 1447 659 propriis
1469 625 1570 653 finibus
1595 626 1659 653 boni

872 672 964 701 partes
978 669 1115 702 invadere,
1133 670 1203 696 muri
1222 669 1411 696 interdictione
1432 675 1584 702 constante,
1605 670 1660 698 nisi

872 713 940 740 forte
959 714 1036 748 prius
1051 715 1204 749 dejiciatur,
1221 715 1293 742 sicut
1307 715 1463 742 audivimus
1477 717 1510 743 ab
1533 716 1659 744 hostibus

871 759 938 793 fieri,
966 765 1047 796 atque
1071 762 1152 788 etiam
1177 762 1263 788 oculis
1286 761 1387 788 nostris
1412 770 1498 797 nuper
1517 763 1661 797 conspexi-

869 814 932 833 mus
946 806 1012 841 (12).
1026 806 1093 834 Cum
1112 815 1158 834 rex
1177 807 1276 841 aliquis
1298 813 1435 842 oppugnat
1450 808 1546 834 turrim
1569 809 1659 835 valido

870 858 949 878 muro
970 852 1178 884 circumdatam,
1200 853 1312 879 adhibet
1331 853 1418 887 primo
1435 853 1557 880 ballistas
1577 858 1603 880 et
1616 854 1659 888 ja-

32 898 100 924 modi
114 899 217 926 divisio
234 900 362 928 fratcrna‘
372 902 460 935 potius
495 903 660 930 hazrcditatis
686 902 721 929 sit
739 902 817 929 ratio.
835 895 855 922 Β
870 897 941 930 cuia,
954 898 1096 925 securibus
1108 898 1205 925 deinde
1222 903 1314 933 portus
1326 898 1451 925 excidere
1463 903 1544 933 atque
1561 898 1658 925 arieti-

34 941 126 970 Verum
143 952 219 972 nunc
233 953 286 972 non
308 951 350 972 est
365 946 430 972 mihi
451 947 484 974 de
500 947 542 974 his
560 947 715 978 dicendum.
732 956 819 983 quan-

31 996 108 1022 quam
131 991 316 1018 neeessarittm
343 992 481 1026 videatur;
509 1001 571 1020 nam
591 994 657 1020 illud
679 999 720 1021 est
746 993 818 1028 quod

29 1035 154 1069 petimus,
171 1037 235 1071 quis
255 1042 295 1064 est
311 1039 358 1072 qui
375 1040 542 1066 exstruxerit
559 1048 668 1067 murum
690 1041 723 1066 ad
748 1040 818 1067 desi-

31 1082 163 1115 gnandum
177 1084 396 1119 uniuscujusque
408 1086 553 1112 terminum
566 1087 659 1121 regni?
673 1085 731 1113 Non
743 1086 819 1113 dixe-

31 1132 86 1159 rat;
102 1128 163 1155 nolo
179 1134 302 1156 moretur
319 1130 362 1158 hic
375 1131 504 1164 perfidus,
524 1132 570 1159 sed
586 1132 642 1166 jam
657 1132 818 1160 conﬁteatur

30 1172 165 1202 dualitatis
184 1182 242 1202 Sua:
261 1176 287 1202 in
306 1184 390 1203 unutn
408 1177 528 1204 refusam
546 1185 607 1205 esse
622 1179 814 1206 substantiam.

30 1218 102 1247 Dicat
115 1229 292 1257 quemquam,
311 1223 356 1258 qui
369 1223 489 1250 medium
510 1225 675 1251 exstrttxcrit
694 1233 814 1252 murum.

30 1263 94 1298 Quid
118 1267 216 1302 agebat
242 1267 320 1300 alter,
343 1269 428 1296 altero
448 1269 622 1296 instruente?
650 1270 815 1303 Dormiebat,

29 1315 72 1337 aut
90 1311 243 1346 ignorabat,
261 1319 308 1342 aut
330 1315 458 1342 resistere
477 1324 530 1342 non
546 1316 638 1349 valuit,
663 1321 710 1343 aut
727 1319 816 1352 pretio

30 1359 181 1385 concessit?
196 1358 245 1386 Die
266 1360 331 1394 quid
348 1360 473 1394 faciebat,
492 1361 533 1388 vel
555 1363 616 1397 quis
633 1367 674 1390 est
692 1364 814 1396 omnino,

30 1403 72 1437 qui
94 1405 249 1432 exstruxit?
275 1405 329 1434 Vos
351 1407 492 1441 deprecor,
509 1408 627 1442 judiccs,
649 1416 719 1443 quos
743 1409 815 1438 Deus

30 1447 180 1481 plenissime
197 1451 314 1485 repletos
333 1452 470 1479 intellectu
490 1453 565 1480 misit
579 1454 668 1487 nobis,
680 1455 812 1489 judicatc,

29 1494 85 1527 quis
107 1503 139 1522 ex
156 1497 267 1524 duobtts
285 1499 461 1531 exstruxerit,
482 1504 509 1525 ct
529 1499 594 1534 quid
616 1500 712 1535 agebat
731 1509 812 1535 unus,

29 1548 84 1567 cutn
102 1542 168 1569 alter
182 1548 276 1570 CXSlf‘ll
283 1549 366 1572 κργειι.

61 1586 152 1616 XXIV.
172 1588 282 1616 Iudices
307 1591 455 1618 dixerunt:
476 1591 524 1619 Die
545 1592 635 1624 nobis,
661 1601 678 1620 0
702 1593 810 1628 Manes,

28 1633 84 1666 quis
104 1633 289 1669 dcsignaverit
306 1636 374 1663 lines
390 1637 533 1672 utriusque
558 1639 644 1673 regni,
665 1641 727 1673 quis
751 1647 812 1666 tnu-

29 1685 82 1704 rum
104 1678 199 1706 fecerit
221 1681 359 1707 medium?
377 1682 428 1709 Pro
452 1691 550 1718 magno
572 1685 644 1711 enim
661 1685 811 1713 Archelaus

28 1723 262 1761 interrogationem
293 1727 387 1754 haberi
413 1728 495 1763 hujus
521 1731 655 1757 sermonis
677 1732 810 1766 exposcit.

29 1769 113 1797 Manes
134 1772 227 1798 dixit:
246 1772 338 1800 Bonus
364 1773 445 1807 Deus,
473 1779 499 1802 et
522 1776 589 1802 nihil
612 1776 714 1804 habens
734 1785 810 1804 cout-

29 1823 104 1844 mune
126 1826 189 1845 Cllm
210 1819 292 1852 malo,
316 1819 517 1848 firtnatnentum
541 1822 632 1856 posuit
656 1823 683 1849 in
709 1824 809 1856 medio,

28 1870 78 1897 quo
92 1864 211 1893 alienum
228 1874 242 1892 a
265 1874 293 1894 se
315 1875 376 1894 esse
398 1868 562 1902 patefaceret
578 1870 634 1905 (il)
650 1871 810 1906 malignum.

28 1910 166 1939 Archelaus
190 1913 259 1939 dixit
275 1921 282 1939 :
299 1913 448 1949 Usqueqtto
459 1915 588 1950 dignitate
604 1917 722 1944 nominis
737 1926 812 1944 Ineu-

27 1954 100 1982 tiris?
126 1956 212 1984 Deum
230 1959 330 1985 ctenim
358 1959 532 1987 salummodo
551 1961 660 1989 nomine
680 1963 809 1996 appellas,

26 2005 50 2027 ct
66 2002 193 2030 deitatem
219 2004 305 2039 ipsius
328 2005 457 2033 htttnanis
477 2006 684 2035 inﬁrmitatibus
703 2016 810 2044 compa-

26 2055 78 2076 ras.
96 2050 253 2085 Aiiquando
275 2059 308 2078 ex
330 2059 384 2079 nan
406 2053 589 2084 exstantibus,
608 2054 756 2088 aliquando
777 2063 810 2082 ex

26 2094 141 2129 subjecta
159 2098 284 2130 materia,
304 2105 365 2132 qua:
376 2098 485 2132 quidem
508 2104 570 2127 ante
585 2108 613 2127 se
628 2100 718 2134 fuerit,
737 2109 811 2128 asse-

26 2140 61 2167 ris
73 2144 252 2176 exstruxisse,
268 2148 298 2171 ut
313 2144 436 2171 homines
451 2145 539 2172 soleut
553 2151 747 2174 exstructores.
766 2146 809 2173 [u-

26 2187 124 2214 terdttm
140 2189 223 2216 etiam
239 2197 300 2216 eum
318 2190 454 2222 timidum,
473 2191 608 2218 interdum
626 2197 652 2218 et
674 2193 809 2220 converti-

870 944 921 971 bus
945 952 1038 972 muros
1063 949 1178 971 conatur
1201 948 1335 977 evertere;
1360 949 1387 971 et
1412 953 1474 971 cttm
1500 945 1659 978 obtinuerit,

870 995 926 1016 tum
942 991 1050 1018 dcmttm
1068 992 1218 1026 ingressus,
1241 999 1302 1025 quae
1316 991 1435 1024 libuerit,
1457 992 1522 1026 agit,
1539 992 1597 1019 sive
1617 999 1661 1019 ca-

869 1036 957 1070 ptivos
972 1037 1058 1070 placet
1068 1037 1140 1064 cives
1152 1038 1297 1067 abducere,
1309 1037 1368 1064 sive
1380 1041 1477 1064 cuncta
1491 1039 1658 1072 subvertere,

869 1085 916 1108 aut
930 1082 1023 1114 etiarn,
1040 1082 1062 1108 si
1078 1082 1218 1116 placuerit,
1235 1087 1346 1117 rogatus
1361 1077 1490 1117 indulget.
1508 1083 1578 1115 Quid
1593 1091 1659 1118 ergo

868 1126 933 1153 dicit
950 1127 1020 1154 iste?
1033 1126 1093 1154 Non
1113 1128 1277 1160 substantia,
1299 1127 1326 1154 id
1343 1132 1385 1155 est
1405 1129 1546 1163 proposito
1562 1130 1659 1156 adver-

868 1173 958 1200 sarius
977 1173 1039 1208 quis
1055 1174 1162 1208 dejecit,
1179 1175 1251 1208 quod
1265 1175 1437 1209 interjectum
1455 1174 1543 1202 fuerat
1566 1171 1657 1202 muni-

869 1223 989 1246 ntentum
1003 1229 1008 1246 :
1024 1219 1051 1246 in
1069 1220 1281 1254 praaccdentibus
1293 1220 1364 1247 enim
1383 1220 1522 1254 professus
1535 1224 1577 1246 est
1591 1221 1656 1255 quia

868 1265 1077 1298 supervenerint
1100 1266 1218 1293 tenebrae
1244 1274 1275 1293 ex
1291 1266 1408 1300 propriis
1431 1266 1530 1293 liuibus
1557 1266 1584 1292 in
1612 1273 1657 1292 re-

867 1319 950 1345 gnum
974 1310 1022 1338 Dei
1047 1311 1120 1339 boni.
1148 1312 1216 1345 Quis
1235 1312 1312 1346 prius
1336 1312 1434 1344 dejecit
1454 1311 1657 1338 munitionem?

867 1358 1036 1392 impossibile
1060 1358 1132 1385 enim
1159 1363 1218 1385 erat
1237 1358 1339 1393 ingredi
1366 1358 1479 1389 tnalutn,
1503 1358 1656 1384 munitione

866 1407 1016 1430 constante.
1029 1402 1100 1435 Quid
1115 1404 1207 1430 taces?
1221 1403 1290 1436 Quid
1307 1403 1424 1431 moraris
1439 1407 1479 1435 tu,
1491 1402 1656 1430 Manichaee?

866 1447 979 1476 Etiamsi
994 1453 1021 1475 tu
1035 1449 1154 1478 dill‘eras.
1173 1449 1316 1484 aggrediar
1329 1457 1389 1476 mea
1404 1455 1510 1484 sponte.
1532 1449 1561 1476 Si
1580 1449 1653 1476 enim

865 1495 978 1529 dixeris,
992 1496 1056 1530 quia
1078 1495 1148 1523 Deus
1161 1496 1336 1528 destruxerit,
1354 1497 1490 1531 requiram
1506 1497 1571 1531 quid
1586 1504 1651 1523 eum

865 1540 980 1567 moverit
1004 1541 1037 1567 ad
1061 1541 1254 1568 destruendum
1277 1541 1337 1573 hoc,
1357 1542 1430 1576 quod
1446 1542 1522 1576 prius
1545 1547 1654 1577 propter

865 1584 1096 1619 importunitatem
1115 1587 1237 1622 maligni,
1255 1592 1282 1614 et
1307 1587 1508 1621 scparalionem
1525 1588 1582 1623 ipse
1603 1596 1652 1615 ex-

865 1632 1024 1658 struxeral?
1041 1631 1111 1665 Quid
1129 1633 1226 1664 italus,
1246 1637 1293 1660 aut
1308 1633 1371 1667 quid
1389 1633 1480 1660 damni
1495 1641 1651 1668 perpessus,

864 1677 1007 1705 adversum
1030 1686 1058 1704 se
1073 1678 1130 1712 ipsc
1146 1687 1265 1713 pugnare
1281 1679 1442 1706 contendit?
1458 1679 1512 1706 Aut
1529 1680 1652 1714 nunquid

863 1723 896 1750 dc
911 1723 1022 1758 maligni
1041 1724 1217 1751 facultatibus
1232 1725 1335 1759 aliqttid
1345 1726 1521 1759 concupivit?
1536 1725 1614 1758 Quod
1628 1726 1652 1753 si

864 1769 961 1795 horum
989 1769 1056 1795 nilnl
1081 1769 1106 1796 in
1125 1777 1207 1796 causa
1225 1775 1266 1797 est
1285 1769 1342 1796 Deo
1360 1770 1516 1797 destruendi
1533 1778 1575 1802 ea,
1592 1779 1653 1806 qua:

860 1813 1019 1847 jamdudum
1034 1815 1066 1841 ad
1082 1815 1254 1842 alienandum
1273 1824 1286 1842 a
1300 1824 1329 1843 se
1345 1820 1372 1843 et
1388 1817 1570 1851 separandum
1585 1825 1645 1844 Ina-

862 1859 916 1886 lmn
934 1862 990 1894 ipse
1005 1865 1210 1893 construxerat;
1227 1862 1291 1888 illud
1315 1869 1365 1889 nec
1389 1862 1488 1889 tnirum
1504 1863 1651 1897 putandum

862 1910 913 1937 est,
928 1906 999 1940 quod
1013 1907 1072 1940 ejus
1089 1908 1229 1934 consortio
1241 1907 1296 1942 (l5)
1311 1907 1392 1934 fuerit
1405 1908 1570 1942 delectatus;
1589 1916 1649 1935 tnu-

862 1953 929 1980 ttitio
944 1954 1015 1980 enitn
1039 1962 1100 1988 qua:
1115 1955 1198 1982 missa
1218 1955 1306 1982 fuerat
1321 1959 1430 1990 propter
1447 1955 1509 1988 hoc,
1538 1962 1571 1982 ne
1592 1955 1651 1989 ejus

861 1998 1016 2025 molestiam
1041 2005 1188 2033 pateretur,
1215 2000 1317 2026 idcirco
1340 2000 1478 2028 destructa
1503 2000 1651 2034 videbitur,

861 2045 990 2079 quoniam
1006 2053 1059 2072 non
1074 2045 1130 2079 jam
1153 2047 1294 2078 molestus,
1316 2047 1362 2073 sed
1377 2047 1482 2074 amicus
1498 2046 1556 2073 fore
1570 2051 1650 2080 puta-

861 2090 942 2117 bitur.
964 2090 1041 2123 Quod
1063 2093 1085 2118 si
1112 2100 1126 2118 a
1156 2092 1274 2127 maligno
1293 2100 1400 2119 murum
1421 2092 1497 2120 dicas
1519 2100 1579 2119 esse
1600 2093 1650 2120 de-

861 2140 1006 2169 structum,
1027 2137 1165 2171 quomodo
1184 2142 1298 2168 possunt
1316 2138 1378 2164 boni
1395 2137 1439 2165 Dei
1455 2146 1536 2172 opera
1555 2146 1570 2164 a
1590 2146 1650 2165 ina-

861 2181 934 2216 ligno
948 2183 1070 2216 superari
1083 2183 1094 2209 ?
1106 2183 1226 2217 alioquin
1241 2182 1338 2210 fortior
1351 2183 1405 2210 Dco
1422 2183 1576 2210 invenietur
1591 2192 1649 2210 nta—

25 2230 100 2260 ωιρη,
116 2234 201 2269 dicis;
221 2235 266 2262 Dei
279 2240 321 2262 est
334 2236 406 2262 enim
420 2244 509 2271 agerc,
524 2245 585 2271 qum
599 2237 646 2265 Dei
661 2244 742 2272 sum;
760 2240 808 2266 ιω-
824 2237 846 2264 D
861 2227 932 2262 ligna
956 2233 1062 2255 natura.
1085 2228 1228 2261 Quomodo
1248 2233 1275 2256 ct
1297 2229 1363 2264 ipse,
1389 2237 1451 2256 cum
1478 2229 1514 2257 sit
1537 2230 1650 2257 omttiuo

25 2279 102 2307 minis
118 2289 193 2314 vero,
218 2290 279 2316 qua:
302 2283 420 2309 humana
447 2288 520 2310 sunt.
547 2283 574 2310 Si
590 2292 654 2319 ergo
680 2285 761 2316 Deus,
780 2291 810 2313 ut

25 2321 71 2354 ais,
88 2331 195 2351 tuurutn
208 2326 371 2359 construxit,
385 2326 508 2353 timidmn
525 2335 553 2354 se
566 2328 619 2361 hic,
633 2333 659 2356 et
674 2330 740 2356 nihil
755 2331 808 2357 for-

25 2367 146 2398 titudinis
163 2379 192 2398 se
209 2372 308 2399 habere
330 2373 465 2407 designat.
487 2372 594 2402 Scimus
609 2375 680 2402 enim
701 2383 809 2411 seraper

25 2421 78 2444 eos,
100 2416 145 2450 qui
172 2418 345 2452 suspicantur
370 2419 404 2444 ab
422 2419 558 2446 extraneis
585 2420 635 2447 sibi
663 2421 742 2449 doles
765 2422 808 2449 iu-

25 2460 103 2492 teudi,
120 2466 201 2496 atque
216 2463 335 2490 hostium
352 2468 479 2490 \‘crcntur
499 2464 622 2499 insidias,
647 2466 697 2500 ipsi
721 2467 808 2494 sicut

25 2503 101 2532 lll'bcs
115 2515 179 2535 suas
203 2508 289 2536 muris
313 2509 499 2543 circumdare;
516 2510 542 2536 in
559 2518 614 2545 quo
632 2517 656 2538 ct
677 2512 806 2547 ignoran-

57 2582 188 2613 “Geues.
209 2594 227 2618 ι,
249 2587 276 2614 ιι.
314 2587 336 2603 ³⁸
351 2587 431 2615 Joan.
453 2596 478 2621 ι,
496 2588 522 2615 5.

57 2652 111 2693 (id)
131 2655 160 2693 in
176 2656 271 2693 codice
286 2656 438 2689 Casinensi,
456 2666 465 2682 ι
481 2662 627 2693 utrumque
645 2659 742 2692 majus.
759 2669 768 2685 ι

57 2687 111 2727 (μ)
131 2689 160 2727 ip
174 2691 266 2727 codice
277 2687 456 2723 Casincusiﬁ
474 2687 707 2727 partum-faceret.
725 2704 733 2719 ι

42 2722 110 2760 _tl'l)
130 2723 198 2752 Nota
215 2726 342 2763 Archelai
357 2722 513 2759 ωιιιιὺιιιίιιι
527 2729 626 2755 habitzc
639 2729 804 2763 disputatio—

24 2762 62 2796 t‘us
75 2762 194 2796 tempus;
215 2762 287 2796 loqui
310 2767 399 2789 autem
420 2763 462 2789 hic
477 2763 584 2790 videtur
606 2762 755 2791 Archelaus
774 2766 806 2791 de

26 2790 135 2835 barri-tis
144 2804 160 2835 ai
171 2790 326 2835 l’pt'sis_Sth
339 2798 482 2835 Valeriano
498 2799 620 2833 Augusto
632 2790 804 2835 expugnatis,

25 2826 240 2868 fplmdcristlent
265 2833 361 2859 iterum
387 2834 420 2859 ab
443 2826 584 2860 ()tltrttttittt)
602 2826 720 2861 Orienti;i
745 2826 805 2868 rigui

24 2860 133 2890 Gallieni
150 2865 321 2901 imperatoris
336 2869 504 2902 temporibus
521 2870 547 2896 in
563 2860 676 2897 [tormini
690 2860 803 2906 impelli

860 2277 933 2300 totus
958 2273 1084 2305 lcncbrm,
1110 2274 1163 2300 lttci
1190 2274 1358 2308 supervenit,
1382 2279 1409 2301 et
1432 2275 1648 2309 comprehcndit,

859 2318 1022 2353 evangelista
1043 2319 1230 2346 testiinonium
1254 2319 1356 2346 ferente
1381 2329 1387 2346 :
1414 2329 1422 2344 ε
1438 2319 1496 2346 Lux
1523 2319 1593 2346 lucet
1620 2321 1648 2346 iu

859 2365 987 2395 tenebris,
1002 2369 1028 2392 et
1040 2365 1156 2391 tenebrae
1166 2373 1225 2392 cam
1240 2374 1293 2392 non
1304 2366 1570 2400 comprehenderunt
1579 2366 1602 2381 ³⁵
1613 2367 1624 2392 ?
1635 2375 1645 2391 ι

859 2409 1001 2442 Quomodo
1026 2418 1114 2438 caecus
1137 2411 1435 2444 armatur?Quomodo
1461 2412 1578 2439 tenebrat
1597 2411 1649 2438 ad-

860 2464 954 2483 versus
971 2456 1039 2483 lttcis
1056 2464 1168 2491 regnum
1187 2457 1338 2484 dimicant?
1358 2456 1435 2484 Sicttt
1450 2458 1523 2484 enim
1542 2457 1598 2484 hau:
1616 2457 1648 2484 il—

859 2502 930 2530 la-sis
942 2504 1028 2531 oculis
1042 2505 1097 2539 (l-t)
1114 2504 1179 2530 solis
1192 2504 1283 2532 radios
1299 2505 1325 2531 in
1340 2512 1369 2531 se
1381 2505 1503 2532 recinere
1515 2512 1570 2532 non
1583 2511 1647 2538 pos-

857 2661 986 2688 ditionem
1008 2662 1136 2688 redactis.
1161 2661 1228 2689 Vide
1251 2661 1415 2689 Trebellium
1440 2661 1593 2689 Pollionem
1618 2661 1646 2688 in

858 2696 988 2727 Gallieno,
1007 2705 1066 2732 (np.
1088 2698 1119 2723 ll)
1132 2702 1158 2724 et
1176 2698 1215 2724 1‘2.

893 2732 948 2767 (ιῦ)
970 2732 996 2758 in
1014 2733 1107 2759 codice
1117 2733 1272 2763 (lasinensi,
1287 2742 1295 2757 ι
1313 2733 1463 2767 putandum
1480 2737 1646 2759 estconsor-

858 2767 905 2793 tio.
922 2777 930 2792 ι
955 2767 1018 2799 Sed,
1043 2777 1052 2792 ι
1068 2768 1090 2794 si
1105 2768 1164 2801 ejus
1189 2769 1340 2800 consortio,
1361 2778 1369 2794 ι
1397 2769 1448 2799 vel,
1468 2778 1476 2792 I
1494 2767 1567 2802 quod
1585 2766 1647 2801 ejus

857 2803 1007 2834 consortio,
1027 2813 1035 2828 ι
1056 2803 1163 2829 videtur
1178 2803 1333 2837 legendum.

893 2838 948 2866 tl-il
967 2837 995 2865 lu
1007 2838 1100 2864 eodem
1112 2838 1214 2869 codice,
1227 2848 1236 2863 ί
1251 2838 1323 2865 illius
1333 2838 1430 2870 oculis,
1444 2848 1453 2864 μ
1466 2839 1540 2866 nullo
1551 2846 1643 2866 sensu.
