1848 3043
185 138 253 165 ΗϋῚ

697 134 792 162 ACTA
812 132 1078 162 DlSPUTATlONIS
1098 131 1126 160 S.
1145 128 1318 158 ARCHELAI

1760 121 1814 148 ιια

184 200 260 228 sunt,
278 195 316 223 ita
331 199 356 223 et
370 194 413 222 hic
427 193 497 222 ferre
509 200 563 220 non
577 192 650 220 valet
661 192 737 227 regni
753 192 823 220 lucis
838 192 980 224 intuitum,
996 195 1019 221 Α
1033 196 1075 218 set
1103 191 1195 221 homo,
1219 188 1378 223 priusquam
1401 188 1497 219 pastor
1521 181 1641 209 haberet
1659 187 1783 228 gregem,

185 243 232 270 sed
248 247 339 269 manet
349 248 458 275 semper
472 246 619 268 extraneus
634 243 662 266 et
676 238 793 266 alienus.

219 287 304 314 XXV.
325 287 417 314 Manes
434 287 504 313 dixit
517 285 595 312 :Non
620 293 717 312 omnes
734 286 847 319 capiunt
865 284 977 311 verbum

185 334 243 367 Dei,
258 334 303 361 sed
319 334 419 368 quibus
433 334 526 360 datum
543 338 584 360 est
596 333 666 359 scire
683 332 813 367 mysteria
831 331 906 366 regni
923 338 977 358 coe-

185 380 275 406 iorum
289 380 321 406 ³⁶.
338 379 371 406 Ει
384 379 440 414 jam
459 379 568 414 quidem
582 379 638 414 (15)
653 379 710 406 scio
725 378 771 412 qui
791 377 846 404 sint
865 377 952 403 nostri
968 385 974 403 :

187 435 197 450 ι
213 425 278 452 Mt-:e
294 425 376 458 enim,
391 425 489 458 inquit,
506 432 570 451 oves
581 432 675 452 vocem
692 431 780 450 meam
798 422 951 449 audiunt".
964 432 973 448 ›

185 470 298 505 Propter
319 476 428 498 nostros
445 478 510 505 ergo
531 471 632 505 quibus
648 470 728 497 datus
742 474 785 497 est
798 469 921 496 veritatis
935 470 976 496 in—

186 517 319 548 tellectus,
338 524 384 551 per
401 516 595 543 similitudines
611 516 710 543 dicam.
742 515 846 542 Similis
857 519 899 543 est
916 523 975 542 ma-

186 562 276 597 lignus
288 562 370 593 leoni,
387 563 432 596 qui
451 563 570 596 irrepere
590 562 648 588 vult
664 562 736 597 gregi
752 562 816 588 boni
838 562 973 596 pastoris;

185 609 257 642 quod
273 617 334 636 cum
349 614 442 643 pastor
455 609 561 641 viderit,
574 609 642 636 fodit
658 609 764 635 foveam
782 609 930 643 ingentem,
947 613 976 635 et

184 655 218 683 de
232 663 313 689 grege
330 655 390 682 tulit
402 663 485 682 unum
499 655 622 685 hmdum,
639 660 667 682 et
679 654 792 689 jactavit
808 655 834 681 in
850 653 972 687 foveam;

184 710 264 737 quem
291 703 332 729 leo
355 703 481 729 invadere
497 703 666 736 desiderans,
684 711 746 730 cum
772 703 877 738 ingenti
902 700 974 730 indi—

184 748 313 782 gnatione
334 748 416 774 voluit
436 756 498 774 eum
510 748 667 782 absorbere,
681 753 708 775 et
721 757 870 776 accurrens
885 749 918 776 ad
934 748 975 775 fo—

183 802 273 826 veam,
287 793 388 820 decidit
407 794 432 820 in
447 802 519 826 eam,
536 794 700 822 ascendendi
716 795 778 821 inde
792 802 902 822 sursum
919 802 974 821 non

185 840 290 867 habens
305 841 392 872 vires;
412 847 492 874 quem
513 845 605 874 pastor
621 841 820 875 apprehensum
838 848 886 875 pro
908 847 974 875 pru-

1033 236 1237 271 supervenissct
1251 234 1302 263 leo,
1321 231 1386 266 quid
1401 229 1495 260 liebat,
1512 228 1581 262 quia
1598 234 1656 254 non
1670 230 1730 252 erat
1745 225 1816 252 leonis

1032 291 1095 311 esaa
1120 282 1278 317 priusquam
1301 278 1399 305 hmdus
1423 275 1516 302 esset?
1536 273 1634 300 Manes
1664 272 1734 299 dixit
1751 272 1815 300 :Leo

1029 328 1138 363 quidem
1150 326 1215 353 nihil
1229 324 1419 354 manducabat,
1429 322 1576 350 exercebat
1589 326 1683 347 tamen
1697 319 1815 346 malitiam

1029 382 1107 402 suam
1130 381 1178 408 per
1197 379 1368 406 quaecunque
1385 375 1494 405 poterat
1510 368 1650 399 invenire,
1672 367 1817 394 discurrens

1028 430 1075 457 per
1090 420 1207 447 vertices
1222 419 1354 445 montiqu
1370 417 1465 452 ',qu0d
1485 417 1509 444 si
1531 414 1690 450 aliquando
1708 413 1733 441 ei
1746 415 1815 440 etiam

1027 475 1090 495 esca
1103 471 1163 494 erat
1179 465 1343 496 necessaria,
1359 464 1484 499 capiebat
1501 471 1534 489 ex
1551 461 1652 488 bestiis
1677 468 1740 494 qua:
1751 467 1817 486 erant

1026 512 1078 540 sub
1096 519 1180 546 regno
1197 519 1259 538 suo.
1284 511 1429 538 Archelaus
1447 510 1516 536 dixit
1533 516 1540 534 :
1564 507 1640 542 Ergo
1664 506 1748 532 unius
1765 511 1818 532 sunt

1026 558 1196 590 substantiae,
1212 557 1308 585 bestize
1332 565 1392 592 quae
1415 560 1480 584 sunt
1495 555 1521 581 in
1547 561 1638 587 regno
1661 552 1782 586 maligni,
1797 558 1818 579 et

1026 604 1099 630 haedi
1126 604 1173 638 qui
1197 608 1262 631 sunt
1286 603 1313 629 in
1338 610 1421 637 regno
1446 602 1511 628 boui
1528 600 1600 627 Dei?
1618 598 1717 626 Mane:
1737 599 1817 624 dirit:

1026 650 1119 681 Absit;
1144 657 1316 684 nequaquam
1344 658 1351 675 :
1379 648 1448 675 nihil
1471 653 1625 674 commune
1654 650 1715 676 est,
1743 653 1817 679 neque

1026 695 1094 730 ipsis
1114 695 1148 722 ad
1172 695 1299 726 invicem,
1316 701 1403 729 neque
1419 693 1462 720 his
1478 701 1540 727 quae
1557 700 1610 719 sua
1628 696 1709 718 sunt.
1731 691 1817 716 Arthe-

1026 741 1084 768 laus
1097 741 1166 768 dixit
1185 750 1194 769 :
1209 741 1287 768 Unus
1305 745 1387 774 atque
1409 739 1479 766 idem
1498 743 1540 765 est
1557 746 1630 764 usus
1648 737 1678 763 in
1695 744 1757 763 esca
1771 736 1816 762 leo—

1027 788 1080 816 nis.
1097 787 1125 815 Si
1141 787 1213 814 enim
1232 795 1263 814 ex
1280 785 1398 822 propriis
1413 784 1563 819 aliquando
1579 783 1684 810 bestiis
1708 782 1818 816 capiebat

1027 834 1128 866 cibum,
1152 833 1300 868 aliquando
1313 831 1385 858 etde
1398 831 1441 858 his
1463 830 1526 857 boui
1549 829 1618 862 Dei;
1635 829 1717 855 nulla
1738 834 1776 855 est
1796 828 1816 854 in

183 886 275 913 dentia
299 893 348 913 sua
374 886 401 912 in
420 894 501 912 cavea
520 886 672 919 concludit,
694 891 775 921 atque
795 886 907 914 hcedum
925 886 971 920 qui
992 882 1010 909 Β
1027 880 1069 907 bis
1095 879 1258 910 diﬂerentia,
1285 882 1416 912 quantum
1433 877 1467 904 ad
1487 884 1568 903 escas
1589 875 1728 910 pertinet,
1752 880 1775 901 et
1791 882 1815 901 ex

184 939 247 958 cum
261 932 320 966 ipso
337 930 420 958 fuerit
442 932 468 957 in
492 930 582 964 fovea,
600 931 765 958 incolumem
788 932 972 959 conservavit.

185 977 227 1003 Ex
247 977 298 1004 hoc
322 985 387 1011 ergo
412 978 567 1004 iuiirmatus
585 981 627 1004 est
663 977 809 1011 malignus,
832 978 903 1004 ultra
917 978 972 1012 jam

184 1024 262 1050 leone
290 1032 342 1050 non
361 1023 477 1050 habente
499 1027 658 1057 potestatem
678 1023 794 1050 faciendi
812 1023 925 1058 aliquid,
948 1029 975 1051 et

185 1070 335 1097 salvabitur
359 1077 440 1096 omne
465 1069 619 1096 animarum
639 1078 736 1103 genus,
764 1078 796 1097 ac
813 1071 973 1098 restituetur

185 1117 258 1150 quod
275 1115 400 1151 perierat,
420 1116 529 1150 proprio
547 1124 598 1143 suo
615 1117 699 1151 gregi.
728 1116 872 1144 Are/tetaus
888 1118 973 1143 dixit:

186 1161 213 1187 Si
231 1162 335 1188 leonem
359 1162 477 1196 maligno
500 1169 654 1196 comparas,
671 1162 756 1189 Deum
775 1171 839 1190 vero
861 1164 972 1198 pastori,

185 1215 250 1234 oves
272 1212 354 1242 atque
382 1208 503 1240 haedum,
524 1208 578 1239 dic,
601 1208 710 1234 cuinam
734 1210 974 1244 comparabimus?

186 1253 278 1281 Manes
294 1253 465 1280 dixit:0ves
483 1258 509 1280 et
534 1253 631 1281 haedus
653 1255 734 1282 unius
757 1255 823 1282 mihi
848 1256 974 1284 videntur

184 1307 245 1327 esse
261 1305 382 1332 naturae;
397 1300 422 1326 iu
436 1299 642 1326 similitudinem
655 1306 745 1327 autem
761 1306 901 1336 ponuntur
913 1303 973 1330 aui-

186 1353 302 1372 marum.
321 1345 465 1372 Archelaus
487 1345 556 1371 dixit
575 1345 720 1373 :Animam
749 1354 813 1382 ergo
839 1348 972 1382 perditum

184 1392 257 1418 dedit
280 1391 361 1424 Deus,
385 1391 518 1425 objiciens
541 1399 600 1418 eam
625 1392 697 1418 leoni
722 1393 748 1420 in
771 1392 858 1422 fovea.
883 1393 973 1420 Manu

183 1439 251 1465 dixit
268 1446 277 1464 :
293 1438 482 1474 Nequaquam,
501 1439 571 1466 absit
588 1439 654 1472 hoc;
667 1439 714 1466 sed
730 1441 919 1474 apprehensus
932 1445 974 1468 est

185 1484 236 1511 hoc
251 1484 369 1518 ingenio,
387 1485 413 1511 in
432 1484 555 1512 futurum
571 1493 636 1512 vero
651 1485 769 1512 salvabit
787 1494 860 1513 eam.
876 1486 974 1513 Are/ie-

183 1529 243 1557 laus
259 1530 326 1557 dixit
341 1539 349 1557 :
366 1530 520 1558 Ridiculum
536 1533 591 1566 jam
603 1532 674 1559 istud
689 1537 740 1565 est,
759 1533 811 1559 viri
824 1533 971 1564 auditores,

182 1578 206 1604 si
221 1586 320 1612 agnum
337 1587 416 1613 quem
435 1580 566 1606 retinebat
580 1580 607 1606 in
620 1580 738 1611 sinibus,
752 1585 845 1615 pastor
856 1582 972 1608 extimo-

183 1630 263 1649 scens
277 1623 364 1650 leonis
381 1623 545 1658 ingressum,
557 1625 672 1659 projecit
684 1633 746 1652 eum
766 1626 967 1658 devorandum,

181 1672 209 1694 et
223 1668 323 1695 dicitur
337 1670 400 1703 quia
419 1670 445 1696 in
464 1670 586 1696 futurum
602 1670 718 1698 salvabit
736 1679 811 1698 eum.
825 1671 972 1704 Quomodo

183 1723 237 1742 non
251 1721 336 1743 totum
351 1717 403 1744 hoc
421 1718 537 1745 ridiculo
552 1718 661 1752 plenum
675 1719 735 1745 est?
748 1719 814 1745 Nam
831 1724 857 1746 et
880 1720 906 1746 in
922 1721 972 1747 hoc

182 1761 264 1789 etiam
283 1762 416 1797 judicium
437 1764 578 1791 adimitur.
602 1764 673 1792 Deus
693 1765 765 1792 enim
784 1766 838 1799 (16)
865 1765 972 1793 Satanae

183 1808 301 1834 animant
320 1809 440 1842 tradidit,
464 1811 491 1836 iu
515 1811 693 1845 perditionem
716 1813 749 1838 ab
773 1819 806 1839 eo
830 1820 972 1839 assumen—

183 1853 256 1880 dam.
281 1853 396 1886 Quando
417 1856 490 1883 enim
512 1863 615 1892 pastor,
642 1866 732 1885 nonne
755 1857 839 1885 David
856 1858 912 1892 (t7)
939 1858 972 1885 de

183 1907 230 1928 ore
256 1902 359 1935 leonis,
386 1903 428 1929 vel
457 1904 514 1930 ursi
541 1905 613 1931 eruit
639 1905 741 1932 ovem?
771 1904 827 1931 lloc
855 1905 971 1931 dicimus

182 1952 294 1982 propter
324 1957 368 1975 ore
402 1949 506 1982 (cortis;
535 1951 608 1985 quod
642 1952 697 1984 ait,
729 1953 762 1979 de
798 1959 845 1978 ore
883 1951 971 1978 leonis

182 1997 230 2020 aut
261 1994 294 2021 de
324 2000 418 2022 ventre
442 1996 501 2030 ejus
526 2001 618 2031 potest
654 1998 790 2029 educere,
819 1998 891 2033 quod
913 1997 969 2032 jam

181 2038 226 2065 ille
257 2039 405 2067 devoravit.
440 2040 491 2068 Sed
525 2042 598 2069 dices
630 2043 695 2069 mihi
720 2052 727 2069 :
751 2043 822 2070 Deus
849 2048 911 2075 est,
943 2048 971 2069 et

181 2085 273 2111 omnia
308 2090 406 2120 potest.
438 2086 508 2113 Audi
541 2096 606 2123 ergo
636 2089 669 2116 ad
701 2089 758 2116 limo
782 2098 788 2115 :
814 2097 863 2116 cur
889 2088 971 2123 igitur

181 2131 253 2165 quod
269 2133 364 2165 possit,
384 2140 437 2158 non
464 2133 528 2159 illud
554 2134 645 2168 potius
669 2135 780 2166 asseris,
799 2135 872 2169 quod
892 2140 970 2169 pote—

180 2177 216 2203 rit
236 2177 343 2211 propria
365 2178 464 2205 virtute
477 2179 586 2206 vincere
609 2179 725 2211 leonem,
748 2180 805 2206 sive
824 2187 893 2214 pura
911 2180 968 2215 (l8)

179 2222 228 2249 Dei
258 2223 397 2257 potentia,
421 2228 448 2251 et
479 2233 619 2260 nunquam
642 2225 776 2252 machinis
794 2226 968 2260 quibusdam,

179 2271 207 2295 et
220 2269 304 2296 fovea:
323 2270 404 2297 litedo
422 2271 479 2298 sive
501 2279 571 2305 agno
587 2272 705 2298 tradito?
720 2271 767 2298 Dic
787 2272 853 2298 mihi
880 2273 962 2299 etiam

180 2315 265 2348 illud,
276 2316 298 2342 si
314 2316 415 2350 pastOri
431 2317 604 2351 superveniat
621 2318 673 2350 leo,
691 2325 745 2344 non
764 2317 873 2344 habenti
889 2325 966 2350 oves,

179 2361 244 2396 quid
270 2362 332 2389 lict?
350 2361 489 2396 lugenitus
510 2363 581 2390 enim
601 2368 653 2395 est,
676 2364 722 2398 qui
740 2363 840 2390 dicitur
864 2369 966 2398 pastor,

178 2405 318 2441 ingenitus
330 2415 439 2442 quoque
455 2409 536 2435 etiam
551 2408 604 2435 leo.
622 2408 690 2436 Cum
704 2417 768 2444 ergo
783 2410 904 2436 nondum
922 2418 968 2437 es—

213 2475 236 2490 “
248 2475 342 2502 Matth.
359 2483 417 2506 tux,
435 2476 476 2502 Η.
515 2475 626 2504 "’Joan.
642 2485 669 2508 Χ,
685 2477 730 2504 27.

216 2543 271 2576 (15)
293 2543 320 2581 lii
340 2545 482 2581 Casinensi
507 2546 600 2572 codice
619 2546 758 2578 scribitur,
776 2557 784 2572 ι
801 2547 882 2573 etiam
900 2547 964 2581 qui-

178 2578 251 2605 dem.
267 2589 276 2604 ι
297 2579 348 2606 Sed
369 2581 510 2615 legendum
528 2581 643 2612 videtur,
661 2591 669 2606 ι
687 2586 713 2607 et
731 2582 787 2615 jam
810 2578 936 2616 quidem;
955 2592 963 2606 ι

180 2621 251 2653 sirpe
272 2615 355 2653 enirn
372 2615 398 2641 iu
425 2615 474 2642 hoc
500 2616 593 2643 codice
614 2616 767 2650 junguntur
790 2618 882 2650 verba,
906 2625 967 2651 qua:

179 2648 298 2683 disjungi
315 2650 421 2676 debent.
483 2679 486 2683 ,

193 2718 198 2723 .
216 2684 272 2717 (to)
286 2684 427 2723 ‘Loquitur
440 2685 484 2712 hic
500 2686 649 2723 Archelaus
666 2694 698 2713 ex
718 2686 834 2714 Manetis
856 2693 965 2714 senten-

179 2720 228 2748 tia.
247 2720 292 2752 qui
311 2725 521 2756 cumpastorem
537 2722 726 2755 prmvidentem
747 2730 777 2748 ac
793 2730 965 2756 prauioscen-

181 2757 234 2791 tem
260 2755 414 2791 inevitabili‘
431 2756 516 2782 leonis
528 2757 697 2783 devorationi
721 2755 879 2791 expoSuisse
908 2758 965 2784 hm-

181 2787 246 2827 tium
270 2789 380 2822 diceret,
409 2787 563 2817 necessario
583 2787 802 2827 consequebatur
829 2797 964 2826 pastorem

180 2826 269 2856 ipsum
292 2831 400 2863 causam
421 2833 482 2863 esse
504 2826 666 2860 perditionis
680 2826 773 2860 hic”,
789 2828 869 2862 eique
892 2828 964 2854 illius

180 2867 274 2887 necem
288 2860 349 2893 jure
365 2860 475 2887 ascribi.

1026 927 1078 954 hoc
1100 931 1212 961 apparet
1233 926 1314 952 unius
1332 933 1378 952 cas
1399 932 1461 951 esse
1480 923 1659 951 substantiae.
1686 923 1739 949 Sed
1756 923 1814 949 aliud

1025 971 1081 1006 (19)
1100 972 1154 999 alio
1174 972 1254 1006 longe
1272 971 1383 998 differre
1399 969 1585 1004 ignorantiam
1614 969 1726 1003 pastori
1743 969 1815 994 ascri-

1025 1019 1128 1051 bimus,
1142 1018 1205 1053 quia
1221 1025 1274 1044 non
1291 1022 1381 1052 aptam
1395 1024 1499 1048 escam,
1514 1015 1582 1049 quin
1599 1015 1697 1049 potius
1712 1015 1813 1041 alienam

1025 1062 1132 1094 obtulit,
1157 1062 1198 1088 vel
1215 1061 1329 1095 projccit
1346 1060 1428 1086 leoni.
1448 1059 1503 1086 Aut
1523 1059 1599 1086 forte
1621 1067 1726 1085 rursus
1744 1060 1812 1086 dissi-

1025 1109 1129 1134 mulare
1153 1107 1257 1139 volens,
1279 1106 1354 1133 dices
1370 1105 1449 1138 mihi,
1464 1105 1529 1139 quia
1549 1106 1622 1132 nihil
1653 1105 1699 1132 leo
1715 1106 1757 1131 ille
1777 1114 1813 1132 (o-

1025 1153 1161 1180 medebat.
1186 1152 1300 1180 illumne
1323 1153 1404 1187 igitur
1428 1153 1476 1187 qui
1499 1151 1651 1179 comedere
1678 1152 1812 1181 nesciebat,

1025 1200 1082 1234 ipse
1097 1199 1131 1226 ad
1155 1199 1352 1226 comedendum
1372 1199 1493 1226 animam
1510 1199 1692 1233 provocavit,
1708 1206 1756 1225 nec
1768 1199 1813 1224 sola

1025 1245 1103 1271 fovea
1119 1245 1151 1271 ad
1168 1244 1356 1278 decipiendum
1370 1252 1431 1270 eum
1447 1243 1487 1270 uti
1506 1243 1606 1274 voluit,
1624 1243 1649 1270 si
1667 1248 1758 1269 tamen
1774 1243 1813 1269 huc

1024 1291 1136 1325 dignum
1157 1295 1198 1318 est
1224 1290 1313 1317 facere
1337 1289 1434 1322 Deum,
1456 1295 1484 1317 et.
1507 1290 1590 1317 dolos
1617 1289 1812 1324 exquirereiﬁt

1025 1336 1096 1363 sicut
1114 1344 1161 1363 rex
1177 1336 1287 1370 aliquis,
1303 1336 1373 1363 bello
1392 1336 1443 1363 sibi
1461 1336 1548 1369 illato,
1565 1343 1747 1371 nequaquam
1763 1345 1812 1371 pn—

1024 1382 1082 1417 pria
1095 1382 1194 1408 virtute
1211 1383 1341 1413 conlisus,
1363 1381 1410 1409 sed
1431 1382 1637 1409 imbecillitatis
1657 1391 1717 1410 suae
1733 1383 1811 1409 timore

1026 1428 1196 1462 perterritus,
1215 1428 1301 1455 muris
1317 1428 1374 1462 ipse
1393 1428 1469 1455 urbis
1481 1429 1623 1463 inclusus,
1642 1429 1746 1455 vallum
1757 1429 1809 1454 ali:-

1025 1482 1078 1508 que
1100 1474 1269 1500 munimenta
1290 1474 1443 1500 circumdat
1459 1482 1491 1500 ac
1514 1479 1671 1508 prwparat,
1693 1476 1810 1501 inanuiac

1024 1521 1130 1548 viribus
1150 1520 1217 1547 nihil
1242 1520 1342 1552 lidens;
1367 1519 1389 1546 si
1414 1528 1479 1547 vero
1503 1521 1546 1547 vir
1570 1521 1656 1548 tortis
1680 1522 1726 1553 sit,
1745 1522 1809 1547 etiam

1026 1575 1107 1602 porro
1127 1575 1141 1594 a
1159 1567 1215 1594 suis
1232 1567 1331 1594 tinilms
1345 1567 1371 1593 in
1388 1574 1535 1594 occursum
1553 1568 1630 1594 hosti
1649 1567 1809 1602 procedit.ct

1024 1614 1079 1648 agit
1095 1613 1197 1646 omnia,
1219 1621 1361 1648 usquequo
1384 1614 1476 1640 vincat
1497 1619 1524 1640 et
1547 1614 1680 1640 obtineat
1700 1614 1810 1640 advers:-

1024 1667 1105 1686 rium.

1059 1715 1153 1743 XXVI.
1170 1715 1278 1744 Iudices
1292 1717 1416 1744 dixerunt
1431 1725 1440 1743 :
1453 1716 1481 1744 Si
1498 1716 1541 1743 ais
1554 1721 1703 1751 pastorem
1715 1717 1810 1744 boarium

1024 1764 1081 1791 sive
1097 1771 1197 1798 agnum
1214 1763 1286 1790 leoni
1306 1762 1463 1797 proiecisse,
1483 1770 1548 1789 cum
1573 1763 1621 1789 ille
1641 1764 1760 1790 irrueret
1775 1763 1811 1789 ad-

1023 1817 1131 1836 versum
1155 1809 1316 1844 ingenitum,
1333 1813 1426 1835 actum
1454 1813 1507 1835 est.
1524 1808 1616 1841 Quem
1644 1809 1723 1836 enim
1737 1814 1810 1843 potest

1021 1855 1145 1889 judicare
1161 1860 1253 1889 pastor
1265 1854 1408 1882 hosdorum
1429 1859 1512 1888 atque
1523 1863 1679 1890 agnorum,
1693 1863 1754 1882 cum
1766 1856 1810 1888 ipse

1024 1902 1178 1929 inveniatur
1191 1902 1230 1929 eis
1254 1902 1280 1928 in
1303 1901 1412 1932 delicto,
1434 1900 1457 1927 si
1482 1908 1569 1927 causa
1595 1902 1720 1928 traditus
1743 1902 1809 1927 etiam

1024 1955 1109 1982 agnus
1125 1955 1173 1982 per
1184 1947 1369 1974 inﬁrmitatem
1386 1946 1505 1980 pastoris
1520 1946 1654 1973 resistere
1671 1954 1727 1973 non
1741 1946 1811 1972 valuit

1023 1993 1105 2025 leoni,
1117 1994 1324 2026 etfconsequens
1332 1996 1382 2024 est,
1400 1996 1429 2018 ut
1444 1992 1635 2026 quodcunque
1652 1991 1739 2018 fuerit
1753 1991 1809 2019 leoni

1023 2039 1140 2068 libitum.
1155 2043 1248 2073 gerat;
1263 2043 1390 2073 tanquam
1404 2039 1426 2064 si
1449 2038 1581 2065 dominus
1596 2046 1688 2064 unum
1707 2047 1723 2065 e
1738 2038 1809 2065 seni,

1023 2085 1081 2111 suis
1094 2085 1221 2119 ejectum,
1235 2084 1276 2110 vel
1293 2092 1340 2118 per
1354 2088 1456 2110 metum
1475 2083 1568 2110 tradat
1579 2083 1747 2110 adversario
1762 2091 1809 2112 suo.

1024 2141 1104 2167 quem
1122 2140 1219 2159 rursus
1238 2131 1357 2166 recipere
1374 2131 1433 2158 suis
1459 2131 1568 2158 viribus
1587 2138 1647 2158 non
1670 2131 1774 2158 valeat?
1788 2129 1808 2156 Si

1024 2186 1088 2206 vero
1101 2186 1166 2206 casu
1182 2178 1274 2213 aliquo
1284 2178 1513 2213 proveneritcum
1530 2177 1631 2211 recipi,
1645 2185 1704 2212 qua
1717 2177 1806 2204 tandem

987 2230 1007 2258 ι)
1024 2225 1129 2251 ratione
1146 2228 1282 2251 tormenta
1302 2224 1326 2250 ei
1347 2223 1447 2258 poterit
1469 2223 1609 2258 irrogare,
1632 2224 1657 2250 si
1681 2223 1717 2250 ad
1733 2222 1805 2250 omni:

1021 2279 1081 2305 quae
1091 2271 1116 2297 ei
1128 2270 1277 2304 imperabat
1290 2269 1428 2300 inimicus,
1441 2269 1568 2303 parebat,
1582 2277 1651 2296 cum
1661 2277 1727 2296 cum
1736 2269 1804 2303 ipsum

1021 2317 1077 2352 (‘20)
1094 2316 1236 2343 tradiderit
1258 2316 1381 2344 inimico.
1404 2315 1476 2342 sicut
1498 2315 1574 2341 Iconi
1600 2315 1739 2342 haedum?
1753 2321 1804 2348 pra-

1019 2366 1178 2388 uosceutem
1196 2362 1268 2388 enim
1282 2361 1384 2388 asset-is
1399 2368 1462 2388 esse
1476 2365 1636 2395 pastorem.
1656 2360 1803 2388 Verberatus

1020 2408 1092 2434 enim
1116 2416 1212 2443 agnus,
1228 2413 1256 2436 et
1277 2407 1455 2442 interroganti
1471 2415 1501 2434 se.
1525 2408 1647 2442 pastori,
1668 2416 1720 2435 cur
1735 2408 1759 2434 iu
1772 2406 1802 2433 his

1055 2543 1110 2576 (ΓΙ)
1130 2542 1178 2569 Hic
1191 2542 1293 2578 aliquid
1309 2542 1404 2578 deesse
1421 2541 1541 2578 videtur.
1560 2542 1665 2570 Forte:
1685 2553 1695 2569 ι
1712 2542 1800 2578 quando

1018 2579 1091 2605 enim
1106 2583 1198 2612 pastor
1214 2578 1264 2604 hoc
1282 2577 1364 2603 fecit?
1382 2576 1479 2603 Nonne
1496 2577 1595 2609 David,
1615 2590 1625 2603 ι
1648 2584 1703 2606 etc.

1053 2613 1108 2647 (18)
1127 2614 1164 2640 ita
1185 2613 1283 2647 corrigi
1302 2612 1401 2639 debere
1414 2612 1524 2638 videtur
1537 2613 1625 2640 lectio
1643 2614 1745 2641 codicis
1761 2613 1798 2640 Ca-

1017 2649 1147 2679 sinensis,
1172 2648 1217 2682 qui
1241 2648 1331 2680 habet,
1349 2656 1359 2672 ι
1380 2647 1402 2674 si
1427 2652 1455 2674 et
1478 2655 1564 2682 pura;
1590 2650 1649 2676 nisi
1677 2650 1797 2676 malueris.

1019 2693 1028 2708 ι
1046 2684 1067 2710 si
1083 2689 1124 2710 est
1141 2691 1218 2718 pura.
1235 2692 1243 2708 ι

1054 2719 1109 2753 (l9)
1128 2719 1216 2745 Loeus
1238 2719 1288 2745 iste
1303 2718 1411 2744 videtur
1434 2719 1600 2751 mendosus,
1621 2728 1673 2747 nec
1687 2719 1747 2754 quid
1758 2718 1795 2744 sibi

1017 2755 1081 2781 velit
1106 2754 1256 2781 Archelaus
1283 2755 1355 2790 clare
1385 2754 1572 2790 intelligitur,
1600 2756 1656 2782 nisi
1682 2756 1794 2790 legamus.

1020 2799 1028 2814 ι
1047 2790 1097 2815 Sed
1113 2790 1194 2816 alium
1211 2790 1245 2815 ab
1256 2790 1309 2816 alio
1321 2789 1400 2824 longe
1414 2788 1526 2816 diﬂ'crre
1541 2791 1566 2817 si
1581 2788 1721 2824 dicamus;
1736 2791 1795 2825 ignv-

1017 2825 1131 2852 t‘autiam
1146 2825 1247 2858 pastori
1265 2824 1441 2851 ascribiulus.
1462 2834 1471 2849 ι

1054 2860 1109 2895 (20)
1126 2860 1205 2887 Forte
1224 2860 1378 2895 legendum,
1401 2869 1410 2886 ι
1429 2867 1494 2887 eum
1513 2860 1583 2894 ipse.
1601 2871 1611 2888 ι
