1848 3043
41 138 106 166 “69

602 137 675 166 CUM
696 136 837 164 ΜΑΝΕΤΕ
857 136 1125 168 ΗΑΞΒΕδΙΑΒΟΗΔ.

1595 140 1666 169 M70

41 199 106 227 leoni
122 199 254 234 paruerit,
271 199 438 234 respondet:
457 197 498 225 'l‘u
521 206 565 226 me
589 199 661 226 leoni
681 198 825 230 tradidisti,
841 201 865 229 Α
880 197 966 231 Quem
991 206 1054 225 cum
1078 198 1211 226 vidissent
1237 199 1375 230 custodes,
1402 199 1552 233 poscebant
1574 199 1608 227 ab
1630 208 1664 228 eo

40 251 87 272 nec
101 243 222 271 restitisti
234 243 364 271 adversus
379 251 453 275 eum,
465 243 555 271 sciens
566 247 592 270 et
602 244 754 278 pra-videns
764 250 825 277 qua:

40 289 104 317 mihi
126 289 243 323 gerenda
264 287 364 321 forent,
386 296 447 315 cum
472 288 532 323 ejus
556 297 599 315 ttte
625 296 736 316 necesse
753 293 826 315 esset

40 335 224 370 obtemperare
237 335 388 370 praeceptis.
400 334 473 362 Etne
489 335 573 362 multa
586 335 719 367 dicamus,
737 342 825 369 neque

43 381 110 409 Deus
124 382 260 417 perfectus
278 386 372 417 pastor
386 383 548 414 ostenditur,
562 390 651 417 neque
668 383 708 409 leo
723 382 825 408 alienos

42 429 114 456 cibos
128 429 287 464 percepisse
305 430 508 456 demonstratur
523 438 528 455 :
546 434 572 456 et
595 429 656 456 ideo
676 429 734 463 ipsa
754 428 825 455 veri-

41 480 91 501 tate
114 475 245 502 cdocente
264 475 372 507 claruit,
392 475 434 502 his
455 483 515 509 qua:
541 475 575 502 ab
595 475 730 502 Archelao
753 475 825 501 dicta

41 526 109 552 sunt.
120 522 237 556 palmam
254 529 303 549 nos
319 521 418 549 debere
428 521 562 548 conferre.
581 521 724 548 Archelaus
735 521 802 547 dixit
815 529 824 547 :

41 567 168 601 Quoniam
192 568 301 602 quidem
320 568 353 595 de
374 569 502 595 ontnibtts
517 568 550 594 de
565 568 666 602 quibus
689 568 824 602 discepta-

41 615 135 645 vimns,
159 614 303 649 prudentia
319 614 442 648 jndicutu
468 614 656 648 plenissimum
677 614 824 640 terminum

41 658 140 692 posuit,
166 658 310 685 tacendum
341 663 384 685 est
409 659 442 685 de
464 659 586 693 reliquis,
611 663 637 685 et
659 659 685 686 in
716 665 823 693 tempus

42 704 107 732 aliud
120 705 326 732 reservandum.
340 704 417 732 Sicttt
428 706 499 732 enitn
513 705 534 732 si
549 705 603 740 (21)
616 705 677 740 quis
687 705 820 739 serpentis

41 754 157 778 conterat
173 755 264 785 capttt,
284 751 311 777 in
327 751 431 778 ttulluttt
443 751 498 786 jam
515 751 619 786 reliqua
630 751 754 785 corporis
765 752 825 786 ejus

41 798 158 824 membra
181 798 337 832 deptttanda
362 802 439 830 sunt;
464 798 500 825 ita
519 798 659 825 dualitatis
675 799 825 832 quaestione

41 841 148 875 rejecta,
166 841 237 868 sic'ut
252 850 301 877 pro
322 843 429 870 viribus
448 843 629 874 ostendimus,
648 843 752 878 reliqua
764 852 825 878 qua:

42 894 86 922 per
109 887 178 914 hanc
199 888 404 920 assere-bantur,
423 896 486 915 cum
511 888 568 922 ipsa
591 889 692 923 pariter
713 889 824 924 explosa

43 937 111 960 sunt.
129 932 180 960 Sed
201 934 227 960 in
248 933 348 967 ipsutn,
370 932 418 967 qui
437 933 524 966 adest,
544 938 708 961 assertorem
726 934 823 961 horum

42 980 130 1014 paucis
145 980 245 1011 dicam,
261 984 292 1006 ut
305 978 434 1006 omnibus
447 979 600 1007 innotescat
612 979 684 1014 quis,
699 984 726 1006 et
741 979 823 1012 unde,

42 1030 65 1051 et
83 1025 169 1059 qualis
189 1029 247 1057 est;
265 1025 371 1052 dixerat
401 1026 473 1052 enim
499 1033 528 1052 se
557 1033 618 1053 esse
654 1025 824 1054 Paracletutu

43 1071 123 1103 illum,
141 1078 221 1105 quem
235 1069 317 1098 Iesus
333 1071 509 1105 proficiscens
524 1070 643 1097 humano
655 1072 748 1106 generi
763 1073 827 1099 mis-

43 1122 131 1141 surum
149 1122 178 1142 se
194 1123 256 1142 esse
273 1116 437 1150 promiserat
454 1116 486 1142 ad
501 1116 616 1142 salutent
629 1116 747 1143 lideliutn
762 1117 823 1143 ani-

43 1167 153 1193 tttarum,
178 1166 204 1188 et
229 1169 282 1188 non
309 1162 389 1196 longe
414 1162 501 1196 possit
529 1162 552 1188 ei
574 1162 677 1189 Paulus
701 1163 756 1197 (22)
776 1171 826 1190 vas

42 1206 190 1240 electionis,
206 1212 234 1234 et
249 1212 362 1235 vocatus
379 1208 532 1243 apostolus,
551 1208 623 1235 unde
636 1213 662 1235 et
674 1209 825 1242 praedicans

42 1259 127 1279 veram
146 1253 299 1280 doetrinant
318 1253 409 1279 aiebat
429 1253 486 1287 (25)
502 1262 509 1279 :
527 1262 536 1278 ι
556 1253 611 1279 Aut
632 1253 824 1280 documentum

41 1297 224 1333 (“limum-itis
245 1299 315 1333 ejus,
326 1299 371 1333 qui
393 1299 419 1325 in
437 1307 479 1325 tne
491 1299 788 1333 loquiturCliristus”?
814 1308 823 1325 ι

44 1343 73 1370 Ει
86 1345 191 1378 quidem
207 1345 280 1379 quod
303 1346 364 1372 dico
381 1346 425 1372 tali
437 1345 622 1380 exetnplo,sed
642 1345 698 1379 (‘23)
709 1346 819 1373 clarius.

44 1389 125 1418 llumo
139 1392 251 1426 quidam
274 1392 408 1419 conelttsit
424 1392 450 1418 itt
469 1392 597 1418 thesauro
618 1391 746 1419 frumenti
767 1393 826 1427 p|u~

44 1438 149 1470 rittmtn,
171 1439 207 1465 ita
229 1442 258 1465 ut
278 1438 394 1466 refertus
414 1442 486 1465 esset
509 1438 601 1470 locus;
628 1446 709 1472 quem
735 1439 825 1466 locum

43 1484 159 1511 clausum
184 1489 266 1519 atque
298 1485 433 1519 signatum
472 1484 669 1512 sufﬁcientibus
698 1485 826 1519 signacu-

44 1529 74 1556 lis
86 1530 150 1564 (:36),
165 1530 296 1558 custodiri
312 1531 439 1565 prteeepit
454 1540 460 1557 :
476 1531 533 1565 ipse
547 1531 673 1558 dotninus
690 1539 755 1558 vero
766 1541 825 1559 ces—
837 1550 860 1581 α

43 1576 75 1603 sit
87 1577 156 1611 (‘27);
174 1578 245 1604 alius
265 1581 355 1604 autettt
369 1577 480 1612 quidam
492 1582 553 1612 post
567 1578 680 1604 multum
696 1579 824 1613 temporis

43 1621 145 1650 advertit
162 1623 195 1650 ad
216 1623 387 1654 thesaurum.
409 1623 503 1650 dicens
520 1631 548 1650 se
567 1623 601 1650 ab
617 1631 651 1650 eo
667 1624 712 1659 qui
732 1624 824 1660 signa-

44 1667 108 1694 culis
125 1669 214 1695 loettm
240 1669 423 1698 concluscrat.
440 1668 554 1696 missum
570 1669 603 1695 ad
619 1669 681 1701 hoc,
699 1673 728 1696 ut
743 1670 823 1697 etiam

44 1713 97 1748 ipse
117 1714 142 1741 in
157 1715 283 1742 eumdem
310 1716 469 1742 thesaurum
492 1715 612 1742 triticum
637 1722 823 1752 congregaret.

77 1780 128 1808 ³⁸11
142 1781 204 1808 Cor.
228 1790 288 1814 χιιι,
309 1782 336 1809 5.

77 1839 131 1873 (‘21)
151 1839 179 1866 la
196 1840 291 1867 codice
314 1839 457 1868 Casinensi
477 1840 566 1867 deﬁcit
581 1849 590 1865 t
611 1842 653 1871 si,
675 1836 725 1868 »ἐι
745 1843 825 1876 paulo

45 1880 111 1907 post,
128 1884 137 1900 ι
159 1876 311 1909 qua-stione
330 1876 439 1906 relecta,
457 1885 466 1900 ι
485 1875 576 1902 habet.
604 1875 656 1903 Sed
672 1875 824 1904 necessaria

44 1910 97 1936 visa
113 1915 152 1936 est
169 1911 315 1945 utrobique
324 1911 458 1937 correctio
475 1915 577 1938 nostra.

78 1945 131 1980 (22)
148 1945 195 1972 Vel
213 1945 258 1972 hic
275 1946 404 1972 nonnulla
418 1945 526 1977 desunt,
541 1946 580 1972 vel
598 1945 714 1973 fortasse
732 1946 824 1981 legen-

45 1979 115 2012 dum,
134 1990 143 2006 ι
166 1985 196 2007 ttt
213 1988 267 2007 non
284 1981 362 2015 longe
382 1985 442 2015 post
459 1982 494 2007 sit
507 1981 529 2007 ei
553 1981 672 2013 Paullus;
690 1991 699 2006 ι
717 1979 824 2016 nempe,

46 2015 145 2051 utripso
161 2023 258 2050 parum
285 2016 397 2042 inferior
412 2017 447 2042 sit
461 2016 562 2043 Paultts
575 2017 724 2050 apestolus,
743 2015 825 2051 quem

44 2057 59 2086 ιι
77 2050 128 2077 Deo
142 2057 205 2078 ante
223 2059 253 2077 se
272 2051 304 2077 ad
320 2051 431 2086 humani
445 2052 559 2086 Igeneris
577 2052 691 2078 salutem
708 2050 824 2079 missum

45 2084 125 2121 fuisse
146 2086 184 2113 ait
209 2094 292 2120 supra
317 2085 419 2115 Manes.
439 2084 476 2113 ita
503 2091 591 2113 tamen
618 2093 645 2112 ttt
665 2087 727 2119 sibi,
752 2088 824 2121 quod

45 2120 189 2182 pet-fetitum
216 2126 294 2154 etat,
324 2126 493 2148 reservatum
525 2122 615 2148 fuerit.
646 2121 713 2148 Vide
742 2120 824 2156 supra

45 2162 102 2182 can.
136 2165 161 2182 ο.

45 2162 102 2183 cati.
120 2157 161 2183 15.

85 2165 102 2182 ι.
120 2164 130 2182 ι
155 2177 161 2183 .

77 2164 179 2228 (“llifln
195 2200 217 2219 c1.
230 2191 289 2218 dice
306 2190 449 2228 Casinensﬁi
464 2197 504 2218 est
519 2201 527 2216 ι
543 2192 638 2228 agebat
648 2212 661 2228 ,_
673 2201 682 2217 ι
701 2192 822 2226 librarii,

47 2230 73 2251 ιιι
87 2226 213 2258 arbitror,
225 2234 336 2260 errore;
350 2227 390 2254 sic
400 2227 470 2253 infra
483 2235 541 2261 cap.
559 2226 609 2254 *29:
623 2237 631 2252 t
649 2226 729 2254 Jesus
737 2231 772 2255 ad
784 2229 825 2255 di-

45 2260 160 2294 Scipulos
176 2263 282 2296 agebat.
301 2270 312 2287 ι

79 2296 133 2329 (24)
160 2296 274 2332 Vulgata
300 2297 381 2332 legit,
404 2306 413 2323 t
439 2305 473 2323 an
503 2297 736 2332 experimentum;
762 2308 770 2324 ι
798 2299 826 2326 itt

45 2329 134 2357 Cra-cii
152 2329 241 2359 ιιιιηιῆι
259 2329 338 2359 texui
349 2337 401 2363 est,
421 2332 491 2359 ἐπεί.

79 2366 133 2399 (2-3)
149 2366 227 2394 Forte
248 2377 256 2392 ι
274 2368 319 2398 lit,
336 2377 345 2393 ι
361 2368 401 2394 vel
418 2377 426 2392 ι
442 2368 488 2397 sit,
508 2377 516 2392 ι
537 2372 582 2394 aut
601 2368 693 2401 etiam,
719 2378 728 2394 ι
745 2375 795 2396 est.
814 2379 824 2396 ι

79 2403 133 2434 (ῐὶϋ)
148 2402 236 2436 Supra
260 2403 381 2429 thesauri
399 2403 458 2430 solo
481 2403 569 2436 sigillo
593 2404 727 2438 obsignati
751 2413 827 2431 tuen-

47 2435 145 2473 tionem
164 2435 231 2464 facit
254 2438 405 2464 Archelaus
423 2446 429 2463 :
449 2442 477 2464 at
492 2438 535 2464 llic
556 2438 644 2473 sigillo
655 2435 755 2466 'elaves
779 2440 827 2466 ad-

43 2470 146 2509 jnngit,
169 2480 224 2507 quo
251 2480 330 2507 pacto
355 2473 479 2509 cbariora
505 2470 619 2507 qtneqine
646 2475 680 2500 ab
707 2475 827 2509 antiquis

46 2507 174 2534 cu~todiri
201 2508 395 2544 consuevisse,
417 2508 494 2535 testis
518 2507 780 2544 est.Aristophanes
799 2510 826 2536 itt

45 2543 187 2579 cottttudia,
201 2543 244 2569 cui
257 2543 362 2574 titulus,
372 2542 745 2579 Θεσμρρφιιὶζὶπιισίιιξ(ηις.
764 2545 826 2577 787,

47 2577 113 2609 apud
131 2586 210 2612 quem
227 2579 326 2605 mulier
341 2577 464 2612 qtttedam
485 2580 661 2613 conqueritur
685 2577 825 2614 gynaeceu-

46 2619 103 2638 rttm
130 2613 201 2640 fotcs
217 2614 313 2648 sigillis
335 2619 362 2639 et
385 2614 500 2647 pessulis
514 2621 528 2640 a
548 2615 653 2640 maritis
675 2613 826 2646 obtirtttari,

45 2654 123 2680 quem
140 2656 242 2675 tnoretn
267 2649 360 2675 irridet
377 2648 522 2676 Menander
535 2649 605 2683 apud
624 2649 773 2677 Stobazum.

79 2682 132 2717 (:27)
147 2683 224 2710 Forte
239 2685 381 2714 «recessit,
399 2693 407 2709 ι
424 2684 464 2710 vel
477 2693 485 2708 ι
503 2682 637 2711 discessit.
658 2695 667 2711 ι

80 2718 134 2752 (28)
149 2719 264 2746 Attmtlis
281 2727 330 2753 pro
351 2724 464 2750 tessera,
481 2728 527 2745 seti
544 2720 622 2754 signo
638 2721 664 2747 iit
684 2721 828 2754 repetendo

46 2751 176 2786 deposito,
193 2758 220 2781 et
238 2751 340 2789 majore
356 2755 458 2780 nuntiis
472 2755 523 2780 fide
539 2751 827 2782 coiiciliunda'vetercs

48 2795 110 2814 Usos
126 2789 220 2825 fuisse,
238 2798 270 2816 ex
283 2788 391 2825 Plauto
407 2795 434 2816 et
453 2790 564 2823 Apuleio
584 2791 715 2818 discimus
729 2800 735 2823 ;
760 2799 828 2825 quo-

49 2829 106 2859 tum
129 2824 234 2858 primus
253 2825 280 2851 itt
304 2824 447 2858 Bacchide,
463 2830 515 2852 act.
534 2824 566 2859 ll,
598 2833 734 2859 scenam,
756 2824 826 2854 \ers.

47 2856 89 2889 95,
105 2856 139 2886 ita
151 2860 247 2888 scribit
259 2868 267 2887 :

877 244 1008 278 signaculi
1023 244 1102 272 fidem
1119 244 1187 280 (‘28),
1200 252 1254 279 quo
1269 245 1376 279 possint
1386 244 1546 272 eividelicet
1558 246 1665 280 aperire

877 290 1047 322 thesaurum,
1064 294 1091 316 et
1104 297 1198 325 parere
1212 290 1247 322 ei,
1262 293 1391 324 tanquam
1404 289 1502 321 abillo,
1515 290 1560 324 qui
1576 291 1666 326 signa-

876 340 963 368 verat,
982 336 1084 369 misso;
1099 336 1145 370 qui
1161 343 1223 362 cum
1246 335 1302 370 (29)
1317 343 1367 363 nec
1386 336 1477 363 claves
1498 337 1663 370 ostenderet,

877 391 967 417 neque
997 383 1199 417 signaculorum
1231 382 1311 409 fidem
1329 381 1447 409 deferret
1470 383 1569 417 (neque
1589 383 1662 410 enim

877 426 999 452 habebat
1011 426 1078 460 jus),
1092 434 1106 452 a
1120 425 1280 453 custodibus
1295 426 1398 461 ejectus
1414 431 1465 457 est,
1486 431 1513 454 et
1534 426 1662 461 fugatus;

876 472 920 498 fur
932 472 1004 498 enim
1018 472 1107 506 potius
1120 477 1146 498 et
1165 472 1232 499 latro
1248 472 1282 499 ab
1300 473 1340 499 cis
1359 481 1418 500 esse
1441 473 1662 507 deprehenditur,

876 519 1019 545 convictus
1038 523 1064 544 et
1084 518 1247 552 confugatus
1272 517 1328 553 (50)
1349 519 1430 545 etiatn
1453 527 1486 545 ex
1506 519 1567 549 hoc,
1589 519 1662 554 qttod

877 570 938 600 post
961 565 1076 592 multum
1104 570 1226 599 tempus,
1253 573 1334 600 quain
1365 566 1530 600 promissum
1557 566 1661 599 fuerat,

877 611 973 638 adesse
989 611 1135 644 desideret,
1151 619 1239 646 neque
1255 612 1344 639 claves
1361 620 1448 646 neque
1461 612 1599 647 signacula
1616 621 1664 638 nc-

876 665 929 691 qne
948 657 1032 683 ullum
1060 658 1173 685 omnino
1188 659 1349 685 custodibus
1371 658 1500 685 indiciunt
1525 658 1662 690 deferens,

877 710 931 728 non
957 703 1137 736 quantitatem
1163 703 1292 730 frumenti
1320 703 1452 730 reconditi
1477 703 1581 735 sciens;
1602 711 1663 738 qua:

876 749 967 775 omnia
983 749 1127 776 manifesta
1148 749 1247 776 indicia
1265 754 1338 782 sunt,
1354 756 1524 784 nequaquam
1544 756 1607 776 euttt
1629 750 1663 777 al.

877 793 922 820 illo
938 801 999 820 esse
1014 794 1218 826 transmissum,
1231 799 1257 821 et
1271 793 1342 826 ideo,
1358 799 1387 821 ut
1398 798 1595 829 consequenter
1606 794 1663 831 (5|)

877 843 944 870 erat,
961 847 975 866 ει
995 839 1154 867 custodibus
1176 846 1330 868 reservatus
1343 845 1394 868 est.

841 880 862 909 Β
910 884 1018 912 XXVII.
1034 886 1113 912 Aliud
1134 887 1227 917 etiam.
1251 887 1274 914 si
1296 887 1413 920 videtur,
1435 887 1551 914 dicimus
1570 894 1664 914 exem-

876 932 961 966 plum.
979 930 1066 958 Homo
1080 932 1190 966 quidam
1206 933 1400 967 paterfamilias
1416 934 1491 961 dives
1504 933 1664 968 plurimum,

876 977 909 1003 ad
931 982 1037 1011 tempus
1056 985 1167 1012 peregre
1190 978 1347 1011 abfuturus,
1370 980 1433 1007 ﬁliis
1451 981 1509 1008 suis
1524 981 1663 1015 pollicitus

875 1027 928 1056 est,
950 1024 1098 1050 missurum
1118 1031 1147 1050 se
1161 1031 1222 1051 esse
1241 1025 1369 1059 aliquem,
1394 1027 1442 1061 qui
1461 1034 1510 1061 pro
1525 1035 1554 1053 se
1571 1026 1665 1054 distti-

875 1069 970 1096 buerct
993 1069 1033 1096 eis
1055 1077 1088 1096 ex
1113 1077 1192 1104 aequo
1214 1071 1405 1098 substantiam.
1430 1071 1464 1098 Et
1478 1072 1585 1106 quidem
1608 1080 1664 1100 non

876 1116 962 1144 multo
988 1122 1051 1152 post
1065 1118 1141 1145 misit
1164 1123 1251 1145 ttttutn
1276 1118 1365 1144 virum
1384 1119 1540 1152 quemdam,
1557 1118 1662 1153 justum

876 1167 903 1189 et
915 1170 1008 1189 verum
1021 1171 1028 1195 ;
1040 1164 1086 1197 qui
1103 1172 1164 1190 cutn
1179 1163 1310 1195 venisset,
1325 1168 1450 1198 suscepta
1462 1163 1588 1190 universa
1602 1164 1664 1191 sub-

877 1208 987 1240 stantia,
1008 1209 1098 1243 prittto
1123 1209 1246 1236 omnium
1270 1209 1405 1236 instruere
1431 1217 1490 1236 eam
1515 1217 1548 1236 ac
1569 1217 1662 1244 regere

877 1256 991 1288 studuit,
1014 1255 1141 1282 laborans
1164 1255 1311 1290 pluritnum
1339 1256 1366 1282 in
1389 1255 1544 1287 itineribus,
1565 1257 1664 1284 sedens

878 1302 935 1336 ipse
949 1309 997 1335 per
1011 1309 1040 1328 se
1062 1302 1117 1336 (5‘2)
1133 1302 1190 1328 suis
1207 1302 1333 1329 manibus
1346 1310 1415 1336 opus
1432 1301 1546 1334 faciens,
1563 1306 1590 1328 et
1610 1302 1663 1329 mi-

876 1347 1015 1379 ttistrans;
1029 1348 1128 1374 deinde
1146 1348 1295 1375 moriturus
1310 1348 1366 1383 (33)
1386 1352 1578 1374 testamentum
1593 1348 1664 1375 scri-

878 1392 926 1423 bit,
943 1393 1104 1428 propinquis
1126 1394 1183 1420 suis
1200 1399 1226 1420 et
1249 1394 1380 1428 proximis
1397 1394 1526 1421 omnibus
1546 1394 1663 1421 Incredi-

877 1443 958 1466 tatcm
973 1440 1174 1473 derelinquens,
1196 1443 1222 1467 et
1247 1440 1387 1475 signacula
1413 1439 1486 1467 dedit
1503 1441 1552 1472 eis,
1573 1445 1600 1467 et
1614 1448 1664 1467 no~

877 1487 999 1513 niinatitn
1017 1487 1137 1520 singulos
1154 1495 1320 1519 convocans,
1345 1488 1470 1522 praecepit
1493 1488 1532 1515 eis
1552 1495 1662 1515 scrvare

878 1533 1059 1559 hasreditatetn
1084 1537 1110 1559 et
1129 1533 1266 1560 custodire
1291 1541 1323 1560 ac
1349 1542 1443 1568 regere
1465 1534 1658 1567 substantiam,

876 1579 947 1605 sicut
973 1583 1158 1612 susceperant,
1182 1583 1208 1605 et
1233 1578 1335 1613 perfrui
1360 1578 1438 1606 bonis
1464 1584 1490 1606 et
1514 1579 1661 1614 fructibus,

876 1624 926 1658 ipsi
944 1624 1047 1651 domini
1071 1625 1246 1660 hmredcsque
1266 1625 1399 1653 derclicti.
1420 1626 1448 1652 Si
1472 1625 1519 1660 qui
1537 1634 1601 1653 vero
1622 1633 1657 1654 ex

875 1670 932 1704 agri
948 1670 1028 1704 hujus
1046 1669 1179 1697 fructibus
1196 1671 1335 1704 percipere
1352 1675 1470 1705 rogaret,
1491 1671 1662 1706 indulgenter

875 1716 1041 1750 praeberent:
1064 1716 1107 1742 sin
1129 1720 1219 1743 autetn
1243 1717 1412 1744 colla-redem
1436 1724 1466 1744 se
1489 1717 1594 1749 dicens,
1613 1724 1662 1743 ex-

985 1840 1084 1866 Cttnvs.
1114 1839 1230 1866 Anulum
1247 1840 1320 1874 gnati
1338 1840 1378 1867 tui

912 1875 1018 1907 Facito,
1045 1880 1074 1901 ut
1103 1873 1253 1901 memineris
1272 1875 1349 1910 ferre.
1377 1873 1436 1902 Ntc.
1456 1873 1528 1945 Quit;
1544 1878 1662 1936 οριίσξει

1526 1918 1577 1936 anu
1591 1917 1621 1936 ο.

1526 1917 1605 1936 anulo
1614 1917 1621 1936 2

911 1946 1010 1973 Cttnts.
1032 1944 1102 1978 Quia
1122 1945 1149 1972 id
1174 1945 1276 1979 signum
1298 1950 1336 1972 est
1365 1944 1523 1976 Tlteatimo,’
1537 1946 1581 1979 qui
1603 1952 1664 1972 cum

1459 1979 1512 2016 [illi
1525 1980 1628 2015 afferet,

981 2017 1015 2043 Ei
1026 2023 1122 2042 aurum
1138 2021 1164 2042 ut
1181 2016 1364 2043 reddatur.....

875 2052 946 2078 Alter
963 2059 1025 2078 vero
1042 2051 1067 2078 itt
1087 2051 1133 2077 lib.
1151 2059 1167 2078 ιι
1184 2052 1219 2078 De
1235 2052 1309 2078 asino
1322 2058 1405 2077 aureo
1421 2049 1472 2076 ltoc
1487 2050 1562 2076 iram
1571 2049 1664 2083 cujus-

875 2087 937 2113 dam
948 2087 1070 2114 mulieris
1084 2086 1191 2113 facinus
1207 2087 1297 2113 refert.
1315 2095 1323 2111 ι
1342 2085 1450 2112 Annulo
1468 2085 1557 2111 ntariti
1570 2092 1663 2111 surre-

876 2127 933 2157 pto,
951 2131 997 2149 rus
1020 2121 1151 2156 profecta,
1173 2122 1252 2148 mittit
1272 2121 1416 2156 quemdam
1437 2120 1589 2157 servulum,
1611 2120 1663 2146 sibi

876 2155 985 2191 quidem
1003 2155 1120 2188 fidelem,
1131 2158 1178 2183 sed
1191 2157 1223 2183 de
1239 2158 1294 2190 ipsa
1310 2157 1360 2183 fide
1374 2155 1490 2190 pessitne
1505 2160 1663 2191 merentem,

877 2190 922 2227 qui
946 2193 1040 2227 puella:
1063 2193 1209 2224 nuntiaret,
1230 2192 1301 2226 quod
1323 2190 1513 2227 eamjuvenis
1526 2190 1664 2227 profectus

879 2225 910 2254 ad
925 2225 1045 2254 villulam
1069 2232 1178 2254 voearet
1198 2227 1230 2254 ad
1240 2225 1290 2255 ise:
1313 2227 1416 2257 addito,
1432 2231 1461 2251 ut
1476 2225 1543 2254 sola.
1558 2230 1584 2251 et
1606 2225 1665 2252 sine

879 2263 934 2290 ullo
955 2263 1054 2290 comite
1075 2270 1157 2296 quant
1185 2263 1371 2289 maturissime
1399 2261 1559 2295 perveniret.
1578 2259 1609 2286 Et.
1631 2267 1665 2286 ne

878 2306 931 2333 qtta
955 2299 1024 2325 forte
1039 2302 1197 2324 nasceretur
1214 2297 1337 2324 veniendi
1353 2296 1500 2333 cunctatio,
1514 2296 1599 2333 tradit
1613 2303 1664 2333 an-

878 2330 972 2360 tiulum
993 2333 1091 2360 tttarito
1111 2333 1298 2364 subtractum,
1313 2332 1358 2366 qui
1382 2335 1566 2366 monstratus,
1585 2330 1664 2356 fidem

878 2369 968 2396 verbis
988 2369 1192 2405 astipularetur.
1208 2369 1241 2394 At
1262 2367 1305 2405 illa
1322 2365 1451 2405 mandato
1470 2365 1562 2392 fratris
1586 2366 1666 2405 obse-

878 2411 964 2438 quens
977 2402 1123 2434 (Ιιυιίυιιίιιι
1139 2411 1235 2429 nomen
1248 2403 1305 2430 sola
1320 2402 1432 2429 sciebat)
1445 2405 1568 2435 respecto
1582 2402 1665 2427 etiam

879 2437 956 2474 signo
970 2448 1028 2473 ejus
1039 2439 1111 2473 quod
1127 2438 1300 2474 olle-rebatur,
1310 2437 1443 2472 gnaviter,
1461 2441 1490 2463 ut
1501 2440 1664 2470 praeceptum

879 2473 976 2505 fuerat,
995 2475 1150 2501 incomitata
1165 2473 1283 2504 festinat,
1300 2483 1309 2498 ι
1325 2478 1377 2499 etc.

914 2510 970 2544 (‘29)
999 2509 1026 2535 In
1055 2509 1208 2540 Casini-nsi,
1233 2519 1241 2534 ι
1267 2509 1433 2543 quicunque.
1459 2516 1470 2544 ι
1495 2505 1547 2532 Sed
1567 2513 1665 2534 Sensus

879 2542 1017 2580 pofstulare
1031 2546 1147 2576 videtur,
1163 2550 1191 2570 ut
1205 2554 1213 2569 ι
1232 2542 1352 2578 quicum
1369 2551 1420 2570 nec
1434 2551 1443 2568 ι
1459 2542 1574 2576 legatur.

915 2581 970 2615 (50)
984 2580 1072 2611 Forte,
1091 2589 1099 2603 ι
1116 2580 1281 2606 confutatus.
1300 2589 1309 2604 ›

916 2612 972 2649 (5i)
988 2615 1016 2641 In
1031 2616 1123 2642 codice
1138 2615 1282 2642 Casiatensi
1298 2614 1407 2650 legitur,
1424 2623 1433 2638 ι
1453 2617 1480 2640 et
1496 2612 1556 2639 ideo
1569 2619 1664 2639 conse—

879 2656 1003 2685 quenter.
1021 2660 1029 2675 ι

916 2686 972 2722 (ξιξ)
985 2685 1066 2722 _l"orte
1081 2694 1089 2709 σ
1108 2685 1154 2722 sed
1168 2690 1192 2712 et
1205 2685 1379 2722 ipseipcrrsc.
1395 2694 1407 2722 ρ
1437 2719 1453 2722 η
1551 2716 1557 2722 '

916 2721 970 2753 (55)
984 2720 1011 2746 In
1026 2721 1117 2747 codice
1131 2721 1283 2753 Casinensi,
1301 2730 1309 2745 ι
1323 2720 1418 2746 deinde
1429 2719 1472 2745 die
1489 2719 1664 2749 moriturus.)

881 2764 929 2782 nos
944 2756 1091 2782 secundum
1108 2764 1210 2788 \oeem,
1227 2764 1260 2782 ex
1281 2755 1455 2789 prmeedcntis
1468 2754 1541 2780 verbi
1562 2758 1668 2788 postreh

881 2800 930 2817 intr.
944 2791 1052 2826 syllaba!
1069 2791 1227 2825 repetitione
1242 2791 1474 2825 velutijuscrtam,
1495 2789 1667 2816 sustulimus.

882 2825 928 2853 Vel
945 2825 1060 2853 fortasse,
1076 2826 1228 2860 legendum,
1247 2834 1256 2849 σ
1271 2826 1368 2853 deinde
1382 2826 1434 2858 die,
1450 2833 1503 2860 qua
1519 2826 1669 2851 moriturus

881 2867 937 2889 erat
962 2866 1162 2889 testamentum.
1180 2871 1189 2886 ι
