  <div class='ocr_page' id='page_1' title='image "/cluster/home/n/w/nwhite01/storage/ocr_20150623/10/njp.32101077772406/809.png"; bbox 0 0 1848 3043; ppageno 0'>
   <div class='ocr_carea' id='block_1_1' title="bbox 180 122 247 150">
    <p class='ocr_par' dir='ltr' id='par_1_1' title="bbox 180 122 247 150">
     <span class='ocr_line' id='line_1_1' title="bbox 180 122 247 150; baseline -0.03 0"><span class='ocrx_word' id='word_1_1' title='bbox 180 122 247 150; x_wconf 71' lang='grc'><strong>1171</strong></span> 
     </span>
    </p>
   </div>
   <div class='ocr_carea' id='block_1_2' title="bbox 681 117 1314 148">
    <p class='ocr_par' dir='ltr' id='par_1_2' title="bbox 681 117 1314 148">
     <span class='ocr_line' id='line_1_2' title="bbox 681 117 1314 148; baseline 0.003 -2"><span class='ocrx_word' id='word_1_2' title='bbox 681 119 774 147; x_wconf 79' lang='lat' dir='ltr'><strong>ACTA</strong></span> <span class='ocrx_word' id='word_1_3' title='bbox 796 117 1062 146; x_wconf 70' lang='lat' dir='ltr'><strong>DlSPUTATlONlS</strong></span> <span class='ocrx_word' id='word_1_4' title='bbox 1096 118 1124 145; x_wconf 83' lang='lat' dir='ltr'><strong>S.</strong></span> <span class='ocrx_word' id='word_1_5' title='bbox 1144 118 1314 148; x_wconf 74' lang='lat' dir='ltr'><strong>ARCIIELAI</strong></span> 
     </span>
    </p>
   </div>
   <div class='ocr_carea' id='block_1_3' title="bbox 1754 115 1812 142">
    <p class='ocr_par' dir='ltr' id='par_1_3' title="bbox 1754 115 1812 142">
     <span class='ocr_line' id='line_1_3' title="bbox 1754 115 1812 142; baseline 0.017 -1"><span class='ocrx_word' id='word_1_6' title='bbox 1754 115 1812 142; x_wconf 70' lang='lat' dir='ltr'><strong>Hii</strong></span> 
     </span>
    </p>
   </div>
   <div class='ocr_carea' id='block_1_4' title="bbox 179 178 1812 217">
    <p class='ocr_par' dir='ltr' id='par_1_4' title="bbox 179 178 1812 217">
     <span class='ocr_line' id='line_1_4' title="bbox 179 178 1812 217; baseline -0.004 -7"><span class='ocrx_word' id='word_1_7' title='bbox 179 186 313 217; x_wconf 82' lang='lat' dir='ltr'><strong>posceret,</strong></span> <span class='ocrx_word' id='word_1_8' title='bbox 331 182 495 215; x_wconf 83' lang='lat' dir='ltr'><strong>devitarent,</strong></span> <span class='ocrx_word' id='word_1_9' title='bbox 518 186 601 216; x_wconf 83' lang='lat' dir='ltr'><strong>alque</strong></span> <span class='ocrx_word' id='word_1_10' title='bbox 624 181 744 209; x_wconf 86' lang='lat' dir='ltr'><strong>alienum</strong></span> <span class='ocrx_word' id='word_1_11' title='bbox 762 189 823 208; x_wconf 86' lang='lat' dir='ltr'><strong>esse</strong></span> <span class='ocrx_word' id='word_1_12' title='bbox 839 189 970 216; x_wconf 56' lang='lat' dir='ltr'><strong>.pronuu—</strong></span> <span class='ocrx_word' id='word_1_13' title='bbox 985 183 1007 211; x_wconf 81' lang='grc' dir='ltr'>Α</span> <span class='ocrx_word' id='word_1_14' title='bbox 1022 180 1128 208; x_wconf 89' lang='lat' dir='ltr'><strong>Patrem</strong></span> <span class='ocrx_word' id='word_1_15' title='bbox 1141 186 1277 213; x_wconf 80' lang='lat' dir='ltr'><strong>mcum,ct</strong></span> <span class='ocrx_word' id='word_1_16' title='bbox 1291 181 1369 208; x_wconf 87' lang='lat' dir='ltr'><strong>mitto</strong></span> <span class='ocrx_word' id='word_1_17' title='bbox 1381 180 1458 207; x_wconf 87' lang='lat' dir='ltr'><strong>vobis</strong></span> <span class='ocrx_word' id='word_1_18' title='bbox 1468 179 1648 206; x_wconf 81' lang='lat' dir='ltr'><strong>Paracletum</strong></span> <span class='ocrx_word' id='word_1_19' title='bbox 1660 178 1694 209; x_wconf 63' lang='grc' dir='ltr'><strong>δ’,</strong></span> <span class='ocrx_word' id='word_1_20' title='bbox 1708 187 1717 202; x_wconf 90' lang='grc'><strong>1</strong></span> <span class='ocrx_word' id='word_1_21' title='bbox 1731 178 1812 204; x_wconf 79' lang='lat' dir='ltr'><strong>statim</strong></span> 
     </span>
    </p>
   </div>
   <div class='ocr_carea' id='block_1_5' title="bbox 179 228 966 266">
    <p class='ocr_par' dir='ltr' id='par_1_5' title="bbox 179 228 966 266">
     <span class='ocr_line' id='line_1_5' title="bbox 179 228 966 266; baseline -0.005 -8"><span class='ocrx_word' id='word_1_22' title='bbox 179 231 279 258; x_wconf 89' lang='lat' dir='ltr'><strong>tiarent</strong></span> <span class='ocrx_word' id='word_1_23' title='bbox 295 230 367 266; x_wconf 75' lang='lat' dir='ltr'><strong>(S-l);</strong></span> <span class='ocrx_word' id='word_1_24' title='bbox 384 238 453 265; x_wconf 89' lang='lat' dir='ltr'><strong>opus</strong></span> <span class='ocrx_word' id='word_1_25' title='bbox 468 234 558 257; x_wconf 87' lang='lat' dir='ltr'><strong>autem</strong></span> <span class='ocrx_word' id='word_1_26' title='bbox 577 229 663 264; x_wconf 76' lang='lat' dir='ltr'><strong>magis</strong></span> <span class='ocrx_word' id='word_1_27' title='bbox 680 228 768 256; x_wconf 83' lang='lat' dir='ltr'><strong>facere</strong></span> <span class='ocrx_word' id='word_1_28' title='bbox 780 229 881 256; x_wconf 79' lang='lat' dir='ltr'><strong>debere</strong></span> <span class='ocrx_word' id='word_1_29' title='bbox 893 236 966 258; x_wconf 82' lang='lat' dir='ltr'><strong>eum,</strong></span> 
     </span>
    </p>
   </div>
   <div class='ocr_carea' id='block_1_6' title="bbox 178 276 968 313">
    <p class='ocr_par' dir='ltr' id='par_1_6' title="bbox 178 276 968 313">
     <span class='ocr_line' id='line_1_6' title="bbox 178 276 968 313; baseline -0.004 -8"><span class='ocrx_word' id='word_1_30' title='bbox 178 278 224 313; x_wconf 89' lang='lat' dir='ltr'><strong>qui</strong></span> <span class='ocrx_word' id='word_1_31' title='bbox 251 277 331 312; x_wconf 88' lang='lat' dir='ltr'><strong>recipi</strong></span> <span class='ocrx_word' id='word_1_32' title='bbox 349 277 420 304; x_wconf 82' lang='lat' dir='ltr'><strong>velit.</strong></span> <span class='ocrx_word' id='word_1_33' title='bbox 437 277 580 310; x_wconf 86' lang='lat' dir='ltr'><strong>Quomodo</strong></span> <span class='ocrx_word' id='word_1_34' title='bbox 595 284 661 311; x_wconf 83' lang='lat' dir='ltr'><strong>ergo</strong></span> <span class='ocrx_word' id='word_1_35' title='bbox 684 276 726 303; x_wconf 98' lang='lat' dir='ltr'><strong>his</strong></span> <span class='ocrx_word' id='word_1_36' title='bbox 749 276 877 303; x_wconf 88' lang='lat' dir='ltr'><strong>omnibus</strong></span> <span class='ocrx_word' id='word_1_37' title='bbox 899 276 968 303; x_wconf 83' lang='lat' dir='ltr'><strong>bene</strong></span> 
     </span>
    </p>
   </div>
   <div class='ocr_carea' id='block_1_7' title="bbox 179 321 969 357">
    <p class='ocr_par' dir='ltr' id='par_1_7' title="bbox 179 321 969 357">
     <span class='ocr_line' id='line_1_7' title="bbox 179 321 969 357; baseline -0.003 -7"><span class='ocrx_word' id='word_1_38' title='bbox 179 327 306 357; x_wconf 72' lang='lat' dir='ltr'><strong>recteque</strong></span> <span class='ocrx_word' id='word_1_39' title='bbox 327 322 467 356; x_wconf 76' lang='lat' dir='ltr'><strong>dispositis</strong></span> <span class='ocrx_word' id='word_1_40' title='bbox 485 326 511 349; x_wconf 88' lang='lat' dir='ltr'><strong>et</strong></span> <span class='ocrx_word' id='word_1_41' title='bbox 530 322 649 354; x_wconf 88' lang='lat' dir='ltr'><strong>statutis,</strong></span> <span class='ocrx_word' id='word_1_42' title='bbox 665 330 697 348; x_wconf 89' lang='lat' dir='ltr'><strong>ac</strong></span> <span class='ocrx_word' id='word_1_43' title='bbox 712 321 831 355; x_wconf 88' lang='lat' dir='ltr'><strong>plurimo</strong></span> <span class='ocrx_word' id='word_1_44' title='bbox 847 326 969 357; x_wconf 88' lang='lat' dir='ltr'><strong>tempore</strong></span> 
     </span>
    </p>
   </div>
   <div class='ocr_carea' id='block_1_8' title="bbox 178 367 969 401">
    <p class='ocr_par' dir='ltr' id='par_1_8' title="bbox 178 367 969 401">
     <span class='ocr_line' id='line_1_8' title="bbox 178 367 969 401; baseline -0.001 -7"><span class='ocrx_word' id='word_1_45' title='bbox 178 367 249 395; x_wconf 93' lang='lat' dir='ltr'><strong>ineo</strong></span> <span class='ocrx_word' id='word_1_46' title='bbox 265 372 336 394; x_wconf 75' lang='lat' dir='ltr'><strong>statu</strong></span> <span class='ocrx_word' id='word_1_47' title='bbox 360 367 615 401; x_wconf 73' lang='lat' dir='ltr'><strong>perseverantibus,</strong></span> <span class='ocrx_word' id='word_1_48' title='bbox 632 374 693 394; x_wconf 91' lang='lat' dir='ltr'><strong>eum</strong></span> <span class='ocrx_word' id='word_1_49' title='bbox 711 367 757 401; x_wconf 86' lang='lat' dir='ltr'><strong>qui</strong></span> <span class='ocrx_word' id='word_1_50' title='bbox 783 371 844 401; x_wconf 86' lang='lat' dir='ltr'><strong>post</strong></span> <span class='ocrx_word' id='word_1_51' title='bbox 864 371 969 394; x_wconf 86' lang='lat' dir='ltr'><strong>trecen-</strong></span> 
     </span>
    </p>
   </div>
   <div class='ocr_carea' id='block_1_9' title="bbox 178 412 967 446">
    <p class='ocr_par' dir='ltr' id='par_1_9' title="bbox 178 412 967 446">
     <span class='ocr_line' id='line_1_9' title="bbox 178 412 967 446; baseline -0.003 -5"><span class='ocrx_word' id='word_1_52' title='bbox 178 418 220 442; x_wconf 86' lang='lat' dir='ltr'><strong>tos</strong></span> <span class='ocrx_word' id='word_1_53' title='bbox 236 413 292 440; x_wconf 85' lang='lat' dir='ltr'><strong>fere</strong></span> <span class='ocrx_word' id='word_1_54' title='bbox 316 421 404 440; x_wconf 85' lang='lat' dir='ltr'><strong>annos</strong></span> <span class='ocrx_word' id='word_1_55' title='bbox 423 414 538 446; x_wconf 76' lang='lat' dir='ltr'><strong>venerit,</strong></span> <span class='ocrx_word' id='word_1_56' title='bbox 553 418 579 440; x_wconf 93' lang='lat' dir='ltr'><strong>et</strong></span> <span class='ocrx_word' id='word_1_57' title='bbox 593 413 726 440; x_wconf 73' lang='lat' dir='ltr'><strong>lizcredem</strong></span> <span class='ocrx_word' id='word_1_58' title='bbox 747 421 808 440; x_wconf 83' lang='lat' dir='ltr'><strong>esse</strong></span> <span class='ocrx_word' id='word_1_59' title='bbox 824 420 853 440; x_wconf 87' lang='lat' dir='ltr'><strong>sc</strong></span> <span class='ocrx_word' id='word_1_60' title='bbox 864 412 967 440; x_wconf 84' lang='lat' dir='ltr'><strong>confir-</strong></span> 
     </span>
    </p>
   </div>
   <div class='ocr_carea' id='block_1_10' title="bbox 177 459 975 494">
    <p class='ocr_par' dir='ltr' id='par_1_10' title="bbox 177 459 975 494">
     <span class='ocr_line' id='line_1_10' title="bbox 177 459 975 494; baseline 0 -8"><span class='ocrx_word' id='word_1_61' title='bbox 177 464 242 493; x_wconf 84' lang='lat' dir='ltr'><strong>met,</strong></span> <span class='ocrx_word' id='word_1_62' title='bbox 260 468 314 486; x_wconf 88' lang='lat' dir='ltr'><strong>non</strong></span> <span class='ocrx_word' id='word_1_63' title='bbox 328 460 500 494; x_wconf 79' lang='lat' dir='ltr'><strong>abjiciemus,</strong></span> <span class='ocrx_word' id='word_1_64' title='bbox 520 468 574 486; x_wconf 88' lang='lat' dir='ltr'><strong>non</strong></span> <span class='ocrx_word' id='word_1_65' title='bbox 586 459 658 492; x_wconf 50' lang='lat' dir='ltr'><strong>jnste</strong></span> <span class='ocrx_word' id='word_1_66' title='bbox 670 459 790 485; x_wconf 74' lang='lat' dir='ltr'><strong>alienum</strong></span> <span class='ocrx_word' id='word_1_67' title='bbox 806 459 975 493; x_wconf 46' lang='lat' dir='ltr'><strong>pronuntia:</strong></span> 
     </span>
    </p>
   </div>
   <div class='ocr_carea' id='block_1_11' title="bbox 177 505 965 540">
    <p class='ocr_par' dir='ltr' id='par_1_11' title="bbox 177 505 965 540">
     <span class='ocr_line' id='line_1_11' title="bbox 177 505 965 540; baseline -0.001 -8"><span class='ocrx_word' id='word_1_68' title='bbox 177 513 248 538; x_wconf 89' lang='lat' dir='ltr'><strong>mus,</strong></span> <span class='ocrx_word' id='word_1_69' title='bbox 265 505 313 540; x_wconf 88' lang='lat' dir='ltr'><strong>qui</strong></span> <span class='ocrx_word' id='word_1_70' title='bbox 331 514 381 532; x_wconf 90' lang='lat' dir='ltr'><strong>nec</strong></span> <span class='ocrx_word' id='word_1_71' title='bbox 393 506 426 532; x_wconf 89' lang='lat' dir='ltr'><strong>de</strong></span> <span class='ocrx_word' id='word_1_72' title='bbox 450 505 612 540; x_wconf 79' lang='lat' dir='ltr'><strong>propinquis</strong></span> <span class='ocrx_word' id='word_1_73' title='bbox 636 512 666 532; x_wconf 81' lang='lat' dir='ltr'><strong>se</strong></span> <span class='ocrx_word' id='word_1_74' title='bbox 690 512 750 532; x_wconf 87' lang='lat' dir='ltr'><strong>esse</strong></span> <span class='ocrx_word' id='word_1_75' title='bbox 774 505 903 537; x_wconf 85' lang='lat' dir='ltr'><strong>ostendit,</strong></span> <span class='ocrx_word' id='word_1_76' title='bbox 920 506 965 540; x_wconf 91' lang='lat' dir='ltr'><strong>qui</strong></span> 
     </span>
    </p>
   </div>
   <div class='ocr_carea' id='block_1_12' title="bbox 176 550 966 585">
    <p class='ocr_par' dir='ltr' id='par_1_12' title="bbox 176 550 966 585">
     <span class='ocr_line' id='line_1_12' title="bbox 176 550 966 585; baseline 0 -8"><span class='ocrx_word' id='word_1_77' title='bbox 176 550 306 578; x_wconf 87' lang='lat' dir='ltr'><strong>defuncto</strong></span> <span class='ocrx_word' id='word_1_78' title='bbox 335 555 429 578; x_wconf 75' lang='lat' dir='ltr'><strong>nostro</strong></span> <span class='ocrx_word' id='word_1_79' title='bbox 456 559 510 577; x_wconf 87' lang='lat' dir='ltr'><strong>non</strong></span> <span class='ocrx_word' id='word_1_80' title='bbox 541 550 660 577; x_wconf 74' lang='lat' dir='ltr'><strong>adfuerit</strong></span> <span class='ocrx_word' id='word_1_81' title='bbox 682 550 835 585; x_wconf 70' lang='lat' dir='ltr'><strong>:egrotanti,</strong></span> <span class='ocrx_word' id='word_1_82' title='bbox 868 551 915 585; x_wconf 88' lang='lat' dir='ltr'><strong>qui</strong></span> <span class='ocrx_word' id='word_1_83' title='bbox 940 551 966 577; x_wconf 90' lang='lat' dir='ltr'><strong>in</strong></span> 
     </span>
    </p>
   </div>
   <div class='ocr_carea' id='block_1_13' title="bbox 175 597 968 632">
    <p class='ocr_par' dir='ltr' id='par_1_13' title="bbox 175 597 968 632">
     <span class='ocr_line' id='line_1_13' title="bbox 175 597 968 632; baseline -0.001 -8"><span class='ocrx_word' id='word_1_84' title='bbox 175 598 319 632; x_wconf 76' lang='lat' dir='ltr'><strong>exsequias</strong></span> <span class='ocrx_word' id='word_1_85' title='bbox 332 605 384 624; x_wconf 89' lang='lat' dir='ltr'><strong>non</strong></span> <span class='ocrx_word' id='word_1_86' title='bbox 401 597 462 624; x_wconf 82' lang='lat' dir='ltr'><strong>ierit</strong></span> <span class='ocrx_word' id='word_1_87' title='bbox 475 597 621 629; x_wconf 78' lang='lat' dir='ltr'><strong>Crucilixo,</strong></span> <span class='ocrx_word' id='word_1_88' title='bbox 636 597 681 632; x_wconf 86' lang='lat' dir='ltr'><strong>qui</strong></span> <span class='ocrx_word' id='word_1_89' title='bbox 692 597 816 631; x_wconf 77' lang='lat' dir='ltr'><strong>sepulcro</strong></span> <span class='ocrx_word' id='word_1_90' title='bbox 835 605 887 623; x_wconf 90' lang='lat' dir='ltr'><strong>non</strong></span> <span class='ocrx_word' id='word_1_91' title='bbox 902 597 968 625; x_wconf 83' lang='lat' dir='ltr'><strong>asti-</strong></span> 
     </span>
    </p>
   </div>
   <div class='ocr_carea' id='block_1_14' title="bbox 175 643 967 679">
    <p class='ocr_par' dir='ltr' id='par_1_14' title="bbox 175 643 967 679">
     <span class='ocr_line' id='line_1_14' title="bbox 175 643 967 679; baseline -0.003 -8"><span class='ocrx_word' id='word_1_92' title='bbox 175 644 250 677; x_wconf 83' lang='lat' dir='ltr'><strong>terit,</strong></span> <span class='ocrx_word' id='word_1_93' title='bbox 267 643 313 679; x_wconf 86' lang='lat' dir='ltr'><strong>qui</strong></span> <span class='ocrx_word' id='word_1_94' title='bbox 340 644 453 670; x_wconf 89' lang='lat' dir='ltr'><strong>omnino</strong></span> <span class='ocrx_word' id='word_1_95' title='bbox 479 643 593 675; x_wconf 84' lang='lat' dir='ltr'><strong>nesciat,</strong></span> <span class='ocrx_word' id='word_1_96' title='bbox 617 643 759 677; x_wconf 88' lang='lat' dir='ltr'><strong>quomodo</strong></span> <span class='ocrx_word' id='word_1_97' title='bbox 781 648 828 670; x_wconf 91' lang='lat' dir='ltr'><strong>aut</strong></span> <span class='ocrx_word' id='word_1_98' title='bbox 848 643 967 678; x_wconf 90' lang='lat' dir='ltr'><strong>qualiter</strong></span> 
     </span>
    </p>
   </div>
   <div class='ocr_carea' id='block_1_15' title="bbox 176 689 967 725">
    <p class='ocr_par' dir='ltr' id='par_1_15' title="bbox 176 689 967 725">
     <span class='ocr_line' id='line_1_15' title="bbox 176 689 967 725; baseline -0.004 -6"><span class='ocrx_word' id='word_1_99' title='bbox 176 691 321 719; x_wconf 86' lang='lat' dir='ltr'><strong>defunctus</strong></span> <span class='ocrx_word' id='word_1_100' title='bbox 332 695 384 724; x_wconf 85' lang='lat' dir='ltr'><strong>est,</strong></span> <span class='ocrx_word' id='word_1_101' title='bbox 398 690 444 725; x_wconf 91' lang='lat' dir='ltr'><strong>qui</strong></span> <span class='ocrx_word' id='word_1_102' title='bbox 467 690 589 724; x_wconf 80' lang='lat' dir='ltr'><strong>denique</strong></span> <span class='ocrx_word' id='word_1_103' title='bbox 601 690 759 716; x_wconf 77' lang='lat' dir='ltr'><strong>thesaurum</strong></span> <span class='ocrx_word' id='word_1_104' title='bbox 782 689 911 717; x_wconf 77' lang='lat' dir='ltr'><strong>frumenti</strong></span> <span class='ocrx_word' id='word_1_105' title='bbox 926 690 967 717; x_wconf 95' lang='lat' dir='ltr'><strong>in-</strong></span> 
     </span>
    </p>
   </div>
   <div class='ocr_carea' id='block_1_16' title="bbox 175 736 966 773">
    <p class='ocr_par' dir='ltr' id='par_1_16' title="bbox 175 736 966 773">
     <span class='ocr_line' id='line_1_16' title="bbox 175 736 966 773; baseline 0 -9"><span class='ocrx_word' id='word_1_106' title='bbox 175 737 251 773; x_wconf 75' lang='lat' dir='ltr'><strong>gredi</strong></span> <span class='ocrx_word' id='word_1_107' title='bbox 268 737 372 771; x_wconf 86' lang='lat' dir='ltr'><strong>cupiat,</strong></span> <span class='ocrx_word' id='word_1_108' title='bbox 397 737 472 763; x_wconf 91' lang='lat' dir='ltr'><strong>nullo</strong></span> <span class='ocrx_word' id='word_1_109' title='bbox 489 736 589 763; x_wconf 88' lang='lat' dir='ltr'><strong>indicio</strong></span> <span class='ocrx_word' id='word_1_110' title='bbox 613 736 703 762; x_wconf 79' lang='lat' dir='ltr'><strong>delato</strong></span> <span class='ocrx_word' id='word_1_111' title='bbox 724 736 757 762; x_wconf 83' lang='lat' dir='ltr'><strong>ab</strong></span> <span class='ocrx_word' id='word_1_112' title='bbox 775 743 808 763; x_wconf 91' lang='lat' dir='ltr'><strong>eo</strong></span> <span class='ocrx_word' id='word_1_113' title='bbox 827 737 873 770; x_wconf 91' lang='lat' dir='ltr'><strong>qui</strong></span> <span class='ocrx_word' id='word_1_114' title='bbox 889 737 966 764; x_wconf 85' lang='lat' dir='ltr'><strong>obsi-</strong></span> 
     </span>
    </p>
   </div>
   <div class='ocr_carea' id='block_1_17' title="bbox 175 782 965 819">
    <p class='ocr_par' dir='ltr' id='par_1_17' title="bbox 175 782 965 819">
     <span class='ocr_line' id='line_1_17' title="bbox 175 782 965 819; baseline 0 -9"><span class='ocrx_word' id='word_1_115' title='bbox 175 783 317 819; x_wconf 80' lang='lat' dir='ltr'><strong>gnaverit?</strong></span> <span class='ocrx_word' id='word_1_116' title='bbox 330 782 426 810; x_wconf 79' lang='lat' dir='ltr'><strong>Nonne</strong></span> <span class='ocrx_word' id='word_1_117' title='bbox 441 790 515 814; x_wconf 87' lang='lat' dir='ltr'><strong>eum,</strong></span> <span class='ocrx_word' id='word_1_118' title='bbox 533 787 662 816; x_wconf 86' lang='lat' dir='ltr'><strong>tanquam</strong></span> <span class='ocrx_word' id='word_1_119' title='bbox 684 782 818 809; x_wconf 88' lang='lat' dir='ltr'><strong>latronem</strong></span> <span class='ocrx_word' id='word_1_120' title='bbox 836 788 862 809; x_wconf 84' lang='lat' dir='ltr'><strong>et</strong></span> <span class='ocrx_word' id='word_1_121' title='bbox 878 782 965 810; x_wconf 89' lang='lat' dir='ltr'><strong>furetn</strong></span> 
     </span>
    </p>
   </div>
   <div class='ocr_carea' id='block_1_18' title="bbox 175 828 965 864">
    <p class='ocr_par' dir='ltr' id='par_1_18' title="bbox 175 828 965 864">
     <span class='ocr_line' id='line_1_18' title="bbox 175 828 965 864; baseline 0 -8"><span class='ocrx_word' id='word_1_122' title='bbox 175 829 348 864; x_wconf 87' lang='lat' dir='ltr'><strong>abjiciemus.</strong></span> <span class='ocrx_word' id='word_1_123' title='bbox 370 836 402 855; x_wconf 85' lang='lat' dir='ltr'><strong>ac</strong></span> <span class='ocrx_word' id='word_1_124' title='bbox 429 828 518 856; x_wconf 87' lang='lat' dir='ltr'><strong>modis</strong></span> <span class='ocrx_word' id='word_1_125' title='bbox 542 829 669 856; x_wconf 82' lang='lat' dir='ltr'><strong>omnibus</strong></span> <span class='ocrx_word' id='word_1_126' title='bbox 699 829 886 864; x_wconf 74' lang='lat' dir='ltr'><strong>cxpellcmns?</strong></span> <span class='ocrx_word' id='word_1_127' title='bbox 903 829 965 857; x_wconf 66' lang='lat' dir='ltr'><strong>[lare</strong></span> 
     </span>
    </p>
   </div>
   <div class='ocr_carea' id='block_1_19' title="bbox 175 874 965 912">
    <p class='ocr_par' dir='ltr' id='par_1_19' title="bbox 175 874 965 912">
     <span class='ocr_line' id='line_1_19' title="bbox 175 874 965 912; baseline -0.001 -9"><span class='ocrx_word' id='word_1_128' title='bbox 175 875 259 911; x_wconf 68' lang='lat' dir='ltr'><strong>igitur</strong></span> <span class='ocrx_word' id='word_1_129' title='bbox 280 875 367 910; x_wconf 79' lang='lat' dir='ltr'><strong>signa,</strong></span> <span class='ocrx_word' id='word_1_130' title='bbox 393 882 454 912; x_wconf 70' lang='lat' dir='ltr'><strong>qua:</strong></span> <span class='ocrx_word' id='word_1_131' title='bbox 485 874 511 901; x_wconf 91' lang='lat' dir='ltr'><strong>in</strong></span> <span class='ocrx_word' id='word_1_132' title='bbox 541 875 678 909; x_wconf 67' lang='lat' dir='ltr'><strong>pricdictis</strong></span> <span class='ocrx_word' id='word_1_133' title='bbox 706 876 965 909; x_wconf 86' lang='lat' dir='ltr'><strong>comprehendimus</strong></span> 
     </span>
    </p>
   </div>
   <div class='ocr_carea' id='block_1_20' title="bbox 174 919 966 954">
    <p class='ocr_par' dir='ltr' id='par_1_20' title="bbox 174 919 966 954">
     <span class='ocr_line' id='line_1_20' title="bbox 174 919 966 954; baseline 0.003 -7"><span class='ocrx_word' id='word_1_134' title='bbox 174 921 318 954; x_wconf 73' lang='lat' dir='ltr'><strong>exemplis.</strong></span> <span class='ocrx_word' id='word_1_135' title='bbox 336 921 385 948; x_wconf 82' lang='lat' dir='ltr'><strong>istc</strong></span> <span class='ocrx_word' id='word_1_136' title='bbox 410 929 463 947; x_wconf 89' lang='lat' dir='ltr'><strong>non</strong></span> <span class='ocrx_word' id='word_1_137' title='bbox 485 919 610 947; x_wconf 74' lang='lat' dir='ltr'><strong>deferens</strong></span> <span class='ocrx_word' id='word_1_138' title='bbox 630 921 716 952; x_wconf 70' lang='lat' dir='ltr'><strong>adest,</strong></span> <span class='ocrx_word' id='word_1_139' title='bbox 734 921 828 948; x_wconf 84' lang='lat' dir='ltr'><strong>dicens</strong></span> <span class='ocrx_word' id='word_1_140' title='bbox 851 929 880 948; x_wconf 90' lang='lat' dir='ltr'><strong>se</strong></span> <span class='ocrx_word' id='word_1_141' title='bbox 905 930 966 949; x_wconf 77' lang='lat' dir='ltr'><strong>esse</strong></span> 
     </span>
    </p>
   </div>
   <div class='ocr_carea' id='block_1_21' title="bbox 175 965 964 1001">
    <p class='ocr_par' dir='ltr' id='par_1_21' title="bbox 175 965 964 1001">
     <span class='ocr_line' id='line_1_21' title="bbox 175 965 964 1001; baseline 0 -7"><span class='ocrx_word' id='word_1_142' title='bbox 175 967 348 994; x_wconf 83' lang='lat' dir='ltr'><strong>Paracletum</strong></span> <span class='ocrx_word' id='word_1_143' title='bbox 370 967 415 1001; x_wconf 88' lang='lat' dir='ltr'><strong>qui</strong></span> <span class='ocrx_word' id='word_1_144' title='bbox 435 966 469 992; x_wconf 90' lang='lat' dir='ltr'><strong>ab</strong></span> <span class='ocrx_word' id='word_1_145' title='bbox 486 965 550 992; x_wconf 78' lang='lat' dir='ltr'><strong>Jesn</strong></span> <span class='ocrx_word' id='word_1_146' title='bbox 566 967 747 1001; x_wconf 61' lang='lat' dir='ltr'><strong>priesiguatus</strong></span> <span class='ocrx_word' id='word_1_147' title='bbox 768 970 810 993; x_wconf 79' lang='lat' dir='ltr'><strong>est</strong></span> <span class='ocrx_word' id='word_1_148' title='bbox 827 967 912 999; x_wconf 84' lang='lat' dir='ltr'><strong>mitti;</strong></span> <span class='ocrx_word' id='word_1_149' title='bbox 936 967 964 994; x_wconf 89' lang='grc'><strong>111</strong></span> 
     </span>
    </p>
   </div>
   <div class='ocr_carea' id='block_1_22' title="bbox 175 1013 964 1050">
    <p class='ocr_par' dir='ltr' id='par_1_22' title="bbox 175 1013 964 1050">
     <span class='ocr_line' id='line_1_22' title="bbox 175 1013 964 1050; baseline -0.001 -8"><span class='ocrx_word' id='word_1_150' title='bbox 175 1022 230 1050; x_wconf 90' lang='lat' dir='ltr'><strong>quo</strong></span> <span class='ocrx_word' id='word_1_151' title='bbox 248 1015 406 1041; x_wconf 82' lang='lat' dir='ltr'><strong>uictulacem</strong></span> <span class='ocrx_word' id='word_1_152' title='bbox 424 1013 493 1048; x_wconf 75' lang='lat'><strong>(35),</strong></span> <span class='ocrx_word' id='word_1_153' title='bbox 513 1014 643 1048; x_wconf 83' lang='lat' dir='ltr'><strong>ignorans</strong></span> <span class='ocrx_word' id='word_1_154' title='bbox 664 1013 781 1041; x_wconf 83' lang='lat' dir='ltr'><strong>fortasse</strong></span> <span class='ocrx_word' id='word_1_155' title='bbox 799 1019 903 1041; x_wconf 87' lang='lat' dir='ltr'><strong>asseret</strong></span> <span class='ocrx_word' id='word_1_156' title='bbox 918 1014 964 1042; x_wconf 81' lang='lat' dir='ltr'><strong>Je-</strong></span> 
     </span>
    </p>
   </div>
   <div class='ocr_carea' id='block_1_23' title="bbox 175 1060 964 1095">
    <p class='ocr_par' dir='ltr' id='par_1_23' title="bbox 175 1060 964 1095">
     <span class='ocr_line' id='line_1_23' title="bbox 175 1060 964 1095; baseline -0.001 -6"><span class='ocrx_word' id='word_1_157' title='bbox 175 1069 235 1089; x_wconf 89' lang='lat' dir='ltr'><strong>sum</strong></span> <span class='ocrx_word' id='word_1_158' title='bbox 246 1070 252 1093; x_wconf 90' lang='lat'>;</span> <span class='ocrx_word' id='word_1_159' title='bbox 265 1061 311 1095; x_wconf 84' lang='lat' dir='ltr'><strong>qui</strong></span> <span class='ocrx_word' id='word_1_160' title='bbox 325 1060 396 1088; x_wconf 89' lang='lat' dir='ltr'><strong>enim</strong></span> <span class='ocrx_word' id='word_1_161' title='bbox 412 1060 518 1086; x_wconf 78' lang='lat' dir='ltr'><strong>dixerat</strong></span> <span class='ocrx_word' id='word_1_162' title='bbox 533 1068 562 1087; x_wconf 80' lang='lat' dir='ltr'><strong>se</strong></span> <span class='ocrx_word' id='word_1_163' title='bbox 578 1068 630 1087; x_wconf 89' lang='lat' dir='ltr'><strong>non</strong></span> <span class='ocrx_word' id='word_1_164' title='bbox 644 1061 728 1087; x_wconf 90' lang='lat' dir='ltr'><strong>multo</strong></span> <span class='ocrx_word' id='word_1_165' title='bbox 742 1066 803 1095; x_wconf 88' lang='lat' dir='ltr'><strong>post</strong></span> <span class='ocrx_word' id='word_1_166' title='bbox 815 1062 964 1089; x_wconf 73' lang='lat' dir='ltr'><strong>missurum</strong></span> 
     </span>
    </p>
   </div>
   <div class='ocr_carea' id='block_1_24' title="bbox 173 1106 965 1141">
    <p class='ocr_par' dir='ltr' id='par_1_24' title="bbox 173 1106 965 1141">
     <span class='ocr_line' id='line_1_24' title="bbox 173 1106 965 1141; baseline -0.003 -5"><span class='ocrx_word' id='word_1_167' title='bbox 173 1115 234 1136; x_wconf 80' lang='lat' dir='ltr'><strong>esse</strong></span> <span class='ocrx_word' id='word_1_168' title='bbox 249 1107 429 1137; x_wconf 82' lang='lat' dir='ltr'><strong>Pat‘acletum,</strong></span> <span class='ocrx_word' id='word_1_169' title='bbox 449 1106 586 1133; x_wconf 83' lang='lat' dir='ltr'><strong>invenitur</strong></span> <span class='ocrx_word' id='word_1_170' title='bbox 603 1106 658 1141; x_wconf 74' lang='lat'><strong>(56)</strong></span> <span class='ocrx_word' id='word_1_171' title='bbox 673 1112 731 1141; x_wconf 89' lang='lat' dir='ltr'><strong>post</strong></span> <span class='ocrx_word' id='word_1_172' title='bbox 746 1112 882 1134; x_wconf 85' lang='lat' dir='ltr'><strong>trecentos</strong></span> <span class='ocrx_word' id='word_1_173' title='bbox 894 1113 920 1134; x_wconf 88' lang='lat' dir='ltr'><strong>et</strong></span> <span class='ocrx_word' id='word_1_174' title='bbox 933 1115 965 1134; x_wconf 83' lang='lat' dir='ltr'><strong>eo</strong></span> 
     </span>
    </p>
   </div>
   <div class='ocr_carea' id='block_1_25' title="bbox 173 1151 966 1188">
    <p class='ocr_par' dir='ltr' id='par_1_25' title="bbox 173 1151 966 1188">
     <span class='ocr_line' id='line_1_25' title="bbox 173 1151 966 1188; baseline -0.001 -8"><span class='ocrx_word' id='word_1_175' title='bbox 173 1153 290 1188; x_wconf 80' lang='lat' dir='ltr'><strong>amplius</strong></span> <span class='ocrx_word' id='word_1_176' title='bbox 304 1160 392 1180; x_wconf 88' lang='lat' dir='ltr'><strong>annos</strong></span> <span class='ocrx_word' id='word_1_177' title='bbox 409 1151 517 1179; x_wconf 78' lang='lat' dir='ltr'><strong>misisse</strong></span> <span class='ocrx_word' id='word_1_178' title='bbox 543 1151 626 1183; x_wconf 87' lang='lat' dir='ltr'><strong>hunc,</strong></span> <span class='ocrx_word' id='word_1_179' title='bbox 651 1152 722 1178; x_wconf 83' lang='lat' dir='ltr'><strong>sicut</strong></span> <span class='ocrx_word' id='word_1_180' title='bbox 738 1152 795 1186; x_wconf 74' lang='lat' dir='ltr'><strong>ipse</strong></span> <span class='ocrx_word' id='word_1_181' title='bbox 819 1153 870 1179; x_wconf 85' lang='lat' dir='ltr'><strong>sibi</strong></span> <span class='ocrx_word' id='word_1_182' title='bbox 889 1153 966 1180; x_wconf 85' lang='lat' dir='ltr'><strong>testi—</strong></span> 
     </span>
    </p>
   </div>
   <div class='ocr_carea' id='block_1_26' title="bbox 174 1197 964 1234">
    <p class='ocr_par' dir='ltr' id='par_1_26' title="bbox 174 1197 964 1234">
     <span class='ocr_line' id='line_1_26' title="bbox 174 1197 964 1234; baseline -0.001 -8"><span class='ocrx_word' id='word_1_183' title='bbox 174 1201 296 1227; x_wconf 88' lang='lat' dir='ltr'><strong>tnonium</strong></span> <span class='ocrx_word' id='word_1_184' title='bbox 317 1200 450 1234; x_wconf 81' lang='lat' dir='ltr'><strong>perhibet.</strong></span> <span class='ocrx_word' id='word_1_185' title='bbox 466 1198 537 1232; x_wconf 85' lang='lat' dir='ltr'><strong>Quid</strong></span> <span class='ocrx_word' id='word_1_186' title='bbox 553 1197 644 1224; x_wconf 83' lang='lat' dir='ltr'><strong>dicent.</strong></span> <span class='ocrx_word' id='word_1_187' title='bbox 664 1197 728 1224; x_wconf 80' lang='lat' dir='ltr'><strong>.lesu</strong></span> <span class='ocrx_word' id='word_1_188' title='bbox 755 1198 781 1224; x_wconf 91' lang='lat' dir='ltr'><strong>in</strong></span> <span class='ocrx_word' id='word_1_189' title='bbox 804 1198 848 1225; x_wconf 84' lang='lat' dir='ltr'><strong>die</strong></span> <span class='ocrx_word' id='word_1_190' title='bbox 868 1199 964 1233; x_wconf 88' lang='lat' dir='ltr'><strong>jndicii</strong></span> 
     </span>
    </p>
   </div>
   <div class='ocr_carea' id='block_1_27' title="bbox 173 1243 965 1280">
    <p class='ocr_par' dir='ltr' id='par_1_27' title="bbox 173 1243 965 1280">
     <span class='ocr_line' id='line_1_27' title="bbox 173 1243 965 1280; baseline 0 -9"><span class='ocrx_word' id='word_1_191' title='bbox 173 1246 222 1278; x_wconf 83' lang='lat' dir='ltr'><strong>illi,</strong></span> <span class='ocrx_word' id='word_1_192' title='bbox 235 1246 281 1280; x_wconf 91' lang='lat' dir='ltr'><strong>qui</strong></span> <span class='ocrx_word' id='word_1_193' title='bbox 292 1245 348 1279; x_wconf 86' lang='lat' dir='ltr'><strong>jam</strong></span> <span class='ocrx_word' id='word_1_194' title='bbox 363 1245 417 1272; x_wconf 83' lang='lat' dir='ltr'><strong>vita</strong></span> <span class='ocrx_word' id='word_1_195' title='bbox 430 1247 607 1272; x_wconf 72' lang='lat' dir='ltr'><strong>excesserunt</strong></span> <span class='ocrx_word' id='word_1_196' title='bbox 623 1251 656 1269; x_wconf 70' lang='lat' dir='ltr'><strong>ex</strong></span> <span class='ocrx_word' id='word_1_197' title='bbox 674 1243 719 1269; x_wconf 87' lang='lat' dir='ltr'><strong>illo</strong></span> <span class='ocrx_word' id='word_1_198' title='bbox 739 1248 756 1270; x_wconf 77' lang='grc'><strong>11</strong></span> <span class='ocrx_word' id='word_1_199' title='bbox 767 1252 859 1278; x_wconf 79' lang='lat' dir='ltr'><strong>mpoic</strong></span> <span class='ocrx_word' id='word_1_200' title='bbox 877 1253 965 1280; x_wconf 79' lang='lat' dir='ltr'><strong>usque</strong></span> 
     </span>
    </p>
   </div>
   <div class='ocr_carea' id='block_1_28' title="bbox 173 1290 965 1326">
    <p class='ocr_par' dir='ltr' id='par_1_28' title="bbox 173 1290 965 1326">
     <span class='ocr_line' id='line_1_28' title="bbox 173 1290 965 1326; baseline 0.003 -8"><span class='ocrx_word' id='word_1_201' title='bbox 173 1292 263 1319; x_wconf 87' lang='lat' dir='ltr'><strong>nunc?</strong></span> <span class='ocrx_word' id='word_1_202' title='bbox 279 1291 372 1318; x_wconf 82' lang='lat' dir='ltr'><strong>Nonne</strong></span> <span class='ocrx_word' id='word_1_203' title='bbox 387 1292 444 1318; x_wconf 74' lang='lat' dir='ltr'><strong>hcce</strong></span> <span class='ocrx_word' id='word_1_204' title='bbox 463 1290 535 1325; x_wconf 82' lang='lat' dir='ltr'><strong>apud</strong></span> <span class='ocrx_word' id='word_1_205' title='bbox 552 1298 614 1317; x_wconf 89' lang='lat' dir='ltr'><strong>eum</strong></span> <span class='ocrx_word' id='word_1_206' title='bbox 638 1291 795 1326; x_wconf 74' lang='lat' dir='ltr'><strong>allegabuut</strong></span> <span class='ocrx_word' id='word_1_207' title='bbox 812 1301 818 1318; x_wconf 91' lang='lat'>:</span> <span class='ocrx_word' id='word_1_208' title='bbox 836 1291 896 1319; x_wconf 73' lang='lat' dir='ltr'><strong>Noli</strong></span> <span class='ocrx_word' id='word_1_209' title='bbox 914 1301 965 1320; x_wconf 80' lang='lat' dir='ltr'><strong>nos</strong></span> 
     </span>
    </p>
   </div>
   <div class='ocr_carea' id='block_1_29' title="bbox 172 1336 963 1372">
    <p class='ocr_par' dir='ltr' id='par_1_29' title="bbox 172 1336 963 1372">
     <span class='ocr_line' id='line_1_29' title="bbox 172 1336 963 1372; baseline 0 -7"><span class='ocrx_word' id='word_1_210' title='bbox 172 1339 308 1371; x_wconf 87' lang='lat' dir='ltr'><strong>cruciare,</strong></span> <span class='ocrx_word' id='word_1_211' title='bbox 323 1338 344 1365; x_wconf 87' lang='lat' dir='ltr'><strong>si</strong></span> <span class='ocrx_word' id='word_1_212' title='bbox 361 1345 442 1372; x_wconf 86' lang='lat' dir='ltr'><strong>opera</strong></span> <span class='ocrx_word' id='word_1_213' title='bbox 459 1341 504 1364; x_wconf 87' lang='lat' dir='ltr'><strong>tua</strong></span> <span class='ocrx_word' id='word_1_214' title='bbox 529 1345 583 1363; x_wconf 91' lang='lat' dir='ltr'><strong>non</strong></span> <span class='ocrx_word' id='word_1_215' title='bbox 597 1336 732 1369; x_wconf 83' lang='lat' dir='ltr'><strong>fecimus;</strong></span> <span class='ocrx_word' id='word_1_216' title='bbox 749 1346 798 1364; x_wconf 88' lang='lat' dir='ltr'><strong>cur</strong></span> <span class='ocrx_word' id='word_1_217' title='bbox 811 1338 883 1364; x_wconf 84' lang='lat' dir='ltr'><strong>enim</strong></span> <span class='ocrx_word' id='word_1_218' title='bbox 901 1347 963 1365; x_wconf 79' lang='lat' dir='ltr'><strong>eum</strong></span> 
     </span>
    </p>
   </div>
   <div class='ocr_carea' id='block_1_30' title="bbox 172 1382 965 1420">
    <p class='ocr_par' dir='ltr' id='par_1_30' title="bbox 172 1382 965 1420">
     <span class='ocr_line' id='line_1_30' title="bbox 172 1382 965 1420; baseline 0.001 -9"><span class='ocrx_word' id='word_1_219' title='bbox 172 1385 332 1418; x_wconf 79' lang='lat' dir='ltr'><strong>promiseris</strong></span> <span class='ocrx_word' id='word_1_220' title='bbox 348 1384 398 1412; x_wconf 87' lang='lat' dir='ltr'><strong>stlb</strong></span> <span class='ocrx_word' id='word_1_221' title='bbox 422 1383 532 1410; x_wconf 81' lang='lat' dir='ltr'><strong>Tiberio</strong></span> <span class='ocrx_word' id='word_1_222' title='bbox 555 1382 662 1410; x_wconf 63' lang='lat' dir='ltr'><strong>Catsare</strong></span> <span class='ocrx_word' id='word_1_223' title='bbox 689 1383 838 1420; x_wconf 75' lang='lat' dir='ltr'><strong>missurum</strong></span> <span class='ocrx_word' id='word_1_224' title='bbox 863 1390 887 1412; x_wconf 87' lang='lat' dir='ltr'><strong>te</strong></span> <span class='ocrx_word' id='word_1_225' title='bbox 905 1393 965 1412; x_wconf 84' lang='lat' dir='ltr'><strong>esse</strong></span> 
     </span>
    </p>
   </div>
   <div class='ocr_carea' id='block_1_31' title="bbox 172 1429 966 1466">
    <p class='ocr_par' dir='ltr' id='par_1_31' title="bbox 172 1429 966 1466">
     <span class='ocr_line' id='line_1_31' title="bbox 172 1429 966 1466; baseline 0 -8"><span class='ocrx_word' id='word_1_226' title='bbox 172 1431 354 1463; x_wconf 85' lang='lat' dir='ltr'><strong>l&#39;aracletnm,</strong></span> <span class='ocrx_word' id='word_1_227' title='bbox 370 1431 416 1466; x_wconf 91' lang='lat' dir='ltr'><strong>qui</strong></span> <span class='ocrx_word' id='word_1_228' title='bbox 433 1435 558 1465; x_wconf 78' lang='lat' dir='ltr'><strong>argueret</strong></span> <span class='ocrx_word' id='word_1_229' title='bbox 577 1437 628 1456; x_wconf 90' lang='lat' dir='ltr'><strong>nos</strong></span> <span class='ocrx_word' id='word_1_230' title='bbox 642 1429 675 1456; x_wconf 86' lang='lat' dir='ltr'><strong>de</strong></span> <span class='ocrx_word' id='word_1_231' title='bbox 699 1436 811 1464; x_wconf 78' lang='lat' dir='ltr'><strong>peccato</strong></span> <span class='ocrx_word' id='word_1_232' title='bbox 826 1437 852 1458; x_wconf 88' lang='lat' dir='ltr'><strong>et</strong></span> <span class='ocrx_word' id='word_1_233' title='bbox 866 1432 900 1458; x_wconf 90' lang='lat' dir='ltr'><strong>de</strong></span> <span class='ocrx_word' id='word_1_234' title='bbox 919 1432 966 1466; x_wconf 86' lang='lat' dir='ltr'><strong>ju—</strong></span> 
     </span>
    </p>
   </div>
   <div class='ocr_carea' id='block_1_32' title="bbox 173 1474 964 1512">
    <p class='ocr_par' dir='ltr' id='par_1_32' title="bbox 173 1474 964 1512">
     <span class='ocr_line' id='line_1_32' title="bbox 173 1474 964 1512; baseline 0.001 -9"><span class='ocrx_word' id='word_1_235' title='bbox 173 1477 246 1504; x_wconf 87' lang='lat' dir='ltr'><strong>slilia</strong></span> <span class='ocrx_word' id='word_1_236' title='bbox 265 1477 298 1510; x_wconf 76' lang='grc' dir='ltr'><strong>³ο,</strong></span> <span class='ocrx_word' id='word_1_237' title='bbox 320 1477 371 1504; x_wconf 89' lang='lat' dir='ltr'><strong>sub</strong></span> <span class='ocrx_word' id='word_1_238' title='bbox 395 1475 485 1504; x_wconf 87' lang='lat' dir='ltr'><strong>Probo</strong></span> <span class='ocrx_word' id='word_1_239' title='bbox 512 1477 621 1503; x_wconf 78' lang='lat' dir='ltr'><strong>demum</strong></span> <span class='ocrx_word' id='word_1_240' title='bbox 650 1474 773 1502; x_wconf 73' lang='lat' dir='ltr'><strong>Romano</strong></span> <span class='ocrx_word' id='word_1_241' title='bbox 801 1477 964 1512; x_wconf 78' lang='lat' dir='ltr'><strong>in‘lpcratore</strong></span> 
     </span>
    </p>
   </div>
   <div class='ocr_carea' id='block_1_33' title="bbox 172 1521 998 1565">
    <p class='ocr_par' dir='ltr' id='par_1_33' title="bbox 172 1521 998 1565">
     <span class='ocr_line' id='line_1_33' title="bbox 172 1521 998 1565; baseline 0.001 -15"><span class='ocrx_word' id='word_1_242' title='bbox 172 1523 284 1555; x_wconf 86' lang='lat' dir='ltr'><strong>misisti,</strong></span> <span class='ocrx_word' id='word_1_243' title='bbox 301 1524 441 1558; x_wconf 87' lang='lat' dir='ltr'><strong>orphanos</strong></span> <span class='ocrx_word' id='word_1_244' title='bbox 465 1522 644 1557; x_wconf 87' lang='lat' dir='ltr'><strong>dereliquisti,</strong></span> <span class='ocrx_word' id='word_1_245' title='bbox 664 1521 728 1549; x_wconf 88' lang='lat' dir='ltr'><strong>dum</strong></span> <span class='ocrx_word' id='word_1_246' title='bbox 755 1523 812 1556; x_wconf 87' lang='lat' dir='ltr'><strong>ipse</strong></span> <span class='ocrx_word' id='word_1_247' title='bbox 835 1524 958 1551; x_wconf 81' lang='lat' dir='ltr'><strong>dixeris:</strong></span> <span class='ocrx_word' id='word_1_248' title='bbox 977 1537 998 1565; x_wconf 49' lang='grc' dir='ltr'>(ί</span> 
     </span>
    </p>
   </div>
   <div class='ocr_carea' id='block_1_34' title="bbox 174 1568 962 1604">
    <p class='ocr_par' dir='ltr' id='par_1_34' title="bbox 174 1568 962 1604">
     <span class='ocr_line' id='line_1_34' title="bbox 174 1568 962 1604; baseline 0.004 -9"><span class='ocrx_word' id='word_1_249' title='bbox 174 1579 185 1595; x_wconf 81' lang='grc'><strong>1</strong></span> <span class='ocrx_word' id='word_1_250' title='bbox 204 1568 262 1596; x_wconf 77' lang='lat' dir='ltr'><strong>Non</strong></span> <span class='ocrx_word' id='word_1_251' title='bbox 287 1569 475 1604; x_wconf 81' lang='lat' dir='ltr'><strong>derelinquam</strong></span> <span class='ocrx_word' id='word_1_252' title='bbox 505 1577 555 1596; x_wconf 81' lang='lat' dir='ltr'><strong>vos</strong></span> <span class='ocrx_word' id='word_1_253' title='bbox 578 1569 763 1603; x_wconf 70' lang='lat' dir='ltr'><strong>orphanos”,</strong></span> <span class='ocrx_word' id='word_1_254' title='bbox 784 1578 792 1594; x_wconf 86' lang='grc' dir='ltr'><strong><em>ι</em></strong></span> <span class='ocrx_word' id='word_1_255' title='bbox 816 1577 878 1596; x_wconf 92' lang='lat' dir='ltr'><strong>cum</strong></span> <span class='ocrx_word' id='word_1_256' title='bbox 905 1571 962 1604; x_wconf 82' lang='lat' dir='ltr'><strong>ipse</strong></span> 
     </span>
    </p>
   </div>
   <div class='ocr_carea' id='block_1_35' title="bbox 171 1615 963 1649">
    <p class='ocr_par' dir='ltr' id='par_1_35' title="bbox 171 1615 963 1649">
     <span class='ocr_line' id='line_1_35' title="bbox 171 1615 963 1649; baseline 0.001 -6"><span class='ocrx_word' id='word_1_257' title='bbox 171 1615 274 1643; x_wconf 85' lang='lat' dir='ltr'><strong>dixeris</strong></span> <span class='ocrx_word' id='word_1_258' title='bbox 295 1621 330 1648; x_wconf 83' lang='lat' dir='ltr'><strong>te,</strong></span> <span class='ocrx_word' id='word_1_259' title='bbox 354 1624 417 1642; x_wconf 75' lang='lat' dir='ltr'><strong>mox</strong></span> <span class='ocrx_word' id='word_1_260' title='bbox 438 1616 501 1649; x_wconf 77' lang='lat' dir='ltr'><strong>ires,</strong></span> <span class='ocrx_word' id='word_1_261' title='bbox 526 1617 676 1644; x_wconf 87' lang='lat' dir='ltr'><strong>missurum</strong></span> <span class='ocrx_word' id='word_1_262' title='bbox 697 1625 757 1644; x_wconf 87' lang='lat' dir='ltr'><strong>esse</strong></span> <span class='ocrx_word' id='word_1_263' title='bbox 772 1616 963 1644; x_wconf 83' lang='lat' dir='ltr'><strong>Paracletutn?</strong></span> 
     </span>
    </p>
   </div>
   <div class='ocr_carea' id='block_1_36' title="bbox 175 1661 963 1696">
    <p class='ocr_par' dir='ltr' id='par_1_36' title="bbox 175 1661 963 1696">
     <span class='ocr_line' id='line_1_36' title="bbox 175 1661 963 1696; baseline 0.001 -8"><span class='ocrx_word' id='word_1_264' title='bbox 175 1661 244 1694; x_wconf 74' lang='lat' dir='ltr'><strong>Quid</strong></span> <span class='ocrx_word' id='word_1_265' title='bbox 262 1667 420 1696; x_wconf 82' lang='lat' dir='ltr'><strong>poteramus</strong></span> <span class='ocrx_word' id='word_1_266' title='bbox 434 1662 549 1696; x_wconf 85' lang='lat' dir='ltr'><strong>orphani</strong></span> <span class='ocrx_word' id='word_1_267' title='bbox 563 1662 662 1696; x_wconf 78' lang='lat' dir='ltr'><strong>facere,</strong></span> <span class='ocrx_word' id='word_1_268' title='bbox 678 1671 732 1689; x_wconf 92' lang='lat' dir='ltr'><strong>non</strong></span> <span class='ocrx_word' id='word_1_269' title='bbox 748 1663 878 1689; x_wconf 67' lang='lat' dir='ltr'><strong>habentes</strong></span> <span class='ocrx_word' id='word_1_270' title='bbox 892 1668 963 1689; x_wconf 93' lang='lat' dir='ltr'><strong>tuto—</strong></span> 
     </span>
    </p>
   </div>
   <div class='ocr_carea' id='block_1_37' title="bbox 172 1708 959 1742">
    <p class='ocr_par' dir='ltr' id='par_1_37' title="bbox 172 1708 959 1742">
     <span class='ocr_line' id='line_1_37' title="bbox 172 1708 959 1742; baseline -0.001 -7"><span class='ocrx_word' id='word_1_271' title='bbox 172 1708 251 1735; x_wconf 86' lang='lat' dir='ltr'><strong>rem?</strong></span> <span class='ocrx_word' id='word_1_272' title='bbox 262 1708 328 1734; x_wconf 88' lang='lat' dir='ltr'><strong>nihil</strong></span> <span class='ocrx_word' id='word_1_273' title='bbox 344 1716 392 1736; x_wconf 89' lang='lat' dir='ltr'><strong>nos</strong></span> <span class='ocrx_word' id='word_1_274' title='bbox 408 1708 574 1742; x_wconf 86' lang='lat' dir='ltr'><strong>deliquinns,</strong></span> <span class='ocrx_word' id='word_1_275' title='bbox 594 1713 621 1735; x_wconf 87' lang='lat' dir='ltr'><strong>tu</strong></span> <span class='ocrx_word' id='word_1_276' title='bbox 637 1717 686 1735; x_wconf 89' lang='lat' dir='ltr'><strong>nos</strong></span> <span class='ocrx_word' id='word_1_277' title='bbox 701 1708 829 1735; x_wconf 76' lang='lat' dir='ltr'><strong>fefellisti.</strong></span> <span class='ocrx_word' id='word_1_278' title='bbox 846 1708 898 1735; x_wconf 81' lang='lat' dir='ltr'><strong>Sed</strong></span> <span class='ocrx_word' id='word_1_279' title='bbox 913 1709 959 1735; x_wconf 84' lang='lat' dir='ltr'><strong>ab-</strong></span> 
     </span>
    </p>
   </div>
   <div class='ocr_carea' id='block_1_38' title="bbox 172 1753 961 1788">
    <p class='ocr_par' dir='ltr' id='par_1_38' title="bbox 172 1753 961 1788">
     <span class='ocr_line' id='line_1_38' title="bbox 172 1753 961 1788; baseline -0.001 -7"><span class='ocrx_word' id='word_1_280' title='bbox 172 1755 208 1781; x_wconf 82' lang='lat' dir='ltr'><strong>sit</strong></span> <span class='ocrx_word' id='word_1_281' title='bbox 233 1753 288 1788; x_wconf 66' lang='lat'><strong>(57)</strong></span> <span class='ocrx_word' id='word_1_282' title='bbox 308 1753 359 1780; x_wconf 90' lang='lat' dir='ltr'><strong>hoc</strong></span> <span class='ocrx_word' id='word_1_283' title='bbox 374 1761 389 1779; x_wconf 92' lang='lat' dir='ltr'><strong>a</strong></span> <span class='ocrx_word' id='word_1_284' title='bbox 414 1753 528 1780; x_wconf 88' lang='lat' dir='ltr'><strong>Domino</strong></span> <span class='ocrx_word' id='word_1_285' title='bbox 550 1759 643 1781; x_wconf 82' lang='lat' dir='ltr'><strong>nostro</strong></span> <span class='ocrx_word' id='word_1_286' title='bbox 662 1753 726 1781; x_wconf 81' lang='lat' dir='ltr'><strong>.lcsn</strong></span> <span class='ocrx_word' id='word_1_287' title='bbox 741 1754 852 1780; x_wconf 76' lang='lat' dir='ltr'><strong>Christo</strong></span> <span class='ocrx_word' id='word_1_288' title='bbox 867 1754 961 1780; x_wconf 86' lang='lat' dir='ltr'><strong>Salva-</strong></span> 
     </span>
    </p>
   </div>
   <div class='ocr_carea' id='block_1_39' title="bbox 173 1799 962 1835">
    <p class='ocr_par' dir='ltr' id='par_1_39' title="bbox 173 1799 962 1835">
     <span class='ocr_line' id='line_1_39' title="bbox 173 1799 962 1835; baseline -0.003 -7"><span class='ocrx_word' id='word_1_289' title='bbox 173 1806 232 1828; x_wconf 88' lang='lat' dir='ltr'><strong>tore</strong></span> <span class='ocrx_word' id='word_1_290' title='bbox 252 1800 342 1827; x_wconf 87' lang='lat' dir='ltr'><strong>omnis</strong></span> <span class='ocrx_word' id='word_1_291' title='bbox 357 1801 465 1827; x_wconf 70' lang='lat' dir='ltr'><strong>animm.</strong></span> <span class='ocrx_word' id='word_1_292' title='bbox 487 1799 545 1826; x_wconf 88' lang='lat' dir='ltr'><strong>Non</strong></span> <span class='ocrx_word' id='word_1_293' title='bbox 564 1801 635 1827; x_wconf 83' lang='lat' dir='ltr'><strong>enim</strong></span> <span class='ocrx_word' id='word_1_294' title='bbox 656 1805 779 1828; x_wconf 86' lang='lat' dir='ltr'><strong>moratus</strong></span> <span class='ocrx_word' id='word_1_295' title='bbox 795 1805 836 1827; x_wconf 74' lang='lat' dir='ltr'><strong>est</strong></span> <span class='ocrx_word' id='word_1_296' title='bbox 851 1801 876 1827; x_wconf 93' lang='lat' dir='ltr'><strong>in</strong></span> <span class='ocrx_word' id='word_1_297' title='bbox 898 1808 962 1835; x_wconf 89' lang='lat' dir='ltr'><strong>pro-</strong></span> 
     </span>
    </p>
   </div>
   <div class='ocr_carea' id='block_1_40' title="bbox 173 1846 962 1880">
    <p class='ocr_par' dir='ltr' id='par_1_40' title="bbox 173 1846 962 1880">
     <span class='ocr_line' id='line_1_40' title="bbox 173 1846 962 1880; baseline -0.001 -5"><span class='ocrx_word' id='word_1_298' title='bbox 173 1848 352 1876; x_wconf 82' lang='lat' dir='ltr'><strong>missionibus</strong></span> <span class='ocrx_word' id='word_1_299' title='bbox 377 1848 444 1880; x_wconf 87' lang='lat' dir='ltr'><strong>suis,</strong></span> <span class='ocrx_word' id='word_1_300' title='bbox 473 1848 520 1874; x_wconf 91' lang='lat' dir='ltr'><strong>sed</strong></span> <span class='ocrx_word' id='word_1_301' title='bbox 547 1855 608 1875; x_wconf 90' lang='lat' dir='ltr'><strong>cum</strong></span> <span class='ocrx_word' id='word_1_302' title='bbox 633 1848 772 1875; x_wconf 75' lang='lat' dir='ltr'><strong>dixisset:</strong></span> <span class='ocrx_word' id='word_1_303' title='bbox 800 1857 808 1872; x_wconf 93' lang='grc'><strong>1</strong></span> <span class='ocrx_word' id='word_1_304' title='bbox 831 1846 904 1875; x_wconf 88' lang='lat' dir='ltr'><strong>Vado</strong></span> <span class='ocrx_word' id='word_1_305' title='bbox 929 1849 962 1875; x_wconf 87' lang='lat' dir='ltr'><strong>ad</strong></span> 
     </span>
    </p>
   </div>
   <div class='ocr_carea' id='block_1_41' title="bbox 475 1917 695 1948">
    <p class='ocr_par' dir='ltr' id='par_1_41' title="bbox 475 1917 695 1948">
     <span class='ocr_line' id='line_1_41' title="bbox 475 1917 695 1948; baseline 0.005 -4"><span class='ocrx_word' id='word_1_306' title='bbox 475 1918 497 1933; x_wconf 70' lang='grc'>⁴⁰</span> <span class='ocrx_word' id='word_1_307' title='bbox 512 1917 563 1944; x_wconf 79' lang='lat' dir='ltr'><strong>Joh</strong></span> <span class='ocrx_word' id='word_1_308' title='bbox 578 1927 630 1948; x_wconf 77' lang='lat' dir='ltr'><strong>xtv,</strong></span> <span class='ocrx_word' id='word_1_309' title='bbox 654 1918 695 1945; x_wconf 83' lang='lat'><strong>18.</strong></span> 
     </span>
    </p>
   </div>
   <div class='ocr_carea' id='block_1_42' title="bbox 461 1952 726 1986">
    <p class='ocr_par' dir='ltr' id='par_1_42' title="bbox 461 1952 726 1986">
     <span class='ocr_line' id='line_1_42' title="bbox 461 1952 726 1986; baseline 0 -6"><span class='ocrx_word' id='word_1_310' title='bbox 461 1952 665 1986; x_wconf 70' lang='lat' dir='ltr'><strong>H‘lilatth..vxn,</strong></span> <span class='ocrx_word' id='word_1_311' title='bbox 682 1954 726 1980; x_wconf 69' lang='lat'><strong>:29.</strong></span> 
     </span>
    </p>
   </div>
   <div class='ocr_carea' id='block_1_43' title="bbox 209 1918 966 1948">
    <p class='ocr_par' dir='ltr' id='par_1_43' title="bbox 209 1918 966 1948">
     <span class='ocr_line' id='line_1_43' title="bbox 209 1918 966 1948; baseline 0 -4"><span class='ocrx_word' id='word_1_312' title='bbox 209 1919 230 1934; x_wconf 70' lang='lat'><strong>‘9</strong></span> <span class='ocrx_word' id='word_1_313' title='bbox 245 1918 323 1945; x_wconf 74' lang='lat' dir='ltr'><strong>Joan.</strong></span> <span class='ocrx_word' id='word_1_314' title='bbox 341 1926 393 1948; x_wconf 77' lang='lat' dir='ltr'><strong>xvt,</strong></span> <span class='ocrx_word' id='word_1_315' title='bbox 412 1918 437 1944; x_wconf 79' lang='grc'><strong>8.</strong></span> <span class='ocrx_word' id='word_1_316' title='bbox 475 1918 497 1933; x_wconf 70' lang='grc'>⁴⁰</span> <span class='ocrx_word' id='word_1_317' title='bbox 512 1918 563 1944; x_wconf 79' lang='lat' dir='ltr'><strong>Joh</strong></span> <span class='ocrx_word' id='word_1_318' title='bbox 578 1927 630 1948; x_wconf 77' lang='lat' dir='ltr'><strong>xtv,</strong></span> <span class='ocrx_word' id='word_1_319' title='bbox 654 1918 695 1945; x_wconf 85' lang='lat'><strong>18.</strong></span> <span class='ocrx_word' id='word_1_320' title='bbox 736 1919 755 1933; x_wconf 75' lang='grc'><strong>⁵¹</strong></span> <span class='ocrx_word' id='word_1_321' title='bbox 776 1918 843 1944; x_wconf 78' lang='grc'><strong>111111.</strong></span> <span class='ocrx_word' id='word_1_322' title='bbox 863 1918 906 1948; x_wconf 82' lang='grc'><strong>16.</strong></span> <span class='ocrx_word' id='word_1_323' title='bbox 922 1919 966 1944; x_wconf 69' lang='grc'><strong>23.</strong></span> 
     </span>
    </p>
   </div>
   <div class='ocr_carea' id='block_1_44' title="bbox 173 1953 422 1986">
    <p class='ocr_par' dir='ltr' id='par_1_44' title="bbox 173 1953 422 1986">
     <span class='ocr_line' id='line_1_44' title="bbox 173 1953 422 1986; baseline 0.004 -7"><span class='ocrx_word' id='word_1_324' title='bbox 173 1954 196 1972; x_wconf 67' lang='grc' dir='ltr'><strong>δ’</strong></span> <span class='ocrx_word' id='word_1_325' title='bbox 210 1953 291 1981; x_wconf 75' lang='lat' dir='ltr'><strong>lCor.</strong></span> <span class='ocrx_word' id='word_1_326' title='bbox 305 1962 348 1986; x_wconf 79' lang='lat' dir='ltr'><strong>xv,</strong></span> <span class='ocrx_word' id='word_1_327' title='bbox 379 1954 422 1980; x_wconf 75' lang='grc'><strong>56.</strong></span> 
     </span>
    </p>
   </div>
   <div class='ocr_carea' id='block_1_45' title="bbox 209 2033 963 2069">
    <p class='ocr_par' dir='ltr' id='par_1_45' title="bbox 209 2033 963 2069">
     <span class='ocr_line' id='line_1_45' title="bbox 209 2033 963 2069; baseline 0.004 -10"><span class='ocrx_word' id='word_1_328' title='bbox 209 2033 265 2069; x_wconf 71' lang='grc'><strong>(54)</strong></span> <span class='ocrx_word' id='word_1_329' title='bbox 279 2034 331 2060; x_wconf 87' lang='lat' dir='ltr'><strong>Aut</strong></span> <span class='ocrx_word' id='word_1_330' title='bbox 353 2034 419 2060; x_wconf 89' lang='lat' dir='ltr'><strong>nihil</strong></span> <span class='ocrx_word' id='word_1_331' title='bbox 434 2034 520 2066; x_wconf 87' lang='lat' dir='ltr'><strong>video,</strong></span> <span class='ocrx_word' id='word_1_332' title='bbox 546 2039 593 2061; x_wconf 87' lang='lat' dir='ltr'><strong>aut</strong></span> <span class='ocrx_word' id='word_1_333' title='bbox 608 2035 643 2061; x_wconf 85' lang='lat' dir='ltr'><strong>ita</strong></span> <span class='ocrx_word' id='word_1_334' title='bbox 663 2035 847 2062; x_wconf 82' lang='lat' dir='ltr'><strong>restituendus</strong></span> <span class='ocrx_word' id='word_1_335' title='bbox 861 2040 902 2062; x_wconf 84' lang='lat' dir='ltr'><strong>est</strong></span> <span class='ocrx_word' id='word_1_336' title='bbox 919 2035 963 2062; x_wconf 89' lang='lat' dir='ltr'><strong>hic</strong></span> 
     </span>
    </p>
   </div>
   <div class='ocr_carea' id='block_1_46' title="bbox 171 2068 959 2104">
    <p class='ocr_par' dir='ltr' id='par_1_46' title="bbox 171 2068 959 2104">
     <span class='ocr_line' id='line_1_46' title="bbox 171 2068 959 2104; baseline 0 -8"><span class='ocrx_word' id='word_1_337' title='bbox 171 2069 248 2096; x_wconf 82' lang='lat' dir='ltr'><strong>locus</strong></span> <span class='ocrx_word' id='word_1_338' title='bbox 265 2068 406 2095; x_wconf 73' lang='lat' dir='ltr'><strong>manifeste</strong></span> <span class='ocrx_word' id='word_1_339' title='bbox 429 2075 587 2104; x_wconf 78' lang='lat' dir='ltr'><strong>corruptus;</strong></span> <span class='ocrx_word' id='word_1_340' title='bbox 604 2078 665 2096; x_wconf 86' lang='lat' dir='ltr'><strong>nam</strong></span> <span class='ocrx_word' id='word_1_341' title='bbox 683 2071 708 2096; x_wconf 94' lang='lat' dir='ltr'><strong>in</strong></span> <span class='ocrx_word' id='word_1_342' title='bbox 732 2071 825 2096; x_wconf 73' lang='lat' dir='ltr'><strong>codice</strong></span> <span class='ocrx_word' id='word_1_343' title='bbox 844 2071 879 2097; x_wconf 87' lang='lat' dir='ltr'><strong>ita</strong></span> <span class='ocrx_word' id='word_1_344' title='bbox 891 2071 959 2096; x_wconf 85' lang='lat' dir='ltr'><strong>srri-</strong></span> 
     </span>
    </p>
   </div>
   <div class='ocr_carea' id='block_1_47' title="bbox 171 2105 960 2139">
    <p class='ocr_par' dir='ltr' id='par_1_47' title="bbox 171 2105 960 2139">
     <span class='ocr_line' id='line_1_47' title="bbox 171 2105 960 2139; baseline 0.001 -8"><span class='ocrx_word' id='word_1_345' title='bbox 171 2105 244 2131; x_wconf 86' lang='lat' dir='ltr'><strong>hitur</strong></span> <span class='ocrx_word' id='word_1_346' title='bbox 260 2113 266 2131; x_wconf 80' lang='lat'><strong><em>2</em></strong></span> <span class='ocrx_word' id='word_1_347' title='bbox 284 2114 292 2129; x_wconf 86' lang='grc'><strong>1</strong></span> <span class='ocrx_word' id='word_1_348' title='bbox 308 2105 353 2130; x_wconf 84' lang='lat' dir='ltr'><strong>Siti</strong></span> <span class='ocrx_word' id='word_1_349' title='bbox 368 2111 456 2131; x_wconf 79' lang='lat' dir='ltr'><strong>autent</strong></span> <span class='ocrx_word' id='word_1_350' title='bbox 467 2106 610 2131; x_wconf 70' lang='lat' dir='ltr'><strong>conderent</strong></span> <span class='ocrx_word' id='word_1_351' title='bbox 630 2114 658 2131; x_wconf 83' lang='lat' dir='ltr'><strong>se</strong></span> <span class='ocrx_word' id='word_1_352' title='bbox 676 2105 779 2136; x_wconf 80' lang='lat' dir='ltr'><strong>dicetis,</strong></span> <span class='ocrx_word' id='word_1_353' title='bbox 790 2111 960 2139; x_wconf 71' lang='lat' dir='ltr'><strong>exposceret,</strong></span> 
     </span>
    </p>
   </div>
   <div class='ocr_carea' id='block_1_48' title="bbox 171 2140 924 2175">
    <p class='ocr_par' dir='ltr' id='par_1_48' title="bbox 171 2140 924 2175">
     <span class='ocr_line' id='line_1_48' title="bbox 171 2140 924 2175; baseline -0.001 -9"><span class='ocrx_word' id='word_1_354' title='bbox 171 2140 323 2166; x_wconf 86' lang='lat' dir='ltr'><strong>devitarent</strong></span> <span class='ocrx_word' id='word_1_355' title='bbox 339 2141 474 2174; x_wconf 73' lang='lat' dir='ltr'><strong>persequi,</strong></span> <span class='ocrx_word' id='word_1_356' title='bbox 493 2141 609 2166; x_wconf 85' lang='lat' dir='ltr'><strong>alienum</strong></span> <span class='ocrx_word' id='word_1_357' title='bbox 625 2149 685 2166; x_wconf 84' lang='lat' dir='ltr'><strong>esse</strong></span> <span class='ocrx_word' id='word_1_358' title='bbox 699 2141 897 2175; x_wconf 84' lang='lat' dir='ltr'><strong>promtntiaret.</strong></span> <span class='ocrx_word' id='word_1_359' title='bbox 916 2150 924 2165; x_wconf 92' lang='grc'><strong>1</strong></span> 
     </span>
    </p>
   </div>
   <div class='ocr_carea' id='block_1_49' title="bbox 209 2175 965 2209">
    <p class='ocr_par' dir='ltr' id='par_1_49' title="bbox 209 2175 965 2209">
     <span class='ocr_line' id='line_1_49' title="bbox 209 2175 965 2209; baseline 0.003 -8"><span class='ocrx_word' id='word_1_360' title='bbox 209 2176 265 2209; x_wconf 77' lang='grc'><strong>(55)</strong></span> <span class='ocrx_word' id='word_1_361' title='bbox 286 2175 340 2201; x_wconf 91' lang='lat' dir='ltr'><strong>lloc</strong></span> <span class='ocrx_word' id='word_1_362' title='bbox 357 2176 451 2202; x_wconf 77' lang='lat' dir='ltr'><strong>eodem</strong></span> <span class='ocrx_word' id='word_1_363' title='bbox 463 2180 623 2209; x_wconf 76' lang='lat' dir='ltr'><strong>argumento</strong></span> <span class='ocrx_word' id='word_1_364' title='bbox 636 2176 769 2202; x_wconf 73' lang='lat' dir='ltr'><strong>athcrsus</strong></span> <span class='ocrx_word' id='word_1_365' title='bbox 785 2175 965 2203; x_wconf 83' lang='lat' dir='ltr'><strong>Montanistas</strong></span> 
     </span>
    </p>
   </div>
   <div class='ocr_carea' id='block_1_50' title="bbox 172 2201 1003 2245">
    <p class='ocr_par' dir='ltr' id='par_1_50' title="bbox 172 2201 1003 2245">
     <span class='ocr_line' id='line_1_50' title="bbox 172 2201 1003 2245; baseline 0.002 -10"><span class='ocrx_word' id='word_1_366' title='bbox 172 2201 263 2237; x_wconf 66' lang='lat' dir='ltr'><strong>utitur&quot;</strong></span> <span class='ocrx_word' id='word_1_367' title='bbox 278 2209 438 2238; x_wconf 82' lang='lat' dir='ltr'><strong>Theodorus</strong></span> <span class='ocrx_word' id='word_1_368' title='bbox 466 2201 622 2237; x_wconf 69' lang='lat' dir='ltr'><strong>llei-acleota</strong></span> <span class='ocrx_word' id='word_1_369' title='bbox 651 2211 676 2236; x_wconf 92' lang='lat' dir='ltr'><strong>iu</strong></span> <span class='ocrx_word' id='word_1_370' title='bbox 705 2219 763 2245; x_wconf 79' lang='lat' dir='ltr'><strong>cap.</strong></span> <span class='ocrx_word' id='word_1_371' title='bbox 792 2219 836 2237; x_wconf 76' lang='lat' dir='ltr'><strong>xw</strong></span> <span class='ocrx_word' id='word_1_372' title='bbox 859 2210 960 2245; x_wconf 67' lang='lat' dir='ltr'><strong>Evang.</strong></span> <span class='ocrx_word' id='word_1_373' title='bbox 983 2201 1003 2228; x_wconf 76' lang='grc' dir='ltr'>υ</span> 
     </span>
    </p>
   </div>
   <div class='ocr_carea' id='block_1_51' title="bbox 171 2244 964 2280">
    <p class='ocr_par' dir='ltr' id='par_1_51' title="bbox 171 2244 964 2280">
     <span class='ocr_line' id='line_1_51' title="bbox 171 2244 964 2280; baseline 0.001 -9"><span class='ocrx_word' id='word_1_374' title='bbox 171 2244 263 2275; x_wconf 81' lang='lat' dir='ltr'><strong>Joan.,</strong></span> <span class='ocrx_word' id='word_1_375' title='bbox 282 2254 354 2272; x_wconf 78' lang='lat' dir='ltr'><strong>vers.</strong></span> <span class='ocrx_word' id='word_1_376' title='bbox 372 2246 414 2277; x_wconf 85' lang='lat'><strong>17,</strong></span> <span class='ocrx_word' id='word_1_377' title='bbox 432 2254 492 2273; x_wconf 84' lang='lat' dir='ltr'><strong>cum</strong></span> <span class='ocrx_word' id='word_1_378' title='bbox 511 2246 619 2280; x_wconf 87' lang='lat' dir='ltr'><strong>inquit:</strong></span> <span class='ocrx_word' id='word_1_379' title='bbox 636 2255 645 2270; x_wconf 93' lang='grc'><strong>‹</strong></span> <span class='ocrx_word' id='word_1_380' title='bbox 664 2244 767 2272; x_wconf 80' lang='lat' dir='ltr'><strong>Namsi</strong></span> <span class='ocrx_word' id='word_1_381' title='bbox 786 2246 839 2273; x_wconf 86' lang='lat' dir='ltr'><strong>illis</strong></span> <span class='ocrx_word' id='word_1_382' title='bbox 856 2254 908 2272; x_wconf 89' lang='lat' dir='ltr'><strong>non</strong></span> <span class='ocrx_word' id='word_1_383' title='bbox 925 2247 964 2272; x_wconf 86' lang='lat' dir='ltr'><strong>di-</strong></span> 
     </span>
    </p>
   </div>
   <div class='ocr_carea' id='block_1_52' title="bbox 172 2280 963 2315">
    <p class='ocr_par' dir='ltr' id='par_1_52' title="bbox 172 2280 963 2315">
     <span class='ocr_line' id='line_1_52' title="bbox 172 2280 963 2315; baseline 0 -8"><span class='ocrx_word' id='word_1_384' title='bbox 172 2281 318 2314; x_wconf 71' lang='lat' dir='ltr'><strong>ligentibus</strong></span> <span class='ocrx_word' id='word_1_385' title='bbox 336 2281 436 2311; x_wconf 82' lang='lat' dir='ltr'><strong>solum,</strong></span> <span class='ocrx_word' id='word_1_386' title='bbox 453 2281 498 2307; x_wconf 83' lang='lat' dir='ltr'><strong>sed</strong></span> <span class='ocrx_word' id='word_1_387' title='bbox 516 2286 543 2307; x_wconf 90' lang='lat' dir='ltr'><strong>ct</strong></span> <span class='ocrx_word' id='word_1_388' title='bbox 559 2289 608 2315; x_wconf 89' lang='lat' dir='ltr'><strong>pro</strong></span> <span class='ocrx_word' id='word_1_389' title='bbox 630 2280 683 2306; x_wconf 83' lang='lat' dir='ltr'><strong>Deo</strong></span> <span class='ocrx_word' id='word_1_390' title='bbox 701 2286 814 2308; x_wconf 77' lang='lat' dir='ltr'><strong>mortem</strong></span> <span class='ocrx_word' id='word_1_391' title='bbox 832 2286 963 2315; x_wconf 83' lang='lat' dir='ltr'><strong>oppeten—</strong></span> 
     </span>
    </p>
   </div>
   <div class='ocr_carea' id='block_1_53' title="bbox 172 2316 961 2350">
    <p class='ocr_par' dir='ltr' id='par_1_53' title="bbox 172 2316 961 2350">
     <span class='ocr_line' id='line_1_53' title="bbox 172 2316 961 2350; baseline 0 -8"><span class='ocrx_word' id='word_1_392' title='bbox 172 2316 256 2347; x_wconf 86' lang='lat' dir='ltr'><strong>tibus,</strong></span> <span class='ocrx_word' id='word_1_393' title='bbox 273 2323 326 2342; x_wconf 88' lang='lat' dir='ltr'><strong>non</strong></span> <span class='ocrx_word' id='word_1_394' title='bbox 348 2317 477 2347; x_wconf 77' lang='lat' dir='ltr'><strong>misisset,</strong></span> <span class='ocrx_word' id='word_1_395' title='bbox 496 2323 575 2349; x_wconf 87' lang='lat' dir='ltr'><strong>quem</strong></span> <span class='ocrx_word' id='word_1_396' title='bbox 601 2317 765 2350; x_wconf 75' lang='lat' dir='ltr'><strong>promiserat</strong></span> <span class='ocrx_word' id='word_1_397' title='bbox 779 2316 961 2349; x_wconf 86' lang='lat' dir='ltr'><strong>Paracletum,</strong></span> 
     </span>
    </p>
   </div>
   <div class='ocr_carea' id='block_1_54' title="bbox 172 2350 961 2386">
    <p class='ocr_par' dir='ltr' id='par_1_54' title="bbox 172 2350 961 2386">
     <span class='ocr_line' id='line_1_54' title="bbox 172 2350 961 2386; baseline 0.001 -9"><span class='ocrx_word' id='word_1_398' title='bbox 172 2352 324 2386; x_wconf 77' lang='lat' dir='ltr'><strong>secundum</strong></span> <span class='ocrx_word' id='word_1_399' title='bbox 343 2350 525 2386; x_wconf 66' lang='lat' dir='ltr'><strong>Phrygiornm</strong></span> <span class='ocrx_word' id='word_1_400' title='bbox 543 2352 721 2385; x_wconf 79' lang='lat' dir='ltr'><strong>impietatem,</strong></span> <span class='ocrx_word' id='word_1_401' title='bbox 741 2352 915 2378; x_wconf 84' lang='lat' dir='ltr'><strong>mendacium</strong></span> <span class='ocrx_word' id='word_1_402' title='bbox 934 2352 961 2378; x_wconf 91' lang='lat' dir='ltr'><strong>in</strong></span> 
     </span>
    </p>
   </div>
   <div class='ocr_carea' id='block_1_55' title="bbox 172 2385 962 2421">
    <p class='ocr_par' dir='ltr' id='par_1_55' title="bbox 172 2385 962 2421">
     <span class='ocr_line' id='line_1_55' title="bbox 172 2385 962 2421; baseline 0.001 -9"><span class='ocrx_word' id='word_1_403' title='bbox 172 2385 328 2419; x_wconf 65' lang='lat' dir='ltr'><strong>Evangeliis</strong></span> <span class='ocrx_word' id='word_1_404' title='bbox 351 2387 527 2420; x_wconf 81' lang='lat' dir='ltr'><strong>reperiretur.</strong></span> <span class='ocrx_word' id='word_1_405' title='bbox 544 2387 656 2418; x_wconf 73' lang='lat' dir='ltr'><strong>Quodsi</strong></span> <span class='ocrx_word' id='word_1_406' title='bbox 674 2395 748 2419; x_wconf 83' lang='lat' dir='ltr'><strong>vero,</strong></span> <span class='ocrx_word' id='word_1_407' title='bbox 772 2395 834 2413; x_wconf 84' lang='lat' dir='ltr'><strong>cum</strong></span> <span class='ocrx_word' id='word_1_408' title='bbox 854 2387 889 2412; x_wconf 84' lang='lat' dir='ltr'><strong>sit</strong></span> <span class='ocrx_word' id='word_1_409' title='bbox 905 2387 962 2421; x_wconf 82' lang='lat' dir='ltr'><strong>ipsa</strong></span> 
     </span>
    </p>
   </div>
   <div class='ocr_carea' id='block_1_56' title="bbox 172 2421 963 2455">
    <p class='ocr_par' dir='ltr' id='par_1_56' title="bbox 172 2421 963 2455">
     <span class='ocr_line' id='line_1_56' title="bbox 172 2421 963 2455; baseline 0.003 -8"><span class='ocrx_word' id='word_1_410' title='bbox 172 2422 283 2453; x_wconf 82' lang='lat' dir='ltr'><strong>veritas,</strong></span> <span class='ocrx_word' id='word_1_411' title='bbox 306 2421 409 2448; x_wconf 87' lang='lat' dir='ltr'><strong>miserit</strong></span> <span class='ocrx_word' id='word_1_412' title='bbox 431 2421 463 2448; x_wconf 79' lang='lat' dir='ltr'><strong>iis</strong></span> <span class='ocrx_word' id='word_1_413' title='bbox 486 2421 616 2455; x_wconf 72' lang='lat' dir='ltr'><strong>Spiritum</strong></span> <span class='ocrx_word' id='word_1_414' title='bbox 641 2426 779 2452; x_wconf 80' lang='lat' dir='ltr'><strong>sanctum,</strong></span> <span class='ocrx_word' id='word_1_415' title='bbox 798 2426 899 2448; x_wconf 86' lang='lat' dir='ltr'><strong>temere</strong></span> <span class='ocrx_word' id='word_1_416' title='bbox 918 2430 963 2449; x_wconf 87' lang='lat' dir='ltr'><strong>er-</strong></span> 
     </span>
    </p>
   </div>
   <div class='ocr_carea' id='block_1_57' title="bbox 172 2457 964 2490">
    <p class='ocr_par' dir='ltr' id='par_1_57' title="bbox 172 2457 964 2490">
     <span class='ocr_line' id='line_1_57' title="bbox 172 2457 964 2490; baseline 0.001 -8"><span class='ocrx_word' id='word_1_417' title='bbox 172 2457 258 2483; x_wconf 88' lang='lat' dir='ltr'><strong>rando</strong></span> <span class='ocrx_word' id='word_1_418' title='bbox 276 2457 535 2488; x_wconf 82' lang='lat' dir='ltr'><strong>comminiscuntur,</strong></span> <span class='ocrx_word' id='word_1_419' title='bbox 557 2457 679 2483; x_wconf 81' lang='lat' dir='ltr'><strong>dicentes</strong></span> <span class='ocrx_word' id='word_1_420' title='bbox 695 2465 741 2490; x_wconf 76' lang='lat' dir='ltr'><strong>per</strong></span> <span class='ocrx_word' id='word_1_421' title='bbox 761 2457 918 2483; x_wconf 73' lang='lat' dir='ltr'><strong>Montanum</strong></span> <span class='ocrx_word' id='word_1_422' title='bbox 937 2462 964 2483; x_wconf 84' lang='lat' dir='ltr'><strong>et</strong></span> 
     </span>
    </p>
   </div>
   <div class='ocr_carea' id='block_1_58' title="bbox 172 2491 964 2526">
    <p class='ocr_par' dir='ltr' id='par_1_58' title="bbox 172 2491 964 2526">
     <span class='ocr_line' id='line_1_58' title="bbox 172 2491 964 2526; baseline 0.001 -8"><span class='ocrx_word' id='word_1_423' title='bbox 172 2491 325 2519; x_wconf 76' lang='lat' dir='ltr'><strong>Priscillam</strong></span> <span class='ocrx_word' id='word_1_424' title='bbox 351 2492 466 2518; x_wconf 78' lang='lat' dir='ltr'><strong>missum</strong></span> <span class='ocrx_word' id='word_1_425' title='bbox 488 2499 548 2517; x_wconf 85' lang='lat' dir='ltr'><strong>csse</strong></span> <span class='ocrx_word' id='word_1_426' title='bbox 564 2491 734 2518; x_wconf 76' lang='lat' dir='ltr'><strong>Paracletuni</strong></span> <span class='ocrx_word' id='word_1_427' title='bbox 753 2497 815 2526; x_wconf 77' lang='lat' dir='ltr'><strong>post</strong></span> <span class='ocrx_word' id='word_1_428' title='bbox 830 2493 964 2519; x_wconf 81' lang='lat' dir='ltr'><strong>ducentos</strong></span> 
     </span>
    </p>
   </div>
   <div class='ocr_carea' id='block_1_59' title="bbox 172 2527 961 2561">
    <p class='ocr_par' dir='ltr' id='par_1_59' title="bbox 172 2527 961 2561">
     <span class='ocr_line' id='line_1_59' title="bbox 172 2527 961 2561; baseline 0 -9"><span class='ocrx_word' id='word_1_429' title='bbox 172 2531 198 2553; x_wconf 81' lang='lat' dir='ltr'><strong>et</strong></span> <span class='ocrx_word' id='word_1_430' title='bbox 215 2527 324 2559; x_wconf 65' lang='lat' dir='ltr'><strong>triginta</strong></span> <span class='ocrx_word' id='word_1_431' title='bbox 341 2535 428 2553; x_wconf 80' lang='lat' dir='ltr'><strong>annos</strong></span> <span class='ocrx_word' id='word_1_432' title='bbox 445 2527 478 2552; x_wconf 86' lang='lat' dir='ltr'><strong>ab</strong></span> <span class='ocrx_word' id='word_1_433' title='bbox 493 2527 642 2560; x_wconf 74' lang='lat' dir='ltr'><strong>apostolica</strong></span> <span class='ocrx_word' id='word_1_434' title='bbox 662 2527 748 2561; x_wconf 63' lang='lat' dir='ltr'><strong>gratia</strong></span> <span class='ocrx_word' id='word_1_435' title='bbox 766 2533 930 2554; x_wconf 83' lang='lat' dir='ltr'><strong>transactos.</strong></span> <span class='ocrx_word' id='word_1_436' title='bbox 953 2537 961 2552; x_wconf 88' lang='grc'><strong>1</strong></span> 
     </span>
    </p>
   </div>
   <div class='ocr_carea' id='block_1_60' title="bbox 209 2562 964 2597">
    <p class='ocr_par' dir='ltr' id='par_1_60' title="bbox 209 2562 964 2597">
     <span class='ocr_line' id='line_1_60' title="bbox 209 2562 964 2597; baseline 0 -10"><span class='ocrx_word' id='word_1_437' title='bbox 209 2562 264 2597; x_wconf 59' lang='lat' dir='ltr'><strong>(Tuli)</strong></span> <span class='ocrx_word' id='word_1_438' title='bbox 279 2563 468 2589; x_wconf 57' lang='lat' dir='ltr'><strong>Contentionis</strong></span> <span class='ocrx_word' id='word_1_439' title='bbox 484 2567 549 2588; x_wconf 75' lang='lat' dir='ltr'><strong>:rstn</strong></span> <span class='ocrx_word' id='word_1_440' title='bbox 572 2567 649 2588; x_wconf 77' lang='lat' dir='ltr'><strong>actus</strong></span> <span class='ocrx_word' id='word_1_441' title='bbox 673 2562 779 2589; x_wconf 81' lang='lat' dir='ltr'><strong>videtur</strong></span> <span class='ocrx_word' id='word_1_442' title='bbox 796 2563 840 2589; x_wconf 87' lang='lat' dir='ltr'><strong>hic</strong></span> <span class='ocrx_word' id='word_1_443' title='bbox 861 2563 964 2589; x_wconf 75' lang='lat' dir='ltr'><strong>dixisse</strong></span> 
     </span>
    </p>
   </div>
   <div class='ocr_carea' id='block_1_61' title="bbox 173 2596 963 2631">
    <p class='ocr_par' dir='ltr' id='par_1_61' title="bbox 173 2596 963 2631">
     <span class='ocr_line' id='line_1_61' title="bbox 173 2596 963 2631; baseline 0 -9"><span class='ocrx_word' id='word_1_444' title='bbox 173 2596 333 2628; x_wconf 75' lang='lat' dir='ltr'><strong>Archelaus,</strong></span> <span class='ocrx_word' id='word_1_445' title='bbox 350 2602 407 2631; x_wconf 80' lang='lat' dir='ltr'><strong>post</strong></span> <span class='ocrx_word' id='word_1_446' title='bbox 425 2602 560 2624; x_wconf 82' lang='lat' dir='ltr'><strong>trecentos</strong></span> <span class='ocrx_word' id='word_1_447' title='bbox 571 2603 595 2623; x_wconf 72' lang='lat' dir='ltr'><strong>et</strong></span> <span class='ocrx_word' id='word_1_448' title='bbox 611 2598 728 2631; x_wconf 81' lang='lat' dir='ltr'><strong>amplius</strong></span> <span class='ocrx_word' id='word_1_449' title='bbox 740 2605 827 2624; x_wconf 87' lang='lat' dir='ltr'><strong>annos</strong></span> <span class='ocrx_word' id='word_1_450' title='bbox 838 2606 851 2623; x_wconf 93' lang='lat' dir='ltr'><strong>a</strong></span> <span class='ocrx_word' id='word_1_451' title='bbox 861 2598 963 2624; x_wconf 84' lang='lat' dir='ltr'><strong>Christi</strong></span> 
     </span>
    </p>
   </div>
   <div class='ocr_carea' id='block_1_62' title="bbox 174 2632 965 2659">
    <p class='ocr_par' dir='ltr' id='par_1_62' title="bbox 174 2632 965 2659">
     <span class='ocr_line' id='line_1_62' title="bbox 174 2632 965 2659; baseline 0.001 -1"><span class='ocrx_word' id='word_1_452' title='bbox 174 2637 260 2659; x_wconf 87' lang='lat' dir='ltr'><strong>tnortc</strong></span> <span class='ocrx_word' id='word_1_453' title='bbox 283 2632 415 2658; x_wconf 77' lang='lat' dir='ltr'><strong>Manetem</strong></span> <span class='ocrx_word' id='word_1_454' title='bbox 438 2633 583 2659; x_wconf 71' lang='lat' dir='ltr'><strong>emersisse</strong></span> <span class='ocrx_word' id='word_1_455' title='bbox 601 2641 607 2658; x_wconf 85' lang='lat'><strong>:</strong></span> <span class='ocrx_word' id='word_1_456' title='bbox 625 2641 686 2658; x_wconf 91' lang='lat' dir='ltr'><strong>nam</strong></span> <span class='ocrx_word' id='word_1_457' title='bbox 713 2641 727 2659; x_wconf 86' lang='lat' dir='ltr'><strong>a</strong></span> <span class='ocrx_word' id='word_1_458' title='bbox 747 2633 849 2659; x_wconf 82' lang='lat' dir='ltr'><strong>Christi</strong></span> <span class='ocrx_word' id='word_1_459' title='bbox 877 2637 965 2659; x_wconf 85' lang='lat' dir='ltr'><strong>morte</strong></span> 
     </span>
    </p>
   </div>
   <div class='ocr_carea' id='block_1_63' title="bbox 172 2667 963 2702">
    <p class='ocr_par' dir='ltr' id='par_1_63' title="bbox 172 2667 963 2702">
     <span class='ocr_line' id='line_1_63' title="bbox 172 2667 963 2702; baseline -0.003 -8"><span class='ocrx_word' id='word_1_460' title='bbox 172 2675 261 2701; x_wconf 88' lang='lat' dir='ltr'><strong>usque</strong></span> <span class='ocrx_word' id='word_1_461' title='bbox 275 2668 310 2694; x_wconf 85' lang='lat' dir='ltr'><strong>ad</strong></span> <span class='ocrx_word' id='word_1_462' title='bbox 327 2667 424 2694; x_wconf 72' lang='lat' dir='ltr'><strong>habitae</strong></span> <span class='ocrx_word' id='word_1_463' title='bbox 437 2675 498 2694; x_wconf 86' lang='lat' dir='ltr'><strong>cum</strong></span> <span class='ocrx_word' id='word_1_464' title='bbox 515 2667 619 2694; x_wconf 68' lang='lat' dir='ltr'><strong>Mani-te</strong></span> <span class='ocrx_word' id='word_1_465' title='bbox 633 2667 829 2701; x_wconf 78' lang='lat' dir='ltr'><strong>disputationis</strong></span> <span class='ocrx_word' id='word_1_466' title='bbox 845 2672 963 2702; x_wconf 77' lang='lat' dir='ltr'><strong>tempus,</strong></span> 
     </span>
    </p>
   </div>
   <div class='ocr_carea' id='block_1_64' title="bbox 173 2702 964 2736">
    <p class='ocr_par' dir='ltr' id='par_1_64' title="bbox 173 2702 964 2736">
     <span class='ocr_line' id='line_1_64' title="bbox 173 2702 964 2736; baseline 0.001 -8"><span class='ocrx_word' id='word_1_467' title='bbox 173 2705 236 2728; x_wconf 86' lang='lat' dir='ltr'><strong>anni</strong></span> <span class='ocrx_word' id='word_1_468' title='bbox 256 2702 363 2730; x_wconf 81' lang='lat' dir='ltr'><strong>circiter</strong></span> <span class='ocrx_word' id='word_1_469' title='bbox 381 2711 474 2729; x_wconf 75' lang='lat' dir='ltr'><strong>ccxux</strong></span> <span class='ocrx_word' id='word_1_470' title='bbox 493 2703 672 2730; x_wconf 59' lang='lat' dir='ltr'><strong>intercedunt.</strong></span> <span class='ocrx_word' id='word_1_471' title='bbox 690 2702 756 2729; x_wconf 70' lang='lat' dir='ltr'><strong>Vide</strong></span> <span class='ocrx_word' id='word_1_472' title='bbox 778 2702 964 2736; x_wconf 72' lang='lat' dir='ltr'><strong>przefatioucm</strong></span> 
     </span>
    </p>
   </div>
   <div class='ocr_carea' id='block_1_65' title="bbox 173 2738 496 2764">
    <p class='ocr_par' dir='ltr' id='par_1_65' title="bbox 173 2738 496 2764">
     <span class='ocr_line' id='line_1_65' title="bbox 173 2738 496 2764; baseline -0.003 0"><span class='ocrx_word' id='word_1_473' title='bbox 173 2741 295 2764; x_wconf 68' lang='lat' dir='ltr'><strong>nostram</strong></span> <span class='ocrx_word' id='word_1_474' title='bbox 309 2738 335 2764; x_wconf 92' lang='lat' dir='ltr'><strong>iu</strong></span> <span class='ocrx_word' id='word_1_475' title='bbox 355 2738 496 2764; x_wconf 73' lang='grc' dir='ltr'><strong>ΑιϊΙιιιΙιιο.</strong></span> 
     </span>
    </p>
   </div>
   <div class='ocr_carea' id='block_1_66' title="bbox 210 2772 964 2806">
    <p class='ocr_par' dir='ltr' id='par_1_66' title="bbox 210 2772 964 2806">
     <span class='ocr_line' id='line_1_66' title="bbox 210 2772 964 2806; baseline 0 -8"><span class='ocrx_word' id='word_1_476' title='bbox 210 2772 267 2806; x_wconf 76' lang='grc'><strong>(57)</strong></span> <span class='ocrx_word' id='word_1_477' title='bbox 284 2772 369 2799; x_wconf 79' lang='lat' dir='ltr'><strong>Parva</strong></span> <span class='ocrx_word' id='word_1_478' title='bbox 386 2774 537 2800; x_wconf 84' lang='lat' dir='ltr'><strong>mutatione</strong></span> <span class='ocrx_word' id='word_1_479' title='bbox 561 2773 634 2800; x_wconf 75' lang='lat' dir='ltr'><strong>hunc.</strong></span> <span class='ocrx_word' id='word_1_480' title='bbox 653 2774 741 2800; x_wconf 86' lang='lat' dir='ltr'><strong>locum</strong></span> <span class='ocrx_word' id='word_1_481' title='bbox 765 2778 848 2804; x_wconf 83' lang='lat' dir='ltr'><strong>recte,</strong></span> <span class='ocrx_word' id='word_1_482' title='bbox 868 2773 895 2800; x_wconf 90' lang='lat' dir='ltr'><strong>ni</strong></span> <span class='ocrx_word' id='word_1_483' title='bbox 913 2772 964 2799; x_wconf 83' lang='lat' dir='ltr'><strong>fal-</strong></span> 
     </span>
    </p>
   </div>
   <div class='ocr_carea' id='block_1_67' title="bbox 173 2807 966 2842">
    <p class='ocr_par' dir='ltr' id='par_1_67' title="bbox 173 2807 966 2842">
     <span class='ocr_line' id='line_1_67' title="bbox 173 2807 966 2842; baseline 0 -9"><span class='ocrx_word' id='word_1_484' title='bbox 173 2807 225 2837; x_wconf 65' lang='grc'><strong>1111.</strong></span> <span class='ocrx_word' id='word_1_485' title='bbox 242 2808 459 2836; x_wconf 73' lang='lat' dir='ltr'><strong>cmendavinius,</strong></span> <span class='ocrx_word' id='word_1_486' title='bbox 478 2809 524 2842; x_wconf 87' lang='lat' dir='ltr'><strong>qui</strong></span> <span class='ocrx_word' id='word_1_487' title='bbox 547 2808 573 2834; x_wconf 92' lang='lat' dir='ltr'><strong>in</strong></span> <span class='ocrx_word' id='word_1_488' title='bbox 593 2809 687 2834; x_wconf 73' lang='lat' dir='ltr'><strong>codice</strong></span> <span class='ocrx_word' id='word_1_489' title='bbox 713 2809 855 2835; x_wconf 74' lang='lat' dir='ltr'><strong>(Iasinensi</strong></span> <span class='ocrx_word' id='word_1_490' title='bbox 881 2809 916 2834; x_wconf 89' lang='lat' dir='ltr'><strong>ila</strong></span> <span class='ocrx_word' id='word_1_491' title='bbox 937 2816 966 2833; x_wconf 74' lang='lat' dir='ltr'><strong>se.</strong></span> 
     </span>
    </p>
   </div>
   <div class='ocr_carea' id='block_1_68' title="bbox 175 2842 964 2879">
    <p class='ocr_par' dir='ltr' id='par_1_68' title="bbox 175 2842 964 2879">
     <span class='ocr_line' id='line_1_68' title="bbox 175 2842 964 2879; baseline -0.001 -10"><span class='ocrx_word' id='word_1_492' title='bbox 175 2842 304 2879; x_wconf 64' lang='lat' dir='ltr'><strong>habent</strong></span> <span class='ocrx_word' id='word_1_493' title='bbox 331 2842 382 2870; x_wconf 83' lang='lat' dir='ltr'><strong>Sed</strong></span> <span class='ocrx_word' id='word_1_494' title='bbox 400 2843 470 2870; x_wconf 81' lang='lat' dir='ltr'><strong>absit</strong></span> <span class='ocrx_word' id='word_1_495' title='bbox 499 2844 598 2871; x_wconf 81' lang='lat' dir='ltr'><strong>hanca</strong></span> <span class='ocrx_word' id='word_1_496' title='bbox 628 2843 741 2870; x_wconf 84' lang='lat' dir='ltr'><strong>Domino</strong></span> <span class='ocrx_word' id='word_1_497' title='bbox 773 2849 867 2871; x_wconf 73' lang='lat' dir='ltr'><strong>lltlslit)</strong></span> <span class='ocrx_word' id='word_1_498' title='bbox 901 2843 964 2869; x_wconf 71' lang='lat' dir='ltr'><strong>Jestl</strong></span> 
     </span>
    </p>
   </div>
   <div class='ocr_carea' id='block_1_69' title="bbox 1006 1914 1259 1946">
    <p class='ocr_par' dir='ltr' id='par_1_69' title="bbox 1006 1914 1259 1946">
     <span class='ocr_line' id='line_1_69' title="bbox 1006 1914 1259 1946; baseline -0.016 -2"><span class='ocrx_word' id='word_1_499' title='bbox 1006 1919 1027 1934; x_wconf 53' lang='grc' dir='ltr'><strong>λ’</strong></span> <span class='ocrx_word' id='word_1_500' title='bbox 1044 1917 1132 1943; x_wconf 82' lang='lat' dir='ltr'><strong>Calat.</strong></span> <span class='ocrx_word' id='word_1_501' title='bbox 1150 1922 1192 1946; x_wconf 87' lang='lat' dir='ltr'><strong>In,</strong></span> <span class='ocrx_word' id='word_1_502' title='bbox 1207 1914 1259 1941; x_wconf 80' lang='lat'><strong>&#39;13.</strong></span> 
     </span>
    </p>
   </div>
   <div class='ocr_carea' id='block_1_70' title="bbox 765 1953 984 1986">
    <p class='ocr_par' dir='ltr' id='par_1_70' title="bbox 765 1953 984 1986">
     <span class='ocr_line' id='line_1_70' title="bbox 765 1953 984 1986; baseline 0 -7"><span class='ocrx_word' id='word_1_503' title='bbox 765 1954 786 1969; x_wconf 71' lang='grc'><strong>⁸⁷</strong></span> <span class='ocrx_word' id='word_1_504' title='bbox 803 1953 882 1980; x_wconf 84' lang='lat' dir='ltr'><strong>Joan.</strong></span> <span class='ocrx_word' id='word_1_505' title='bbox 903 1961 922 1986; x_wconf 98' lang='grc'><strong>1,</strong></span> <span class='ocrx_word' id='word_1_506' title='bbox 944 1954 984 1980; x_wconf 71' lang='grc'><strong>12.</strong></span> 
     </span>
    </p>
   </div>
   <div class='ocr_carea' id='block_1_71' title="bbox 1024 224 1812 261">
    <p class='ocr_par' dir='ltr' id='par_1_71' title="bbox 1024 224 1812 261">
     <span class='ocr_line' id='line_1_71' title="bbox 1024 224 1812 261; baseline -0.005 -7"><span class='ocrx_word' id='word_1_507' title='bbox 1024 228 1109 260; x_wconf 90' lang='lat' dir='ltr'><strong>misit,</strong></span> <span class='ocrx_word' id='word_1_508' title='bbox 1123 227 1257 259; x_wconf 79' lang='lat' dir='ltr'><strong>dividens,</strong></span> <span class='ocrx_word' id='word_1_509' title='bbox 1272 227 1377 254; x_wconf 76' lang='lat' dir='ltr'><strong>donans</strong></span> <span class='ocrx_word' id='word_1_510' title='bbox 1389 227 1538 261; x_wconf 83' lang='lat' dir='ltr'><strong>discipulis</strong></span> <span class='ocrx_word' id='word_1_511' title='bbox 1550 225 1626 258; x_wconf 79' lang='lat' dir='ltr'><strong>suis;</strong></span> <span class='ocrx_word' id='word_1_512' title='bbox 1639 224 1812 251; x_wconf 74' lang='lat' dir='ltr'><strong>abundantius</strong></span> 
     </span>
    </p>
   </div>
   <div class='ocr_carea' id='block_1_72' title="bbox 1022 273 1427 309">
    <p class='ocr_par' dir='ltr' id='par_1_72' title="bbox 1022 273 1427 309">
     <span class='ocr_line' id='line_1_72' title="bbox 1022 273 1427 309; baseline 0 -9"><span class='ocrx_word' id='word_1_513' title='bbox 1022 282 1086 300; x_wconf 86' lang='lat' dir='ltr'><strong>vero</strong></span> <span class='ocrx_word' id='word_1_514' title='bbox 1103 273 1247 301; x_wconf 86' lang='lat' dir='ltr'><strong>conferens</strong></span> <span class='ocrx_word' id='word_1_515' title='bbox 1261 273 1346 300; x_wconf 83' lang='lat' dir='ltr'><strong>Paulo</strong></span> <span class='ocrx_word' id='word_1_516' title='bbox 1362 274 1427 309; x_wconf 83' lang='grc'><strong>(58).</strong></span> 
     </span>
    </p>
   </div>
   <div class='ocr_carea' id='block_1_73' title="bbox 1057 317 1813 349">
    <p class='ocr_par' dir='ltr' id='par_1_73' title="bbox 1057 317 1813 349">
     <span class='ocr_line' id='line_1_73' title="bbox 1057 317 1813 349; baseline -0.004 -3"><span class='ocrx_word' id='word_1_517' title='bbox 1057 319 1175 347; x_wconf 74' lang='lat' dir='ltr'><strong>XXVII].</strong></span> <span class='ocrx_word' id='word_1_518' title='bbox 1195 319 1286 347; x_wconf 82' lang='lat' dir='ltr'><strong>Manes</strong></span> <span class='ocrx_word' id='word_1_519' title='bbox 1300 320 1367 347; x_wconf 65' lang='lat' dir='ltr'><strong>dixit</strong></span> <span class='ocrx_word' id='word_1_520' title='bbox 1381 329 1389 347; x_wconf 89' lang='lat'><strong><em>:</em></strong></span> <span class='ocrx_word' id='word_1_521' title='bbox 1404 320 1517 346; x_wconf 83' lang='lat' dir='ltr'><strong>Tnimct</strong></span> <span class='ocrx_word' id='word_1_522' title='bbox 1533 318 1623 349; x_wconf 83' lang='lat' dir='ltr'><strong>ipsius</strong></span> <span class='ocrx_word' id='word_1_523' title='bbox 1638 317 1813 344; x_wconf 54' lang='lat' dir='ltr'><strong>indiciucom-</strong></span> 
     </span>
    </p>
   </div>
   <div class='ocr_carea' id='block_1_74' title="bbox 1021 363 1811 401">
    <p class='ocr_par' dir='ltr' id='par_1_74' title="bbox 1021 363 1811 401">
     <span class='ocr_line' id='line_1_74' title="bbox 1021 363 1811 401; baseline -0.006 -7"><span class='ocrx_word' id='word_1_524' title='bbox 1021 366 1174 401; x_wconf 88' lang='lat' dir='ltr'><strong>prehensus</strong></span> <span class='ocrx_word' id='word_1_525' title='bbox 1200 374 1239 394; x_wconf 89' lang='lat' dir='ltr'><strong>es.</strong></span> <span class='ocrx_word' id='word_1_526' title='bbox 1264 365 1325 394; x_wconf 85' lang='lat' dir='ltr'><strong>H:ce</strong></span> <span class='ocrx_word' id='word_1_527' title='bbox 1352 367 1425 393; x_wconf 90' lang='lat' dir='ltr'><strong>enim</strong></span> <span class='ocrx_word' id='word_1_528' title='bbox 1453 366 1607 392; x_wconf 85' lang='lat' dir='ltr'><strong>adversum</strong></span> <span class='ocrx_word' id='word_1_529' title='bbox 1638 370 1665 390; x_wconf 86' lang='lat' dir='ltr'><strong>te</strong></span> <span class='ocrx_word' id='word_1_530' title='bbox 1698 363 1811 393; x_wconf 76' lang='lat' dir='ltr'><strong>locutus.</strong></span> 
     </span>
    </p>
   </div>
   <div class='ocr_carea' id='block_1_75' title="bbox 1022 410 1811 448">
    <p class='ocr_par' dir='ltr' id='par_1_75' title="bbox 1022 410 1811 448">
     <span class='ocr_line' id='line_1_75' title="bbox 1022 410 1811 448; baseline -0.003 -9"><span class='ocrx_word' id='word_1_531' title='bbox 1022 414 1143 448; x_wconf 77' lang='lat' dir='ltr'><strong>ignoras,</strong></span> <span class='ocrx_word' id='word_1_532' title='bbox 1167 412 1231 447; x_wconf 90' lang='lat' dir='ltr'><strong>quia</strong></span> <span class='ocrx_word' id='word_1_533' title='bbox 1253 413 1316 439; x_wconf 88' lang='lat' dir='ltr'><strong>dum</strong></span> <span class='ocrx_word' id='word_1_534' title='bbox 1343 412 1370 439; x_wconf 91' lang='lat' dir='ltr'><strong>in</strong></span> <span class='ocrx_word' id='word_1_535' title='bbox 1395 420 1438 439; x_wconf 84' lang='lat' dir='ltr'><strong>me</strong></span> <span class='ocrx_word' id='word_1_536' title='bbox 1463 412 1506 438; x_wconf 91' lang='lat' dir='ltr'><strong>vis</strong></span> <span class='ocrx_word' id='word_1_537' title='bbox 1534 411 1637 446; x_wconf 80' lang='lat' dir='ltr'><strong>probra</strong></span> <span class='ocrx_word' id='word_1_538' title='bbox 1666 410 1811 443; x_wconf 70' lang='lat' dir='ltr'><strong>conjicere,</strong></span> 
     </span>
    </p>
   </div>
   <div class='ocr_carea' id='block_1_76' title="bbox 1021 456 1811 493">
    <p class='ocr_par' dir='ltr' id='par_1_76' title="bbox 1021 456 1811 493">
     <span class='ocr_line' id='line_1_76' title="bbox 1021 456 1811 493; baseline 0.001 -9"><span class='ocrx_word' id='word_1_539' title='bbox 1021 458 1120 492; x_wconf 88' lang='lat' dir='ltr'><strong>majori</strong></span> <span class='ocrx_word' id='word_1_540' title='bbox 1135 459 1221 493; x_wconf 75' lang='lat' dir='ltr'><strong>cnlpm</strong></span> <span class='ocrx_word' id='word_1_541' title='bbox 1236 457 1404 485; x_wconf 74' lang='lat' dir='ltr'><strong>succumbis.</strong></span> <span class='ocrx_word' id='word_1_542' title='bbox 1424 457 1473 484; x_wconf 81' lang='lat' dir='ltr'><strong>Dic</strong></span> <span class='ocrx_word' id='word_1_543' title='bbox 1498 465 1550 491; x_wconf 69' lang='lat' dir='ltr'><strong>age</strong></span> <span class='ocrx_word' id='word_1_544' title='bbox 1567 457 1649 488; x_wconf 84' lang='lat' dir='ltr'><strong>mihi,</strong></span> <span class='ocrx_word' id='word_1_545' title='bbox 1672 456 1709 488; x_wconf 80' lang='lat' dir='ltr'><strong>si,</strong></span> <span class='ocrx_word' id='word_1_546' title='bbox 1723 461 1751 483; x_wconf 90' lang='lat' dir='ltr'><strong>ut</strong></span> <span class='ocrx_word' id='word_1_547' title='bbox 1769 458 1811 485; x_wconf 63' lang='lat' dir='ltr'><strong>ais.</strong></span> 
     </span>
    </p>
   </div>
   <div class='ocr_carea' id='block_1_77' title="bbox 1020 503 1812 539">
    <p class='ocr_par' dir='ltr' id='par_1_77' title="bbox 1020 503 1812 539">
     <span class='ocr_line' id='line_1_77' title="bbox 1020 503 1812 539; baseline -0.001 -8"><span class='ocrx_word' id='word_1_548' title='bbox 1020 505 1066 539; x_wconf 89' lang='lat' dir='ltr'><strong>qui</strong></span> <span class='ocrx_word' id='word_1_549' title='bbox 1082 512 1097 531; x_wconf 83' lang='lat' dir='ltr'><strong>a</strong></span> <span class='ocrx_word' id='word_1_550' title='bbox 1114 505 1224 531; x_wconf 80' lang='lat' dir='ltr'><strong>Tiberio</strong></span> <span class='ocrx_word' id='word_1_551' title='bbox 1241 512 1325 539; x_wconf 80' lang='lat' dir='ltr'><strong>uSque</strong></span> <span class='ocrx_word' id='word_1_552' title='bbox 1351 505 1383 530; x_wconf 85' lang='lat' dir='ltr'><strong>ad</strong></span> <span class='ocrx_word' id='word_1_553' title='bbox 1400 503 1522 531; x_wconf 62' lang='grc'><strong>111-01111111</strong></span> <span class='ocrx_word' id='word_1_554' title='bbox 1541 503 1670 531; x_wconf 75' lang='lat' dir='ltr'><strong>defuncti</strong></span> <span class='ocrx_word' id='word_1_555' title='bbox 1690 508 1764 535; x_wconf 81' lang='lat' dir='ltr'><strong>sntit,</strong></span> <span class='ocrx_word' id='word_1_556' title='bbox 1778 504 1812 530; x_wconf 80' lang='lat' dir='ltr'><strong>di-</strong></span> 
     </span>
    </p>
   </div>
   <div class='ocr_carea' id='block_1_78' title="bbox 1020 549 1811 586">
    <p class='ocr_par' dir='ltr' id='par_1_78' title="bbox 1020 549 1811 586">
     <span class='ocr_line' id='line_1_78' title="bbox 1020 549 1811 586; baseline -0.001 -9"><span class='ocrx_word' id='word_1_557' title='bbox 1020 555 1083 578; x_wconf 84' lang='lat' dir='ltr'><strong>cent</strong></span> <span class='ocrx_word' id='word_1_558' title='bbox 1096 551 1129 578; x_wconf 85' lang='lat' dir='ltr'><strong>ad</strong></span> <span class='ocrx_word' id='word_1_559' title='bbox 1152 551 1243 577; x_wconf 85' lang='lat' dir='ltr'><strong>.Iesum</strong></span> <span class='ocrx_word' id='word_1_560' title='bbox 1261 559 1266 576; x_wconf 90' lang='lat'>:</span> <span class='ocrx_word' id='word_1_561' title='bbox 1288 549 1346 576; x_wconf 75' lang='lat' dir='ltr'><strong>Noli</strong></span> <span class='ocrx_word' id='word_1_562' title='bbox 1364 559 1412 578; x_wconf 87' lang='lat' dir='ltr'><strong>nos</strong></span> <span class='ocrx_word' id='word_1_563' title='bbox 1432 550 1572 586; x_wconf 80' lang='lat' dir='ltr'><strong>judicare.</strong></span> <span class='ocrx_word' id='word_1_564' title='bbox 1592 550 1660 585; x_wconf 84' lang='lat' dir='ltr'><strong>quia</strong></span> <span class='ocrx_word' id='word_1_565' title='bbox 1679 558 1761 584; x_wconf 75' lang='lat' dir='ltr'><strong>opera</strong></span> <span class='ocrx_word' id='word_1_566' title='bbox 1775 555 1811 577; x_wconf 74' lang='lat' dir='ltr'><strong>tua</strong></span> 
     </span>
    </p>
   </div>
   <div class='ocr_carea' id='block_1_79' title="bbox 1023 594 1812 628">
    <p class='ocr_par' dir='ltr' id='par_1_79' title="bbox 1023 594 1812 628">
     <span class='ocr_line' id='line_1_79' title="bbox 1023 594 1812 628; baseline 0.001 -6"><span class='ocrx_word' id='word_1_567' title='bbox 1023 604 1075 622; x_wconf 89' lang='lat' dir='ltr'><strong>non</strong></span> <span class='ocrx_word' id='word_1_568' title='bbox 1101 595 1232 628; x_wconf 83' lang='lat' dir='ltr'><strong>fecimus;</strong></span> <span class='ocrx_word' id='word_1_569' title='bbox 1248 603 1300 622; x_wconf 91' lang='lat' dir='ltr'><strong>nou</strong></span> <span class='ocrx_word' id='word_1_570' title='bbox 1319 595 1390 621; x_wconf 86' lang='lat' dir='ltr'><strong>enim</strong></span> <span class='ocrx_word' id='word_1_571' title='bbox 1413 595 1515 622; x_wconf 65' lang='lat' dir='ltr'><strong>misisti</strong></span> <span class='ocrx_word' id='word_1_572' title='bbox 1535 595 1618 622; x_wconf 83' lang='lat' dir='ltr'><strong>nobis</strong></span> <span class='ocrx_word' id='word_1_573' title='bbox 1636 594 1812 623; x_wconf 81' lang='lat' dir='ltr'><strong>l&#39;aracletnm.</strong></span> 
     </span>
    </p>
   </div>
   <div class='ocr_carea' id='block_1_80' title="bbox 1022 640 1813 676">
    <p class='ocr_par' dir='ltr' id='par_1_80' title="bbox 1022 640 1813 676">
     <span class='ocr_line' id='line_1_80' title="bbox 1022 640 1813 676; baseline 0.001 -9"><span class='ocrx_word' id='word_1_574' title='bbox 1022 650 1083 668; x_wconf 82' lang='lat' dir='ltr'><strong>eum</strong></span> <span class='ocrx_word' id='word_1_575' title='bbox 1100 641 1202 668; x_wconf 75' lang='lat' dir='ltr'><strong>dixeris</strong></span> <span class='ocrx_word' id='word_1_576' title='bbox 1227 647 1252 668; x_wconf 78' lang='lat' dir='ltr'><strong>te</strong></span> <span class='ocrx_word' id='word_1_577' title='bbox 1272 640 1420 667; x_wconf 83' lang='lat' dir='ltr'><strong>missurum</strong></span> <span class='ocrx_word' id='word_1_578' title='bbox 1436 641 1494 675; x_wconf 67' lang='grc' dir='ltr'><strong>(πυ)</strong></span> <span class='ocrx_word' id='word_1_579' title='bbox 1513 649 1518 666; x_wconf 85' lang='lat'><strong>:</strong></span> <span class='ocrx_word' id='word_1_580' title='bbox 1538 649 1593 667; x_wconf 68' lang='lat' dir='ltr'><strong>IILI:</strong></span> <span class='ocrx_word' id='word_1_581' title='bbox 1623 641 1715 667; x_wconf 85' lang='lat' dir='ltr'><strong>multo</strong></span> <span class='ocrx_word' id='word_1_582' title='bbox 1737 642 1813 676; x_wconf 71' lang='lat' dir='ltr'><strong>magis</strong></span> 
     </span>
    </p>
   </div>
   <div class='ocr_carea' id='block_1_81' title="bbox 1021 686 1812 721">
    <p class='ocr_par' dir='ltr' id='par_1_81' title="bbox 1021 686 1812 721">
     <span class='ocr_line' id='line_1_81' title="bbox 1021 686 1812 721; baseline -0.001 -7"><span class='ocrx_word' id='word_1_583' title='bbox 1021 687 1058 714; x_wconf 89' lang='lat' dir='ltr'><strong>illi</strong></span> <span class='ocrx_word' id='word_1_584' title='bbox 1075 688 1131 714; x_wconf 42' lang='lat' dir='ltr'><strong>haec</strong></span> <span class='ocrx_word' id='word_1_585' title='bbox 1147 687 1248 719; x_wconf 85' lang='lat' dir='ltr'><strong>dicent,</strong></span> <span class='ocrx_word' id='word_1_586' title='bbox 1264 686 1336 721; x_wconf 86' lang='lat' dir='ltr'><strong>quia</strong></span> <span class='ocrx_word' id='word_1_587' title='bbox 1353 686 1444 721; x_wconf 77' lang='lat' dir='ltr'><strong>Moyse</strong></span> <span class='ocrx_word' id='word_1_588' title='bbox 1460 695 1548 721; x_wconf 82' lang='lat' dir='ltr'><strong>usque</strong></span> <span class='ocrx_word' id='word_1_589' title='bbox 1563 687 1597 712; x_wconf 82' lang='lat' dir='ltr'><strong>ad</strong></span> <span class='ocrx_word' id='word_1_590' title='bbox 1611 687 1762 713; x_wconf 84' lang='lat' dir='ltr'><strong>adventum</strong></span> <span class='ocrx_word' id='word_1_591' title='bbox 1776 687 1812 721; x_wconf 90' lang='lat' dir='ltr'><strong>ip-</strong></span> 
     </span>
    </p>
   </div>
   <div class='ocr_carea' id='block_1_82' title="bbox 1020 733 1812 764">
    <p class='ocr_par' dir='ltr' id='par_1_82' title="bbox 1020 733 1812 764">
     <span class='ocr_line' id='line_1_82' title="bbox 1020 733 1812 764; baseline 0 -4"><span class='ocrx_word' id='word_1_592' title='bbox 1020 734 1077 761; x_wconf 87' lang='lat' dir='ltr'><strong>sius</strong></span> <span class='ocrx_word' id='word_1_593' title='bbox 1088 733 1152 760; x_wconf 79' lang='lat' dir='ltr'><strong>Jcsu</strong></span> <span class='ocrx_word' id='word_1_594' title='bbox 1168 734 1268 760; x_wconf 81' lang='lat' dir='ltr'><strong>Christi</strong></span> <span class='ocrx_word' id='word_1_595' title='bbox 1283 734 1336 760; x_wconf 73' lang='lat' dir='ltr'><strong>vita</strong></span> <span class='ocrx_word' id='word_1_596' title='bbox 1353 738 1545 764; x_wconf 76' lang='lat' dir='ltr'><strong>excesserunt,</strong></span> <span class='ocrx_word' id='word_1_597' title='bbox 1563 738 1591 760; x_wconf 74' lang='lat' dir='ltr'><strong>et.</strong></span> <span class='ocrx_word' id='word_1_598' title='bbox 1608 741 1643 760; x_wconf 89' lang='lat' dir='ltr'><strong>eo</strong></span> <span class='ocrx_word' id='word_1_599' title='bbox 1662 734 1766 760; x_wconf 81' lang='lat' dir='ltr'><strong>rectius</strong></span> <span class='ocrx_word' id='word_1_600' title='bbox 1777 735 1812 760; x_wconf 79' lang='lat' dir='ltr'><strong>di-</strong></span> 
     </span>
    </p>
   </div>
   <div class='ocr_carea' id='block_1_83' title="bbox 1019 779 1812 815">
    <p class='ocr_par' dir='ltr' id='par_1_83' title="bbox 1019 779 1812 815">
     <span class='ocr_line' id='line_1_83' title="bbox 1019 779 1812 815; baseline -0.001 -8"><span class='ocrx_word' id='word_1_601' title='bbox 1019 785 1080 807; x_wconf 80' lang='lat' dir='ltr'><strong>cent</strong></span> <span class='ocrx_word' id='word_1_602' title='bbox 1099 789 1105 807; x_wconf 87' lang='lat'><strong>:</strong></span> <span class='ocrx_word' id='word_1_603' title='bbox 1122 779 1181 806; x_wconf 73' lang='lat' dir='ltr'><strong>Noli</strong></span> <span class='ocrx_word' id='word_1_604' title='bbox 1206 788 1257 807; x_wconf 84' lang='lat' dir='ltr'><strong>nos</strong></span> <span class='ocrx_word' id='word_1_605' title='bbox 1286 781 1392 807; x_wconf 82' lang='lat' dir='ltr'><strong>tradere</strong></span> <span class='ocrx_word' id='word_1_606' title='bbox 1419 780 1567 807; x_wconf 74' lang='lat' dir='ltr'><strong>tormentis</strong></span> <span class='ocrx_word' id='word_1_607' title='bbox 1591 779 1665 814; x_wconf 63' lang='grc'><strong>(41)),</strong></span> <span class='ocrx_word' id='word_1_608' title='bbox 1691 781 1812 815; x_wconf 79' lang='lat' dir='ltr'><strong>quoniam</strong></span> 
     </span>
    </p>
   </div>
   <div class='ocr_carea' id='block_1_84' title="bbox 1019 826 1811 861">
    <p class='ocr_par' dir='ltr' id='par_1_84' title="bbox 1019 826 1811 861">
     <span class='ocr_line' id='line_1_84' title="bbox 1019 826 1811 861; baseline -0.001 -8"><span class='ocrx_word' id='word_1_609' title='bbox 1019 827 1187 861; x_wconf 75' lang='lat' dir='ltr'><strong>agnitionem</strong></span> <span class='ocrx_word' id='word_1_610' title='bbox 1214 827 1252 853; x_wconf 91' lang='lat' dir='ltr'><strong>tui</strong></span> <span class='ocrx_word' id='word_1_611' title='bbox 1269 835 1321 853; x_wconf 92' lang='lat' dir='ltr'><strong>non</strong></span> <span class='ocrx_word' id='word_1_612' title='bbox 1347 827 1524 861; x_wconf 72' lang='lat' dir='ltr'><strong>accepimus?</strong></span> <span class='ocrx_word' id='word_1_613' title='bbox 1543 826 1575 853; x_wconf 84' lang='lat' dir='ltr'><strong>Et</strong></span> <span class='ocrx_word' id='word_1_614' title='bbox 1601 834 1658 853; x_wconf 87' lang='lat' dir='ltr'><strong>non</strong></span> <span class='ocrx_word' id='word_1_615' title='bbox 1681 827 1771 852; x_wconf 89' lang='lat' dir='ltr'><strong>solum</strong></span> <span class='ocrx_word' id='word_1_616' title='bbox 1792 827 1811 852; x_wconf 87' lang='lat' dir='ltr'><strong>|.i</strong></span> 
     </span>
    </p>
   </div>
   <div class='ocr_carea' id='block_1_85' title="bbox 1017 873 1811 908">
    <p class='ocr_par' dir='ltr' id='par_1_85' title="bbox 1017 873 1811 908">
     <span class='ocr_line' id='line_1_85' title="bbox 1017 873 1811 908; baseline 0.001 -9"><span class='ocrx_word' id='word_1_617' title='bbox 1017 873 1063 907; x_wconf 92' lang='lat' dir='ltr'><strong>qui</strong></span> <span class='ocrx_word' id='word_1_618' title='bbox 1086 878 1149 900; x_wconf 82' lang='lat' dir='ltr'><strong>ante</strong></span> <span class='ocrx_word' id='word_1_619' title='bbox 1175 874 1261 908; x_wconf 84' lang='lat' dir='ltr'><strong>ipsius</strong></span> <span class='ocrx_word' id='word_1_620' title='bbox 1286 873 1430 900; x_wconf 62' lang='lat' dir='ltr'><strong>a.lvcntnm</strong></span> <span class='ocrx_word' id='word_1_621' title='bbox 1458 873 1655 903; x_wconf 79' lang='lat' dir='ltr'><strong>decesserunt.</strong></span> <span class='ocrx_word' id='word_1_622' title='bbox 1679 873 1744 907; x_wconf 79' lang='lat' dir='ltr'><strong>jure</strong></span> <span class='ocrx_word' id='word_1_623' title='bbox 1765 873 1811 900; x_wconf 67' lang='lat' dir='ltr'><strong>hzec</strong></span> 
     </span>
    </p>
   </div>
   <div class='ocr_carea' id='block_1_86' title="bbox 1017 918 1810 954">
    <p class='ocr_par' dir='ltr' id='par_1_86' title="bbox 1017 918 1810 954">
     <span class='ocr_line' id='line_1_86' title="bbox 1017 918 1810 954; baseline -0.003 -8"><span class='ocrx_word' id='word_1_624' title='bbox 1017 919 1133 954; x_wconf 74' lang='lat' dir='ltr'><strong>allegare</strong></span> <span class='ocrx_word' id='word_1_625' title='bbox 1148 919 1327 951; x_wconf 78' lang='lat' dir='ltr'><strong>videbuntur;</strong></span> <span class='ocrx_word' id='word_1_626' title='bbox 1345 927 1439 946; x_wconf 86' lang='lat' dir='ltr'><strong>verum</strong></span> <span class='ocrx_word' id='word_1_627' title='bbox 1452 919 1536 945; x_wconf 75' lang='lat' dir='ltr'><strong>etiam</strong></span> <span class='ocrx_word' id='word_1_628' title='bbox 1553 918 1604 950; x_wconf 73' lang='lat' dir='ltr'><strong>illi,</strong></span> <span class='ocrx_word' id='word_1_629' title='bbox 1621 919 1672 952; x_wconf 89' lang='lat' dir='ltr'><strong>qui</strong></span> <span class='ocrx_word' id='word_1_630' title='bbox 1688 918 1723 944; x_wconf 90' lang='lat' dir='ltr'><strong>ab</strong></span> <span class='ocrx_word' id='word_1_631' title='bbox 1738 919 1810 944; x_wconf 70' lang='lat' dir='ltr'><strong>Adam</strong></span> 
     </span>
    </p>
   </div>
   <div class='ocr_carea' id='block_1_87' title="bbox 1019 964 1812 1000">
    <p class='ocr_par' dir='ltr' id='par_1_87' title="bbox 1019 964 1812 1000">
     <span class='ocr_line' id='line_1_87' title="bbox 1019 964 1812 1000; baseline -0.003 -8"><span class='ocrx_word' id='word_1_632' title='bbox 1019 974 1106 1000; x_wconf 84' lang='lat' dir='ltr'><strong>usque</strong></span> <span class='ocrx_word' id='word_1_633' title='bbox 1131 966 1163 993; x_wconf 88' lang='lat' dir='ltr'><strong>ad</strong></span> <span class='ocrx_word' id='word_1_634' title='bbox 1183 966 1329 993; x_wconf 83' lang='lat' dir='ltr'><strong>adventum</strong></span> <span class='ocrx_word' id='word_1_635' title='bbox 1351 965 1416 993; x_wconf 79' lang='lat' dir='ltr'><strong>Jesu</strong></span> <span class='ocrx_word' id='word_1_636' title='bbox 1439 965 1591 992; x_wconf 74' lang='lat' dir='ltr'><strong>obierunt?</strong></span> <span class='ocrx_word' id='word_1_637' title='bbox 1618 964 1718 998; x_wconf 77' lang='lat' dir='ltr'><strong>Neque</strong></span> <span class='ocrx_word' id='word_1_638' title='bbox 1743 964 1812 991; x_wconf 77' lang='lat' dir='ltr'><strong>Par:-</strong></span> 
     </span>
    </p>
   </div>
   <div class='ocr_carea' id='block_1_88' title="bbox 1017 1011 1808 1046">
    <p class='ocr_par' dir='ltr' id='par_1_88' title="bbox 1017 1011 1808 1046">
     <span class='ocr_line' id='line_1_88' title="bbox 1017 1011 1808 1046; baseline -0.003 -7"><span class='ocrx_word' id='word_1_639' title='bbox 1017 1013 1079 1040; x_wconf 81' lang='lat' dir='ltr'><strong>eleti</strong></span> <span class='ocrx_word' id='word_1_640' title='bbox 1104 1013 1175 1040; x_wconf 82' lang='lat' dir='ltr'><strong>enim</strong></span> <span class='ocrx_word' id='word_1_641' title='bbox 1205 1013 1346 1040; x_wconf 72' lang='lat' dir='ltr'><strong>Scientiam</strong></span> <span class='ocrx_word' id='word_1_642' title='bbox 1373 1012 1515 1040; x_wconf 72' lang='lat' dir='ltr'><strong>consecuti</strong></span> <span class='ocrx_word' id='word_1_643' title='bbox 1542 1017 1621 1043; x_wconf 85' lang='lat' dir='ltr'><strong>sunt,</strong></span> <span class='ocrx_word' id='word_1_644' title='bbox 1649 1019 1741 1046; x_wconf 79' lang='lat' dir='ltr'><strong>neque</strong></span> <span class='ocrx_word' id='word_1_645' title='bbox 1756 1011 1808 1037; x_wconf 72' lang='lat' dir='ltr'><strong>lvsu</strong></span> 
     </span>
    </p>
   </div>
   <div class='ocr_carea' id='block_1_89' title="bbox 1017 1058 1809 1092">
    <p class='ocr_par' dir='ltr' id='par_1_89' title="bbox 1017 1058 1809 1092">
     <span class='ocr_line' id='line_1_89' title="bbox 1017 1058 1809 1092; baseline -0.003 -6"><span class='ocrx_word' id='word_1_646' title='bbox 1017 1059 1140 1086; x_wconf 74' lang='lat' dir='ltr'><strong>doctrina</strong></span> <span class='ocrx_word' id='word_1_647' title='bbox 1158 1059 1255 1086; x_wconf 87' lang='lat' dir='ltr'><strong>eruditi</strong></span> <span class='ocrx_word' id='word_1_648' title='bbox 1278 1063 1351 1086; x_wconf 85' lang='lat' dir='ltr'><strong>sunt.</strong></span> <span class='ocrx_word' id='word_1_649' title='bbox 1368 1058 1421 1086; x_wconf 77' lang='lat' dir='ltr'><strong>Sed</strong></span> <span class='ocrx_word' id='word_1_650' title='bbox 1450 1058 1503 1085; x_wconf 86' lang='lat' dir='ltr'><strong>hoc</strong></span> <span class='ocrx_word' id='word_1_651' title='bbox 1521 1058 1617 1084; x_wconf 85' lang='lat' dir='ltr'><strong>solum</strong></span> <span class='ocrx_word' id='word_1_652' title='bbox 1630 1058 1759 1084; x_wconf 81' lang='lat' dir='ltr'><strong>ultimum</strong></span> <span class='ocrx_word' id='word_1_653' title='bbox 1771 1066 1809 1092; x_wconf 65' lang='lat' dir='ltr'><strong>ge—</strong></span> 
     </span>
    </p>
   </div>
   <div class='ocr_carea' id='block_1_90' title="bbox 1017 1103 1808 1139">
    <p class='ocr_par' dir='ltr' id='par_1_90' title="bbox 1017 1103 1808 1139">
     <span class='ocr_line' id='line_1_90' title="bbox 1017 1103 1808 1139; baseline -0.003 -7"><span class='ocrx_word' id='word_1_654' title='bbox 1017 1114 1068 1133; x_wconf 87' lang='lat' dir='ltr'><strong>nus</strong></span> <span class='ocrx_word' id='word_1_655' title='bbox 1085 1106 1237 1138; x_wconf 86' lang='lat' dir='ltr'><strong>hominum,</strong></span> <span class='ocrx_word' id='word_1_656' title='bbox 1260 1110 1290 1132; x_wconf 88' lang='lat' dir='ltr'><strong>ut</strong></span> <span class='ocrx_word' id='word_1_657' title='bbox 1305 1105 1356 1137; x_wconf 82' lang='lat' dir='ltr'><strong>ais,</strong></span> <span class='ocrx_word' id='word_1_658' title='bbox 1370 1104 1442 1139; x_wconf 89' lang='lat' dir='ltr'><strong>quod</strong></span> <span class='ocrx_word' id='word_1_659' title='bbox 1459 1112 1474 1131; x_wconf 85' lang='lat' dir='ltr'><strong>a</strong></span> <span class='ocrx_word' id='word_1_660' title='bbox 1502 1103 1618 1131; x_wconf 84' lang='lat' dir='ltr'><strong>Tiberio</strong></span> <span class='ocrx_word' id='word_1_661' title='bbox 1639 1108 1697 1135; x_wconf 69' lang='lat' dir='ltr'><strong>est.</strong></span> <span class='ocrx_word' id='word_1_662' title='bbox 1714 1104 1808 1131; x_wconf 68' lang='lat' dir='ltr'><strong>salven-</strong></span> 
     </span>
    </p>
   </div>
   <div class='ocr_carea' id='block_1_91' title="bbox 1018 1150 1811 1187">
    <p class='ocr_par' dir='ltr' id='par_1_91' title="bbox 1018 1150 1811 1187">
     <span class='ocr_line' id='line_1_91' title="bbox 1018 1150 1811 1187; baseline -0.001 -9"><span class='ocrx_word' id='word_1_663' title='bbox 1018 1156 1061 1178; x_wconf 87' lang='lat' dir='ltr'><strong>tur</strong></span> <span class='ocrx_word' id='word_1_664' title='bbox 1076 1152 1149 1187; x_wconf 58' lang='lat' dir='ltr'><strong>(At);</strong></span> <span class='ocrx_word' id='word_1_665' title='bbox 1165 1153 1221 1186; x_wconf 76' lang='lat' dir='ltr'><strong>ipse</strong></span> <span class='ocrx_word' id='word_1_666' title='bbox 1236 1152 1307 1178; x_wconf 93' lang='lat' dir='ltr'><strong>enim</strong></span> <span class='ocrx_word' id='word_1_667' title='bbox 1324 1161 1332 1176; x_wconf 96' lang='grc'><strong>1</strong></span> <span class='ocrx_word' id='word_1_668' title='bbox 1349 1158 1395 1178; x_wconf 89' lang='lat' dir='ltr'><strong>eos</strong></span> <span class='ocrx_word' id='word_1_669' title='bbox 1405 1150 1536 1177; x_wconf 82' lang='lat' dir='ltr'><strong>Christus</strong></span> <span class='ocrx_word' id='word_1_670' title='bbox 1548 1151 1584 1177; x_wconf 88' lang='lat' dir='ltr'><strong>de</strong></span> <span class='ocrx_word' id='word_1_671' title='bbox 1593 1150 1745 1178; x_wconf 75' lang='lat' dir='ltr'><strong>maledicto</strong></span> <span class='ocrx_word' id='word_1_672' title='bbox 1757 1151 1811 1185; x_wconf 53' lang='lat' dir='ltr'><strong>legis</strong></span> 
     </span>
    </p>
   </div>
   <div class='ocr_carea' id='block_1_92' title="bbox 1019 1197 1809 1231">
    <p class='ocr_par' dir='ltr' id='par_1_92' title="bbox 1019 1197 1809 1231">
     <span class='ocr_line' id='line_1_92' title="bbox 1019 1197 1809 1231; baseline -0.003 -6"><span class='ocrx_word' id='word_1_673' title='bbox 1019 1199 1134 1225; x_wconf 81' lang='lat' dir='ltr'><strong>redemit</strong></span> <span class='ocrx_word' id='word_1_674' title='bbox 1156 1198 1196 1231; x_wconf 77' lang='lat'><strong>“,</strong></span> <span class='ocrx_word' id='word_1_675' title='bbox 1223 1207 1232 1223; x_wconf 93' lang='grc'><strong>1</strong></span> <span class='ocrx_word' id='word_1_676' title='bbox 1262 1198 1332 1225; x_wconf 87' lang='lat' dir='ltr'><strong>sicut</strong></span> <span class='ocrx_word' id='word_1_677' title='bbox 1359 1197 1462 1225; x_wconf 83' lang='lat' dir='ltr'><strong>Paulus</strong></span> <span class='ocrx_word' id='word_1_678' title='bbox 1488 1197 1689 1224; x_wconf 78' lang='lat' dir='ltr'><strong>testiinonium</strong></span> <span class='ocrx_word' id='word_1_679' title='bbox 1717 1197 1809 1223; x_wconf 71' lang='lat' dir='ltr'><strong>dedit:</strong></span> 
     </span>
    </p>
   </div>
   <div class='ocr_carea' id='block_1_93' title="bbox 1019 1243 1806 1279">
    <p class='ocr_par' dir='ltr' id='par_1_93' title="bbox 1019 1243 1806 1279">
     <span class='ocr_line' id='line_1_93' title="bbox 1019 1243 1806 1279; baseline -0.001 -9"><span class='ocrx_word' id='word_1_680' title='bbox 1019 1254 1028 1270; x_wconf 85' lang='grc'><strong>1</strong></span> <span class='ocrx_word' id='word_1_681' title='bbox 1049 1244 1118 1277; x_wconf 87' lang='lat' dir='ltr'><strong>Quia</strong></span> <span class='ocrx_word' id='word_1_682' title='bbox 1136 1244 1224 1271; x_wconf 81' lang='lat' dir='ltr'><strong>littera</strong></span> <span class='ocrx_word' id='word_1_683' title='bbox 1240 1244 1350 1275; x_wconf 85' lang='lat' dir='ltr'><strong>occidit,</strong></span> <span class='ocrx_word' id='word_1_684' title='bbox 1369 1252 1419 1271; x_wconf 86' lang='lat' dir='ltr'><strong>nec</strong></span> <span class='ocrx_word' id='word_1_685' title='bbox 1430 1251 1606 1279; x_wconf 85' lang='lat' dir='ltr'><strong>quemquam</strong></span> <span class='ocrx_word' id='word_1_686' title='bbox 1624 1244 1748 1270; x_wconf 74' lang='lat' dir='ltr'><strong>vivilicat</strong></span> <span class='ocrx_word' id='word_1_687' title='bbox 1761 1243 1806 1274; x_wconf 70' lang='lat' dir='ltr'><strong>“,i</strong></span> 
     </span>
    </p>
   </div>
   <div class='ocr_carea' id='block_1_94' title="bbox 1016 1290 1812 1323">
    <p class='ocr_par' dir='ltr' id='par_1_94' title="bbox 1016 1290 1812 1323">
     <span class='ocr_line' id='line_1_94' title="bbox 1016 1290 1812 1323; baseline 0 -7"><span class='ocrx_word' id='word_1_688' title='bbox 1016 1295 1043 1318; x_wconf 85' lang='lat' dir='ltr'><strong>et</strong></span> <span class='ocrx_word' id='word_1_689' title='bbox 1059 1300 1068 1316; x_wconf 91' lang='grc'><strong>1</strong></span> <span class='ocrx_word' id='word_1_690' title='bbox 1089 1291 1166 1323; x_wconf 80' lang='lat' dir='ltr'><strong>Quod</strong></span> <span class='ocrx_word' id='word_1_691' title='bbox 1185 1291 1226 1318; x_wconf 79' lang='lat' dir='ltr'><strong>lcx</strong></span> <span class='ocrx_word' id='word_1_692' title='bbox 1250 1290 1433 1317; x_wconf 84' lang='lat' dir='ltr'><strong>ministerium</strong></span> <span class='ocrx_word' id='word_1_693' title='bbox 1455 1291 1557 1317; x_wconf 87' lang='lat' dir='ltr'><strong>tuortis</strong></span> <span class='ocrx_word' id='word_1_694' title='bbox 1573 1290 1663 1321; x_wconf 75' lang='lat' dir='ltr'><strong>est“,</strong></span> <span class='ocrx_word' id='word_1_695' title='bbox 1681 1290 1812 1323; x_wconf 68' lang='lat' dir='ltr'><strong>virtusque</strong></span> 
     </span>
    </p>
   </div>
   <div class='ocr_carea' id='block_1_95' title="bbox 1019 1335 1809 1372">
    <p class='ocr_par' dir='ltr' id='par_1_95' title="bbox 1019 1335 1809 1372">
     <span class='ocr_line' id='line_1_95' title="bbox 1019 1335 1809 1372; baseline -0.001 -10"><span class='ocrx_word' id='word_1_696' title='bbox 1019 1337 1123 1372; x_wconf 84' lang='lat' dir='ltr'><strong>peccati</strong></span> <span class='ocrx_word' id='word_1_697' title='bbox 1138 1337 1170 1363; x_wconf 72' lang='lat'><strong>“.</strong></span> <span class='ocrx_word' id='word_1_698' title='bbox 1191 1346 1200 1361; x_wconf 96' lang='grc'><strong>1</strong></span> <span class='ocrx_word' id='word_1_699' title='bbox 1218 1335 1362 1362; x_wconf 75' lang='lat' dir='ltr'><strong>Archelaus</strong></span> <span class='ocrx_word' id='word_1_700' title='bbox 1379 1336 1448 1363; x_wconf 64' lang='lat' dir='ltr'><strong>dixit</strong></span> <span class='ocrx_word' id='word_1_701' title='bbox 1463 1345 1471 1363; x_wconf 97' lang='lat'><strong><em>:</em></strong></span> <span class='ocrx_word' id='word_1_702' title='bbox 1491 1335 1579 1363; x_wconf 83' lang='lat' dir='ltr'><strong>Erras</strong></span> <span class='ocrx_word' id='word_1_703' title='bbox 1600 1336 1733 1363; x_wconf 64' lang='lat' dir='ltr'><strong>nesciens</strong></span> <span class='ocrx_word' id='word_1_704' title='bbox 1748 1335 1809 1363; x_wconf 76' lang='lat' dir='ltr'><strong>Scri-</strong></span> 
     </span>
    </p>
   </div>
   <div class='ocr_carea' id='block_1_96' title="bbox 1018 1382 1808 1418">
    <p class='ocr_par' dir='ltr' id='par_1_96' title="bbox 1018 1382 1808 1418">
     <span class='ocr_line' id='line_1_96' title="bbox 1018 1382 1808 1418; baseline -0.003 -8"><span class='ocrx_word' id='word_1_705' title='bbox 1018 1388 1112 1418; x_wconf 83' lang='lat' dir='ltr'><strong>pturas</strong></span> <span class='ocrx_word' id='word_1_706' title='bbox 1119 1383 1152 1415; x_wconf 65' lang='grc'><strong>⁵⁸,</strong></span> <span class='ocrx_word' id='word_1_707' title='bbox 1166 1390 1253 1418; x_wconf 87' lang='lat' dir='ltr'><strong>neque</strong></span> <span class='ocrx_word' id='word_1_708' title='bbox 1265 1383 1391 1409; x_wconf 80' lang='lat' dir='ltr'><strong>virtutem</strong></span> <span class='ocrx_word' id='word_1_709' title='bbox 1408 1382 1455 1409; x_wconf 85' lang='lat' dir='ltr'><strong>Dei</strong></span> <span class='ocrx_word' id='word_1_710' title='bbox 1469 1392 1475 1414; x_wconf 90' lang='lat'>;</span> <span class='ocrx_word' id='word_1_711' title='bbox 1491 1382 1658 1409; x_wconf 79' lang='lat' dir='ltr'><strong>multienim</strong></span> <span class='ocrx_word' id='word_1_712' title='bbox 1673 1383 1754 1409; x_wconf 78' lang='lat' dir='ltr'><strong>etiam</strong></span> <span class='ocrx_word' id='word_1_713' title='bbox 1762 1387 1808 1417; x_wconf 65' lang='lat' dir='ltr'><strong>post</strong></span> 
     </span>
    </p>
   </div>
   <div class='ocr_carea' id='block_1_97' title="bbox 1017 1428 1807 1463">
    <p class='ocr_par' dir='ltr' id='par_1_97' title="bbox 1017 1428 1807 1463">
     <span class='ocr_line' id='line_1_97' title="bbox 1017 1428 1807 1463; baseline -0.001 -8"><span class='ocrx_word' id='word_1_714' title='bbox 1017 1429 1162 1456; x_wconf 81' lang='lat' dir='ltr'><strong>adventum</strong></span> <span class='ocrx_word' id='word_1_715' title='bbox 1178 1428 1278 1456; x_wconf 80' lang='lat' dir='ltr'><strong>Christi</strong></span> <span class='ocrx_word' id='word_1_716' title='bbox 1300 1436 1470 1462; x_wconf 88' lang='lat' dir='ltr'><strong>usquenunc</strong></span> <span class='ocrx_word' id='word_1_717' title='bbox 1488 1430 1638 1462; x_wconf 86' lang='lat' dir='ltr'><strong>perierunt.</strong></span> <span class='ocrx_word' id='word_1_718' title='bbox 1652 1434 1682 1455; x_wconf 79' lang='lat' dir='ltr'><strong>et</strong></span> <span class='ocrx_word' id='word_1_719' title='bbox 1699 1433 1807 1463; x_wconf 65' lang='lat' dir='ltr'><strong>pereunt;</strong></span> 
     </span>
    </p>
   </div>
   <div class='ocr_carea' id='block_1_98' title="bbox 1017 1474 1807 1510">
    <p class='ocr_par' dir='ltr' id='par_1_98' title="bbox 1017 1474 1807 1510">
     <span class='ocr_line' id='line_1_98' title="bbox 1017 1474 1807 1510; baseline -0.006 -6"><span class='ocrx_word' id='word_1_720' title='bbox 1017 1477 1045 1504; x_wconf 92' lang='lat' dir='ltr'><strong>hi</strong></span> <span class='ocrx_word' id='word_1_721' title='bbox 1064 1477 1179 1506; x_wconf 80' lang='lat' dir='ltr'><strong>scilicet.</strong></span> <span class='ocrx_word' id='word_1_722' title='bbox 1202 1476 1250 1510; x_wconf 88' lang='lat' dir='ltr'><strong>qui</strong></span> <span class='ocrx_word' id='word_1_723' title='bbox 1270 1475 1533 1510; x_wconf 68' lang='lat' dir='ltr'><strong>operilmsjustitim</strong></span> <span class='ocrx_word' id='word_1_724' title='bbox 1556 1475 1707 1502; x_wconf 78' lang='lat' dir='ltr'><strong>deservire</strong></span> <span class='ocrx_word' id='word_1_725' title='bbox 1728 1474 1807 1500; x_wconf 76' lang='lat' dir='ltr'><strong>nolue-</strong></span> 
     </span>
    </p>
   </div>
   <div class='ocr_carea' id='block_1_99' title="bbox 1017 1521 1807 1556">
    <p class='ocr_par' dir='ltr' id='par_1_99' title="bbox 1017 1521 1807 1556">
     <span class='ocr_line' id='line_1_99' title="bbox 1017 1521 1807 1556; baseline -0.004 -6"><span class='ocrx_word' id='word_1_726' title='bbox 1017 1529 1095 1556; x_wconf 88' lang='lat' dir='ltr'><strong>runt;</strong></span> <span class='ocrx_word' id='word_1_727' title='bbox 1114 1523 1151 1549; x_wconf 83' lang='lat' dir='ltr'><strong>illi</strong></span> <span class='ocrx_word' id='word_1_728' title='bbox 1167 1530 1231 1549; x_wconf 89' lang='lat' dir='ltr'><strong>vero</strong></span> <span class='ocrx_word' id='word_1_729' title='bbox 1246 1522 1309 1554; x_wconf 87' lang='lat' dir='ltr'><strong>soli,</strong></span> <span class='ocrx_word' id='word_1_730' title='bbox 1323 1521 1369 1556; x_wconf 91' lang='lat' dir='ltr'><strong>qni</strong></span> <span class='ocrx_word' id='word_1_731' title='bbox 1386 1526 1571 1556; x_wconf 84' lang='lat' dir='ltr'><strong>susceperunt</strong></span> <span class='ocrx_word' id='word_1_732' title='bbox 1587 1529 1657 1548; x_wconf 81' lang='lat' dir='ltr'><strong>eum</strong></span> <span class='ocrx_word' id='word_1_733' title='bbox 1685 1526 1714 1548; x_wconf 78' lang='lat' dir='ltr'><strong>ei</strong></span> <span class='ocrx_word' id='word_1_734' title='bbox 1735 1529 1807 1548; x_wconf 70' lang='lat' dir='ltr'><strong>susci-</strong></span> 
     </span>
    </p>
   </div>
   <div class='ocr_carea' id='block_1_100' title="bbox 1016 1566 1807 1605">
    <p class='ocr_par' dir='ltr' id='par_1_100' title="bbox 1016 1566 1807 1605">
     <span class='ocr_line' id='line_1_100' title="bbox 1016 1566 1807 1605; baseline -0.004 -9"><span class='ocrx_word' id='word_1_735' title='bbox 1016 1571 1102 1605; x_wconf 88' lang='lat' dir='ltr'><strong>piunt,</strong></span> <span class='ocrx_word' id='word_1_736' title='bbox 1122 1578 1131 1594; x_wconf 88' lang='grc'><strong>1</strong></span> <span class='ocrx_word' id='word_1_737' title='bbox 1149 1572 1310 1603; x_wconf 82' lang='lat' dir='ltr'><strong>potestatem</strong></span> <span class='ocrx_word' id='word_1_738' title='bbox 1335 1573 1501 1602; x_wconf 80' lang='lat' dir='ltr'><strong>acceperunt.</strong></span> <span class='ocrx_word' id='word_1_739' title='bbox 1526 1568 1576 1594; x_wconf 85' lang='lat' dir='ltr'><strong>lilii</strong></span> <span class='ocrx_word' id='word_1_740' title='bbox 1603 1566 1654 1594; x_wconf 79' lang='lat' dir='ltr'><strong>Dei</strong></span> <span class='ocrx_word' id='word_1_741' title='bbox 1683 1567 1807 1594; x_wconf 53' lang='grc'><strong>11011⁸21</strong></span> 
     </span>
    </p>
   </div>
   <div class='ocr_carea' id='block_1_101' title="bbox 1016 1614 1811 1649">
    <p class='ocr_par' dir='ltr' id='par_1_101' title="bbox 1016 1614 1811 1649">
     <span class='ocr_line' id='line_1_101' title="bbox 1016 1614 1811 1649; baseline -0.006 -5"><span class='ocrx_word' id='word_1_742' title='bbox 1016 1617 1075 1644; x_wconf 83' lang='lat' dir='ltr'><strong>Non</strong></span> <span class='ocrx_word' id='word_1_743' title='bbox 1091 1616 1164 1643; x_wconf 83' lang='lat' dir='ltr'><strong>enim</strong></span> <span class='ocrx_word' id='word_1_744' title='bbox 1188 1622 1284 1642; x_wconf 88' lang='lat' dir='ltr'><strong>omnes</strong></span> <span class='ocrx_word' id='word_1_745' title='bbox 1302 1614 1390 1647; x_wconf 83' lang='lat' dir='ltr'><strong>dixit;</strong></span> <span class='ocrx_word' id='word_1_746' title='bbox 1407 1614 1454 1641; x_wconf 88' lang='lat' dir='ltr'><strong>scd</strong></span> <span class='ocrx_word' id='word_1_747' title='bbox 1479 1622 1571 1648; x_wconf 80' lang='lat' dir='ltr'><strong>neque</strong></span> <span class='ocrx_word' id='word_1_748' title='bbox 1594 1619 1712 1649; x_wconf 82' lang='lat' dir='ltr'><strong>tempus</strong></span> <span class='ocrx_word' id='word_1_749' title='bbox 1734 1615 1811 1640; x_wconf 77' lang='lat' dir='ltr'><strong>termi-</strong></span> 
     </span>
    </p>
   </div>
   <div class='ocr_carea' id='block_1_102' title="bbox 1015 1661 1806 1695">
    <p class='ocr_par' dir='ltr' id='par_1_102' title="bbox 1015 1661 1806 1695">
     <span class='ocr_line' id='line_1_102' title="bbox 1015 1661 1806 1695; baseline -0.009 -4"><span class='ocrx_word' id='word_1_750' title='bbox 1015 1663 1108 1691; x_wconf 84' lang='lat' dir='ltr'><strong>navit:</strong></span> <span class='ocrx_word' id='word_1_751' title='bbox 1124 1672 1133 1688; x_wconf 91' lang='grc'><strong>1</strong></span> <span class='ocrx_word' id='word_1_752' title='bbox 1149 1662 1312 1695; x_wconf 81' lang='lat' dir='ltr'><strong>Quicunque</strong></span> <span class='ocrx_word' id='word_1_753' title='bbox 1324 1661 1409 1692; x_wconf 87' lang='lat' dir='ltr'><strong>enim,</strong></span> <span class='ocrx_word' id='word_1_754' title='bbox 1425 1661 1525 1695; x_wconf 82' lang='lat' dir='ltr'><strong>inquit,</strong></span> <span class='ocrx_word' id='word_1_755' title='bbox 1543 1667 1718 1695; x_wconf 74' lang='lat' dir='ltr'><strong>acceperunt</strong></span> <span class='ocrx_word' id='word_1_756' title='bbox 1731 1669 1806 1687; x_wconf 64' lang='lat' dir='ltr'><strong>cum.)</strong></span> 
     </span>
    </p>
   </div>
   <div class='ocr_carea' id='block_1_103' title="bbox 1015 1707 1808 1742">
    <p class='ocr_par' dir='ltr' id='par_1_103' title="bbox 1015 1707 1808 1742">
     <span class='ocr_line' id='line_1_103' title="bbox 1015 1707 1808 1742; baseline -0.006 -5"><span class='ocrx_word' id='word_1_757' title='bbox 1015 1711 1099 1737; x_wconf 80' lang='lat' dir='ltr'><strong>Adest</strong></span> <span class='ocrx_word' id='word_1_758' title='bbox 1115 1713 1205 1736; x_wconf 84' lang='lat' dir='ltr'><strong>autem</strong></span> <span class='ocrx_word' id='word_1_759' title='bbox 1222 1715 1328 1742; x_wconf 86' lang='lat' dir='ltr'><strong>semper</strong></span> <span class='ocrx_word' id='word_1_760' title='bbox 1339 1707 1422 1741; x_wconf 90' lang='lat' dir='ltr'><strong>justis</strong></span> <span class='ocrx_word' id='word_1_761' title='bbox 1438 1707 1516 1739; x_wconf 79' lang='lat' dir='ltr'><strong>viris,</strong></span> <span class='ocrx_word' id='word_1_762' title='bbox 1528 1715 1544 1733; x_wconf 67' lang='grc' dir='ltr'><strong>τι</strong></span> <span class='ocrx_word' id='word_1_763' title='bbox 1562 1712 1700 1734; x_wconf 83' lang='lat' dir='ltr'><strong>creatura</strong></span> <span class='ocrx_word' id='word_1_764' title='bbox 1717 1707 1808 1739; x_wconf 69' lang='lat' dir='ltr'><strong>mundi,</strong></span> 
     </span>
    </p>
   </div>
   <div class='ocr_carea' id='block_1_104' title="bbox 1017 1753 1811 1788">
    <p class='ocr_par' dir='ltr' id='par_1_104' title="bbox 1017 1753 1811 1788">
     <span class='ocr_line' id='line_1_104' title="bbox 1017 1753 1811 1788; baseline -0.006 -5"><span class='ocrx_word' id='word_1_765' title='bbox 1017 1765 1068 1784; x_wconf 87' lang='lat' dir='ltr'><strong>nec</strong></span> <span class='ocrx_word' id='word_1_766' title='bbox 1087 1760 1177 1782; x_wconf 81' lang='lat' dir='ltr'><strong>cessat</strong></span> <span class='ocrx_word' id='word_1_767' title='bbox 1197 1754 1336 1788; x_wconf 86' lang='lat' dir='ltr'><strong>inquirere</strong></span> <span class='ocrx_word' id='word_1_768' title='bbox 1361 1753 1526 1787; x_wconf 70' lang='lat' dir='ltr'><strong>sanguinem</strong></span> <span class='ocrx_word' id='word_1_769' title='bbox 1553 1753 1687 1787; x_wconf 86' lang='lat' dir='ltr'><strong>ipsorum</strong></span> <span class='ocrx_word' id='word_1_770' title='bbox 1711 1761 1744 1780; x_wconf 75' lang='lat' dir='ltr'><strong>ex</strong></span> <span class='ocrx_word' id='word_1_771' title='bbox 1759 1760 1811 1779; x_wconf 79' lang='lat' dir='ltr'><strong>saa—</strong></span> 
     </span>
    </p>
   </div>
   <div class='ocr_carea' id='block_1_105' title="bbox 1019 1799 1809 1837">
    <p class='ocr_par' dir='ltr' id='par_1_105' title="bbox 1019 1799 1809 1837">
     <span class='ocr_line' id='line_1_105' title="bbox 1019 1799 1809 1837; baseline -0.009 -7"><span class='ocrx_word' id='word_1_772' title='bbox 1019 1804 1099 1837; x_wconf 68' lang='lat' dir='ltr'><strong>gruine</strong></span> <span class='ocrx_word' id='word_1_773' title='bbox 1114 1802 1180 1828; x_wconf 83' lang='lat' dir='ltr'><strong>Abel</strong></span> <span class='ocrx_word' id='word_1_774' title='bbox 1193 1801 1271 1835; x_wconf 84' lang='lat' dir='ltr'><strong>justi.</strong></span> <span class='ocrx_word' id='word_1_775' title='bbox 1286 1808 1373 1834; x_wconf 85' lang='lat' dir='ltr'><strong>usque</strong></span> <span class='ocrx_word' id='word_1_776' title='bbox 1388 1800 1422 1826; x_wconf 83' lang='lat' dir='ltr'><strong>ad</strong></span> <span class='ocrx_word' id='word_1_777' title='bbox 1443 1799 1613 1833; x_wconf 84' lang='lat' dir='ltr'><strong>sanguinem</strong></span> <span class='ocrx_word' id='word_1_778' title='bbox 1632 1799 1809 1826; x_wconf 54' lang='lat' dir='ltr'><strong>Zacharia-‘K</strong></span> 
     </span>
    </p>
   </div>
   <div class='ocr_carea' id='block_1_106' title="bbox 1019 1843 1811 1879">
    <p class='ocr_par' dir='ltr' id='par_1_106' title="bbox 1019 1843 1811 1879">
     <span class='ocr_line' id='line_1_106' title="bbox 1019 1843 1811 1879; baseline -0.004 -6"><span class='ocrx_word' id='word_1_779' title='bbox 1019 1845 1096 1873; x_wconf 87' lang='lat' dir='ltr'><strong>Unde</strong></span> <span class='ocrx_word' id='word_1_780' title='bbox 1111 1852 1176 1879; x_wconf 77' lang='lat' dir='ltr'><strong>ergo</strong></span> <span class='ocrx_word' id='word_1_781' title='bbox 1191 1844 1257 1871; x_wconf 80' lang='lat' dir='ltr'><strong>Abel</strong></span> <span class='ocrx_word' id='word_1_782' title='bbox 1269 1844 1370 1878; x_wconf 81' lang='lat' dir='ltr'><strong>justus,</strong></span> <span class='ocrx_word' id='word_1_783' title='bbox 1390 1847 1418 1870; x_wconf 89' lang='lat' dir='ltr'><strong>et</strong></span> <span class='ocrx_word' id='word_1_784' title='bbox 1431 1843 1469 1869; x_wconf 89' lang='lat' dir='ltr'><strong>illi</strong></span> <span class='ocrx_word' id='word_1_785' title='bbox 1481 1851 1582 1870; x_wconf 87' lang='lat' dir='ltr'><strong>omnes</strong></span> <span class='ocrx_word' id='word_1_786' title='bbox 1597 1844 1705 1879; x_wconf 79' lang='lat' dir='ltr'><strong>reliqui</strong></span> <span class='ocrx_word' id='word_1_787' title='bbox 1720 1853 1765 1879; x_wconf 82' lang='lat' dir='ltr'><strong>per</strong></span> <span class='ocrx_word' id='word_1_788' title='bbox 1777 1852 1811 1870; x_wconf 85' lang='lat' dir='ltr'><strong>ur-</strong></span> 
     </span>
    </p>
   </div>
   <div class='ocr_carea' id='block_1_107' title="bbox 1297 1913 1810 1946">
    <p class='ocr_par' dir='ltr' id='par_1_107' title="bbox 1297 1913 1810 1946">
     <span class='ocr_line' id='line_1_107' title="bbox 1297 1913 1810 1946; baseline -0.002 -6"><span class='ocrx_word' id='word_1_789' title='bbox 1297 1914 1319 1929; x_wconf 68' lang='lat'>&quot;</span> <span class='ocrx_word' id='word_1_790' title='bbox 1337 1914 1356 1940; x_wconf 88' lang='lat' dir='ltr'><strong>ll</strong></span> <span class='ocrx_word' id='word_1_791' title='bbox 1374 1914 1438 1940; x_wconf 85' lang='lat' dir='ltr'><strong>Cor.</strong></span> <span class='ocrx_word' id='word_1_792' title='bbox 1463 1922 1503 1946; x_wconf 89' lang='grc'><strong>111,</strong></span> <span class='ocrx_word' id='word_1_793' title='bbox 1519 1913 1546 1940; x_wconf 85' lang='grc'><strong>6.</strong></span> <span class='ocrx_word' id='word_1_794' title='bbox 1589 1913 1613 1929; x_wconf 63' lang='grc'>³⁸</span> <span class='ocrx_word' id='word_1_795' title='bbox 1633 1914 1732 1942; x_wconf 83' lang='lat' dir='ltr'><strong>llCor.</strong></span> <span class='ocrx_word' id='word_1_796' title='bbox 1746 1914 1810 1946; x_wconf 77' lang='grc' dir='ltr'><strong>111,ἷ.</strong></span> 
     </span>
    </p>
   </div>
   <div class='ocr_carea' id='block_1_108' title="bbox 1024 1950 1310 1980">
    <p class='ocr_par' dir='ltr' id='par_1_108' title="bbox 1024 1950 1310 1980">
     <span class='ocr_line' id='line_1_108' title="bbox 1024 1950 1310 1980; baseline -0.01 -1"><span class='ocrx_word' id='word_1_797' title='bbox 1024 1954 1046 1968; x_wconf 75' lang='grc'><strong>⁵⁸</strong></span> <span class='ocrx_word' id='word_1_798' title='bbox 1057 1951 1151 1978; x_wconf 81' lang='lat' dir='ltr'><strong>Matth.</strong></span> <span class='ocrx_word' id='word_1_799' title='bbox 1170 1957 1251 1980; x_wconf 70' lang='lat' dir='ltr'><strong>xxui,</strong></span> <span class='ocrx_word' id='word_1_800' title='bbox 1267 1950 1310 1976; x_wconf 70' lang='grc'><strong>53.</strong></span> 
     </span>
    </p>
   </div>
   <div class='ocr_carea' id='block_1_109' title="bbox 1020 2032 1543 2061">
    <p class='ocr_par' dir='ltr' id='par_1_109' title="bbox 1020 2032 1543 2061">
     <span class='ocr_line' id='line_1_109' title="bbox 1020 2032 1543 2061; baseline -0.011 0"><span class='ocrx_word' id='word_1_801' title='bbox 1020 2035 1130 2061; x_wconf 84' lang='lat' dir='ltr'><strong>Christo</strong></span> <span class='ocrx_word' id='word_1_802' title='bbox 1149 2033 1290 2060; x_wconf 86' lang='lat' dir='ltr'><strong>Salvatore</strong></span> <span class='ocrx_word' id='word_1_803' title='bbox 1306 2039 1387 2059; x_wconf 87' lang='lat' dir='ltr'><strong>omne</strong></span> <span class='ocrx_word' id='word_1_804' title='bbox 1405 2032 1514 2058; x_wconf 64' lang='lat' dir='ltr'><strong>animm.</strong></span> <span class='ocrx_word' id='word_1_805' title='bbox 1535 2041 1543 2055; x_wconf 90' lang='grc'><strong>1</strong></span> 
     </span>
    </p>
   </div>
   <div class='ocr_carea' id='block_1_110' title="bbox 1019 2067 1810 2103">
    <p class='ocr_par' dir='ltr' id='par_1_110' title="bbox 1019 2067 1810 2103">
     <span class='ocr_line' id='line_1_110' title="bbox 1019 2067 1810 2103; baseline -0.003 -8"><span class='ocrx_word' id='word_1_806' title='bbox 1019 2077 1027 2092; x_wconf 80' lang='grc' dir='ltr'><em>ι</em></span> <span class='ocrx_word' id='word_1_807' title='bbox 1057 2071 1114 2103; x_wconf 75' lang='grc'><strong>(58)</strong></span> <span class='ocrx_word' id='word_1_808' title='bbox 1132 2069 1198 2095; x_wconf 85' lang='lat' dir='ltr'><strong>Mire</strong></span> <span class='ocrx_word' id='word_1_809' title='bbox 1219 2068 1262 2094; x_wconf 86' lang='lat' dir='ltr'><strong>hic</strong></span> <span class='ocrx_word' id='word_1_810' title='bbox 1277 2073 1304 2094; x_wconf 83' lang='lat' dir='ltr'><strong>et</strong></span> <span class='ocrx_word' id='word_1_811' title='bbox 1326 2067 1352 2094; x_wconf 91' lang='lat' dir='ltr'><strong>in</strong></span> <span class='ocrx_word' id='word_1_812' title='bbox 1377 2075 1454 2101; x_wconf 81' lang='lat' dir='ltr'><strong>seqq.</strong></span> <span class='ocrx_word' id='word_1_813' title='bbox 1476 2067 1653 2103; x_wconf 80' lang='lat' dir='ltr'><strong>depravatus</strong></span> <span class='ocrx_word' id='word_1_814' title='bbox 1677 2072 1721 2093; x_wconf 70' lang='lat' dir='ltr'><strong>est.</strong></span> <span class='ocrx_word' id='word_1_815' title='bbox 1742 2068 1810 2093; x_wconf 76' lang='lat' dir='ltr'><strong>cedet</strong></span> 
     </span>
    </p>
   </div>
   <div class='ocr_carea' id='block_1_111' title="bbox 1021 2102 1811 2137">
    <p class='ocr_par' dir='ltr' id='par_1_111' title="bbox 1021 2102 1811 2137">
     <span class='ocr_line' id='line_1_111' title="bbox 1021 2102 1811 2137; baseline -0.006 -5"><span class='ocrx_word' id='word_1_816' title='bbox 1021 2102 1192 2135; x_wconf 79' lang='lat' dir='ltr'><strong>Casinetisis,</strong></span> <span class='ocrx_word' id='word_1_817' title='bbox 1218 2103 1243 2129; x_wconf 92' lang='lat' dir='ltr'><strong>in</strong></span> <span class='ocrx_word' id='word_1_818' title='bbox 1267 2110 1321 2137; x_wconf 85' lang='lat' dir='ltr'><strong>quo</strong></span> <span class='ocrx_word' id='word_1_819' title='bbox 1345 2103 1453 2136; x_wconf 79' lang='lat' dir='ltr'><strong>legitur.</strong></span> <span class='ocrx_word' id='word_1_820' title='bbox 1483 2102 1742 2130; x_wconf 72' lang='lat' dir='ltr'><strong>«.Almmlantilnis</strong></span> <span class='ocrx_word' id='word_1_821' title='bbox 1762 2111 1811 2128; x_wconf 70' lang='lat' dir='ltr'><strong>rem</strong></span> 
     </span>
    </p>
   </div>
   <div class='ocr_carea' id='block_1_112' title="bbox 1020 2136 1810 2172">
    <p class='ocr_par' dir='ltr' id='par_1_112' title="bbox 1020 2136 1810 2172">
     <span class='ocr_line' id='line_1_112' title="bbox 1020 2136 1810 2172; baseline -0.004 -6"><span class='ocrx_word' id='word_1_822' title='bbox 1020 2141 1153 2167; x_wconf 82' lang='lat' dir='ltr'><strong>conlitens</strong></span> <span class='ocrx_word' id='word_1_823' title='bbox 1170 2139 1265 2165; x_wconf 83' lang='lat' dir='ltr'><strong>Paulo.</strong></span> <span class='ocrx_word' id='word_1_824' title='bbox 1285 2138 1374 2164; x_wconf 78' lang='lat' dir='ltr'><strong>Manes</strong></span> <span class='ocrx_word' id='word_1_825' title='bbox 1392 2137 1462 2163; x_wconf 69' lang='lat' dir='ltr'><strong>dixit</strong></span> <span class='ocrx_word' id='word_1_826' title='bbox 1478 2145 1487 2163; x_wconf 87' lang='lat'><strong><em>:</em></strong></span> <span class='ocrx_word' id='word_1_827' title='bbox 1500 2136 1593 2163; x_wconf 85' lang='lat' dir='ltr'><strong>Tuum</strong></span> <span class='ocrx_word' id='word_1_828' title='bbox 1624 2143 1653 2164; x_wconf 73' lang='lat' dir='ltr'><strong>rt</strong></span> <span class='ocrx_word' id='word_1_829' title='bbox 1674 2139 1759 2172; x_wconf 78' lang='lat' dir='ltr'><strong>ipsius</strong></span> <span class='ocrx_word' id='word_1_830' title='bbox 1779 2139 1810 2163; x_wconf 88' lang='lat' dir='ltr'><strong>in-</strong></span> 
     </span>
    </p>
   </div>
   <div class='ocr_carea' id='block_1_113' title="bbox 1020 2173 1811 2209">
    <p class='ocr_par' dir='ltr' id='par_1_113' title="bbox 1020 2173 1811 2209">
     <span class='ocr_line' id='line_1_113' title="bbox 1020 2173 1811 2209; baseline -0.003 -8"><span class='ocrx_word' id='word_1_831' title='bbox 1020 2174 1318 2209; x_wconf 49' lang='lat' dir='ltr'><strong>dicio.comprehensus</strong></span> <span class='ocrx_word' id='word_1_832' title='bbox 1332 2181 1377 2205; x_wconf 78' lang='lat' dir='ltr'><strong>es;</strong></span> <span class='ocrx_word' id='word_1_833' title='bbox 1399 2174 1455 2199; x_wconf 80' lang='lat' dir='ltr'><strong>lucc</strong></span> <span class='ocrx_word' id='word_1_834' title='bbox 1474 2173 1550 2209; x_wconf 89' lang='lat' dir='ltr'><strong>enim</strong></span> <span class='ocrx_word' id='word_1_835' title='bbox 1570 2181 1691 2200; x_wconf 73' lang='lat' dir='ltr'><strong>versum</strong></span> <span class='ocrx_word' id='word_1_836' title='bbox 1713 2179 1738 2200; x_wconf 77' lang='lat' dir='ltr'><strong>te</strong></span> <span class='ocrx_word' id='word_1_837' title='bbox 1752 2174 1811 2199; x_wconf 77' lang='lat' dir='ltr'><strong>loru-</strong></span> 
     </span>
    </p>
   </div>
   <div class='ocr_carea' id='block_1_114' title="bbox 1020 2208 1808 2243">
    <p class='ocr_par' dir='ltr' id='par_1_114' title="bbox 1020 2208 1808 2243">
     <span class='ocr_line' id='line_1_114' title="bbox 1020 2208 1808 2243; baseline -0.001 -6"><span class='ocrx_word' id='word_1_838' title='bbox 1020 2216 1073 2241; x_wconf 87' lang='lat' dir='ltr'><strong>lus,</strong></span> <span class='ocrx_word' id='word_1_839' title='bbox 1089 2211 1229 2243; x_wconf 75' lang='lat' dir='ltr'><strong>ignorans,</strong></span> <span class='ocrx_word' id='word_1_840' title='bbox 1250 2209 1314 2243; x_wconf 85' lang='lat' dir='ltr'><strong>quia</strong></span> <span class='ocrx_word' id='word_1_841' title='bbox 1333 2209 1398 2235; x_wconf 92' lang='lat' dir='ltr'><strong>dum</strong></span> <span class='ocrx_word' id='word_1_842' title='bbox 1421 2215 1464 2234; x_wconf 91' lang='lat' dir='ltr'><strong>me</strong></span> <span class='ocrx_word' id='word_1_843' title='bbox 1475 2208 1523 2243; x_wconf 17' lang='lat' dir='ltr'><strong>rvis</strong></span> <span class='ocrx_word' id='word_1_844' title='bbox 1545 2208 1655 2242; x_wconf 85' lang='lat' dir='ltr'><strong>probra</strong></span> <span class='ocrx_word' id='word_1_845' title='bbox 1679 2209 1808 2243; x_wconf 74' lang='lat' dir='ltr'><strong>conjicere.</strong></span> 
     </span>
    </p>
   </div>
   <div class='ocr_carea' id='block_1_115' title="bbox 1017 2242 1806 2279">
    <p class='ocr_par' dir='ltr' id='par_1_115' title="bbox 1017 2242 1806 2279">
     <span class='ocr_line' id='line_1_115' title="bbox 1017 2242 1806 2279; baseline -0.004 -7"><span class='ocrx_word' id='word_1_846' title='bbox 1017 2242 1115 2279; x_wconf 74' lang='lat' dir='ltr'><strong>majori</strong></span> <span class='ocrx_word' id='word_1_847' title='bbox 1135 2245 1219 2278; x_wconf 71' lang='lat' dir='ltr'><strong>culp-.e</strong></span> <span class='ocrx_word' id='word_1_848' title='bbox 1243 2242 1271 2270; x_wconf 80' lang='lat' dir='ltr'><strong>se</strong></span> <span class='ocrx_word' id='word_1_849' title='bbox 1294 2243 1457 2279; x_wconf 70' lang='lat' dir='ltr'><strong>succumbit.</strong></span> <span class='ocrx_word' id='word_1_850' title='bbox 1474 2242 1522 2269; x_wconf 83' lang='lat' dir='ltr'><strong>Dic</strong></span> <span class='ocrx_word' id='word_1_851' title='bbox 1535 2250 1592 2279; x_wconf 17' lang='lat' dir='ltr'><strong>rage</strong></span> <span class='ocrx_word' id='word_1_852' title='bbox 1618 2244 1693 2270; x_wconf 85' lang='lat' dir='ltr'><strong>mihi</strong></span> <span class='ocrx_word' id='word_1_853' title='bbox 1710 2242 1806 2273; x_wconf 62' lang='lat' dir='ltr'><strong>studius.</strong></span> 
     </span>
    </p>
   </div>
   <div class='ocr_carea' id='block_1_116' title="bbox 1015 2278 1806 2315">
    <p class='ocr_par' dir='ltr' id='par_1_116' title="bbox 1015 2278 1806 2315">
     <span class='ocr_line' id='line_1_116' title="bbox 1015 2278 1806 2315; baseline -0.006 -8"><span class='ocrx_word' id='word_1_854' title='bbox 1015 2278 1069 2315; x_wconf 76' lang='lat' dir='ltr'><strong>qua</strong></span> <span class='ocrx_word' id='word_1_855' title='bbox 1088 2280 1200 2315; x_wconf 63' lang='lat' dir='ltr'><strong>Tiberio</strong></span> <span class='ocrx_word' id='word_1_856' title='bbox 1217 2287 1305 2312; x_wconf 83' lang='lat' dir='ltr'><strong>usque</strong></span> <span class='ocrx_word' id='word_1_857' title='bbox 1321 2278 1356 2305; x_wconf 86' lang='lat' dir='ltr'><strong>ad</strong></span> <span class='ocrx_word' id='word_1_858' title='bbox 1377 2278 1498 2315; x_wconf 79' lang='lat' dir='ltr'><strong>Probum</strong></span> <span class='ocrx_word' id='word_1_859' title='bbox 1523 2278 1658 2315; x_wconf 64' lang='lat' dir='ltr'><strong>delitui-ti</strong></span> <span class='ocrx_word' id='word_1_860' title='bbox 1685 2285 1757 2310; x_wconf 75' lang='lat' dir='ltr'><strong>sunt,</strong></span> <span class='ocrx_word' id='word_1_861' title='bbox 1774 2279 1806 2315; x_wconf 66' lang='grc'><strong>111‹</strong></span> 
     </span>
    </p>
   </div>
   <div class='ocr_carea' id='block_1_117' title="bbox 1014 2313 1806 2347">
    <p class='ocr_par' dir='ltr' id='par_1_117' title="bbox 1014 2313 1806 2347">
     <span class='ocr_line' id='line_1_117' title="bbox 1014 2313 1806 2347; baseline -0.001 -6"><span class='ocrx_word' id='word_1_862' title='bbox 1014 2313 1076 2343; x_wconf 76' lang='lat' dir='ltr'><strong>cent</strong></span> <span class='ocrx_word' id='word_1_863' title='bbox 1093 2316 1124 2342; x_wconf 87' lang='lat' dir='ltr'><strong>ad</strong></span> <span class='ocrx_word' id='word_1_864' title='bbox 1137 2314 1242 2345; x_wconf 84' lang='lat' dir='ltr'><strong>Jesum,</strong></span> <span class='ocrx_word' id='word_1_865' title='bbox 1256 2314 1339 2340; x_wconf 86' lang='lat' dir='ltr'><strong>nolite</strong></span> <span class='ocrx_word' id='word_1_866' title='bbox 1352 2313 1546 2347; x_wconf 86' lang='lat' dir='ltr'><strong>nosjudicare.</strong></span> <span class='ocrx_word' id='word_1_867' title='bbox 1563 2323 1573 2338; x_wconf 88' lang='grc'><strong>1</strong></span> <span class='ocrx_word' id='word_1_868' title='bbox 1589 2313 1650 2340; x_wconf 69' lang='lat' dir='ltr'><strong>Nos</strong></span> <span class='ocrx_word' id='word_1_869' title='bbox 1665 2314 1806 2341; x_wconf 76' lang='lat' dir='ltr'><strong>totmentla.</strong></span> 
     </span>
    </p>
   </div>
   <div class='ocr_carea' id='block_1_118' title="bbox 1014 2348 1806 2386">
    <p class='ocr_par' dir='ltr' id='par_1_118' title="bbox 1014 2348 1806 2386">
     <span class='ocr_line' id='line_1_118' title="bbox 1014 2348 1806 2386; baseline -0.005 -8"><span class='ocrx_word' id='word_1_870' title='bbox 1014 2356 1148 2386; x_wconf 85' lang='lat' dir='ltr'><strong>quantum</strong></span> <span class='ocrx_word' id='word_1_871' title='bbox 1166 2358 1213 2385; x_wconf 89' lang='lat' dir='ltr'><strong>per</strong></span> <span class='ocrx_word' id='word_1_872' title='bbox 1235 2350 1409 2384; x_wconf 82' lang='lat' dir='ltr'><strong>conjecturas</strong></span> <span class='ocrx_word' id='word_1_873' title='bbox 1425 2348 1520 2381; x_wconf 84' lang='lat' dir='ltr'><strong>licuit,</strong></span> <span class='ocrx_word' id='word_1_874' title='bbox 1543 2349 1714 2385; x_wconf 78' lang='lat' dir='ltr'><strong>abstergere</strong></span> <span class='ocrx_word' id='word_1_875' title='bbox 1734 2349 1806 2377; x_wconf 67' lang='lat' dir='ltr'><strong>musti</strong></span> 
     </span>
    </p>
   </div>
   <div class='ocr_carea' id='block_1_119' title="bbox 1015 2395 1120 2414">
    <p class='ocr_par' dir='ltr' id='par_1_119' title="bbox 1015 2395 1120 2414">
     <span class='ocr_line' id='line_1_119' title="bbox 1015 2395 1120 2414; baseline -0.019 0"><span class='ocrx_word' id='word_1_876' title='bbox 1015 2395 1120 2414; x_wconf 77' lang='lat' dir='ltr'><strong>SlllllllS.</strong></span> 
     </span>
    </p>
   </div>
   <div class='ocr_carea' id='block_1_120' title="bbox 1052 2419 1804 2456">
    <p class='ocr_par' dir='ltr' id='par_1_120' title="bbox 1052 2419 1804 2456">
     <span class='ocr_line' id='line_1_120' title="bbox 1052 2419 1804 2456; baseline -0.004 -8"><span class='ocrx_word' id='word_1_877' title='bbox 1052 2423 1107 2456; x_wconf 71' lang='lat'><strong>(59)</strong></span> <span class='ocrx_word' id='word_1_878' title='bbox 1129 2420 1245 2447; x_wconf 79' lang='lat' dir='ltr'><strong>Verbum</strong></span> <span class='ocrx_word' id='word_1_879' title='bbox 1273 2430 1281 2445; x_wconf 86' lang='grc'><strong>1</strong></span> <span class='ocrx_word' id='word_1_880' title='bbox 1303 2419 1466 2456; x_wconf 80' lang='lat' dir='ltr'><strong>missurum.</strong></span> <span class='ocrx_word' id='word_1_881' title='bbox 1484 2428 1494 2444; x_wconf 83' lang='grc'><strong>1</strong></span> <span class='ocrx_word' id='word_1_882' title='bbox 1518 2424 1619 2446; x_wconf 82' lang='lat' dir='ltr'><strong>nostra</strong></span> <span class='ocrx_word' id='word_1_883' title='bbox 1642 2425 1686 2447; x_wconf 86' lang='lat' dir='ltr'><strong>est</strong></span> <span class='ocrx_word' id='word_1_884' title='bbox 1711 2420 1804 2456; x_wconf 59' lang='lat' dir='ltr'><strong>additis.</strong></span> 
     </span>
    </p>
   </div>
   <div class='ocr_carea' id='block_1_121' title="bbox 1015 2455 1805 2487">
    <p class='ocr_par' dir='ltr' id='par_1_121' title="bbox 1015 2455 1805 2487">
     <span class='ocr_line' id='line_1_121' title="bbox 1015 2455 1805 2487; baseline 0 -5"><span class='ocrx_word' id='word_1_885' title='bbox 1015 2465 1076 2483; x_wconf 80' lang='lat' dir='ltr'><strong>cum</strong></span> <span class='ocrx_word' id='word_1_886' title='bbox 1094 2457 1120 2482; x_wconf 95' lang='lat' dir='ltr'><strong>in</strong></span> <span class='ocrx_word' id='word_1_887' title='bbox 1143 2455 1284 2483; x_wconf 79' lang='lat' dir='ltr'><strong>Casinensi</strong></span> <span class='ocrx_word' id='word_1_888' title='bbox 1301 2455 1385 2486; x_wconf 80' lang='lat' dir='ltr'><strong>desit;</strong></span> <span class='ocrx_word' id='word_1_889' title='bbox 1401 2459 1429 2481; x_wconf 83' lang='lat' dir='ltr'><strong>et</strong></span> <span class='ocrx_word' id='word_1_890' title='bbox 1448 2462 1516 2481; x_wconf 90' lang='lat' dir='ltr'><strong>sane</strong></span> <span class='ocrx_word' id='word_1_891' title='bbox 1542 2463 1646 2482; x_wconf 80' lang='lat' dir='ltr'><strong>vocem</strong></span> <span class='ocrx_word' id='word_1_892' title='bbox 1675 2456 1757 2487; x_wconf 77' lang='lat' dir='ltr'><strong>illam,</strong></span> <span class='ocrx_word' id='word_1_893' title='bbox 1777 2455 1805 2480; x_wconf 59' lang='grc'><strong>111</strong></span> 
     </span>
    </p>
   </div>
   <div class='ocr_carea' id='block_1_122' title="bbox 1017 2489 1805 2525">
    <p class='ocr_par' dir='ltr' id='par_1_122' title="bbox 1017 2489 1805 2525">
     <span class='ocr_line' id='line_1_122' title="bbox 1017 2489 1805 2525; baseline -0.001 -8"><span class='ocrx_word' id='word_1_894' title='bbox 1017 2492 1082 2525; x_wconf 85' lang='lat' dir='ltr'><strong>quid</strong></span> <span class='ocrx_word' id='word_1_895' title='bbox 1100 2492 1189 2519; x_wconf 85' lang='lat' dir='ltr'><strong>simile</strong></span> <span class='ocrx_word' id='word_1_896' title='bbox 1205 2491 1241 2517; x_wconf 89' lang='lat' dir='ltr'><strong>ibi</strong></span> <span class='ocrx_word' id='word_1_897' title='bbox 1261 2490 1376 2517; x_wconf 85' lang='lat' dir='ltr'><strong>deiicere</strong></span> <span class='ocrx_word' id='word_1_898' title='bbox 1389 2489 1448 2524; x_wconf 85' lang='lat' dir='ltr'><strong>ipsa</strong></span> <span class='ocrx_word' id='word_1_899' title='bbox 1463 2490 1608 2518; x_wconf 83' lang='lat' dir='ltr'><strong>orationis</strong></span> <span class='ocrx_word' id='word_1_900' title='bbox 1632 2493 1722 2519; x_wconf 81' lang='lat' dir='ltr'><strong>series</strong></span> <span class='ocrx_word' id='word_1_901' title='bbox 1734 2496 1805 2518; x_wconf 68' lang='lat' dir='ltr'><strong>estca-</strong></span> 
     </span>
    </p>
   </div>
   <div class='ocr_carea' id='block_1_123' title="bbox 1015 2528 1054 2553">
    <p class='ocr_par' dir='ltr' id='par_1_123' title="bbox 1015 2528 1054 2553">
     <span class='ocr_line' id='line_1_123' title="bbox 1015 2528 1054 2553; baseline 0 0"><span class='ocrx_word' id='word_1_902' title='bbox 1015 2528 1054 2553; x_wconf 83' lang='grc'><strong>1111</strong></span> 
     </span>
    </p>
   </div>
   <div class='ocr_carea' id='block_1_124' title="bbox 1053 2546 1804 2596">
    <p class='ocr_par' dir='ltr' id='par_1_124' title="bbox 1053 2546 1804 2596">
     <span class='ocr_line' id='line_1_124' title="bbox 1053 2546 1804 2596; baseline -0.001 -10"><span class='ocrx_word' id='word_1_903' title='bbox 1053 2546 1108 2596; x_wconf 56' lang='lat'>(.40)</span> <span class='ocrx_word' id='word_1_904' title='bbox 1125 2561 1152 2588; x_wconf 86' lang='grc'><strong>111</strong></span> <span class='ocrx_word' id='word_1_905' title='bbox 1173 2560 1376 2588; x_wconf 72' lang='lat' dir='ltr'><strong>CasincnsicsL</strong></span> <span class='ocrx_word' id='word_1_906' title='bbox 1392 2570 1400 2586; x_wconf 80' lang='grc' dir='ltr'><strong>ε</strong></span> <span class='ocrx_word' id='word_1_907' title='bbox 1417 2561 1471 2588; x_wconf 92' lang='lat' dir='ltr'><strong>noli</strong></span> <span class='ocrx_word' id='word_1_908' title='bbox 1484 2567 1587 2588; x_wconf 85' lang='lat' dir='ltr'><strong>nostra</strong></span> <span class='ocrx_word' id='word_1_909' title='bbox 1599 2561 1636 2589; x_wconf 87' lang='lat' dir='ltr'><strong>dc</strong></span> <span class='ocrx_word' id='word_1_910' title='bbox 1653 2561 1804 2592; x_wconf 64' lang='lat' dir='ltr'><strong>tormentis,»</strong></span> 
     </span>
    </p>
   </div>
   <div class='ocr_carea' id='block_1_125' title="bbox 1016 2596 1702 2631">
    <p class='ocr_par' dir='ltr' id='par_1_125' title="bbox 1016 2596 1702 2631">
     <span class='ocr_line' id='line_1_125' title="bbox 1016 2596 1702 2631; baseline 0.001 -8"><span class='ocrx_word' id='word_1_911' title='bbox 1016 2597 1091 2623; x_wconf 91' lang='lat' dir='ltr'><strong>nullo</strong></span> <span class='ocrx_word' id='word_1_912' title='bbox 1107 2604 1201 2627; x_wconf 76' lang='lat' dir='ltr'><strong>sensu,</strong></span> <span class='ocrx_word' id='word_1_913' title='bbox 1220 2596 1272 2622; x_wconf 79' lang='lat' dir='ltr'><strong>nisi</strong></span> <span class='ocrx_word' id='word_1_914' title='bbox 1287 2601 1317 2622; x_wconf 89' lang='lat' dir='ltr'><strong>ut</strong></span> <span class='ocrx_word' id='word_1_915' title='bbox 1329 2596 1436 2622; x_wconf 79' lang='lat' dir='ltr'><strong>editum</strong></span> <span class='ocrx_word' id='word_1_916' title='bbox 1454 2602 1507 2627; x_wconf 83' lang='lat' dir='ltr'><strong>est,</strong></span> <span class='ocrx_word' id='word_1_917' title='bbox 1525 2598 1702 2631; x_wconf 80' lang='lat' dir='ltr'><strong>corrigatur.</strong></span> 
     </span>
    </p>
   </div>
   <div class='ocr_carea' id='block_1_126' title="bbox 1053 2631 1830 2667">
    <p class='ocr_par' dir='ltr' id='par_1_126' title="bbox 1053 2631 1830 2667">
     <span class='ocr_line' id='line_1_126' title="bbox 1053 2631 1830 2667; baseline -0.003 -9"><span class='ocrx_word' id='word_1_918' title='bbox 1053 2632 1110 2667; x_wconf 71' lang='grc'><strong>(41)</strong></span> <span class='ocrx_word' id='word_1_919' title='bbox 1132 2631 1160 2658; x_wconf 83' lang='grc'><strong>111</strong></span> <span class='ocrx_word' id='word_1_920' title='bbox 1184 2631 1278 2658; x_wconf 75' lang='lat' dir='ltr'><strong>codice</strong></span> <span class='ocrx_word' id='word_1_921' title='bbox 1291 2631 1433 2658; x_wconf 84' lang='lat' dir='ltr'><strong>Casinensi</strong></span> <span class='ocrx_word' id='word_1_922' title='bbox 1452 2632 1493 2658; x_wconf 87' lang='lat' dir='ltr'><strong>sic</strong></span> <span class='ocrx_word' id='word_1_923' title='bbox 1514 2632 1625 2667; x_wconf 77' lang='lat' dir='ltr'><strong>legitur</strong></span> <span class='ocrx_word' id='word_1_924' title='bbox 1645 2642 1652 2659; x_wconf 91' lang='lat'>:</span> <span class='ocrx_word' id='word_1_925' title='bbox 1672 2643 1681 2658; x_wconf 84' lang='grc'><strong>1</strong></span> <span class='ocrx_word' id='word_1_926' title='bbox 1707 2632 1755 2659; x_wconf 67' lang='lat' dir='ltr'><strong>Sed</strong></span> <span class='ocrx_word' id='word_1_927' title='bbox 1769 2632 1805 2657; x_wconf 72' lang='lat' dir='ltr'><strong>hoc</strong></span> <span class='ocrx_word' id='word_1_928' title='bbox 1827 2649 1830 2652; x_wconf 51' lang='grc' dir='ltr'><strong><em>ι</em></strong></span> 
     </span>
    </p>
   </div>
   <div class='ocr_carea' id='block_1_127' title="bbox 1017 2667 1803 2701">
    <p class='ocr_par' dir='ltr' id='par_1_127' title="bbox 1017 2667 1803 2701">
     <span class='ocr_line' id='line_1_127' title="bbox 1017 2667 1803 2701; baseline -0.003 -8"><span class='ocrx_word' id='word_1_929' title='bbox 1017 2668 1106 2693; x_wconf 85' lang='lat' dir='ltr'><strong>solum</strong></span> <span class='ocrx_word' id='word_1_930' title='bbox 1130 2667 1254 2693; x_wconf 87' lang='lat' dir='ltr'><strong>ultimutu</strong></span> <span class='ocrx_word' id='word_1_931' title='bbox 1276 2674 1361 2700; x_wconf 77' lang='lat' dir='ltr'><strong>genus</strong></span> <span class='ocrx_word' id='word_1_932' title='bbox 1383 2667 1544 2699; x_wconf 81' lang='lat' dir='ltr'><strong>hominum,</strong></span> <span class='ocrx_word' id='word_1_933' title='bbox 1572 2673 1604 2694; x_wconf 88' lang='lat' dir='ltr'><strong>nt</strong></span> <span class='ocrx_word' id='word_1_934' title='bbox 1627 2676 1688 2700; x_wconf 75' lang='lat' dir='ltr'><strong>cas,</strong></span> <span class='ocrx_word' id='word_1_935' title='bbox 1712 2667 1775 2701; x_wconf 77' lang='lat' dir='ltr'><strong>quod</strong></span> <span class='ocrx_word' id='word_1_936' title='bbox 1795 2673 1803 2691; x_wconf 73' lang='lat'><strong>3</strong></span> 
     </span>
    </p>
   </div>
   <div class='ocr_carea' id='block_1_128' title="bbox 1019 2701 1803 2732">
    <p class='ocr_par' dir='ltr' id='par_1_128' title="bbox 1019 2701 1803 2732">
     <span class='ocr_line' id='line_1_128' title="bbox 1019 2701 1803 2732; baseline 0.001 -4"><span class='ocrx_word' id='word_1_937' title='bbox 1019 2702 1128 2729; x_wconf 81' lang='lat' dir='ltr'><strong>Tiberio</strong></span> <span class='ocrx_word' id='word_1_938' title='bbox 1142 2707 1193 2732; x_wconf 76' lang='lat' dir='ltr'><strong>est,</strong></span> <span class='ocrx_word' id='word_1_939' title='bbox 1207 2702 1354 2727; x_wconf 86' lang='lat' dir='ltr'><strong>salvcntur.</strong></span> <span class='ocrx_word' id='word_1_940' title='bbox 1376 2712 1384 2727; x_wconf 87' lang='grc'><strong>1</strong></span> <span class='ocrx_word' id='word_1_941' title='bbox 1399 2701 1454 2728; x_wconf 82' lang='lat' dir='ltr'><strong>Nos</strong></span> <span class='ocrx_word' id='word_1_942' title='bbox 1468 2707 1567 2729; x_wconf 83' lang='lat' dir='ltr'><strong>autem</strong></span> <span class='ocrx_word' id='word_1_943' title='bbox 1588 2704 1676 2730; x_wconf 74' lang='lat' dir='ltr'><strong>verba</strong></span> <span class='ocrx_word' id='word_1_944' title='bbox 1693 2704 1745 2732; x_wconf 77' lang='lat' dir='ltr'><strong>illa,</strong></span> <span class='ocrx_word' id='word_1_945' title='bbox 1761 2711 1769 2726; x_wconf 73' lang='grc' dir='ltr'><strong><em>ι</em></strong></span> <span class='ocrx_word' id='word_1_946' title='bbox 1784 2706 1803 2726; x_wconf 81' lang='lat' dir='ltr'><strong>ul</strong></span> 
     </span>
    </p>
   </div>
   <div class='ocr_carea' id='block_1_129' title="bbox 1018 2737 1803 2773">
    <p class='ocr_par' dir='ltr' id='par_1_129' title="bbox 1018 2737 1803 2773">
     <span class='ocr_line' id='line_1_129' title="bbox 1018 2737 1803 2773; baseline -0.001 -10"><span class='ocrx_word' id='word_1_947' title='bbox 1018 2745 1074 2769; x_wconf 83' lang='lat' dir='ltr'><strong>eas,</strong></span> <span class='ocrx_word' id='word_1_948' title='bbox 1092 2747 1101 2762; x_wconf 85' lang='grc'><strong>1</strong></span> <span class='ocrx_word' id='word_1_949' title='bbox 1120 2737 1288 2771; x_wconf 72' lang='lat' dir='ltr'><strong>interpretati</strong></span> <span class='ocrx_word' id='word_1_950' title='bbox 1305 2744 1412 2773; x_wconf 76' lang='lat' dir='ltr'><strong>sumus,</strong></span> <span class='ocrx_word' id='word_1_951' title='bbox 1431 2746 1438 2762; x_wconf 92' lang='grc'><strong>1</strong></span> <span class='ocrx_word' id='word_1_952' title='bbox 1457 2742 1487 2763; x_wconf 87' lang='grc'><strong>111</strong></span> <span class='ocrx_word' id='word_1_953' title='bbox 1509 2738 1564 2768; x_wconf 78' lang='lat' dir='ltr'><strong>ais.</strong></span> <span class='ocrx_word' id='word_1_954' title='bbox 1587 2749 1597 2763; x_wconf 86' lang='grc'><strong>1</strong></span> <span class='ocrx_word' id='word_1_955' title='bbox 1616 2739 1741 2773; x_wconf 73' lang='lat' dir='ltr'><strong>exemplo</strong></span> <span class='ocrx_word' id='word_1_956' title='bbox 1754 2739 1803 2763; x_wconf 78' lang='lat' dir='ltr'><strong>altr-</strong></span> 
     </span>
    </p>
   </div>
   <div class='ocr_carea' id='block_1_130' title="bbox 1019 2772 1800 2809">
    <p class='ocr_par' dir='ltr' id='par_1_130' title="bbox 1019 2772 1800 2809">
     <span class='ocr_line' id='line_1_130' title="bbox 1019 2772 1800 2809; baseline 0.001 -11"><span class='ocrx_word' id='word_1_957' title='bbox 1019 2773 1076 2809; x_wconf 89' lang='lat' dir='ltr'><strong>rius</strong></span> <span class='ocrx_word' id='word_1_958' title='bbox 1093 2773 1144 2799; x_wconf 79' lang='lat' dir='ltr'><strong>loei</strong></span> <span class='ocrx_word' id='word_1_959' title='bbox 1159 2773 1302 2809; x_wconf 80' lang='lat' dir='ltr'><strong>int&#39;ra_cap.</strong></span> <span class='ocrx_word' id='word_1_960' title='bbox 1313 2772 1421 2809; x_wconf 31' lang='grc'><strong>50111111</strong></span> <span class='ocrx_word' id='word_1_961' title='bbox 1435 2781 1449 2809; x_wconf 15' lang='grc'><strong>71</strong></span> <span class='ocrx_word' id='word_1_962' title='bbox 1466 2777 1496 2798; x_wconf 83' lang='grc'><strong>111.</strong></span> <span class='ocrx_word' id='word_1_963' title='bbox 1510 2781 1553 2803; x_wconf 79' lang='lat' dir='ltr'><strong>as,</strong></span> <span class='ocrx_word' id='word_1_964' title='bbox 1571 2783 1581 2798; x_wconf 90' lang='grc'><strong>1</strong></span> <span class='ocrx_word' id='word_1_965' title='bbox 1601 2781 1665 2809; x_wconf 70' lang='lat' dir='ltr'><strong>pro,</strong></span> <span class='ocrx_word' id='word_1_966' title='bbox 1681 2784 1689 2799; x_wconf 86' lang='grc'><strong>1</strong></span> <span class='ocrx_word' id='word_1_967' title='bbox 1701 2772 1732 2800; x_wconf 68' lang='grc'><strong>111</strong></span> <span class='ocrx_word' id='word_1_968' title='bbox 1743 2773 1800 2801; x_wconf 63' lang='lat' dir='ltr'><strong>ais.)</strong></span> 
     </span>
    </p>
   </div>
   <div class='ocr_carea' id='block_1_131' title="bbox 1018 2807 1801 2842">
    <p class='ocr_par' dir='ltr' id='par_1_131' title="bbox 1018 2807 1801 2842">
     <span class='ocr_line' id='line_1_131' title="bbox 1018 2807 1801 2842; baseline 0.003 -10"><span class='ocrx_word' id='word_1_969' title='bbox 1018 2808 1070 2837; x_wconf 81' lang='lat' dir='ltr'><strong>vel.</strong></span> <span class='ocrx_word' id='word_1_970' title='bbox 1090 2817 1098 2832; x_wconf 88' lang='grc'><strong>1</strong></span> <span class='ocrx_word' id='word_1_971' title='bbox 1117 2812 1145 2833; x_wconf 89' lang='lat' dir='ltr'><strong>nt</strong></span> <span class='ocrx_word' id='word_1_972' title='bbox 1158 2807 1268 2838; x_wconf 56' lang='lat' dir='ltr'><strong>asset-is,</strong></span> <span class='ocrx_word' id='word_1_973' title='bbox 1288 2817 1296 2832; x_wconf 86' lang='lat' dir='ltr'><strong>I</strong></span> <span class='ocrx_word' id='word_1_974' title='bbox 1315 2814 1329 2832; x_wconf 88' lang='lat' dir='ltr'><strong>a</strong></span> <span class='ocrx_word' id='word_1_975' title='bbox 1347 2807 1460 2834; x_wconf 72' lang='lat' dir='ltr'><strong>librario</strong></span> <span class='ocrx_word' id='word_1_976' title='bbox 1479 2807 1622 2842; x_wconf 84' lang='lat' dir='ltr'><strong>scriptqu</strong></span> <span class='ocrx_word' id='word_1_977' title='bbox 1639 2810 1732 2841; x_wconf 80' lang='lat' dir='ltr'><strong>fuisse,</strong></span> <span class='ocrx_word' id='word_1_978' title='bbox 1741 2814 1801 2836; x_wconf 67' lang='lat' dir='ltr'><strong>sensu</strong></span> 
     </span>
    </p>
   </div>
   <div class='ocr_carea' id='block_1_132' title="bbox 1019 2842 1424 2877">
    <p class='ocr_par' dir='ltr' id='par_1_132' title="bbox 1019 2842 1424 2877">
     <span class='ocr_line' id='line_1_132' title="bbox 1019 2842 1424 2877; baseline 0.002 -9"><span class='ocrx_word' id='word_1_979' title='bbox 1019 2843 1077 2875; x_wconf 81' lang='lat' dir='ltr'><strong>ipso</strong></span> <span class='ocrx_word' id='word_1_980' title='bbox 1093 2848 1231 2877; x_wconf 77' lang='lat' dir='ltr'><strong>p-&gt;sren:e,</strong></span> <span class='ocrx_word' id='word_1_981' title='bbox 1246 2842 1424 2876; x_wconf 67' lang='lat' dir='ltr'><strong>coniecimus.</strong></span> 
     </span>
    </p>
   </div>
  </div>
